3922 6192
295 266 407 324 «Πῧ

288 383 369 436 ris
382 400 404 449 ;
426 381 514 453 qui
535 372 663 436 dicis
683 396 789 436 non
820 382 1205 438 adulterandum
1224 423 1239 451 ,
1262 382 1547 447 adulteras;
1567 381 1653 452 qui
1690 380 1885 436 abomi‘

288 475 436 530 uris
481 473 642 545 idola,
668 477 992 548 sacrilegium
1035 479 1197 549 facis;
1244 478 1330 547 qui
1366 469 1430 531 in
1465 475 1598 547 Lege
1626 474 1881 547 gloriaris,

290 584 388 637 per
415 568 886 638 prcuaricationem
927 567 1075 639 Legis
1135 568 1297 623 Deum
1335 568 1628 625 inhonorus.
1683 564 1886 619 Nomen

289 661 426 714 enim
448 659 546 714 Dei
573 677 665 730 per
699 677 787 716 vos
823 661 1194 733 blasphematur
1239 660 1293 716 in
1327 660 1568 717 Gentibus
1608 658 1781 729 (Rom.
1803 672 1881 723 xl,

281 750 537 824 2l-23)?
558 750 719 809 Certe
748 752 818 808 de
856 751 1313 809 his‘manil’estum
1352 761 1435 808 est
1475 751 1652 806 dicere
1700 748 1885 803 Domi-

288 856 417 895 num
441 883 456 904 ,
488 840 681 896 Dicunt
708 843 842 896 estin:
862 881 883 909 ,
932 851 979 897 et
1018 859 1117 897 non
1146 842 1357 913 faciunt.
1380 842 1515 898 Sunt
1534 855 1662 912 ergo
1684 837 1884 896 Scriba:

286 932 393 999 illi,
421 932 517 989 sed
541 949 647 987 non
676 934 871 989 eruditi
897 934 949 989 in
978 949 1145 1006 regno
1172 935 1286 1000 Dei,
1319 921 1323 926 ’
1718 983 1722 988 .

358 1026 409 1079 3.
447 1023 690 1095 Prafecti
709 1026 1097 1096 maliquomodo
1132 1025 1263 1081 bona
1305 1026 1595 1096 loquantur,
1618 1032 1665 1078 ct
1702 1038 1735 1077 a
1762 1021 1881 1076 sub-

291 1117 410 1171 ditis
455 1117 720 1171 audiendi.
780 1117 1046 1173 Fortassis
1101 1117 1243 1174 dicat
1277 1118 1467 1188 aliquis
1506 1125 1780 1172 vestrum:
1812 1113 1883 1169 Et

285 1206 563 1276 quomodo
590 1214 768 1277 potest
795 1197 968 1264 malus
996 1207 1159 1264 homo
1199 1208 1335 1263 bona
1374 1207 1551 1277 loqui;
1582 1220 1714 1261 cum-
1749 1204 1881 1260 scri-

286 1306 448 1367 ptum
470 1299 561 1364 sit,
590 1298 704 1369 ipso
744 1297 969 1353 Domino
1007 1298 1216 1354 dicente
1240 1341 1254 1364 ,
1282 1297 1455 1352 Bonus
1488 1298 1637 1352 homo
1662 1297 1724 1350 de
1749 1296 1879 1350 bono

289 1388 540 1443 thesauro
558 1388 717 1442 cordis
742 1388 822 1443 sui
837 1393 1029 1461 profert
1055 1389 1201 1455 bona,
1231 1398 1280 1444 et
1305 1389 1470 1442 malus
1489 1389 1638 1442 homo
1663 1387 1725 1441 de
1742 1384 1879 1440 malo

290 1477 539 1531 thesauro
558 1477 723 1531 cordis
748 1479 827 1532 sui
852 1478 1041 1549 profert
1074 1479 1231 1532 mala.
1277 1476 1603 1548 Hypocritte,
1631 1475 1879 1546 quomodo

284 1568 499 1636 potestis
524 1567 655 1622 bona
684 1568 842 1637 loqui,
868 1584 982 1622 cum
1003 1569 1111 1622 sitis
1131 1568 1254 1622 mali
1278 1564 1591 1641 (Mantuam,
1616 1566 1686 1622 55
1706 1608 1721 1631 ,
1746 1564 1879 1638 54)?

287 1657 403 1714 Hac
425 1658 578 1725 dicit,
612 1657 875 1724 Quomodo
893 1661 1099 1730 potestis
1118 1662 1247 1714 bona
1264 1661 1417 1730 loqui,
1450 1676 1562 1714 cum
1585 1658 1695 1714 sitis
1714 1659 1839 1713 mali
1851 1658 1878 1712 ?

282 1748 398 1805 Hac
423 1749 577 1818 dicit,
603 1750 732 1816 Quae
759 1751 950 1811 dicunt.
974 1753 1164 1824 facile;
1190 1767 1306 1822 quia
1346 1761 1515 1804 autem
1550 1750 1771 1821 faciunt,
1797 1749 1879 1813 fa-

270 1856 399 1894 cere
421 1839 579 1894 nolite
600 1856 625 1895 :
642 1840 817 1895 dicunt
842 1842 996 1908 enim,
1034 1849 1080 1895 et
1101 1857 1199 1895 non
1244 1841 1455 1913 faciunt.
1482 1839 1538 1896 Si
1580 1839 1799 1905 dicunt,
1822 1848 1877 1894 et

277 1946 392 1987 non
424 1931 656 2001 faciunt,
688 1932 810 1987 mali
839 1940 963 1988 sunt
986 1949 1000 1986 :
1024 1932 1069 1987 si
1100 1933 1226 1987 mali
1255 1944 1381 1987 sunt
1402 1974 1418 1998 ,
1444 1930 1581 1987 bona
1601 1930 1743 2002 loqui
1767 1944 1875 1985 non

276 2035 517 2095 present
562 2041 577 2077 :
618 2022 885 2095 quomodo
942 2021 1168 2079 facimus
1236 2023 1378 2094 quod
1430 2023 1497 2078 ah
1549 2023 1679 2093 ipsis
1726 2021 1877 2076 audi-

277 2131 439 2182 mus,
469 2130 591 2170 cum
618 2115 687 2171 ab
724 2116 854 2186 ipsis
885 2115 1023 2171 bona
1063 2114 1250 2171 audire
1288 2130 1392 2171 non
1427 2114 1726 2186 possimus?
1761 2115 1878 2171 Hoc

275 2206 565 2277 quomodo
607 2207 864 2275 solvatur,
896 2207 1136 2263 advertat
1175 2205 1440 2264 Sanctitas
1480 2217 1675 2263 vestra.
1708 2205 1879 2276 Quid-

275 2298 418 2370 quid
447 2300 607 2354 homo
655 2301 827 2355 malus
855 2314 884 2354 a
914 2314 973 2356 se
999 2299 1199 2371 profert
1241 2299 1438 2354 malum
1460 2307 1590 2365 est;
1618 2298 1873 2370 quidquid

274 2388 454 2445 homo
481 2390 655 2446 malus
673 2389 742 2446 de
785 2390 946 2447 corde
974 2406 1072 2447 suo
1120 2390 1361 2461 profert,
1389 2391 1588 2446 malum
1646 2400 1766 2447 est:
1800 2390 1874 2447 ibi

272 2491 368 2537 at
394 2481 539 2537 enim
568 2481 849 2537 thesaurus
869 2482 1058 2537 malus.
1083 2478 1350 2552 Quidquid
1386 2490 1563 2537 autem
1590 2481 1750 2537 homo
1777 2481 1876 2538 bo-

272 2589 389 2628 nus
426 2572 495 2628 de
537 2572 698 2629 corde
750 2587 849 2628 suo
876 2572 1093 2643 profert,
1127 2574 1324 2629 bonum
1354 2582 1437 2628 est
1466 2590 1481 2627 :
1509 2573 1579 2629 ibi
1623 2573 1763 2630 enim
1790 2582 1874 2629 est

274 2662 574 2718 thesaurus
601 2662 791 2718 bonus.
822 2661 975 2725 Unde
1015 2677 1144 2735 ergo
1170 2663 1244 2718 illi
1289 2663 1415 2719 mali
1456 2663 1594 2719 bona
1632 2663 1873 2734 profere-

268 2755 465 2810 bant?
504 2754 635 2820 Quia
665 2755 717 2809 in
741 2755 996 2810 cathedra
1043 2755 1209 2827 Moysi
1232 2755 1508 2812 sedebant.
1536 2756 1651 2813 Nisi
1681 2758 1872 2829 praedi-

265 2843 803 2899 xisset—.Cathedram
856 2844 1023 2917 Moysi
1066 2846 1239 2901 sedent
1283 2844 1409 2918 (Id.
1437 2860 1590 2915 χχιιι,
1625 2847 1875 2919 2);nun-

264 2950 449 3006 quam
493 2935 662 2991 malos
701 2936 874 2992 audiri
904 2935 1170 3006 jussisset.
1202 2936 1359 2992 Aliud
1389 2938 1531 2993 enim
1568 2947 1703 3004 erat,
1730 2938 1871 3010 quod

266 3025 347 3083 de
380 3026 633 3086 malusui
657 3027 833 3083 cordis
863 3025 1118 3084 thesauro
1160 3029 1536 3099 proferebant;
1563 3030 1705 3086 aliud
1728 3032 1870 3102 quod

267 3115 349 3173 de
380 3115 632 3173 cathedra
658 3116 848 3190 Moysi,
881 3112 1130 3190 tanquam
1159 3135 1434 3190 praecones
1456 3120 1651 3192 judicia
1680 3136 1868 3193 perso-

266 3210 509 3266 nabant.
539 3208 688 3279 Quod
713 3211 843 3266 dicit
871 3226 1047 3282 przeco
1070 3253 1087 3279 ,
1109 3227 1378 3283 nunquam
1418 3206 1651 3284 prmconi
1674 3214 1872 3271 tribue-

265 3310 395 3370 tur,
443 3302 492 3356 si
542 3311 663 3358 ante
702 3298 935 3374 iudicem
981 3303 1145 3359 dicat.
1184 3305 1355 3360 'Aliud
1389 3314 1472 3361 est
1508 3306 1649 3377 quod
1693 3321 1873 3378 praeco

264 3393 526 3463 loquitur
549 3393 602 3449 in
638 3393 797 3449 domo
829 3380 963 3462 sua,
986 3395 1132 3451 aliud
1157 3395 1299 3467 quod
1323 3410 1498 3468 prmco
1519 3398 1750 3469 loquitur
1774 3413 1871 3454 au-

262 3484 444 3541 diens
471 3499 505 3538 a
528 3485 721 3555 judice.
743 3485 878 3541 Nam
899 3529 915 3555 ,
941 3487 1068 3543 velit
1104 3488 1270 3556 nolit,
1299 3504 1475 3561 praeco
1500 3498 1657 3546 sonat
1681 3506 1869 3548 vocem

262 3575 578 3650 psmitionis
612 3586 666 3634 et
704 3578 862 3634 amici
887 3578 988 3634 sui.
1035 3577 1199 3649 item,
1227 3581 1354 3636 velit
1382 3581 1549 3650 nolit,
1578 3593 1733 3639 sonat
1773 3598 1869 3640 vo-

261 3682 401 3724 cem
425 3666 772 3725 absolutionis
809 3675 865 3724 et
903 3668 1101 3725 inimici
1128 3669 1232 3727 sui.
1277 3671 1354 3726 Da
1383 3686 1569 3727 vocem
1600 3670 1666 3728 de
1704 3673 1867 3731 corde

262 3759 401 3830 eius
427 3775 442 3811 :
474 3757 695 3814 absolvit
713 3759 962 3826 amicum,
996 3760 1149 3829 punit
1173 3761 1464 3817 inimicum.
1490 3760 1565 3817 Da
1592 3777 1774 3820 vocem
1796 3764 1865 3822 de

261 3848 417 3905 sella
464 3847 654 3918 iudicis
683 3868 696 3903 :
726 3850 877 3920 punit
903 3851 1135 3906 amicum
1154 3892 1170 3917 ,
1198 3852 1425 3908 absolvit
1457 3853 1746 3910 inimicum.
1788 3856 1864 3913 Da

258 3956 470 3997 vocem
499 3939 803 3997 Scribarum
836 3940 905 3997 de
931 3942 1094 3998 corde
1119 3944 1553 4009 eorumzaudies,
1586 3945 1865 4002 Manduce-

258 4049 384 4086 mus
422 4040 478 4085 et
513 4031 773 4099 bibamus;
801 4047 914 4086 cras
948 4032 1080 4086 enim
1124 4034 1396 4089 moriemur
1419 4034 1555 4106 (Isai
1584 4053 1717 4106 xxu,
1748 4037 1861 4111 15).

258 4123 343 4177 1h
375 4136 581 4177 vocem
609 4122 677 4177 de
718 4123 970 4179 cathedra
1009 4124 1174 4196 Moysi
1204 4143 1219 4181 :
1253 4125 1465 4192 audies,
1491 4126 1611 4182 Non
1632 4130 1861 4186 occides:

260 4213 403 4269 Non
450 4212 757 4268 adulterabis
806 4232 825 4269 :
876 4212 997 4270 Non
1043 4216 1237 4285 furtum
1276 4218 1432 4289 facies
1464 4235 1484 4272 .'
1514 4218 1633 4274 Non
1674 4221 1862 4291 falsum

259 4304 616 4361 mtimonium
654 4305 786 4360 dices
813 4323 831 4360 :
861 4304 1071 4361 Honora
1092 4317 1286 4377 patrem
1320 4318 1366 4363 et
1407 4320 1618 4365 matrem
1661 4310 1857 4383 (Exod.

261 4418 379 4469 xx,
432 4400 613 4473 12-16)
644 4386 886 4474 {Diliges
924 4404 1213 4474 proximum
1254 4414 1398 4458 tuum
1433 4407 1563 4460 sicut
1604 4416 1655 4462 te
1693 4407 1860 4478 ipsum

260 4493 462 4565 (Leuit.
486 4510 573 4548 xix
597 4536 612 4561 ,
646 4493 754 4566 i8).
787 4494 899 4550 lloe
936 4504 994 4551 tu
1021 4495 1125 4564 fac,
1150 4497 1291 4567 quod
1317 4512 1413 4568 per
1449 4513 1510 4554 os
1550 4498 1856 4556 Scribarum

256 4581 527 4641 cathedra
548 4594 702 4640 sonat
726 4601 739 4639 :
762 4600 869 4640 non
891 4586 1029 4656 quod
1051 4601 1145 4656 per
1164 4601 1257 4641 cor
1273 4585 1598 4644 Scribarum.
1621 4589 1692 4645 ita
1715 4592 1855 4647 enim

258 4675 487 4731 Domini
516 4676 837 4731 sententiam
877 4684 1158 4747 utramque
1198 4679 1560 4748 complectens
1580 4722 1594 4746 ,
1625 4696 1724 4738 nec
1750 4684 1860 4739 eris

256 4769 318 4823 in
352 4782 467 4823 una
488 4752 746 4823 obedieus
769 4809 784 4833 ,
810 4768 861 4823 in
888 4768 1056 4823 altera
1081 4782 1240 4834 reus;
1271 4770 1365 4825 sed
1392 4770 1641 4842 intelligis
1673 4774 1858 4831 ambas

254 4859 622 4924 concordare,
654 4869 706 4915 et
733 4858 861 4915 illud
886 4876 1070 4915 verum
1101 4860 1342 4932 respicis,
1372 4861 1495 4932 quia
1522 4863 1682 4918 bonus
1705 4864 1855 4921 homo

254 4952 327 5005 de
352 4950 487 5004 bono
517 4950 755 5005 thesauro
793 4940 973 5005 cordis
990 4951 1069 5007 sui
1086 4955 1279 5023 profert
1306 4951 1435 5006 bona
1459 4994 1474 5021 ,
1503 4961 1551 5008 et
1575 4955 1738 5011 malus
1762 4957 1854 5011 lto-

254 5058 348 5095 uio
392 5041 461 5094 de
498 5043 632 5097 malo
668 5044 860 5114 profert
892 5042 1029 5096 mala
1050 5058 1071 5097 :
1099 5051 1154 5097 et
1182 5043 1309 5098 illud
1334 5084 1349 5110 ,
1379 5044 1501 5115 quia
1549 5046 1624 5100 illi
1653 5046 1855 5105 Scriba:

253 5132 409 5187 bona
448 5147 555 5190 non
593 5131 942 5203 loquerentur
974 5134 1040 5190 de
1078 5134 1329 5189 thesauro
1363 5136 1503 5190 malo
1543 5137 1719 5194 cordis
1748 5139 1851 5207 sui,

253 5222 364 5277 sed
390 5222 531 5277 bona
553 5222 699 5293 l‘oqui
733 5234 949 5294 possent
985 5225 1054 5281 d'c
1084 5227 1334 5282 thesauro
1362 5226 1627 5286 cathedra:
1662 5231 1849 5304 Moysi.

334 5314 398 5368 4.
426 5310 611 5368 Botrus
637 5315 689 5369 in
718 5316 898 5385 spinis.
949 5316 1064 5372 Non
1117 5326 1168 5372 te
1213 5332 1342 5388 ergo
1385 5327 1439 5374 et
1462 5320 1544 5373 illa
1570 5321 1856 5380 turbabunt

257 5403 441 5458 verba
483 5403 691 5459 Domini
741 5404 988 5462 dicentis.
1038 5406 1359 5478 Utraqua’quc
1402 5410 1554 5464 arbor
1595 5424 1658 5464 ea:
1686 5416 1854 5482 [ructu

250 5495 612 5566 cognoscitur.
663 5495 928 5567 Numquid
965 5497 1206 5569 colligunt
1250 5498 1312 5552 de
1344 5500 1503 5569 spinis
1529 5516 1648 5556 uvas
1671 5545 1686 5570 ,
1718 5514 1762 5556 et
1790 5506 1854 5560 de

251 5585 468 5639 tribulis
482 5586 610 5655 ﬁcus
639 5585 785 5658 (Luc.
812 5604 885 5653 vi,
909 5588 1026 5659 Ili)?
1043 5590 1180 5661 Ergo
1193 5590 1466 5647 Scribtect
1491 5592 1741 5651 Pharisaei
1762 5597 1855 5652 .lu-

249 5676 508 5734 dxorum
523 5679 692 5751 spina:
704 5690 756 5738 et
786 5680 964 5739 tribuli
980 5700 991 5738 :
1007 5690 1265 5751 cttamcn,
1301 5683 1427 5750 Qua:
1451 5685 1623 5742 dicunt
1640 5729 1653 5754 ,
1678 5691 1854 5761 facile;

1680 263 1907 322 SERNIO
1932 262 2144 319 LXXV.

3457 279 3561 340 474

1993 390 2109 450 quae
2138 389 2304 433 autem
2352 380 2574 451 faciunt,
2611 384 2776 454 facere
2815 381 2988 437 nolite.
3030 382 3307 455 Colligitur
3345 398 3476 454 ergo
3497 385 3570 442 do

1991 469 2160 540 spinis
2185 486 2306 538 uva,
2333 480 2389 527 et
2412 471 2482 527 de
2506 473 2714 528 tributis
2740 472 2893 539 licus,
2919 474 3059 531 sicut
3079 473 3225 531 dedit
3245 474 3340 535 tibi
3368 489 3568 535 sou--

1988 561 2116 617 dum
2151 564 2480 633 superiorem
2510 567 3169 623 tractatumintellectum.
3214 566 3346 623 Nam
3376 576 3432 625 et
3463 569 3566 624 alt-

1987 652 2203 723 quando
2235 654 2289 708 in
2327 654 2539 725 spinosa
2578 670 2707 725 sepe
2743 657 2913 712 vinea:
2955 658 3569 727 implicantsevites.ot

1988 742 2055 801 de
2079 744 2211 802 rubo
2256 747 2488 818 pendent
2511 748 2669 805 botri.
2693 748 2888 805 Audito
2906 750 3122 805 nomine
3140 752 3413 819 spinarum
3432 765 3565 807 con-

1987 844 2285 908 tempturus
2317 854 2377 896 es
2408 856 2584 897 uvam.
2616 841 2850 912 Require
2885 841 3135 897 radicem
3157 843 3429 911 spinarum
3451 881 3470 909 ,
3499 853 3557 900 et

1984 928 2106 983 vide
2135 929 2223 985 ubi
2253 922 2510 986 invenias.
2537 932 2774 1002 Sequere
2807 933 3039 988 radicem
3083 933 3223 987 botri
3253 932 3559 1003 pendentis,

1985 1030 2040 1078 et
2063 1020 2184 1077 vide
2220 1022 2307 1078 ubi
2344 1024 2601 1079 invenias.
2644 1024 2733 1080 Sic
2757 1026 2988 1095 intellige
3011 1025 3157 1080 aliud
3201 1025 3468 1095 pertinere
3490 1026 3561 1082 ad

1984 1127 2080 1168 cor
2104 1113 2381 1181 Pharisaj,
2403 1126 2457 1170 et
2483 1116 2626 1171 aliud
2655 1117 2721 1171 ad
2749 1118 3054 1173 cathedram
3078 1117 3265 1189 Moysi.

2054 1204 2107 1260 5.
2147 1204 2341 1260 Veteres
2370 1199 2549 1277 ﬁgura:
2575 1224 2666 1278 per
2681 1207 2938 1264 Christum
2956 1219 3230 1265 evacuate.
3258 1209 3363 1265 Sed
3392 1225 3560 1281 quare

1984 1292 2056 1347 illi
2084 1294 2253 1350 tales?
2271 1295 2404 1361 Quia
2418 1298 2661 1364 velamen,
2681 1297 2869 1369 inquit,
2886 1301 3105 1369 positum
3117 1311 3190 1354 est
3209 1317 3359 1370 super
3373 1316 3462 1355 cor
3478 1318 3566 1355 eo.-

1981 1398 2114 1438 rum.
2143 1386 2332 1442 Etnon
2354 1388 2535 1443 vident
2560 1385 2680 1459 quia
2714 1399 2879 1444 vetera
2899 1393 3206 1446 tramierunt
3223 1396 3418 1462 et'facta
3443 1402 3563 1448 sunt

1982 1476 2150 1530 omnia
2173 1490 2302 1532 nova
2314 1478 2379 1549 (ll
2398 1478 2515 1534 Cor.
2539 1496 2595 1543 v,
2620 1481 2730 1549 17).
2751 1481 2884 1536 liinc
2906 1482 2980 1535 illi
2996 1482 3148 1545 tales,
3164 1490 3221 1537 et
3241 1483 3564 1553 quicumque

1980 1567 2139 1621 etiam
2183 1584 2322 1624 nunc
2355 1571 2505 1625 tales.
2541 1569 2693 1626 Unde
2721 1572 2931 1625 vetera?
2959 1572 3093 1639 Quia
3118 1572 3321 1642 jamdiu
3365 1572 3560 1642 praedi-

1979 1663 2186 1711 cant-ur.
2219 1657 2372 1715 Unde
2400 1663 2566 1715 nova?
2587 1661 2719 1728 Quia
2758 1660 2827 1716 ad
2868 1677 3089 1733 regnum
3130 1662 3225 1718 Dei
3267 1663 3557 1732 pertinent.

1978 1745 2259 1812 Quomodo
2275 1764 2404 1819 ergo
2426 1742 2623 1806 tollitur
2648 1753 2915 1819 velamen,
2935 1752 3068 1808 dicit
3084 1754 3198 1822 ipse
3229 1751 3519 1822 Apostolus
3543 1770 3559 1808 :

1976 1835 2105 1892 Cum
2128 1847 2297 1910 autem
2323 1840 2581 1895 transieris
2599 1840 2666 1894 ad
2691 1840 2983 1907 Dominum,
3011 1842 3273 1912 auferetur
3290 1845 3556 1899 ‘oclamctt.

1976 1926 2193 1984 Iudaeus
2228 1945 2354 1999 ergo
2392 1946 2497 1986 non
2547 1933 2810 1988 transiens
2845 1933 2914 1988 ad
2948 1934 3259 1996 Dominum,
3290 1948 3396 1991 non
3439 1950 3562 2004 per-

1977 2019 2149 2075 tendit
2171 2021 2340 2077 aciem
2361 2022 2556 2077 mentis
2584 2023 2636 2078 in
2675 2024 2855 2079 linem.
2884 2024 3165 2094 Quomodo
3200 2026 3294 2080 illo
3318 2037 3560 2096 tempore

1977 2108 2031 2165 in
2060 2110 2159 2166 hac
2180 2111 2343 2182 ﬁgura
2375 2112 2465 2167 lilii
2494 2112 2655 2169 israel
2692 2130 2798 2168 non
2825 2116 3210 2184 pertendebant
3235 2118 3403 2172 aciem
3428 2132 3560 2173 ocu-

1976 2199 2149 2256 lorum
2170 2215 2388 2258 suorum
2409 2203 2463 2256 in
2483 2203 2663 2270 linem,
2681 2202 2732 2258 id
2753 2213 2853 2271 est,
2876 2206 2930 2258 in
2955 2205 3143 2261 faciem
3164 2205 3351 2278 Moysi.
3372 2207 3560 2262 Facies

1976 2293 2120 2349 enim
2162 2292 2328 2364 Moysi
2373 2293 2647 2365 splendida
2689 2294 2914 2366 ﬁguram
2969 2296 3200 2353 habebat
3248 2299 3491 2354 veritatis
3539 2315 3553 2351 :

1977 2376 2346 2454 interpositum
2371 2394 2455 2441 est
2488 2386 2727 2442 velamen
2751 2429 2766 2454 ,
2795 2387 2917 2458 quia
2956 2404 3061 2444 non
3102 2397 3341 2459 poteram
3380 2390 3558 2446 inten-

1975 2474 2106 2531 dere
2144 2474 2320 2532 adhuc
2359 2474 2700 2547 splendorem
2746 2479 2921 2534 vultus
2941 2479 3059 2550 ejus
3074 2480 3166 2535 lilii
3209 2481 3394 2537 lsrael.
3425 2481 3557 2549 Qua:

1975 2564 2141 2636 llgura
2165 2577 2471 2622 evacuatur.
2494 2567 2583 2623 Sic
2605 2568 2749 2623 enim
2771 2567 2907 2624 dixit
2931 2570 3217 2640 Apostolus
3241 2590 3254 2626 :
3291 2571 3421 2638 Quis
3437 2587 3556 2626 eua-

1975 2667 2192 2712 cuantur
2214 2656 2325 2730 (Id.
2354 2673 2446 2724 nt,
2471 2658 2682 2730 15-16).
2717 2659 2895 2728 Quare
2925 2661 3283 2716 evacuantur?
3306 2662 3439 2729 Quia
3460 2678 3556 2717 ve-

1975 2747 2157 2804 niente
2196 2748 2519 2821 imperatore
2559 2750 2817 2820 imagines
2856 2751 3116 2806 tolluntur
3150 2751 3220 2807 de
3256 2752 3454 2825 medio.
3481 2753 3558 2808 lbi

1975 2849 2246 2911 spectatur
2273 2841 2470 2913 imago,
2499 2841 2588 2898 ubi
2615 2843 3163 2914 imperator‘prmsens
3190 2859 3297 2899 non
3316 2853 3401 2900 est
3428 2863 3443 2900 :
3465 2846 3556 2900 ubi

1973 2938 2058 2986 est
2084 2939 2261 2987 autem
2284 2931 2544 3002 ille-cujus
2561 2930 2853 3006 estimago,
2877 2936 3052 3007 imago
3070 2946 3397 2992 removetur.
3421 2937 3559 2992 Ima-

1973 3013 2127 3094 gines
2150 3039 2278 3095 ergo
2304 3025 2738 3094 praeferebantur,
2767 3038 3051 3098 antequam
3078 3029 3286 3085 veniret
3322 3030 3555 3100 impera-

1974 3121 2061 3169 tor
2130 3121 2313 3170 noster
2373 3115 2630 3171 Dominus
2689 3116 2846 3173 Jesus
2906 3118 3173 3176 Christus.
3234 3119 3558 3191 imaginibus

1972 3205 2197 3261 sublatis
2263 3206 2430 3277 fulget
2484 3209 2764 3279 prmseniia
2827 3210 3184 3282 imperatoris.
3240 3213 3379 3282 Ergo
3432 3229 3555 3270 cum

1972 3296 2245 3352 transierit
2303 3299 2529 3369 quisque
2586 3300 2653 3355 ad
2696 3300 2976 3357 Dominum
3001 3344 3017 3371 ,
3073 3303 3347 3361 auferetur
3409 3309 3555 3362 vela—

1971 3403 2115 3444 men.
2170 3387 2407 3445 Sonabat
2451 3390 2595 3446 enim
2637 3408 2740 3447 vox
2790 3392 2961 3465 Moysi
3003 3409 3099 3464 per
3138 3395 3347 3462 velum,
3377 3405 3434 3451 et
3473 3396 3556 3451 fa-

1969 3480 2082 3537 cies
2149 3481 2317 3552 Μογεὶ
2380 3497 2487 3537 non
2551 3485 2861 3554 apparebat.
2913 3484 3003 3540 Sic
3056 3482 3306 3541 et'modo
3355 3488 3556 3545 Judazis

1970 3581 2125 3628 sonat
2167 3586 2269 3628 vox
2311 3572 2510 3629 Christi
2562 3590 2660 3645 per
2710 3589 2894 3631 vocem
2958 3576 3351 3646 Scripturarum
3403 3588 3595 3647 γεω-κ

1969 3679 2127 3719 rum:
2167 3678 2351 3720 vocem
2399 3678 2582 3720 carum
2623 3667 2863 3733 audiunt,
2922 3665 3110 3723 faciem
3157 3669 3395 3723 sonantis
3446 3685 3551 3725 non

1969 3755 2168 3811 vident.
2189 3756 2386 3811 Volunt
2403 3756 2878 3828 ergoutaul'eratur
2891 3759 3156 3815 velamen?
3174 3758 3469 3818 Transeunt
3485 3764 3553 3819 ad

1970 3835 2272 3903 Dominum.
2293 3847 2445 3902 Tunc
2466 3848 2734 3904 enimnon
2757 3847 3071 3905 auferuntur
3088 3858 3287 3917 vetera,
3315 3852 3410 3907 sed
3425 3867 3554 3908 cen-

1966 3936 2166 3993 duntur
2190 3937 2243 3992 iu
2261 3938 2533 4008 thesauro,
2565 3948 2622 3993 ut
2636 3938 2745 4009 jam
2762 3941 2831 3995 sit
2850 3939 3032 3996 Scriba
3057 3940 3296 3996 eruditus
3312 3942 3553 4014 in‘regnu

1971 4029 2083 4096 Dei,
2113 4032 2389 4102 proferens
2431 4031 2497 4087 de
2547 4031 2804 4088 thesauro
2835 4047 2953 4100 suo,
2993 4048 3093 4089 nec
3120 4048 3252 4090 nova
3281 4036 3418 4102 seis,
3447 4051 3551 4093 nec

1965 4132 2147 4177 vetera
2167 4122 2299 4175 sola.
2326 4120 2463 4176 Nam
2487 4122 2533 4176 si
2555 4137 2688 4177 nova
2712 4123 2849 4191 sola,
2872 4131 2963 4177 aut
2979 4132 3161 4180 vetera
3180 4126 3291 4181 sola
3314 4127 3549 4196 protule-

1963 4211 2063 4277 rit;
2085 4226 2193 4266 non
2210 4221 2292 4267 est
2311 4211 2493 4268 Scriba
2521 4213 2758 4269 eruditus
2795 4215 2847 4269 in
2871 4230 3037 4286 regno
3061 4216 3153 4273 Dei
3183 4218 3461 4289 proferens
3480 4221 3552 4277 de

1964 4303 2215 4358 thesauro
2250 4317 2348 4359 suo
2375 4296 2507 4359 neva
2528 4313 2582 4359 et
2607 4314 2807 4360 vetera.
2829 4306 2884 4362 Si
2904 4307 3039 4363 'dicit
3073 4323 3157 4374 ea,
3203 4318 3394 4366 etnon
3423 4310 3555 4368 facit

1962 4408 2061 4460 ea;
2089 4386 2156 4451 de
2176 4397 2425 4452 cathedra
2469 4396 2703 4468 profert,
2725 4414 2829 4454 non
2869 4400 2938 4455 de
2965 4401 3214 4459 thesauro
3237 4404 3414 4460 cordis
3439 4407 3556 4462 sui.

1962 4487 2030 4546 Et
2063 4501 2242 4542 verum
2259 4487 2482 4543 dicimus
2495 4488 2772 4545 Sanctitati
2792 4499 3003 4558 vestrm;
3025 4507 3143 4562 quae
3160 4494 3230 4549 de
3245 4496 3408 4551 veteri
3431 4514 3551 4569 pru-

1964 4577 2222 4642 l'eruutur,
2257 4594 2351 4649 per
2402 4594 2598 4634 novum
2640 4581 2991 4639 illustrantur.
3038 4584 3164 4641 Ide‘o
3189 4586 3445 4643 transitur
3479 4589 3556 4644 ad

1962 4667 2265 4739 Dominum,
2287 4681 2345 4726 ut
2372 4671 2641 4727 auferatur
2668 4674 2927 4730 velamen.

2372 4764 2376 4771 '
2452 4761 2684 4818 θεειΜο
2719 4763 3044 4837 ωίχνορι).

1961 4869 2039 4925 De
2068 4871 2227 4926 verbis
2269 4869 2531 4942 Evangelii
2581 4870 2835 4939 Mattltwi,
2878 4891 2991 4944 cap.
3042 4892 3152 4943 xiv,
3196 4876 3384 4947 24-35,
3430 4878 3550 4935 Na-

2030 4960 2203 5016 vicula
2252 4969 2431 5015 autem
2487 4961 2539 5015 in
2595 4962 2772 5017 medio
2821 4965 2953 5018 mari
3001 4966 3303 5035 iactabatur
3364 4966 3541 5027 ﬂucti-

2028 5050 2149 5116 bus,
2179 5059 2275 5105 etc.
2308 5049 2402 5123 (b).

2027 5164 2253 5222 CAPUT
2316 5164 2696 5222 PRIMUM.o—-
2750 5168 2800 5223 ί.
2847 5169 3011 5225 Altior
3061 5172 3364 5244 signiﬁcatio
3418 5178 3542 5235 latet

2020 5334 2042 5395 ἢ
2074 5330 2374 5395 νῐιιιηεηάειςαδ
2400 5330 2459 5395 ad
2479 5345 2555 5395 gr.
2582 5332 2716 5395 unm.
2741 5342 2843 5385 Par.
2861 5342 2972 5385 ιον.

2118 5394 2258 5454 Alias,
2279 5393 2345 5445 de
2366 5393 2577 5444 Diversis
2607 5394 2687 5444 22.
3102 5418 3107 5423 ·

2118 5394 2258 5454 Alias,
2279 5394 2345 5445 de
2366 5394 2577 5444 Diversis
2607 5394 2687 5444 22.
3102 5418 3107 5423 ·

2020 5394 2094 5517 ibi
2124 5462 2255 5525 nunc
2274 5456 2390 5525 citat
2410 5455 2572 5525 Florus
2587 5456 2665 5525 _ad_
2682 5456 2853 5525 Ephes.
2872 5474 2940 5517 tv,
2953 5459 3282 5525 eundemque
3296 5462 3421 5515 forte
3440 5477 3543 5515 ser-

1959 5515 2153 5567 monem
2176 5515 2568 5584 Possidiusnotat
2586 5515 2876 5584 in_l_ndiculo,
2904 5515 3009 5584 cap,
3034 5522 3083 5580 9,
3106 5522 3182 5573 his
3199 5515 3370 5576 Verbis
3393 5539 3406 5574 :
3439 5532 3543 5575 «De

1966 5596 1987 5624 α
2012 5577 2572 5652 evangeliea‘lectione,|
2597 5578 2679 5626 ubi
2716 5582 2912 5652 Domino
2944 5577 3152 5652 jubente
3190 5592 3363 5652 Petml
3390 5595 3540 5652 utpar

1966 5657 1986 5686 ι
2010 5637 2447 5712 mare—ambulavit...
2456 5654 2477 5683 ν
2498 5640 2885 5712 subsequentem
2901 5637 3018 5697 vero
3042 5646 3091 5697 in
3113 5661 3217 5712 cap.
3236 5649 3283 5712 8,
3300 5637 3374 5703 sic
3391 5637 3408 5702 ξ’
3426 5637 3535 5702 ἐιη

1965 5717 1989 5749 ι
2014 5713 2072 5751 eo
2091 5698 2221 5763 quod
2245 5705 2412 5752 Petrus
2434 5699 2483 5749 in
2504 5700 2623 5750 mari
2646 5698 2883 5756 titubavit.
2905 5720 2931 5751 ι
