3922 6192
426 255 532 312 ι»

430 366 817 440 vituperatione
870 358 1158 416 subruatur
1212 357 1371 420 atque
1421 347 1711 414 mergatur.
1757 334 1814 390 In
1871 326 2009 440 unda

426 424 693 520 eademet
736 453 971 512 titubans
1015 442 1241 511 Petrus,
1265 450 1320 498 et
1362 439 1528 505 dicat,
1585 430 1822 493 Domine,
1877 424 2018 520 salua

433 513 808 617 nt—ej—ﬁPorrigit
847 542 992 599 enim
1038 537 1293 600 Dominus
1331 543 1548 588 manum
1601 543 1616 579 :
1670 532 1726 580 et
1761 513 2017 617 quamvis

432 607 672 713 iiii-ipa
694 681 710 707 ,
733 607 982 700 “dicens,
1036 630 1255 686 Modica:
1310 625 1451 695 ﬁdei,
1503 618 1682 713 utquid
1737 607 2018 713 dubitasti?

432 697 601 807 ait};
620 697 728 787 non
751 735 901 784 recto
926 697 1117 781 itinere
1138 720 1286 776 illum
1311 717 1523 772 intuens
1547 708 1614 765 ad
1637 719 1797 778 quem
1827 697 2016 807 tende-

434 787 549 889 bas,
576 820 790 878 nonnisi
823 819 878 874 in
916 813 1141 871 Domino
1166 807 1424 881 gloriatus
1446 800 1547 859 es?
1579 810 1756 855 tamen
1782 809 1814 847 a
1843 787 2019 846 ﬂucti-

434 921 536 974 bus
575 914 732 985 rapit,
777 918 835 967 et
871 905 1212 964 conﬁtentem
1261 895 1622 955 inﬁrmitatem
1663 898 1814 944 suam
1861 890 2020 951 atque

436 1009 578 1065 illius
598 976 855 1063 auxilium
880 997 1266 1071 postulantem,
1286 988 1463 1061 perire
1482 1000 1589 1041 non
1616 980 1763 1036 sinit.
1784 976 2021 1071 Recepto

436 1064 615 1158 autem
648 1064 965 1153 Domino'ia
996 1089 1138 1155 navi,
1180 1083 1494 1141 conﬁrmata
1545 1075 1651 1132 ﬁde
1691 1081 1851 1143 atque
1874 1064 2021 1158 omni

438 1156 771 1248 dubitatione
801 1185 1029 1247 sublata,
1063 1177 1369 1245 sedatisque
1398 1163 1803 1239 tempestatibus
1837 1156 2019 1222 maris,
2090 1217 2099 1241 ν

2088 1234 2095 1315 ρ
2129 1241 2272 1298 idem
2314 1257 2443 1313 ergo
2480 1241 2671 1297 Petrus
2696 1255 2729 1294 a
2758 1249 2906 1310 petra
2935 1235 3342 1310 cognominatus
3369 1236 3583 1302 beatus,
3612 1234 3717 1290 Ec-

2086 1344 2090 1409 l
2128 1334 2307 1391 clesia:
2337 1334 2557 1404 ﬁguram
2602 1329 3599 1403 portanskapostolatusprineipatum
3626 1335 3712 1383 te-

441 1294 501 1339 ut
520 1284 629 1354 jam
656 1279 722 1336 ad
751 1288 908 1333 terrae
932 1271 1271 1329 stabilitatem
1298 1261 1743 1326 securitatemque
1759 1250 2021 1354 veniatur,

440 1341 666 1429 adorant
682 1383 867 1423 onmes
891 1364 1153 1426 dicentes,
1183 1357 1312 1413 Vere
1328 1353 1497 1409 Filius
1526 1348 1621 1403 Dei
1640 1364 1692 1402 es
1710 1354 1785 1401 tu.
1805 1341 1917 1395 Hoc
1943 1346 2027 1393 est

442 1463 587 1519 enim
612 1448 858 1532 gaudium
879 1453 1291 1524 sempiternum,
1306 1460 1412 1516 quo
1432 1442 1709 1513 perspicua
1734 1434 1951 1532 veritas,
1972 1436 2028 1483 et

446 1524 680 1609 Verbum
694 1550 810 1617 Dei,
822 1555 879 1603 et
892 1543 1159 1614 Sapientia
1177 1555 1273 1611 per
1287 1550 1446 1608 quam
1465 1534 1602 1588 facta
1621 1536 1745 1584 sunt
1761 1524 1958 1587 omnia,
1973 1528 2030 1576 et

447 1644 740 1703 eminentia
754 1635 1136 1698 misericordia:
1151 1634 1289 1708 ejus,
1306 1639 1361 1687 et
1380 1623 1714 1698 cognoscitur
1728 1627 1784 1676 et
1798 1625 2028 1673 amatur.

908 1734 1132 1806 δειξΜο
1169 1743 1425 1800 LXXVI‘
1471 1740 1571 1811 (α).
1674 1824 1675 1827 γ

452 1868 649 1924 Rursus
670 1866 723 1920 in
750 1861 983 1918 Mattltwi
1010 1876 1127 1930 cap.
1155 1872 1264 1922 xiv,
1293 1852 1479 1916 24-33,
1510 1851 1572 1904 de
1612 1846 1827 1903 Domino
1852 1841 2031 1897 ambu-

524 1958 660 2013 lante
681 1971 832 2025 super
857 1968 1015 2021 aquas
1037 1949 1210 2014 maris,
1240 1958 1287 2001 et
1312 1946 1374 2017 de
1406 1943 1561 1998 Petro
1596 1938 1840 1996 titubante
1861 1934 1959 2006 (ὑ).

522 2069 747 2128 CAPUT
786 2063 1161 2124 PRIMUM.—-
1214 2061 1266 2114 1.
1318 2057 1494 2124 Mare,
1550 2053 1807 2110 saeculum.
1856 2046 2036 2117 Petrus

459 2163 702 2219 Ecclesia:
747 2171 921 2231 typus.
967 2154 1311 2225 Evangelium
1364 2148 1505 2219 quod
1536 2144 1900 2202 recentissime
1950 2155 2039 2197 re-

462 2255 699 2313 citatum,
730 2257 815 2307 est
879 2248 948 2304 de
992 2245 1218 2302 Domino
1260 2240 1495 2303 Christo,
1544 2237 1633 2307 qui
1672 2248 1832 2305 super
1876 2246 2040 2303 aquas

456 2347 623 2403 maris
686 2340 1005 2405 ambulavit;
1050 2345 1107 2394 et
1173 2335 1243 2390 de
1285 2330 1527 2403 apostolo
1573 2329 1751 2393 Petro,
1798 2324 1887 2395 qui
1928 2337 2043 2377 am-

461 2438 653 2495 bulans
680 2431 915 2489 timendo
957 2429 1221 2491 titubavit,
1265 2433 1320 2480 et
1342 2420 1630 2479 diuidendo
1659 2430 1885 2481 mersus,
1913 2428 2043 2468 con-

463 2525 666 2584 ﬁtendo
689 2537 876 2579 rursus
897 2519 1152 2583 emersit;
1178 2514 1431 2570 admonet
1455 2523 1553 2566 nos
1576 2507 1873 2576 intelligere
1898 2517 2045 2559 mare
2075 2522 2088 2536 ·

460 2628 700 2689 prmsens
723 2611 976 2669 sacculum
993 2622 1136 2672 esse,
1153 2606 1368 2661 Petrum
1387 2616 1515 2657 vero
1534 2597 1834 2670 apostolum
1855 2593 2043 2650 Eccle-

433 2685 558 2789 ‘sia:
595 2706 766 2760 unica:
791 2711 996 2775 typum.
1028 2698 1147 2767 Ipse
1175 2694 1319 2752 enim
1364 2693 1556 2749 Petrus
1593 2690 1646 2744 in
1673 2685 2045 2758 Apostolorum

464 2798 654 2855 ordine
680 2796 902 2867 primus,
934 2792 986 2846 in
1012 2787 1208 2844 Christi
1229 2800 1410 2841 amore
1432 2779 1878 2854 promptissimus,
1906 2789 2048 2846 saepe

468 2903 606 2945 unus
620 2883 906 2959 respondet
923 2898 1018 2954 pro
1033 2879 1301 2936 omnibus.
1316 2877 1336 2932 l
1343 2890 1435 2947 pse
1450 2873 1678 2943 denique
1688 2870 1913 2925 Domino
1923 2868 2049 2924 lesu

468 2979 685 3036 Christo
725 2975 1049 3046 requirente,
1071 2982 1356 3042 quemnam
1399 2964 1644 3020 homines
1671 2961 1908 3017 dicerent
1927 2974 2050 3015 eum

468 3085 613 3134 esse,
645 3079 702 3125 et
720 3066 999 3138 Opiniones
1024 3061 1199 3117 varias
1225 3058 1498 3114 hominum
1525 3054 1801 3125 discipulis
1827 3066 2052 3120 respon-

474 3163 748 3226 dentibus,
773 3170 1063 3227 rursusque
1099 3152 1326 3211 Domino
1357 3150 1718 3219 interrogante
1746 3154 1802 3200 et
1823 3143 2051 3207 dicente,

484 3252 587 3307 Vos
605 3262 771 3306 autem
798 3265 944 3321 quem
971 3263 1051 3302 me
1073 3262 1180 3305 esse
1201 3243 1408 3299 dicitis?
1431 3238 1709 3311 respondit
1744 3238 1951 3301 Petrus,
1978 3234 2056 3289 Tu

478 3362 533 3400 es
560 3342 788 3400 Christus
824 3338 875 3393 F
877 3339 993 3393 ilius
1020 3335 1116 3391 Dei
1143 3335 1259 3389 vivi.
1285 3332 1434 3390 Unus
1458 3345 1553 3401 pro
1586 3328 1770 3384 multis
1802 3325 1947 3383 dedit
1967 3340 2055 3381 re-

482 3448 766 3509 sponsum,
811 3429 990 3485 unitas
1019 3428 1073 3484 in
1118 3425 1318 3481 multis.
1367 3423 1517 3479 Tunc
1550 3414 1601 3477 ei
1641 3420 1895 3475 Dominus
1937 3416 2056 3472 ait:

481 3508 770 3590 Beatuses,
825 3521 1007 3578 Simon
1054 3516 1352 3583 Dur-Iona,
1399 3515 1517 3585 quia
1557 3528 1660 3567 non
1700 3510 1932 3566 reuelauit
1974 3508 2063 3563 tibi

481 3634 601 3673 caro
619 3625 668 3670 et
693 3614 922 3685 sanguis,
950 3610 1039 3666 sed
1065 3608 1219 3664 Pater
1243 3622 1383 3663 meus
1401 3607 1485 3677 qui
1504 3614 1575 3660 est
1591 3604 1646 3658 in
1681 3601 1839 3657 ralis.
1864 3598 2064 3657 Deinde

483 3706 726 3763 addidit:
758 3703 825 3759 Et
852 3718 943 3776 ego
973 3702 1088 3756 dico
1117 3700 1226 3754 tibi.
1261 3697 1535 3767 Tanquam
1565 3695 1768 3750 diceret
1802 3691 1973 3759 :Quia
2010 3700 2064 3746 tu

486 3798 664 3854 dixisti
702 3795 856 3861 mihi,
904 3793 983 3848 Tu
1025 3808 1077 3847 es
1114 3789 1343 3848 Christus
1391 3786 1560 3842 Filius
1603 3785 1699 3840 Dei
1726 3784 1824 3839 vivi
1855 3798 1875 3839 :
1902 3791 1950 3837 et
1976 3797 2067 3853 ego

486 3890 602 3944 dico
629 3887 736 3953 tibi,
780 3884 861 3942 Tu
889 3900 942 3940 es
970 3881 1177 3937 Petrus.
1219 3878 1403 3935 Simon
1432 3877 1630 3949 quippe
1655 3882 1810 3931 antea
1835 3872 2069 3929 vocaba-

493 3990 601 4035 tur.
638 3977 751 4033 lloc
787 3984 963 4031 autem
986 3974 1036 4030 ei
1060 3985 1281 4036 nomen,
1326 3976 1387 4024 ut
1407 3967 1598 4023 Petrus
1622 3964 2000 4037 appellaretur,
2039 3977 2070 4019 a

490 4069 718 4125 Domino
747 4065 1050 4136 impositum
1074 4071 1160 4119 est
1190 4079 1203 4116 :
1233 4068 1289 4117 et
1312 4059 1416 4116 hoc
1442 4059 1494 4114 in
1521 4072 1585 4114 ea
1607 4055 1797 4127 ﬁgura,
1819 4063 1879 4111 ut
1904 4053 2073 4126 signi-

492 4160 682 4216 ﬁcaret
712 4156 1026 4213 Ecclesiam.
1049 4152 1182 4220 Quia
1221 4150 1365 4207 enim
1398 4148 1646 4205 Christus
1688 4155 1859 4218 petra,
1885 4143 2075 4201 Petrus

492 4248 719 4321 populus
760 4245 1101 4303 christianos.
1152 4242 1309 4298 Petra
1352 4240 1496 4296 enim
1556 4235 1851 4308 principale
1878 4248 2074 4290 nomen

493 4351 597 4399 est.
623 4340 748 4396 ideo
776 4339 964 4395 Petrus
982 4350 1012 4390 a
1031 4343 1203 4405 petra,
1235 4348 1339 4389 non
1365 4341 1511 4405 petra
1537 4346 1567 4384 a
1594 4330 1786 4386 Petro:
1808 4326 2077 4400 quomodo

495 4450 604 4489 non
630 4448 660 4486 a
685 4431 979 4488 christiano
1014 4426 1280 4492 Christus,
1312 4423 1407 4479 sed
1447 4438 1478 4477 a
1516 4423 1729 4478 Christo
1755 4421 2079 4479 christianus

497 4533 738 4580 vocatur.
794 4521 871 4577 Tu
907 4537 957 4576 es
1005 4533 1154 4590 ergo,
1184 4517 1375 4587 inquit,
1410 4514 1632 4578 Petrus;
1678 4525 1725 4569 et
1771 4531 1922 4584 super
1947 4515 2079 4569 hanc

501 4627 694 4689 petram
735 4630 893 4685 quam
933 4612 1209 4668 confessus
1234 4625 1317 4676 es,
1363 4624 1516 4678 super
1543 4606 1672 4660 hanc
1701 4613 1896 4678 petram
1920 4620 2079 4677 quam

499 4704 814 4778 cognovisti,
836 4703 1037 4768 dicens,
1064 4701 1140 4757 Tu
1167 4717 1219 4755 es
1244 4700 1473 4755 Christus
1502 4696 1667 4752 Filius
1690 4695 1790 4751 Dei
1816 4697 1934 4764 viai,
1955 4696 2081 4752 tedi-

501 4797 663 4868 ﬁcabo
706 4794 986 4851 Ecclesium
1023 4808 1185 4848 meatu
1221 4790 1432 4864 (Matth.
1471 4804 1587 4855 ινι,
1627 4789 1814 4861 15-18)
1849 4807 1862 4842 :
1896 4788 1948 4843 id
1977 4796 2078 4853 est,

500 4890 676 4961 Super
702 4903 788 4945 me
839 4886 1013 4957 ipsum
1054 4883 1246 4941 Filium
1297 4882 1389 4937 Dei
1421 4881 1552 4948 vivi,
1599 4879 1873 4936 azditicabo
1900 4879 2085 4935 Eccle-

503 4981 640 5037 siam
663 4994 858 5035 meam.
885 4978 1060 5050 Super
1083 4990 1169 5031 me
1194 4972 1470 5030 :cdiiicabo
1493 4982 1564 5039 te,
1594 4987 1699 5026 non
1717 4986 1804 5027 me
1825 4985 1988 5041 super
2007 4980 2080 5026 te.

575 5068 804 5127 CAPUT
843 5068 906 5124 ll.
937 5099 1009 5108 ——
1039 5066 1095 5122 2.
1125 5065 1355 5121 Ecclesia
1401 5079 1502 5117 non
1535 5078 1687 5134 super
1728 5062 1971 5127 homines,
1998 5061 2087 5116 sed

507 5177 662 5231 super
716 5160 970 5217 Christum
1021 5158 1293 5227 wdi/icata.
1352 5154 1482 5210 Nam
1545 5155 1783 5211 volentes
1845 5153 2088 5208 homines

511 5251 764 5309 u'dilicari
802 5267 962 5321 super
991 5250 1254 5318 homines,
1286 5248 1535 5305 dicebant
1566 5266 1579 5300 :
1608 5245 1717 5318 Ego
1741 5245 1944 5317 quidem
1975 5261 2087 5300 sum

573 5411 593 5428 ⁹
618 5415 875 5461 mrrectus
896 5407 955 5457 ad
974 5413 1077 5457 tres
1108 5406 1192 5455 bn.
1234 5413 1285 5456 et
1318 5412 1521 5468 quatuor
1544 5403 1605 5454 cl.
1631 5403 1688 5453 ad
1711 5416 1756 5453 a.
1790 5404 1867 5454 cb.
1886 5401 1918 5452 f.
1945 5404 1994 5465 ll,
2029 5402 2087 5455 is.

513 5485 567 5536 ε.
587 5471 665 5536 _h_'.
690 5483 755 5536 tu.
773 5484 857 5536 pr.
883 5482 975 5518 rm.
1000 5469 1080 5536 vd.
1129 5474 1228 5536 Am.
1252 5473 1452 5536 ξιξ-ΡΜ.
1475 5472 1585 5517 Lov.

575 5534 652 5653 ξιιζ
675 5530 812 5592 Alias,
829 5533 894 5583 de
918 5530 1087 5580 Verbis
1102 5530 1280 5579 Domini
1302 5530 1371 5580 l5.

602 5592 629 5642 b
688 5595 835 5653 Hujus
865 5594 1102 5643 sermonis
1145 5601 1371 5653 excerpta

508 5588 652 5701 “(:2
688 5588 835 5656 Hujus
865 5594 1102 5643 sermonis
1145 5601 1377 5653 excerpta
1403 5589 1560 5641 refert
1592 5588 1757 5640 Florus
1793 5590 1852 5641 ad
1888 5598 1902 5640 t
1943 5598 2046 5651 Cor.
2080 5607 2096 5641 ι

1667 223 1725 279 S.
1762 207 2126 277 AUGUSTINI
2159 209 2459 268 EPISCDPI

3595 196 3711 256 tso

2123 320 2309 388 Pauli,
2334 339 2427 395 ego
2470 330 2641 378 autem
2680 320 2884 394 Apollo,
2910 337 3002 392 ego
3043 336 3155 375 vero
3202 316 3407 388 Cephw,
3454 316 3572 385 ipse
3609 330 3699 377 est

2123 416 2327 475 Petrus.
2374 417 2445 473 Et
2472 416 2563 472 alii
2588 417 2679 489 qui
2698 417 2954 472 uolebant
2979 413 3234 469 aediﬁcari
3277 428 3438 482 super
3461 411 3709 472 Petrum.

2121 510 2217 566 sed
2248 526 2411 581 super
2435 519 2661 581 petram,
2707 508 2821 581 Ego
2853 517 3020 562 autem
3045 501 3157 560 sun't
3180 505 3386 560 Christi.
3416 504 3709 574 Apostolus

2121 610 2299 658 autem
2328 602 2523 657 Paulus
2547 600 2636 656 ubi
2660 598 2910 672 cognovit
2931 612 2991 655 se
3016 596 3161 666 eligi,
3190 605 3247 651 et
3269 594 3537 650 Christum
3569 608 3707 649 con-

2125 694 2290 750 temni
2317 710 2333 748 :
2367 692 2568 748 Divisus
2591 702 2684 759 est,
2713 691 2901 762 inquit,
2919 689 3188 746 Christus?
3215 686 3484 759 Numquid
3512 686 3710 743 Padus

2126 802 2219 856 pro
2245 785 2381 840 vobis
2416 784 2690 853 cruciﬁxus
2712 793 2783 838 est
2800 783 2826 836 ζ’
2862 790 2953 836 aut
2979 782 3035 835 in
3054 780 3257 835 nomine
3287 777 3441 832 Pauli
3467 777 3713 847 baptismi

2122 876 2242 934 estis
2262 874 2305 946 tl
2324 875 2443 931 Cor.
2473 892 2514 941 ι,
2538 874 2626 939 12,
2645 874 2772 945 15)⁶ῑ
2794 871 3073 941 Quomodo
3096 886 3205 928 non
3231 871 3286 926 in
3311 870 3487 937 Pauli,
3508 869 3591 925 sic
3611 883 3713 924 nec

2125 966 2179 1022 in
2206 966 2382 1033 Petri;
2409 965 2503 1021 sed
2529 966 2582 1020 in
2604 965 2816 1021 nomine
2841 962 3039 1021 Christi
3072 980 3086 1016 :
3114 970 3173 1016 ut
3196 962 3386 1017 Petrus
3407 959 3719 1016 adiﬁcatas

2126 1066 2213 1114 tur
2229 1073 2391 1129 super
2414 1068 2642 1128 petram,
2668 1071 2773 1113 non
2800 1063 2953 1127 petra
2976 1068 3137 1125 super
3160 1054 3398 1111 Petrum.

2196 1153 2252 1207 5.
2298 1150 2482 1207 Petrus
2530 1150 2691 1219 primo
2737 1150 2910 1204 beatus
2933 1190 2950 1215 ,
2978 1156 3026 1203 et
3080 1163 3202 1203 mox
3264 1156 3470 1203 satanas
3520 1145 3713 1199 dictus.

2132 1442 2287 1495 nens,
2309 1426 2565 1482 continuo
2589 1434 2712 1496 post
2743 1423 3012 1494 paululum
3034 1422 3145 1492 jam
3161 1420 3341 1476 audito
3368 1418 3511 1490 quod
3524 1418 3718 1475 beatus

2132 1526 2294 1584 esset,
2318 1517 2428 1588 jam
2452 1516 2634 1572 audito
2656 1514 2797 1586 quod
2816 1514 3007 1570 Petrus
3030 1519 3195 1579 esset,
3219 1510 3330 1582 jam
3356 1509 3540 1566 audito
3564 1508 3713 1579 quod

2133 1624 2292 1680 supra
2323 1619 2525 1676 petram
2542 1605 2885 1665 adiﬁcandus
2911 1605 3120 1671 esset‘,
3144 1611 3489 1673 posteaquam
3510 1599 3721 1655 audivit

2134 1700 2364 1757 futuram
2395 1698 2602 1755 Domini
2630 1697 2954 1768 passionem,
2981 1694 3102 1765 quia
3121 1692 3439 1764 przcdixerat
3463 1706 3587 1747 eam
3609 1690 3720 1744 cito

2136 1790 2367 1851 futuram
2396 1789 2669 1860 discipulis
2694 1788 2826 1854 suis,
2870 1785 3137 1856 displicuit
3169 1785 3243 1840 ei.
3274 1783 3475 1839 Timuit
3505 1797 3575 1837 ne
3599 1797 3725 1850 per-

2136 1884 2288 1941 deret
2307 1884 2648 1947 morientem,
2671 1895 2831 1951 quem
2853 1877 3131 1934 confessus
3151 1876 3321 1932 luerat
3348 1876 3469 1930 vita:
3490 1872 3720 1929 fontem.

2139 1975 2404 2032 Turbatus
2444 1982 2549 2040 est,
2577 1973 2763 2029 dicens
2804 1989 2816 2023 :
2862 1969 3003 2026 Absit
3051 1985 3085 2022 a
3132 1978 3200 2032 te,
3252 1966 3441 2037 inquit,
3471 1963 3724 2026 Domine;

2138 2084 2242 2124 non
2289 2068 2373 2136 ﬁet
2422 2067 2579 2122 istud.
2620 2064 2886 2133 Propitius
2934 2069 3053 2118 esto
3098 2060 3225 2125 tibi,
3271 2059 3445 2125 Deus;
3490 2058 3622 2112 uolo
3673 2065 3727 2110 te

2141 2161 2300 2216 mori.
2349 2159 2539 2215 Petrus
2585 2155 2797 2213 dicebat
2839 2153 3072 2218 Christo,
3120 2151 3254 2208 Nolo
3301 2159 3354 2206 te
3400 2149 3570 2213 mori;
3628 2146 3725 2203 sui

2142 2253 2332 2310 melius
2383 2251 2593 2308 dicebat
2644 2248 2886 2306 Christus
2908 2288 2931 2312 ,
2983 2245 3115 2302 Volo
3168 2259 3267 2314 pro
3317 2252 3370 2299 te
3406 2241 3570 2298 mori.
3618 2240 3726 2295 De-

2144 2348 2305 2418 nique
2326 2346 2582 2400 continuo
2612 2340 2974 2411 reprehendit,
3008 2353 3168 2410 quem
3194 2337 3359 2408 paulo
3381 2344 3509 2390 ante
3535 2332 3725 2389 lauda-

2145 2446 2328 2501 verat;
2376 2444 2433 2491 et
2481 2449 2640 2505 quem
2669 2434 2880 2489 beatum
2909 2431 3138 2493 dixerat,
3183 2436 3424 2483 satanam
3461 2424 3725 2495 appellat.

2152 2527 2299 2593 Redi,
2329 2525 2517 2595 inquit,
2546 2533 2658 2595 post
2677 2540 2778 2589 me,
2807 2532 3025 2584 satana;
3049 2518 3346 2575 scandalum
3367 2516 3491 2570 mihi
3510 2532 3563 2570 es
3584 2531 3606 2568 :
3626 2531 3729 2571 non

2142 2618 2281 2673 enim
2305 2617 2451 2687 sapis
2466 2631 2583 2687 quin
2599 2613 2691 2671 Dei
2706 2624 2847 2680 sunt,
2863 2612 2953 2668 sed
2974 2627 3088 2683 qua:
3105 2619 3220 2666 sunt
3239 2609 3497 2667 hominum
3513 2606 3727 2679 (lauit.

2152 2724 2259 2775 xvi,
2288 2707 2381 2773 22,
2419 2707 2535 2778 23).
2565 2706 2705 2775 Quid
2748 2719 2847 2760 nos
2872 2704 2989 2759 vult
3031 2703 3208 2758 facere
3241 2717 3309 2757 es
3340 2700 3442 2755 hoc
3466 2698 3611 2770 quod
3634 2714 3734 2753 su—

2152 2815 2294 2868 mus,
2340 2800 2433 2870 qui
2487 2800 2566 2856 sic
2606 2798 2786 2869 culpat
2812 2795 2953 2868 quod
3005 2794 3250 2851 homines
3299 2792 3520 2848 sumus?
3560 2790 3736 2845 Vultis

2152 2892 2293 2947 scire
2316 2890 2445 2961 quid
2494 2905 2595 2945 nos
2623 2889 2751 2944 velit
2791 2888 3003 2944 facere?
3045 2885 3243 2941 Audite
3274 2885 3545 2940 Psalmum
3578 2900 3594 2935 :
3622 2880 3738 2953 Ege

2156 2982 2282 3047 dixi,
2310 2980 2396 3035 Dii
2423 2980 2563 3047 estis,
2589 2990 2635 3035 et
2674 2979 2771 3049 ﬁlii
2798 2978 3005 3034 Excelsi
3031 2992 3225 3032 omnes.
3256 2974 3363 3031 Sed
3386 2973 3619 3031 bona
3650 2988 3739 3027 8a—

2146 3073 2353 3145 rpiendo
2385 3091 2400 3128 :
2440 3071 2542 3127 Vos
2585 3081 2754 3126 autem
2804 3072 2931 3125 sicut
2973 3070 3198 3124 homines
3243 3068 3525 3123 nwriemini
3553 3065 3732 3136 (P81-

2161 3183 2343 3233 uxxr,
2369 3166 2424 3232 6,
2452 3167 2537 3237 Ἰ).
2559 3164 2704 3221 Idem
2728 3165 2842 3235 ipse
2866 3163 3061 3218 Petrus
3085 3160 3243 3231 paulo
3266 3168 3390 3216 ante
3410 3159 3622 3224 beatus,
3646 3173 3740 3227 po-

2160 3267 2274 3319 stea
2304 3266 2540 3322 satanas,
2586 3257 2641 3311 iu
2692 3265 2966 3310 momento
3010 3267 3138 3319 uno,
3186 3250 3321 3305 inira
3367 3264 3530 3318 pauca
3559 3247 3740 3303 verba.

2163 3348 2371 3404 Miraris
2419 3346 2773 3403 didereutiam
2818 3344 3124 3407 nominum,
3154 3340 3482 3397 differentias
3525 3338 3746 3394 attende

2165 3456 2466 3498 causarum.
2492 3439 2629 3507 Quid
2658 3437 2888 3505 miraris,
2917 3437 3041 3508 quia
3071 3436 3232 3507 paulo
3258 3442 3385 3489 ante
3403 3432 3617 3495 beatus,
3644 3445 3746 3501 po-

2166 3543 2282 3591 stea
2327 3532 2576 3589 satanas?
2615 3529 2842 3585 Attende
2883 3542 3102 3584 causam
3154 3540 3321 3597 quare
3364 3524 3575 3580 beatus.
3615 3521 3752 3586 ostia

2162 3641 2272 3679 non
2323 3623 2411 3678 tibi
2457 3622 2689 3677 reuelauit
2718 3637 2836 3675 caro
2863 3630 2912 3674 et
2937 3619 3163 3690 sanguis,
3192 3616 3281 3673 sed
3315 3614 3467 3669 Pater
3495 3628 3639 3668 naeus
3662 3614 3753 3682 qui

2171 3715 2225 3769 in
2248 3714 2386 3769 ctelis
2411 3722 2501 3769 est.
2544 3711 2670 3767 Ideo
2695 3710 2904 3778 beatus,
2942 3709 3062 3779 quia
3085 3707 3173 3762 tibi
3201 3723 3304 3761 non
3331 3721 3450 3759 caro
3472 3714 3521 3759 et
3540 3709 3757 3773 sanguis

2455 3802 2512 3859 Si
2538 3802 2681 3858 enim
2717 3814 2849 3857 care
2867 3808 2922 3855 et
2957 3798 3172 3869 sanguis
3204 3795 3306 3852 hoc
3334 3795 3426 3850 tibi
3452 3793 3756 3856 revelant;

2172 3896 2243 3953 de
2268 3905 2359 3952 tuo
2387 3914 2400 3950 :
2433 3895 2556 3966 quia
2584 3908 2713 3950 vero
2756 3910 2859 3948 non
2899 3908 3017 3947 cura
3045 3899 3092 3946 et
3135 3890 3341 3961 sanguis
3367 3888 3457 3943 tibi
3493 3886 3759 3950 reuelauit,

2174 3987 2265 4044 sed
2293 3985 2450 4041 Pater
2471 4001 2614 4040 meus
2643 3984 2729 4055 qui
2747 3984 2801 4037 in
2832 3983 2970 4038 catis
2996 3992 3102 4047 est;
3134 3980 3203 4036 de
3231 3994 3374 4044 meo,
3404 3993 3513 4034 non
3539 3977 3614 4033 de
3641 3985 3757 4032 tuo.

2172 4079 2354 4149 Quare
2400 4077 2470 4134 de
2510 4076 2664 4132 meo?
2712 4074 2844 4143 Quia
2884 4075 3054 4129 omnia
3093 4089 3208 4141 qui:
3250 4073 3396 4127 habet
3421 4068 3605 4135 Pater,
3647 4085 3764 4123 utea

2179 4184 2301 4229 sunt
2320 4169 2498 4237 (Joan.
2525 4183 2639 4229 xvi,
2667 4164 2777 4238 15).
2798 4165 2936 4220 Ecce
2956 4163 3148 4220 audisti
3177 4174 3417 4227 causam,
3438 4175 3609 4231 quare
3634 4159 3766 4215 bea—

2183 4271 2290 4329 tus,
2312 4271 2367 4317 et
2388 4275 2554 4332 quare
2592 4259 2802 4314 Petrus.
2824 4256 3000 4323 Quare
3034 4263 3213 4309 autem
3244 4252 3375 4308 illud
3398 4250 3540 4323 quod
3572 4249 3770 4305 horre-

2183 4354 2401 4416 scimus,
2417 4361 2473 4408 et
2498 4360 2739 4421 repetere
2763 4346 3045 4403 nolumus?
3064 4346 3262 4414 Quare,
3281 4344 3382 4401 nisi
3400 4344 3523 4413 quia
3537 4342 3611 4398 de
3636 4341 3767 4399 tuo!

2188 4444 2310 4499 Non
2325 4443 2459 4497 enim
2479 4442 2618 4512 sapis
2638 4456 2751 4512 qua:
2770 4439 2867 4493 Dei
2891 4446 3030 4503 sunt,
3051 4437 3140 4492 sed
3166 4452 3278 4507 quas
3295 4444 3412 4489 sunt
3427 4434 3718 4488 hominum.

2254 4532 2481 4590 CAPUT
2519 4532 2607 4588 ιιι.
2629 4560 2701 4572 -
2718 4530 2772 4585 t.
2800 4528 2866 4584 In
2909 4527 3065 4583 Petro
3087 4527 3221 4596 ﬁrmi
3241 4537 3287 4581 et
3312 4525 3504 4594 inﬁrmi
3533 4523 3775 4595 ﬁgurati.

2188 4624 2301 4681 Hoc
2341 4625 2608 4689 intuentes
2656 4638 2753 4677 nos
2799 4619 3050 4675 Ecclesiae
3092 4617 3418 4683 membrum,
3489 4615 3779 4671 discerna-

2188 4731 2309 4772 mus
2324 4715 2449 4786 quid
2473 4714 2543 4770 de
2580 4713 2693 4779 Dei,
2721 4710 2847 4782 quid
2872 4710 2943 4767 de
2968 4717 3172 4766 nostro.
3198 4708 3348 4764 Tunc
3394 4707 3536 4763 enim
3564 4723 3680 4762 non
3714 4708 3780 4761 ti-

2189 4805 2510 4871 tubabimus,
2531 4813 2658 4860 tunc
2685 4803 2739 4857 in
2767 4812 2912 4872 petra
2954 4800 3313 4866 fundabimur,
3356 4799 3445 4854 tisi
3470 4808 3527 4854 et
3548 4800 3785 4855 stabiles

2190 4897 2391 4951 erimus
2404 4894 2669 4950 adversus
2689 4902 2901 4959 ventos,
2928 4891 3147 4956 imbres,
3182 4890 3421 4955 nuntius,
3451 4890 3784 4946 tentationes

2193 4985 2435 5042 videlicet
2452 4985 2731 5055 praesentis
2748 4983 2951 5039 smeuli.
2973 4982 3123 5037 illum
3144 4992 3317 5037 tamen
3337 4980 3511 5036 videte
3529 4980 3780 5046 Petrum,

2192 5077 2285 5149 qui
2310 5087 2435 5133 tunc
2454 5085 2569 5131 erat
2588 5077 2759 5146 ﬁgura
2786 5087 2966 5131 nostra
2994 5092 3008 5128 :
3035 5074 3197 5130 modo
3216 5073 3350 5141 ﬁdit,
3378 5072 3537 5128 modo
3550 5072 3781 5139 titubat;

2194 5170 2355 5227 modo
2395 5168 2747 5225 immortalem
2777 5167 3081 5235 conﬁtetur,
3127 5167 3287 5222 modo
3319 5167 3466 5221 timet
3484 5181 3554 5221 ne
3576 5167 3780 5221 moria-

2198 5273 2302 5319 tur.
2334 5261 2563 5318 Proinde
2582 5260 2707 5331 quia
2735 5260 2975 5317 Ecclesia
2999 5259 3192 5316 Cltristi
3214 5260 3372 5317 habet
3386 5258 3593 5325 ﬁrmos,
3618 5257 3786 5313 habet

2199 5364 2255 5412 et
2282 5352 2549 5417 inﬁmos;
2580 5366 2682 5407 nec
2705 5352 2822 5406 sine
2853 5352 3019 5429 ttrmis
3042 5360 3215 5421 potest
3239 5366 3380 5417 esse,
3416 5364 3519 5405 nec
3542 5348 3667 5406 sine
3698 5350 3785 5403 in-

2201 5444 2367 5501 ﬁrmis
2395 5461 2409 5498 :
2438 5443 2576 5500 unde
2622 5442 2749 5498 dicit
2777 5442 2971 5498 Paulus
2998 5442 3283 5513 apostolus,
3326 5441 3580 5495 Debemus
3616 5450 3791 5495 autem

2202 5556 2293 5594 nos
2320 5537 2475 5608 ﬁrmi,
2503 5536 2823 5604 inﬁrmorum
2847 5552 2997 5590 onera
3021 5534 3260 5591 sustinere
3286 5533 3573 5607 (Ronaxv,
3613 5533 3666 5603 l)
3689 5552 3707 5604 ;
3732 5525 3788 5579 Ῐη

2214 5674 2221 5681 -
2270 5650 2283 5679 ³
2312 5655 2436 5707 Mss,
2458 5643 2725 5710 tuli/iratus
2748 5652 2832 5698 est.
2860 5656 2863 5659 '
