3922 6192
175 372 270 430 ‘81

171 509 236 548 eo
275 489 408 563 quod
450 487 584 542 dixit
617 486 827 550 Petrus,
853 483 928 537 Tu
985 499 1036 537 es
1059 481 1288 536 Christus
1331 479 1494 533 Filius
1529 476 1622 531 Dei
1640 476 1756 540 viri,

172 583 352 638 ﬁrmos
371 578 668 649 signiﬁcat;
696 577 749 630 in
769 589 834 630 eo
860 583 1032 628 autem
1057 572 1196 641 quod
1221 570 1444 641 trepidat
1473 577 1527 624 et
1548 567 1758 633 titubat,

175 687 224 732 et
251 673 518 729 Christum
550 670 662 738 pati
696 683 800 722 non
827 667 966 730 vult,
1002 673 1226 719 mortem
1277 661 1548 726 timendo,
1580 660 1760 738 _vitam

178 781 280 823 non
307 735 680 835 agnoscendo,
716 760 957 813 inﬁrmos
990 755 1242 812 Ecclesiae
1281 735 1647 824 signiﬁcatnn
1675 750 1765 804 illo

180 871 302 927 ergo
321 869 424 908 uno
444 853 714 923 apostolo,
743 849 795 904 id
836 857 940 912 est,
968 849 1148 913 Petro,
1182 845 1234 900 in
1257 844 1446 899 ordine
1484 841 1765 913 Apostolo-

183 964 290 1004 rum
313 946 485 1016 primo
519 951 577 998 et
620 939 994 1013 praeciputuin
1025 952 1131 1008 quo
1160 935 1482 1006 ﬁgurabatur
1506 931 1762 995 Ecclesia,

185 1051 458 1108 utrumque
482 1052 652 1106 genus
676 1031 1080 1105 signiﬁcandum
1109 1030 1226 1094 fuit,
1252 1027 1304 1082 id
1325 1035 1426 1092 est,
1455 1025 1590 1080 ﬁrmi
1612 1033 1668 1079 et
1687 1023 1769 1078 iu-

187 1133 311 1187 lirmi
343 1148 357 1183 :
381 1131 505 1200 quia
531 1129 648 1182 sine
670 1135 902 1196 utroque
924 1138 1029 1178 non
1054 1129 1136 1176 est
1167 1119 1420 1174 Ecclesia.

251 1227 303 1280 5.
336 1223 506 1277 "omo
533 1222 587 1273 in
615 1237 670 1274 se
696 1219 950 1287 inﬁmus,
977 1226 1153 1286 potens
1177 1214 1231 1266 in
1253 1211 1497 1265 Domino.
1528 1207 1662 1263 Hinc
1686 1215 1770 1263 est

183 1335 306 1390 ergo
353 1327 412 1372 et
463 1313 603 1386 quod
655 1311 815 1367 modo
857 1310 1052 1364 lectum
1097 1314 1200 1373 est,
1239 1304 1485 1370 Domine,
1521 1303 1565 1357 si
1601 1310 1654 1354 tu
1683 1315 1764 1364 es,

181 1411 298 1482 iube
345 1423 425 1460 me
446 1406 608 1459 uenire
646 1402 717 1456 ad
742 1412 788 1454 te
828 1415 978 1468 super
1003 1413 1181 1466 aquas.
1219 1394 1280 1450 Si
1320 1403 1372 1448 tu
1402 1410 1474 1456 es,
1497 1392 1624 1462 jube
1651 1405 1730 1444 me
1751 1405 1770 1442 :

183 1481 287 1555 non
321 1499 469 1553 enim
496 1509 705 1565 possum
737 1492 839 1546 hoc
867 1491 919 1544 in
947 1505 1052 1554 me,
1082 1487 1175 1543 sed
1205 1489 1256 1542 iu
1290 1493 1361 1541 te.
1391 1484 1619 1556 Agnovit
1643 1481 1770 1552 quid

185 1591 281 1646 sibi
309 1598 459 1644 esset
482 1601 511 1641 a
533 1600 611 1650 se,
643 1583 770 1654 quid
805 1583 871 1636 ab
898 1582 1008 1647 illo,
1054 1580 1210 1650 cujus
1234 1577 1507 1632 voluntate
1547 1574 1774 1629 credidit

184 1699 238 1739 se
265 1697 446 1753 posse,
480 1677 620 1750 quod
650 1676 792 1730 nulla
818 1673 1103 1729 inﬁrmitas
1133 1672 1363 1725 humana
1387 1667 1579 1740 possit.
1609 1667 1766 1736 Ergo,

187 1774 242 1830 Si
285 1784 342 1826 tu
367 1789 440 1836 es,
470 1771 598 1839 jube
623 1785 642 1822 :
666 1768 788 1838 quia
813 1781 932 1820 cum
953 1763 1201 1834 jusseris,
1228 1761 1337 1816 ﬁet.
1359 1759 1511 1827 Quod
1541 1773 1640 1830 ego
1664 1771 1770 1812 non

191 1868 330 1921 valeo
377 1860 772 1935 priesumendo,
824 1867 880 1912 tu
930 1864 1084 1927 potes
1110 1853 1362 1924 iubendo.
1397 1853 1465 1907 Et
1495 1850 1770 1913 Dominus,

197 1958 331 2022 Veni,
361 1956 553 2025 inquit.
588 1953 653 2008 Et
676 1951 790 2006 sine
824 1949 928 2004 ulla
954 1946 1283 2002 dubitatione
1311 1943 1501 1999 Petrus
1545 1941 1612 1996 ad
1649 1955 1772 1996 ver-

183 2052 303 2106 bum
334 2048 601 2119 iubentis,
632 2042 698 2098 ad
725 2039 1066 2112 prarsentiam
1106 2034 1476 2098 sustentantis,
1525 2031 1592 2086 ad
1633 2045 1774 2102 prte-

189 2142 416 2198 sentiam
472 2134 709 2206 regentis
750 2133 868 2187 sine
918 2129 1023 2184 ulla
1072 2126 1410 2183 cunctatione
1462 2122 1677 2179 desiluit
1720 2121 1774 2176 in

188 2248 373 2304 aquas,
392 2239 446 2284 et
472 2226 748 2282 ambulare
771 2223 952 2293 coepit.
983 2221 1162 2275 Potuit
1193 2217 1334 2289 quod
1365 2216 1638 2279 Dominus,
1668 2227 1774 2268 non

190 2327 235 2380 in
257 2340 340 2388 sc,
372 2321 468 2376 sed
499 2321 552 2374 in
575 2317 823 2372 Domino.
863 2313 1054 2367 Fuistis
1076 2313 1206 2366 enim
1247 2307 1520 2379 aliquando
1541 2305 1774 2369 tenebrae,

190 2432 310 2470 nunc
336 2423 504 2467 autent
554 2410 681 2473 lux;
727 2405 821 2461 sed
858 2406 911 2458 in
943 2402 1162 2458 Domino
1193 2398 1412 2471 (Eplies.
1440 2411 1494 2464 v,
1523 2395 1602 2464 8).
1625 2392 1778 2462 Quod

191 2522 350 2564 neuio
403 2510 582 2575 potest
631 2502 685 2555 in
734 2497 933 2562 Paulo,
972 2509 1131 2550 nemo
1178 2494 1231 2546 in
1281 2491 1473 2553 Petro,
1518 2501 1677 2542 nemo
1726 2485 1777 2539 in

192 2601 285 2654 alio
334 2574 445 2651 ullo
487 2591 889 2663 Apostolorum,
932 2585 1034 2640 hoc
1075 2590 1251 2654 potest
1293 2581 1346 2635 in
1378 2578 1624 2634 Domino.
1658 2574 1781 2631 Ideo

193 2691 320 2748 bene
373 2687 572 2744 Paulus
615 2683 820 2740 utiliter
846 2695 903 2734 se
929 2687 1296 2741 contemnens,
1339 2673 1483 2728 illum
1506 2686 1780 2727 commen-

195 2781 317 2837 dans
346 2775 656 2846 :Nurnquid
695 2772 914 2837 Paulus,
963 2768 1149 2840 inquit,
1193 2783 1285 2837 pro
1330 2765 1468 2819 vobis
1511 2763 1784 2830 cruciﬁxus

196 2883 258 2926 at
276 2873 301 2926 7
319 2879 405 2924 aut
436 2869 490 2922 in
540 2866 744 2920 nomine
772 2861 926 2916 Pauli
956 2860 1194 2930 baptizati
1247 2857 1406 2911 estis?
1433 2854 1547 2910 Non
1574 2868 1702 2924 ergo
1729 2853 1782 2908 in

197 2976 292 3028 sic,
318 2959 417 3016 sed
446 2971 694 3020 mecum;
723 2967 828 3008 non
855 2951 952 3007 sub
973 2965 1079 3016 mc,
1107 2947 1203 3004 sed
1227 2947 1326 3003 sub
1353 2946 1462 3003 illo.

258 3048 489 3106 CAPUT
527 3045 618 3102 IV.
640 3075 714 3086 —
738 3043 791 3099 6.
833 3041 1158 3112 Inﬁrmitatis
1204 3039 1425 3110 praprire
1449 3038 1668 3110 cognitio
1692 3053 1784 3091 ne-

199 3143 403 3199 cessaria
422 3141 493 3193 ad
525 3138 746 3210 gratiam
778 3135 1114 3191 obtinendam.
1167 3132 1309 3202 Ergo
1358 3129 1645 3186 ambulavit
1687 3131 1787 3186 Pe-

200 3246 302 3290 trus
329 3247 500 3303 super
532 3244 697 3300 aquas
739 3228 792 3282 in
818 3227 968 3297 jussu
998 3223 1227 3291 Domini,
1259 3222 1434 3278 sciens
1463 3221 1564 3278 hoc
1588 3237 1646 3277 se
1671 3236 1702 3276 a
1729 3236 1788 3277 se

202 3327 388 3381 habere
413 3338 523 3378 non
557 3334 734 3390 posse.
773 3317 904 3372 Fide
938 3315 1101 3370 valuit
1131 3313 1272 3383 quod
1303 3312 1530 3367 ltumana
1560 3311 1787 3367 inﬁrmi-

202 3428 279 3472 tas
309 3432 416 3472 non
466 3413 692 3468 valeret.
739 3408 802 3463 Hi
829 3416 948 3462 sunt
1000 3405 1137 3459 ﬁrmi
1168 3404 1442 3458 Ecclesiae.
1495 3400 1784 3468 Atten‘dite,

203 3510 390 3574 audite,
409 3503 712 3575 intelligite,
736 3501 894 3571 agite.
913 3498 1099 3568 Neque
1114 3496 1254 3552 enim
1278 3495 1539 3566 agendum
1565 3503 1646 3550 est
1664 3507 1786 3550 cum

206 3603 364 3657 ﬁrmis
404 3601 533 3657 alibi
563 3600 602 3667 ³,
632 3607 691 3653 ιιι
727 3597 834 3651 sint
865 3592 1059 3648 inﬁrmi
1090 3610 1103 3646 :
1143 3589 1238 3647 sed
1268 3589 1528 3661 agendum
1559 3598 1642 3644 est
1669 3602 1791 3643 cum

206 3695 451 3757 inﬁmis,
472 3700 536 3746 ut
567 3691 677 3744 sint
706 3687 865 3742 ﬁrmi.
896 3685 1086 3739 Multos
1130 3690 1305 3737 autem
1335 3680 1604 3752 impedita
1629 3678 1794 3732 ﬁrmi-

207 3794 306 3838 tate
348 3779 698 3852 prtesumptio
729 3775 1010 3831 ﬁrmitatis.
1036 3773 1203 3828 Nemo
1225 3771 1327 3828 erit
1357 3786 1387 3824 a
1432 3770 1543 3823 Deo
1588 3770 1790 3835 ﬁrmus,

206 3879 300 3931 nisi
320 3877 412 3946 qui
437 3891 497 3930 se
526 3889 556 3927 a
595 3888 655 3927 se
694 3871 811 3940 ipso
845 3869 1006 3924 sentit
1033 3866 1319 3921 inﬁrmum.
1350 3861 1586 3916 Pluviam
1611 3860 1791 3916 uolun-

206 3971 381 4023 tariam
408 3980 678 4037 segregans
720 3961 856 4016 Deus
885 3957 1164 4013 Itwreditati
1209 3972 1332 4011 sum.
1370 3954 1505 4023 Quid
1534 3953 1795 4026 proceedi-

207 4062 298 4126 tis,
348 4059 441 4128 qui
513 4053 656 4125 quod
717 4052 953 4106 dicturus
1024 4063 1141 4103 sum
1191 4045 1398 4100 nostis?
1450 4044 1797 4114 Temperetur

208 4152 480 4212 velocitas,
517 4156 573 4201 ut
601 4155 849 4214 sequatur
877 4141 1114 4196 tarditas.
1149 4139 1258 4194 Hoc
1282 4138 1410 4205 dixi,
1438 4147 1490 4192 et
1508 4137 1607 4192 boc
1628 4137 1747 4192 dico
1780 4153 1794 4189 :

206 4241 410 4306 audite,
441 4239 639 4307 capite,
671 4235 846 4289 facile.
871 4232 1036 4286 Nemo
1062 4244 1092 4284 a
1124 4229 1234 4284 Deo
1264 4229 1322 4282 ﬁt
1343 4227 1546 4293 ﬁmtus,
1579 4226 1679 4280 nisi
1709 4225 1798 4295 qui

206 4349 265 4389 sc
287 4350 317 4388 a
369 4347 432 4387 se
484 4331 601 4400 ipso
623 4328 787 4383 sentit
811 4324 1098 4380 infirmum.
1133 4320 1366 4375 Pluviam
1413 4333 1540 4390 ergo
1566 4317 1798 4371 uolunta-

208 4426 357 4490 riam,
383 4423 525 4477 sicut
548 4420 786 4475 Psalmus
808 4415 954 4482 dicit,
977 4412 1308 4467 voluntariam
1325 4428 1345 4476 ;
1365 4425 1470 4465 non
1489 4408 1797 4464 meritorum

211 4525 542 4576 nostrorum,
572 4510 667 4566 sed
691 4509 1046 4563 uoluntariam.
1074 4502 1309 4557 Pluviam
1330 4517 1456 4572 ergo
1471 4500 1802 4556 voluntariam

210 4621 482 4678 segregans
512 4602 650 4656 Deus
679 4596 959 4653 ltercditati
1001 4608 1108 4648 sua:
1130 4608 1148 4646 :
1167 4592 1348 4646 ctenim
1394 4591 1651 4660 inﬁrmata
1690 4598 1801 4654 est;

214 4708 264 4750 tu
287 4713 406 4751 vero
432 4691 687 4764 perfecisti
727 4704 838 4743 eam
875 4685 1043 4757 (Psal.
1081 4698 1248 4749 van,
1278 4680 1390 4752 10).
1415 4681 1548 4748 Quia
1574 4681 1801 4750 pluviam

214 4789 568 4846 voluntariam
589 4781 902 4855 segregasti,
939 4793 1045 4833 non
1076 4775 1357 4831 attendens
1383 4773 1656 4826 hominum
1687 4786 1803 4826 me-

217 4886 338 4945 rita,
369 4879 464 4934 sed
493 4886 640 4932 tuam
695 4873 917 4946 gratiam
958 4877 1017 4924 et
1058 4864 1498 4922 misericordiam.
1539 4863 1804 4917 Infirmata

219 4980 298 5028 est
326 4985 460 5040 ergo
489 4969 601 5037 ipsa
629 4962 936 5027 btet-editas,
971 4967 1024 5014 et
1038 4958 1253 5028 agnovit
1275 4969 1334 5010 se
1359 4953 1620 5008 inﬁrmam
1646 4953 1700 5006 in
1725 4967 1806 5020 se,

219 5075 274 5116 nt
301 5062 458 5115 ﬁnita
479 5065 623 5112 esset
651 5055 707 5109 in
735 5063 806 5108 te.
829 5051 944 5106 Non
973 5050 1294 5114 ﬁrmaretur,
1322 5046 1366 5100 si
1387 5059 1493 5100 non
1513 5042 1812 5099 inﬁrmare-

215 5156 326 5211 ιρι,
353 5158 414 5204 ut
439 5149 536 5203 abs
562 5155 614 5202 te
645 5146 698 5200 in
729 5153 780 5198 te
807 5143 1175 5214 perﬁceretur.

290 5238 524 5296 CAPUT
565 5236 628 5292 γ.
649 5266 720 5277 -
762 5236 816 5290 7.
849 5231 1050 5287 Paulus
1086 5228 1428 5296 inﬁrmitatem
1467 5243 1612 5281 suam
1649 5241 1812 5298 agno-

219 5350 375 5390 scens
413 5329 695 5401 perﬁcitur.
756 5327 884 5382 Vide
929 5324 1088 5394 hujus
1131 5320 1458 5377 bmreditatis
1503 5320 1815 5390 portiuan

226 5428 337 5482 lam
363 5425 602 5488 Paulum,
647 5421 769 5477 vide
811 5420 1172 5482 inﬁrmatam,
1220 5415 1309 5486 qui
1336 5414 1507 5470 dixit:
1538 5413 1661 5467 Non
1703 5429 1816 5468 suiu

226 5520 440 5572 ἰάσθω
463 5514 632 5570 vocari
652 5511 945 5582 Apostolus,
971 5509 1089 5580 quia
1109 5516 1394 5579 persecutus
1412 5500 1818 5558 suntEcclesiam

231 5610 357 5665 Dei.
385 5609 561 5676 Quare
587 5621 716 5676 ergo
737 5603 1022 5675 Apostolus
1064 5600 1157 5655 es?
1209 5597 1386 5652 Gratia
1425 5595 1521 5650 Dei
1555 5610 1666 5649 sum
1686 5595 1818 5664 quod

293 5744 318 5776 ι
347 5739 531 5796 Aliquot
546 5742 745 5796 ωηατ
764 5733 882 5787 alibi
902 5735 995 5796 sint
1010 5726 1437 5796 inﬁrnti.-:Morel,
1459 5725 1608 5778 Elem.
1632 5726 1782 5775 Critic.
1795 5757 1809 5781 ,

293 5747 318 5776 ι
347 5747 409 5790 Αι·
546 5747 745 5796 ωηω
764 5747 882 5787 dum
902 5747 995 5784 ενα
1010 5747 1432 5796 inﬁmum—mret,

237 5747 531 5871 paggw
547 5801 658 5864 ωδ,
682 5801 906 5861 verbum,
930 5795 1061 5858 alibi,
1087 5791 1309 5856 expellit.
1377 5797 1432 5839 Μ.

1575 357 1808 414 SERMO
1848 357 2082 414 LXXVI.

3355 369 3462 424 482

1875 489 2008 527 sum.
2033 471 2154 526 Non
2189 488 2300 526 sunt
2323 472 2551 540 idoneus,
2597 476 2688 532 scd
2734 479 2898 548 gratia
2925 478 3017 535 Dei
3035 495 3145 533 sunt
3164 479 3300 551 quod
3323 497 3458 546 sunt.

1870 562 2169 616 lnﬁrmatus
2213 572 2295 618 est
2325 564 2537 629 Paulus,
2565 575 2621 620 tu
2671 583 2798 624 vero
2838 571 3102 639 perfecisti
3132 587 3276 627 eum.
3303 573 3457 628 Jam-

1869 668 1999 708 vero
2021 654 2142 724 quia
2165 654 2330 723 gratia
2353 655 2446 710 Del
2473 666 2554 712 est
2581 657 2723 728 quod
2750 668 2852 727 est,
2877 661 2998 717 vide
3013 662 3139 731 qtnd
3170 672 3458 734 sequatur:

1872 742 1939 797 Et
1967 745 2133 814 gratia
2159 745 2269 815 ejus
2311 746 2363 800 in
2391 763 2470 801 me
2515 765 2615 802 non
2653 751 2750 820 fuit
2777 757 3064 818 oacua,sed
3085 757 3206 828 plus
3230 756 3462 812 omnibus

1869 834 1974 888 illis
1996 835 2243 891 laboravi.
2275 837 2410 893 Vide
2431 854 2498 893 ne
2528 841 2943 910 pratsumptione
2973 844 3182 912 perdas,
3213 845 3356 915 quod
3381 845 3436 900 in

1872 924 2123 982 ﬁrmitate
2151 928 2412 983 meruisti.
2441 929 2584 985 Bene
2607 931 2728 994 hoc,
2749 931 2883 987 bene
2911 951 2926 986 :
2957 933 3080 988 Non
3116 952 3228 989 sim:
3250 929 3477 991 idoneus'

1871 1018 2038 1070 vocari
2081 1018 2388 1089 Apostolus;
2415 1022 2579 1092 gratia
2622 1025 2729 1094 ejus
2749 1040 2858 1077 sum
2882 1025 3018 1094 quod
3042 1042 3189 1090 sum;
3225 1037 3269 1080 et
3295 1029 3461 1099 gratia

1871 1109 1983 1179 ejus
2016 1109 2070 1162 in
2113 1127 2192 1164 me
2240 1127 2339 1165 non
2384 1113 2479 1180 fuit
2507 1128 2662 1166 uacua
2685 1131 2704 1167 :
2733 1117 2908 1169 omnia
2931 1117 3150 1186 optime.
3175 1117 3302 1181 Sed,
3334 1110 3476 1174 Plus:

1873 1200 1978 1255 illis
1992 1202 2221 1256 omnibus
2248 1202 2468 1257 laboravi
2486 1220 2504 1258 :
2529 1205 2681 1274 quasi
2699 1206 2789 1261 tibi
2815 1207 3026 1279 coepisti
3046 1209 3300 1275 tribuere,
3320 1209 3462 1278 quod

1873 1292 2034 1362 paulo
2071 1300 2195 1348 ante
2243 1293 2352 1348 Deo
2375 1293 2619 1349 dederas.
2647 1295 2925 1366 Agnosco,
2957 1305 3012 1352 ct
3039 1312 3304 1368 sequere:
3343 1296 3473 1352 Non

1875 1398 1964 1453 ego
1981 1391 2165 1447 autem,
2184 1383 2274 1437 sed
2290 1386 2455 1453 gratia
2469 1384 2566 1440 Dei
2581 1402 2776 1440 mecum
2793 1387 2834 1459 (1
2847 1388 2964 1442 Cor.
2980 1405 3074 1455 xv,
3096 1389 3150 1455 9,
3167 1391 3275 1460 10).
3296 1390 3464 1457 Bene,

1875 1471 2088 1527 inﬁrme
2113 1491 2127 1528 :
2161 1473 2464 1530 ﬁrmissime
2488 1476 2595 1530 eris
2620 1478 2902 1544 exaltatus,
2921 1480 3042 1549 quia
3065 1495 3173 1534 non
3200 1496 3260 1536 es
3286 1481 3466 1551 ingra-

1877 1567 1984 1615 tus.
2005 1561 2086 1616 Tu
2128 1577 2187 1620 es
2230 1562 2370 1618 idem
2400 1563 2513 1634 ipse
2537 1565 2730 1620 Paulus
2752 1567 2803 1620 in
2824 1576 2874 1623 te
2898 1584 3118 1638 parvus,
3153 1570 3206 1626 in
3238 1571 3464 1625 Domino

1876 1667 2118 1722 magnus.
2142 1653 2222 1708 Tu
2252 1668 2311 1709 es
2340 1655 2429 1724 qui
2456 1663 2537 1710 ter
2563 1654 2845 1710 Dominum
2878 1660 3108 1728 rogasti,
3129 1669 3190 1714 ut
3218 1660 3466 1715 stimulus

1875 1742 2069 1806 carnis,
2087 1743 2300 1812 angelus
2315 1745 2581 1811 Satanzze,a
2599 1761 2703 1815 quo
2719 1747 3152 1817 colapbizabaris,
3169 1748 3472 1804 auferretur

1875 1845 1906 1885 a
1944 1839 2014 1886 te.
2046 1831 2183 1898 Quid
2216 1832 2307 1886 tibi
2331 1831 2534 1887 dictum
2567 1834 2688 1888 est?
2731 1836 2856 1906 quid
2895 1838 3087 1891 audisti
3126 1839 3340 1908 quando
3367 1839 3472 1894 boc

1877 1922 2096 1992 petisti?
2122 1923 2321 1994 Suﬁicit
2347 1923 2436 1978 tibi
2459 1925 2626 1994 gratia
2653 1941 2800 1991 mea;
2825 1942 2944 1980 nam
2982 1930 3137 1982 virtus
3177 1929 3231 1982 in
3255 1929 3472 1998 inﬁrmi-

1880 2024 1981 2070 tate
2003 2015 2281 2086 perﬁcitur.
2303 2014 2368 2087 (11
2391 2015 2510 2071 Cor.
2536 2033 2636 2084 xu,
2663 2018 2792 2089 7-9).
2818 2018 3028 2074 Etenim
3055 2020 3352 2077 inﬁrmatus
3367 2030 3470 2088 est,

1879 2116 1936 2162 tu
1974 2122 2102 2162 vero
2125 2106 2393 2177 perferisti
2420 2124 2562 2163 eum.

1951 2196 2006 2252 8.
2037 2196 2220 2251 Petrus
2241 2207 2415 2267 potens
2438 2214 2536 2251 non
2559 2199 2612 2252 in
2631 2214 2701 2264 se,
2727 2201 2814 2253 sed
2835 2201 2887 2253 in
2919 2200 3156 2256 Domino.
3180 2201 3270 2258 Sic
3288 2212 3342 2259 ct
3370 2204 3474 2258 Pc-

1881 2298 2015 2354 trus,
2043 2289 2174 2343 lube
2202 2305 2300 2354 me,
2325 2289 2528 2359 inquit,
2559 2291 2728 2345 venire
2751 2291 2820 2344 ad
2839 2301 2887 2345 te
2911 2308 3060 2362 super
3093 2309 3272 2364 aquas.
3303 2294 3482 2350 Homo

1881 2379 2072 2447 audeo,
2099 2379 2194 2435 sed
2222 2394 2326 2434 non
2346 2380 2616 2435 hominem
2645 2397 2792 2452 rogo.
2823 2381 3015 2438 lubeat
3044 2384 3185 2440 Deus
3214 2385 3396 2452 homo,
3420 2396 3478 2442 ut

1881 2469 2054 2539 possit
2078 2467 2221 2539 quod
2251 2483 2356 2523 non
2379 2479 2554 2538 potest
2574 2470 2757 2525 homo.
2794 2471 2933 2536 Veni,
2964 2473 3151 2542 inquit.
3171 2475 3236 2529 Et
3254 2474 3480 2531 descen-

1882 2559 1978 2625 dit,
2007 2569 2062 2615 et
2081 2559 2243 2630 erepit
2263 2559 2538 2615 ambulare
2566 2575 2727 2630 super
2757 2576 2920 2631 aquas
2946 2581 2959 2619 :
2987 2573 3042 2618 et
3069 2566 3238 2634 potuit
3266 2566 3476 2632 Petrus,

1883 2653 2005 2724 quia
2024 2650 2258 2722 jusserat
2277 2659 2444 2720 petra.
2466 2651 2606 2706 Ecce
2619 2651 2745 2721 quid
2777 2653 2964 2708 Petrus
2989 2655 3042 2708 in
3073 2655 3324 2722 Domino;
3353 2657 3482 2727 quid

1885 2743 1938 2797 in
1968 2741 2065 2796 se?
2111 2739 2298 2795 Videris
2326 2751 2525 2794 uentum
2555 2741 2797 2806 validum,
2823 2743 2985 2796 timuit
3005 2758 3027 2807 ,'
3047 2753 3093 2798 et
3119 2761 3234 2800 cum
3251 2747 3484 2816 erupisset

1885 2833 2063 2904 mergi,
2096 2833 2391 2886 exclamavit
2422 2849 2442 2885 :
2470 2831 2718 2897 Domine,
2761 2851 2933 2904 pereo,
2984 2835 3142 2890 libera
3187 2853 3284 2892 me.
3329 2839 3479 2894 Prae.

1887 2923 2111 2994 sumpsit
2130 2923 2198 2980 de
2219 2924 2464 2986 Domino,
2482 2925 2653 2994 potuit
2669 2924 2737 2980 de
2756 2925 2980 2981 Domino
3000 2945 3015 2982 :
3034 2927 3277 2985 titubavit
3306 2940 3362 2984 ut
3381 2929 3483 2986 lio-

1887 3029 1998 3081 mo,
2015 3013 2172 3070 rediit
2190 3014 2256 3068 ad
2277 3014 2576 3069 Dominum.
2599 3015 2660 3069 Si
2673 3016 2916 3079 dicebam,
2934 3017 3106 3072 Motus
3132 3028 3206 3074 est
3222 3033 3480 3090 pesmctts.

1888 3105 2132 3161 Psalmus
2148 3105 2396 3175 loquitur,
2414 3105 2579 3160 sancti
2602 3105 2793 3162 cantici
2814 3123 2915 3162 vox
2937 3117 3052 3174 est;
3073 3116 3129 3165 et
3145 3110 3190 3164 si
3217 3125 3480 3181 agnosca-

1890 3212 2031 3264 mus,
2060 3205 2116 3252 et
2134 3207 2343 3253 nostra:
2369 3197 2475 3254 imo
2498 3199 2543 3252 si
2568 3198 2796 3253 velimus
2812 3241 2826 3263 ,
2855 3209 2910 3254 ct
2933 3209 3115 3256 nostra
3132 3211 3234 3257 est.
3258 3203 3319 3258 Si
3339 3204 3482 3258 dice-

1895 3290 2030 3355 bam,
2056 3298 2222 3344 motus
2248 3297 2324 3342 est
2349 3305 2435 3358 pes
2461 3289 2808 3356 meus,Quarc
2825 3301 3018 3358 motus,
3037 3292 3137 3347 nisi
3161 3294 3282 3364 quia
3309 3296 3486 3349 meus?

1893 3381 1961 3436 Et
2002 3381 2128 3450 quid
2154 3381 2432 3450 sequitur?
2455 3379 2806 3436 Misericordia
2822 3392 2929 3446 tua,
2956 3382 3190 3451 Domine,
3209 3386 3487 3456 adjuvabat

1892 3471 2152 3542 mc(Psal.
2173 3473 2347 3536 xcut,l
2358 3470 2436 3542 8).
2453 3471 2568 3526 Non
2585 3473 2748 3528 virtus
2761 3487 2899 3537 mea;
2920 3473 3012 3528 sed
3025 3475 3365 3529 misericordia
3374 3486 3488 3530 tua;

1894 3564 2166 3634 Numquid
2176 3563 2316 3618 cnim
2338 3565 2594 3619 Dominus
2607 3564 2843 3620 deseruit
2859 3565 3196 3629 titubantem,
3215 3581 3372 3636 quem
3390 3583 3487 3623 ειυ-

1895 3655 2028 3710 divit
2044 3655 2376 3710 invocantem
2390 3654 2414 3706 ?
2428 3653 2528 3709 Ubi
2548 3663 2631 3708 est
2651 3654 2797 3718 illud,
2821 3655 2946 3720 Quis
2981 3656 3224 3709 invocavit
3239 3655 3421 3723 Deum,
3440 3667 3487 3712 et

1897 3749 2120 3802 desertus
2136 3755 2206 3800 est
2220 3745 2283 3800 ab
2294 3761 2352 3799 eo
2371 3743 2557 3811 (Eccli.
2578 3760 2634 3808 ιι,
2657 3743 2776 3816 12)?
2793 3745 2889 3800 Ubi
2907 3753 2960 3799 et
2971 3746 3118 3810 illud,
3141 3745 3208 3800 Et
3221 3749 3386 3802 omnis
3400 3748 3490 3816 qui

1895 3837 2197 3894 invocaverit
2242 3853 2422 3890 nomen
2471 3835 2696 3905 Domini,
2723 3835 2892 3891 salvus
2933 3837 3025 3891 erit
3068 3836 3224 3910 (Joel.
3253 3855 3312 3906 tt,
3354 3834 3493 3908 δεμ

1897 3929 2162 3988 Continuo
2193 3928 2467 3999 porrigens
2505 3927 2824 3996 adjutorium
2855 3927 3091 3983 dextera:
3129 3945 3259 3996 suae,
3292 3932 3491 3990 levavit

1898 4031 2224 4095 mergentcm
2256 4063 2270 4086 ,
2314 4019 2606 4088 increpavit
2653 4017 2981 4074 difﬁdentem
3009 4038 3022 4073 :
3055 4020 3278 4076 Martiae
3322 4023 3443 4092 ﬁdei
3475 4067 3493 4093 ,

1899 4131 2054 4185 quare
2081 4111 2358 4166 dubitasti?
2382 4111 2552 4165 Deme
2579 4110 2982 4179 praesumpsistl,
3011 4111 3078 4166 de
3097 4127 3181 4166 mc
3201 4112 3482 4168 dubitasti.

1971 4202 2197 4260 CAPUT
2241 4201 2326 4255 Vl.
2351 4231 2423 4241 —
2456 4200 2510 4255 9.
2542 4200 2608 4254 In
2629 4201 2802 4255 seaculi
2820 4202 3118 4256 adversitatc
3141 4219 3226 4256 seu
3252 4203 3492 4273 felicitate

1902 4295 2155 4366 cupiditas
2190 4302 2456 4362 tempestas
2488 4301 2580 4345 est.
2624 4292 2737 4357 Eia,
2783 4289 3006 4358 fratres,
3051 4305 3230 4346 sermo
3277 4295 3495 4348 conclu-

1862 4387 2110 4443 .dcudus
2158 4395 2257 4441 est.
2308 4384 2578 4439 Attendite
2627 4384 2878 4438 sacculum
2927 4384 3076 4454 quasi
3112 4399 3280 4450 mare,
3303 4395 3493 4441 ventus

1904 4475 2129 4542 validus,
2153 4486 2207 4530 et
2227 4469 2418 4545 magna
2439 4481 2746 4544 tempestas.
2769 4473 3064 4544 Unicuique
3084 4489 3178 4529 sua
3208 4475 3492 4546 cupiditas,

1905 4578 2192 4640 tempestas
2230 4577 2330 4624 est.
2372 4569 2535 4622 Amas
2588 4567 2788 4631 Deum;
2833 4567 3072 4622 ambulas
3117 4583 3278 4638 super
3323 4585 3493 4635 mare,

1905 4663 2006 4717 sub
2032 4661 2252 4731 pedibus
2275 4660 2380 4714 tuis
2425 4667 2509 4714 cst
2548 4659 2727 4714 smculi
2755 4661 2988 4714 tumor‘.
3020 4661 3179 4714 Amas
3207 4659 3494 4726 sarculum;

1907 4753 2210 4809 absorbcbit
2230 4760 2300 4807 te.
2325 4753 2606 4806 Amatores
2632 4767 2757 4806 suos
2786 4767 2978 4806 vorare
3015 4751 3185 4819 novit,
3219 4766 3324 4806 non
3368 4767 3498 4822 por-

1910 4853 2041 4901 tare.
2074 4843 2180 4900 Sed
2207 4859 2330 4898 cum
2361 4841 2580 4897 ﬂuctuat
2602 4841 2890 4910 cupiditate
2915 4855 3009 4896 cor
3034 4851 3201 4909 tuum,
3232 4851 3287 4895 ut
3317 4843 3500 4897 vincas

1911 4947 2052 4993 tuam
2075 4935 2438 5006 cupiditatem,
2476 4934 2660 4987 invoca
2683 4930 2882 4986 Christi
2909 4933 3259 4987 divinitatem.
3296 4932 3500 4986 Putatis

1913 5042 2037 5088 tunc
2076 5044 2196 5086 esse
2219 5037 2435 5082 ventum
2464 5012 2810 5088 contrarium,
2847 5024 3060 5094 quando
3085 5034 3168 5079 est
3209 5023 3364 5093 hujus
3397 5039 3498 5079 ειη.
3549 5024 3556 5038 ’

1913 5125 2017 5181 culi
2043 5119 2375 5177 adversitas?
2397 5116 2622 5186 Quando
2648 5116 2789 5172 enim
2811 5116 2969 5184 bella,
2987 5114 3200 5186 quando
3215 5116 3497 5181 tumultus,

1915 5212 2128 5286 quando
2153 5211 2340 5275 fames,
2375 5207 2589 5280 quando
2611 5206 2935 5278 pestilentia,
2963 5206 3175 5276 quando
3195 5205 3388 5277 cuique
3408 5205 3503 5260 bo-

1917 5305 2143 5368 mi'num,
2171 5303 2334 5358 etiam
2363 5299 2573 5371 singulo
2599 5297 2778 5355 evenit
2814 5297 3015 5368 privata
3059 5297 3354 5361 calamitas,
3378 5305 3504 5354 tunc

1921 5406 2132 5468 putatur
2155 5402 2344 5450 ventus
2368 5391 2644 5458 adversus,
2667 5389 2738 5444 ibi
2766 5397 2980 5459 putatur
3000 5387 3326 5442 invocandus
3341 5387 3502 5443 Deus.

1921 5485 2142 5556 Quando
2168 5493 2346 5539 autem
2376 5480 2650 5552 temporali
2699 5477 2948 5534 felicitate
2994 5476 3249 5531 sicculum
3281 5475 3508 5540 arridet,

1922 5577 2074 5649 quasi
2102 5593 2205 5631 non
2227 5584 2310 5630 est
2334 5583 2524 5630 ventus
2561 5570 2880 5625 contrarius.
2907 5568 3028 5623 Noli
3057 5567 3183 5622 hinc
3210 5568 3508 5638 interroga-

1922 5686 1983 5727 re
2014 5669 2270 5738 temporis
2301 5663 2732 5736 tranquillitatem
2766 5679 2779 5714 :
2811 5661 3096 5731 interroga,
3127 5659 3220 5717 scd
3251 5670 3393 5717 tuam
3417 5676 3510 5716 cu-

1998 5783 2104 5832 1sic
2122 5779 2352 5832 meliores
2368 5788 2469 5856 \tss.
2498 5778 2612 5829 Fditi
2638 5789 2774 5836 vero,
2799 5773 2942 5828 timor
2961 5773 3141 5829 παιδί.
