3954 6186
263 274 367 332 εες

253 403 303 442 et
330 387 644 444 dimittant)"
666 382 802 435 vol-is
828 389 1030 452 peccata
1057 389 1230 432 restra.
1258 377 1388 444 Quis
1412 373 1719 444 desperaret
1744 370 1844 424 sibi

256 480 507 541 donanda
544 486 792 548 peccata,
832 473 1042 543 quando
1081 473 1281 527 crimen
1321 469 1481 524 occisi
1516 469 1710 523 Christi
1741 467 1846 523 reis

257 568 597 627 donabatur?
615 566 870 622 Conversi
899 575 1109 620 suntex
1141 564 1255 633 ipso
1284 560 1478 632 populo
1504 559 1840 616 Judaeorum:

256 662 507 719 conversi
537 666 682 721 sunt,
709 657 953 726 baptizati
982 664 1123 712 sunt.
1150 653 1229 709 Ad
1260 668 1497 709 mensam
1524 652 1730 708 Domini
1758 666 1846 707 ac-

254 759 561 815 cesserunt,
603 758 659 804 et
703 749 1010 818 sanguinem
1057 759 1212 816 quem
1262 745 1544 799 szevieutes
1575 742 1844 810 fuderunt,

253 845 541 900 credentes
571 839 837 895 biberunt.
870 837 1322 906 Quemadmodum
1353 847 1528 891 autem
1571 838 1677 892 sint
1719 851 1845 892 con-

253 939 416 999 versi,
442 949 605 1006 quam
631 934 783 1002 plane
808 941 966 1001 atque
993 930 1244 1001 perfecte,
1273 928 1686 984 iudicantActus
1705 930 1846 999 Apo-

258 1031 543 1085 stolorum.
573 1026 705 1081 Nam
735 1025 910 1079 omnia
943 1039 1060 1094 quae
1091 1022 1445 1094 possidebant,
1473 1020 1842 1087 vendiderunt,

260 1135 418 1190 atque
462 1119 631 1190 pretia
679 1131 853 1173 rerum
904 1131 1118 1171 suarum
1163 1114 1230 1170 ad
1278 1114 1439 1184 pedes
1469 1115 1843 1185 Apostolorum

261 1218 589 1282 powerunt;
633 1219 688 1263 et
735 1206 1150 1262 distribuebatur
1200 1205 1481 1276 unicuique
1529 1206 1666 1260 sicut
1712 1220 1845 1274 opus

258 1303 458 1372 cuique
487 1311 600 1354 erat
627 1317 641 1354 :
669 1306 722 1354 et
748 1315 905 1354 nemo
930 1298 1138 1352 dicebat
1174 1297 1367 1367 aliquid
1404 1298 1708 1367 proprium,
1751 1294 1844 1350 sed

259 1402 420 1446 erant
459 1392 567 1445 illis
603 1390 776 1444 omnia
817 1387 1136 1443 communia.
1169 1386 1238 1441 Et
1266 1397 1372 1442 erat
1401 1387 1521 1451 illis,
1552 1387 1685 1440 sicut
1713 1387 1847 1440 scri-

262 1492 413 1554 ptu’m
442 1491 543 1546 est,
575 1481 742 1534 tutima
784 1496 886 1532 una
925 1487 973 1532 et
1013 1495 1100 1533 cor
1147 1494 1300 1532 unum
1340 1479 1391 1532 in
1416 1477 1576 1530 Deum
1608 1476 1626 1550 (
1646 1479 1754 1530 Art.
1783 1492 1843 1544 tt,

261 1587 308 1630 et
334 1576 441 1645 tv).
467 1568 607 1628 Ecce
637 1582 761 1628 sunt
788 1587 915 1628 oves
941 1571 1008 1626 de
1041 1571 1234 1641 quibus
1259 1570 1408 1627 dixit.
1442 1569 1560 1623 Non
1584 1587 1694 1623 sum
1725 1571 1845 1625 mis-

261 1682 366 1728 sus,
393 1666 494 1718 nisi
521 1663 591 1717 ad
615 1679 728 1717 oves
750 1677 862 1731 qute
892 1663 1144 1731 perierunt
1170 1662 1348 1713 domus
1369 1658 1548 1713 Israel.
1576 1659 1680 1713 Illis
1701 1660 1842 1713 enim

261 1756 500 1810 exhibuit
528 1753 862 1824 pnesentiam
889 1764 1060 1817 suam,
1085 1766 1181 1819 pro
1206 1749 1309 1803 illis
1338 1751 1388 1803 in
1419 1764 1476 1804 se
1498 1749 1843 1804 saevientibus

259 1847 548 1902 crdeilixus
595 1845 799 1909 oravit,
841 1843 1022 1898 dicens
1047 1859 1058 1894 :
1087 1840 1260 1904 Pater,
1304 1842 1504 1910 ignosce
1545 1840 1678 1905 illis,
1725 1841 1843 1909 quia

261 1939 488 1992 nesciunt
513 1937 640 2005 quid
663 1937 857 2006 faciunt
885 1931 1035 2006 (Luc.
1060 1949 1216 1999 xxnt,
1241 1933 1351 2002 54).
1378 1932 1706 2002 Intelligcbat
1730 1947 1842 1987 me.

261 2029 410 2084 dicus
433 2029 773 2099 phreneticus
793 2037 970 2082 mente
996 2026 1199 2097 perdita
1227 2025 1487 2080 medicum
1516 2025 1837 2086 occidentes,

260 2129 313 2174 et
327 2118 625 2175 occidendo
641 2117 904 2173 medicum
928 2117 1247 2182 nescientes,
1272 2115 1369 2169 sibi
1398 2114 1840 2169 medicamentum

259 2205 538 2265 facientes.
568 2209 644 2264 De
673 2209 896 2263 Domino
924 2207 1066 2262 enim
1107 2208 1282 2262 occiso
1298 2221 1485 2261 omnes
1515 2207 1714 2260 ‘curati
1752 2221 1842 2259 su-

261 2315 400 2367 mus,
455 2301 601 2354 illius
629 2301 883 2369 sanguine
911 2298 1204 2368 redempti,
1258 2313 1396 2368 pane
1435 2297 1574 2351 illius
1602 2297 1842 2366 corporis

259 2407 286 2445 a
315 2392 456 2445 fame
499 2390 730 2445 liberati.
768 2389 914 2443 Hanc
942 2403 1070 2458 ergo
1099 2387 1434 2458 praesentiam
1465 2385 1710 2440 Christus
1748 2385 1842 2443 Ju-

261 2484 387 2538 dteis
419 2483 683 2538 exhibuit.
713 2480 824 2536 Hoc
851 2494 978 2550 ergo
1005 2481 1096 2542 ait,
1129 2477 1250 2532 Non
1277 2495 1389 2531 sum
1418 2479 1619 2544 missus,
1651 2476 1747 2531 nisi
1771 2478 1838 2530 ad

259 2591 367 2628 ores
404 2589 522 2644 qua
563 2573 814 2642 perierunt
855 2571 1036 2623 domus
1059 2569 1223 2624 Israel
1246 2585 1264 2622 :
1291 2577 1347 2622 ut
1376 2569 1478 2622 illis
1505 2568 1840 2638 praesentiam

258 2667 337 2721 sui
382 2666 627 2734 corporis
655 2664 960 2728 exhiberet;
989 2679 1093 2717 non
1122 2671 1179 2716 ut
1207 2677 1334 2718 oves
1362 2677 1493 2733 quas
1522 2661 1748 2717 habebat
1787 2663 1838 2716 in

257 2755 540 2819 Gentibus,
565 2765 927 2810 contemneret
956 2764 1004 2808 el
1031 2754 1344 2824 praeteriret.

325 2853 411 2904 CA
423 2848 561 2904 PUT
599 2847 688 2903 iV.
705 2879 774 2886 -—
794 2848 844 2902 5.
869 2848 949 2900 At!
973 2855 1139 2917 gentes
1160 2845 1386 2902 Christus
1409 2863 1509 2900 non
1539 2847 1721 2900 missus
1745 2855 1834 2912 est,

257 2943 340 2993 sed
393 2941 552 2992 misit.
601 2937 680 2992 Ad
734 2937 929 2993 Gentes
977 2938 1116 2991 enim
1181 2936 1292 3004 ipse
1334 2952 1438 2990 non
1481 2936 1597 2998 ivit,
1631 2936 1723 2991 sed
1761 2937 1841 2990 die

257 3034 489 3102 scipulus
538 3031 699 3084 misit.
740 3029 804 3084 Et
846 3030 952 3084 illic
995 3029 1266 3097 impletum
1298 3037 1379 3082 est
1405 3028 1543 3098 quod
1583 3028 1836 3098 prepheta

258 3123 388 3177 dixit
412 3141 426 3174 :
454 3121 686 3190 Populus
713 3136 855 3191 quem
887 3137 983 3174 non
1012 3119 1240 3189 cognovi,
1264 3121 1458 3172 servivit
1485 3121 1624 3172 mihi.
1653 3120 1836 3175 Videte

257 3231 414 3284 quam
443 3216 572 3279 alta,
600 3227 756 3283 quam
781 3212 1019 3278 evidens,
1049 3227 1206 3281 quam
1236 3225 1485 3280 expressa
1515 3211 1789 3281 prophetia
1821 3230 1834 3291 ς

266 3307 492 3380 Pupulus
542 3321 687 3374 quem
733 3319 832 3356 non
876 3303 1117 3373 cognovi,
1159 3302 1211 3356 id
1254 3311 1354 3365 est,
1386 3303 1468 3354 cui
1502 3303 1835 3370 praesentiam

260 3410 433 3453 meam
459 3413 564 3451 non
587 3393 832 3461 exhibui,
857 3394 1051 3446 servivit
1071 3393 1212 3445 mihi.
1237 3391 1546 3459 Quomodo?
1566 3392 1833 3462 Sequitur,

261 3491 322 3544 in
350 3491 531 3544 auditu
558 3489 699 3542 auris
726 3485 977 3540 obaudirit
1005 3485 1128 3537 mihi
1158 3486 1180 3555 (
1210 3482 1350 3538 Psal.
1384 3499 1510 3550 xv",
1543 3484 1611 3538 45
1639 3483 1656 3555 )
1693 3493 1715 3538 :'
1735 3483 1836 3538 hoc

260 3593 359 3647 est,
384 3597 490 3637 non
513 3579 763 3643 videndo,
787 3577 878 3632 sed
907 3576 1168 3631 audiendo
1185 3575 1540 3630 crediderunt.
1563 3575 1684 3631 ideo
1704 3577 1836 3633 Gen-

262 3675 389 3729 tium
429 3676 603 3742 major
627 3672 761 3725 laus.
796 3669 876 3722 illi
915 3667 1055 3722 enim
1085 3666 1371 3732 viderunt,
1402 3677 1455 3720 et
1483 3666 1790 3721 occiderunt
1818 3684 1832 3720 :

259 3765 458 3821 Gentes
497 3761 810 3827 audierunt,
847 3768 901 3814 et
937 3757 1296 3814 crediderunt.
1325 3757 1407 3811 Ad
1433 3756 1629 3813 Gentes
1656 3766 1834 3812 autem

259 3857 522 3915 vocandas
548 3867 600 3912 et
623 3853 1037 3927 congregandas,
1073 3862 1134 3909 ut
1162 3853 1470 3924 impleretur
1501 3854 1640 3925 quod
1674 3855 1835 3911 modo

257 3951 611 4014 contrivimus,
643 3947 902 4018 Congrega
929 3962 1021 4000 nos
1045 3946 1108 4000 de
1131 3945 1371 4000 Gentibus
1386 3989 1400 4011 ,
1423 3957 1479 3999 ut
1506 3948 1835 4015 conﬁteamttr

257 4041 448 4094 nomini
473 4051 581 4103 tuo,
614 4047 660 4092 et
687 4038 961 4108 gloriemur
983 4037 1035 4090 in
1064 4037 1213 4090 laude
1239 4046 1326 4090 tua
1357 4037 1373 4108 (
1410 4035 1553 4092 Psul.
1581 4055 1666 4103 cv,
1690 4040 1756 4093 47
1785 4038 1829 4109 ),

257 4119 346 4185 Hie
371 4129 569 4184 Paulus
606 4128 878 4197 apostolus
915 4128 1112 4183 missus
1149 4137 1248 4183 est.
1280 4127 1522 4183 Minimus
1552 4131 1635 4184 ille
1665 4129 1834 4187 factus

256 4233 478 4292 magnus
499 4262 513 4285 ,
540 4235 646 4274 non
674 4233 768 4289 per
793 4233 870 4283 se,
900 4217 993 4273 sed
1020 4233 1117 4288 per
1144 4233 1264 4274 eum
1290 4235 1446 4290 quem
1479 4221 1832 4289 persequeba-

258 4323 364 4381 tur,
393 4315 590 4368 missns
619 4321 700 4366 est
723 4310 789 4365 ad
813 4310 1031 4378 Gentes,
1061 4325 1127 4366 ex
1158 4311 1361 4365 latrone
1387 4321 1586 4380 pastor,
1614 4328 1676 4367 ex
1708 4313 1830 4383 lupo

254 4403 392 4456 ovis.
413 4404 610 4458 Missus
630 4411 710 4457 est
738 4401 804 4456 ad
829 4401 1027 4458 Gentes
1057 4401 1144 4456 iile
1169 4403 1439 4471 apostolus
1477 4405 1746 4469 minimus,
1777 4415 1832 4461 et

259 4497 479 4551 multum
511 4494 768 4548 laboravit
793 4493 845 4547 in
866 4491 1142 4558 Gentibus,
1165 4499 1218 4548 et
1235 4507 1330 4562 per
1354 4509 1474 4548 eum
1494 4494 1691 4551 Gentes
1715 4511 1832 4552 cre-

255 4587 520 4641 diderunt.
550 4583 740 4638 Testes
768 4591 893 4638 sunt
915 4583 1030 4652 ejus
1053 4581 1324 4652 Epistulas.

325 4680 377 4733 6.
421 4676 562 4731 Filia
604 4675 1002 4746 Archilynogogi
1026 4717 1040 4740 ,
1083 4686 1128 4729 et
1167 4674 1596 4730 Heemorrltoissa.
1653 4675 1828 4734 Habes

257 4771 356 4826 hoc.
385 4770 521 4823 etin
552 4768 839 4851 Evangelia
867 4768 1225 4824 sacratissime
1253 4769 1549 4840 ﬁguratum.
1575 4765 1704 4825 Filia
1731 4773 1830 4827 Ar-

256 4859 594 4929 citisynagngi
616 4859 856 4929 quzedam
877 4857 1121 4912 defuncta
1140 4868 1272 4924 erat,
1299 4868 1448 4928 pater
1473 4861 1589 4931 ejus
1614 4863 1830 4933 rogabat

260 4952 536 5005 Dominum
561 4992 575 5016 ,
611 4959 666 5004 ut
708 4951 808 5004 iret
843 4948 910 5004 ad
937 4965 1054 5005 eam
1078 4967 1095 5005 :
1118 4965 1310 5020 mgram
1355 4952 1642 5028 reliquerat
1680 4964 1734 5010 et
1777 4956 1831 5010 in

259 5042 494 5109 periculo
547 5041 907 5096 constitutam.
953 5041 1064 5096 ibat
1111 5042 1366 5098 Dominus
1406 5044 1470 5098 ad
1513 5047 1826 5100 visitandatn

260 5141 312 5186 et
337 5133 624 5188 sanandam
654 5148 847 5202 κεκτη
876 5150 889 5188 :
917 5133 1117 5188 interea
1145 5145 1352 5190 mortua
1385 5139 1615 5190 nuntiata
1645 5148 1746 5204 est,
1777 5150 1830 5194 et

260 5223 450 5279 diettnn
475 5235 559 5280 est
585 5225 754 5294 patri,
788 5223 969 5280 Puella
1007 5235 1204 5280 mortua
1231 5235 1333 5289 est,
1365 5228 1471 5282 noli
1498 5231 1612 5298 jam
1654 5246 1832 5286 vexare

261 5317 568 5388 magistrum.
595 5317 849 5370 Dominus
877 5325 1055 5372 autem
1082 5317 1168 5386 qui
1197 5317 1396 5372 sciebat
1422 5333 1478 5374 se
1508 5335 1662 5391 posse
1688 5336 1829 5377 mor-

263 5415 377 5462 tuos
419 5409 702 5474 suscitare,
746 5422 852 5463 non
899 5408 1115 5463 abstulit
1158 5422 1305 5477 spem
1348 5409 1647 5480 desperato,
1675 5423 1727 5468 et
1756 5416 1829 5470 ait

266 5498 428 5564 patri:
455 5496 580 5552 Noli
610 5498 801 5566 timere,
827 5507 1024 5552 tantum
1058 5498 1220 5552 crede.
1264 5498 1519 5572 Pergcbat
1565 5503 1629 5557 ad
1673 5505 1824 5574 puel-

320 5667 334 5698 ‘
362 5671 494 5735 ltditt,
536 5683 697 5724 ames
717 5683 818 5724 nos.
839 5674 1008 5736 Abest,
1031 5685 1132 5735 nos,
1156 5685 1184 5722 a
1204 5680 1309 5724 atas.

1633 250 1861 309 SERMO
1898 251 2154 311 LXXVII.

3432 285 3536 343 ιεδ

1955 369 2056 426 lam
2082 391 2096 427 :
2125 384 2283 445 atque
2313 379 2365 434 in
2397 382 2589 443 itinere
2620 388 2760 445 inter
2787 393 2996 461 turbas,
3035 403 3303 466 quomodo
3343 411 3531 472 potuit,

1950 469 2239 521 coarctavit
2277 484 2337 525 se
2374 475 2619 543 qumdam
2648 482 2859 550 mulier,
2891 500 3010 554 qua:
3036 485 3234 542 ﬂuxum
3263 469 3536 563 sanguinis

1952 555 2268 627 mliebntur,
2305 573 2358 619 et
2392 565 2644 625 diuturno
2674 573 2766 630 illo
2795 575 3048 648 languore
3083 579 3134 634 in
3163 555 3398 640 medicos
3428 587 3537 642 fru-

1954 655 2063 700 stra
2111 653 2288 706 onmia
2332 671 2451 726 qua:
2493 659 2723 718 habebat
2769 667 3116 736 impenderat.
3147 670 3248 727 Ubi
3274 673 3535 732 ﬁmbriam

1950 742 2260 800 vestimenti
2282 749 2397 818 ejus
2428 753 2630 823 tetigit,
2673 771 2799 811 sana
2853 760 2984 814 facta
3015 770 3114 816 est.
3145 763 3210 818 Et
3235 765 3490 824 Doruinus
3518 789 3530 824 :

1952 828 2078 894 Quis
2117 847 2196 887 me
2234 839 2429 909 tetigit?
2462 843 2804 903 Admirantes
2841 849 3081 921 discipuli
3109 855 3203 924 qui
3227 859 3535 915 nesciebant

1947 923 2074 991 quid
2105 937 2246 981 esset
2273 929 2495 997 factum,
2531 943 2584 988 et
2611 937 2858 994 videbant
2886 957 3007 996 eum
3037 958 3066 996 a
3099 923 3269 1002 turbis
3295 953 3530 1020 compri-

1952 1017 2060 1080 mi,
2093 1026 2146 1070 et
2175 1018 2242 1072 de
2272 1036 2374 1074 una
2403 1038 2522 1093 qua:
2553 1026 2736 1083 leuiter
2763 1032 3009 1101 tetigerat
3036 1033 3198 1092 fuisse
3223 1017 3529 1107 sollicitum,

1951 1109 2341 1174 responderunt
2369 1131 2380 1164 :
2413 1113 2582 1169 Turba
2619 1127 2666 1171 te
2693 1123 2898 1188 premit,
2929 1135 2976 1175 at
3005 1126 3163 1192 dicis,
3198 1129 3326 1192 Qui:
3349 1145 3429 1183 me
3455 1141 3528 1184 te-

1950 1195 2101 1288 tigit?
2125 1198 2189 1256 Et
2218 1201 2308 1255 ille
2339 1219 2352 1256 :
2388 1203 2567 1276 Tetigit
2610 1223 2690 1262 me
2733 1211 2932 1281 aliquis.
2969 1213 3100 1268 Nam
3148 1218 3230 1271 isti
3264 1231 3530 1288 premunt,

1951 1286 2040 1342 illa
2093 1293 2280 1362 tetigit.
2312 1297 2520 1365 Corpus
2546 1315 2674 1370 ergo
2704 1302 2896 1358 Christi
2941 1307 3093 1362 multi
3142 1286 3366 1366 nwleste
3411 1286 3532 1383 pre-

1952 1392 2124 1444 munt,
2152 1387 2300 1452 pauci
2331 1388 2612 1446 salubriter
2641 1403 2858 1465 tangunt
2887 1396 2982 1469 (ιι).
3005 1397 3188 1471 Tetigit
3215 1419 3312 1465 me,
3341 1405 3527 1473 inquit,

1947 1469 2148 1540 aliquis.
2182 1474 2292 1544 Ego
2321 1479 2453 1532 enim
2488 1483 2619 1536 sensi
2655 1484 2718 1538 de
2743 1502 2824 1540 me
2863 1492 3094 1544 virtutem
3120 1469 3318 1549 exiisse.
3345 1469 3426 1550 At:
3442 1469 3529 1551 ubi

1947 1562 2081 1618 vidit
2127 1565 2213 1620 illa
2258 1583 2362 1622 non
2409 1588 2467 1627 se
2514 1574 2758 1644 latuisse,
2798 1581 3078 1650 provoluta
3107 1593 3188 1639 est
3217 1597 3342 1641 ante
3366 1589 3531 1659 pedes

1948 1652 2088 1721 ejus,
2117 1665 2168 1708 et
2195 1658 2436 1714 cnni'essa
2465 1671 2546 1717 est
2573 1667 2696 1734 quid
2723 1680 2862 1724 esset
2889 1671 3101 1727 factum.
3126 1675 3252 1730 Post
3277 1652 3389 1732 haec
3411 1695 3530 1746 per-

1947 1747 2112 1812 rexit,
2144 1751 2489 1821 pervenitque
2533 1770 2639 1824 qm
2689 1761 2964 1827 tendebat,
3001 1774 3052 1817 et
3093 1768 3320 1834 puellam
3367 1770 3528 1824 tiliam

1945 1835 2359 1927 urchisynagogi
2388 1842 2654 1900 inventam
2672 1860 2934 1908 mortuam
2953 1855 3225 1910 suscitavit
3241 1857 3394 1927 (Luc.
3407 1874 3500 1914 vm
3516 1900 3531 1926 ,

1943 1923 2150 1998 ιιι-εδ).

2016 2017 2238 2075 CAPUT
2276 2021 2342 2076 ν.
2371 2051 2441 2065 --
2465 2026 2518 2079 7.
2561 2027 2661 2081 Res
2683 2030 2862 2084 daillia
2879 2045 3086 2088 narrata
3110 2037 3222 2089 licet
3238 2052 3349 2092 vere
3365 2051 3525 2108 gesta,

1945 2115 2111 2164 tamen
2136 2113 2303 2182 ﬁgura
2339 2124 2432 2170 est.
2455 2117 2673 2172 Factum
2699 2123 2911 2189 quidem
2942 2134 3044 2190 est,
3075 2133 3131 2180 et
3157 2127 3224 2180 ita
3258 2137 3316 2181 ut
3343 2145 3527 2190 narra-

1945 2206 2051 2264 tur,
2075 2200 2351 2271 impletum
2376 2221 2390 2256 :
2420 2206 2514 2260 sed
2555 2217 2732 2264 tamen
2761 2212 2920 2268 etiam
2945 2213 3077 2282 ipsa,
3106 2231 3224 2284 qua:
3248 2232 3276 2270 a
3303 2218 3530 2273 Domino

1945 2289 2081 2348 facta
2106 2302 2246 2360 sunt,
2277 2297 2477 2366 aliquid
2501 2299 2854 2368 signiﬁcantia
2885 2315 3070 2373 erant,
3097 2309 3246 2376 quasi
3270 2309 3450 2374 verba,
3483 2313 3527 2365 si

1945 2382 2047 2438 dici
2072 2392 2267 2454 potest,
2293 2388 2516 2444 visibilia
2542 2399 2596 2444 et
2615 2391 2812 2460 aliquid
2833 2394 3205 2464 signiﬁcantia.
3230 2398 3384 2465 Quod
3410 2417 3528 2454 ma»

1944 2475 2086 2530 xime
2111 2487 2330 2547 apparet
2355 2479 2406 2532 iu
2433 2494 2499 2534 eo
2525 2481 2666 2550 quod
2694 2492 2889 2552 praeter
2914 2493 3124 2555 tempus
3149 2503 3304 2558 poma
3332 2492 3526 2558 quasi-

1943 2565 2018 2618 vit
2045 2565 2102 2618 in
2125 2566 2348 2632 arbore,
2379 2571 2578 2639 et-quia
2608 2587 2716 2626 non
2741 2573 2967 2640 invenit,
2993 2577 3171 2632 arbori
3202 2579 3531 2636 maledicam

1942 2656 2144 2712 aridam
2166 2657 2294 2712 fecit
2319 2658 2506 2729 (Nare.
2537 2675 2616 2728 at,
2633 2663 2718 2728 i3,
2754 2664 2864 2733 ii).
2892 2664 3003 2721 Hoc
3042 2666 3240 2723 factum
3261 2670 3366 2726 nisi
3393 2671 3527 2740 ligu—

1943 2751 2451 2822 ratnm-aocipiatur,
2484 2755 2701 2809 stultum
2731 2755 3034 2812 invenitr:
3060 2761 3249 2829 primo,
3273 2762 3529 2832 qttaasisso

1943 2853 2102 2908 poma
2121 2841 2176 2894 in
2199 2841 2283 2896 illa
2305 2843 2514 2908 urinam,
2539 2844 2749 2912 quando
2775 2855 2983 2918 tempus
3007 2861 3115 2905 non
3136 2861 3252 2908 erat
3272 2863 3328 2907 ut
3348 2865 3528 2912 essent

1943 2929 1996 2984 in
2023 2931 2128 2986 ulla
2143 2931 2365 2997 arbore;
2397 2934 2608 3000 deinde,
2633 2937 2680 2992 si
2707 2951 2986 3006 pomorum
3002 2941 3112 3012 jam
3135 2951 3341 3013 tempus
3361 2955 3522 3008 esset,

1943 3035 2049 3074 non
2079 3022 2274 3078 haben
2311 3039 2467 3093 poma
2491 3042 2613 3096 quia
2645 3029 2797 3099 culpa
2822 3031 3030 3087 arboris
3054 3034 3234 3088 esset?
3269 3033 3376 3089 Sed
3403 3035 3527 3104 quia

1942 3112 2265 3180 signiﬁcabat
2287 3155 2301 3178 ,
2335 3131 2574 3183 thnrere
2599 3132 2659 3173 se
2697 3133 2802 3174 non
2830 3122 3003 3180 solum
3032 3122 3154 3179 folia
3172 3167 3188 3191 ,
3217 3124 3312 3183 sed
3335 3135 3386 3180 ot
3413 3124 3525 3180 [ηις

1942 3212 2105 3267 ctum,
2133 3203 2183 3262 ια
2209 3214 2310 3270 est,
2341 3221 2446 3263 non
2473 3208 2649 3264 solum
2670 3212 2850 3276 verba,
2868 3213 2962 3268 sed
2977 3226 3032 3270 et
3053 3215 3186 3272 facta
3215 3216 3521 3282 hornimun;

1941 3293 2275 3350 arefacieado
2291 3296 2378 3350 ubi
2393 3297 2505 3354 sola
2523 3300 2644 3352 folia
2660 3301 2879 3368 invenit,
2893 3304 3204 3373 signiﬁca-vit
3215 3321 3402 3362 nonum
3419 3323 3526 3375 ναξ-

1942 3400 2062 3440 nam
2073 3387 2162 3455 qui
2181 3387 2320 3456 loqui
2341 3387 2474 3444 bona
2489 3400 2727 3458 possunt,
2747 3392 2916 3448 facere
2928 3395 3062 3448 bona
3076 3396 3280 3454 nolunt.
3295 3397 3526 3467 Sicci-go

1940 3484 1995 3538 et
2025 3474 2130 3530 hic.
2158 3475 2289 3530 Nam
2319 3478 2499 3546 utique
2523 3480 2835 3550 mysterium
2868 3492 2968 3537 est.
3002 3484 3262 3540 Praeseius
3284 3488 3523 3542 omnium

1939 3565 2088 3632 dicit,
2119 3567 2244 3632 Quis
2269 3584 2350 3620 me
2376 3570 2575 3638 tetigit?
2606 3569 2687 3623 Fit
2715 3572 2962 3640 imperito
2983 3575 3174 3634 similis
3198 3575 3434 3640 Greater,
3467 3587 3524 3636 et

1941 3656 2233 3725 interrogat
2258 3672 2363 3714 non
2397 3658 2568 3712 solum
2598 3661 2687 3729 qui
2729 3660 2832 3715 hoc
2867 3663 3102 3730 sciebat,
3129 3664 3224 3721 sed
3247 3668 3404 3722 etiam
3431 3671 3523 3738 qui

1939 3756 2131 3808 caetera
2161 3749 2492 3817 prmsciebat.
2521 3751 2734 3821 Aliquid
2756 3761 2840 3810 est
2865 3755 3066 3827 utique,
3095 3758 3235 3826 quod
3265 3759 3419 3816 nobis
3446 3761 3522 3818 si-

1938 3840 2220 3910 gniﬁcante
2245 3841 2499 3911 mysterio
2527 3841 2757 3912 loquitur
2778 3843 3040 3902 Christus.
3302 3881 3304 3884 -

2009 3929 2062 3990 8.
2105 3929 2240 3994 Quid
2259 3931 2360 3985 illis
2385 3931 2652 4000 ﬁguratur.
2691 3933 2820 3990 Filia
2866 3935 2951 3988 ilia
2986 3936 3401 4008 Archisynagogi
3447 3940 3524 3994 si-

1936 4022 2218 4093 gniﬁcabat
2244 4025 2497 4093 pupulum
2524 4024 2858 4091 indecorum,
2890 4038 3104 4098 propter
3117 4045 3277 4099 quem
3295 4041 3520 4088 venerat

1935 4112 2178 4170 Christus
2196 4156 2212 4180 ,
2239 4116 2327 4183 qui
2354 4115 2507 4182 dixit,
2542 4115 2663 4170 Non
2689 4134 2800 4171 sum
2831 4121 3031 4185 missus,
3062 4122 3160 4175 nisi
3184 4124 3253 4176 ad
3276 4139 3388 4178 oves
3406 4141 3520 4193 qua:

1938 4206 2191 4274 perierunt
2216 4207 2398 4261 domus
2425 4207 2609 4262 lsrael.
2639 4209 2728 4264 Ilia
2756 4225 2882 4265 vero
2919 4213 3114 4268 mulier
3155 4229 3272 4284 qua:
3311 4215 3516 4270 ﬂuxum

1936 4295 2204 4366 sanguinis
2225 4297 2541 4366 patiebatur,
2567 4299 2857 4356 Ecclesium
2881 4302 3140 4373 ﬁgurabat
3159 4321 3222 4360 ex
3237 4306 3520 4372 Gentibus,

1935 4385 2004 4442 ad
2036 4402 2193 4457 quam
2227 4386 2471 4446 Christus
2509 4403 2604 4460 per
2633 4393 2971 4460 praesentiam
3011 4397 3252 4466 corporis
3277 4413 3380 4452 non
3405 4409 3521 4453 erat

1935 4479 2150 4536 missus.
2181 4479 2262 4535 Ad
2290 4481 2435 4538 illam
2467 4483 2596 4550 ibat,
2627 4483 2768 4538 illius
2787 4485 3011 4541 salutem
3037 4487 3343 4545 intendebat
3367 4508 3382 4546 :
3403 4490 3524 4545 hare

1936 4571 2272 4641 intercurrit,
2304 4574 2470 4644 tangit
2497 4575 2757 4631 ﬁmbriam
2781 4578 2932 4648 quasi
2975 4581 3291 4648 nescientis,
3323 4581 3373 4638 id
3401 4593 3518 4650 est,

1935 4671 2154 4718 sanatur
2186 4671 2434 4733 tanquam
2465 4664 2534 4722 ab
2560 4665 2800 4723 absente.
2830 4667 2966 4724 Dicit
2985 4669 3073 4725 ille
3091 4709 3105 4735 ,
3140 4670 3267 4737 Quis
3296 4689 3375 4727 me
3399 4676 3516 4727 teti-

1935 4753 2048 4823 git?
2074 4753 2221 4822 quasi
2245 4753 2448 4810 diceret
2469 4795 2484 4820 ,
2511 4755 2626 4811 Non
2655 4757 2780 4812 novi
2809 4758 2951 4816 hunc
2981 4761 3253 4830 populum.
3283 4761 3525 4832 Populus

1935 4863 2079 4915 quem
2105 4862 2202 4898 non
2231 4847 2459 4916 cognovi,
2480 4849 2678 4901 servivit
2699 4849 2843 4903 mihi.
2867 4849 3048 4921 Tetigit
3073 4869 3151 4907 me
3167 4854 3370 4922 aliquis.
3403 4853 3518 4923 Ego

1935 4937 2073 4990 enim
2094 4937 2227 4990 sensi
2263 4935 2496 4990 virtutem
2519 4937 2583 4990 de
2605 4953 2686 4994 me
2706 4939 2898 5006 emine,
2943 4940 2994 4996 id
3027 4949 3138 5009 est,
3171 4941 3516 5013 Evangelium
3597 4988 3605 5004 ,

1936 5028 2188 5080 emissum
2218 5033 2384 5080 totum
2411 5026 2596 5083 orbem
2619 5027 2894 5097 implesse.
2919 5030 3171 5102 Tangitur
3195 5041 3373 5088 autent
3395 5033 3514 5087 lim.
3612 5033 3615 5035 ’

1937 5115 2047 5168 hria
2087 5115 2274 5184 exigua
2316 5129 2443 5187 pars
2481 5117 2786 5173 vestimenti
2811 5127 2866 5175 et
2890 5131 3146 5178 extrema.
3178 5121 3284 5178 Fac
3309 5135 3517 5180 vestem

1935 5204 2135 5259 Christi
2156 5203 2308 5274 quasi
2333 5205 2642 5277 Apostolos.
2669 5208 2744 5264 lbi
2775 5210 2981 5268 ﬁmbria
3006 5212 3198 5269 Paulus
3227 5225 3342 5274 erat
3366 5232 3379 5269 :
3411 5215 3516 5271 hoc

1937 5307 2036 5358 est.
2065 5305 2332 5354 extremus
2357 5307 2411 5354 et
2431 5299 2698 5357 minimus.
2719 5302 2852 5360 Nam
2876 5314 3156 5376 utrumque
3174 5306 3242 5363 de
3260 5322 3319 5363 se
3335 5296 3470 5362 dixit
3492 5324 3510 5361 :

1937 5387 2046 5460 Ego
2091 5405 2202 5444 sum
2242 5391 2477 5446 minimus
2522 5391 2874 5464 Apostolorum
2914 5396 2935 5466 (
2955 5395 2972 5449 Ι
3000 5395 3116 5450 Cor.
3147 5413 3237 5463 xv,
3265 5397 3343 5464 9).
3375 5396 3510 5455 Nam

1935 5491 2052 5550 post
2080 5495 2266 5536 omnes
2307 5491 2524 5538 vocatus
2566 5493 2682 5549 est,
2715 5494 2835 5554 post
2883 5501 3070 5542 omnes
3109 5487 3363 5554 credidit,
3395 5488 3510 5557 plus

1938 5571 2181 5626 omnibus
2224 5575 2445 5628 sanavit.
2473 5573 2587 5628 Non
2628 5583 2740 5629 erat
2781 5575 2973 5632 missus
3005 5577 3286 5648 Dominus,
3318 5580 3416 5638 nisi
3441 5579 3509 5638 ad

1999 5681 2073 5745 (α)
2098 5684 2207 5733 \‘ide
2231 5698 2393 5746 supra,
2418 5699 2693 5735 sermonem
2715 5687 2796 5748 ϐε,
2817 5700 2867 5737 n.
2889 5689 2938 5739 5.
