  <div class='ocr_page' id='page_1' title='image "/cluster/home/n/w/nwhite01/storage/ocr_20150623/38/hvd.32044096580600/249.png"; bbox 0 0 3922 6192; ppageno 0'>
   <div class='ocr_carea' id='block_1_1' title="bbox 411 349 513 405">
    <p class='ocr_par' dir='ltr' id='par_1_1' title="bbox 411 349 513 405">
     <span class='ocr_line' id='line_1_1' title="bbox 411 349 513 405; baseline 0.01 -1"><span class='ocrx_word' id='word_1_1' title='bbox 411 349 513 405; x_wconf 71' lang='grc'><strong>48⁸1</strong></span> 
     </span>
    </p>
   </div>
   <div class='ocr_carea' id='block_1_2' title="bbox 414 409 1991 532">
    <p class='ocr_par' dir='ltr' id='par_1_2' title="bbox 414 409 1991 532">
     <span class='ocr_line' id='line_1_2' title="bbox 414 409 1991 532; baseline -0.04 -10"><span class='ocrx_word' id='word_1_2' title='bbox 414 476 546 522; x_wconf 81' lang='lat' dir='ltr'><strong><em>oves</em></strong></span> <span class='ocrx_word' id='word_1_3' title='bbox 564 474 682 532; x_wconf 74' lang='lat' dir='ltr'><strong><em>qum</em></strong></span> <span class='ocrx_word' id='word_1_4' title='bbox 707 452 973 526; x_wconf 87' lang='lat' dir='ltr'><strong><em>perierant</em></strong></span> <span class='ocrx_word' id='word_1_5' title='bbox 999 443 1187 496; x_wconf 57' lang='lat' dir='ltr'><strong><em>«Iunius</em></strong></span> <span class='ocrx_word' id='word_1_6' title='bbox 1209 431 1385 488; x_wconf 86' lang='lat' dir='ltr'><strong><em>Israel.</em></strong></span> <span class='ocrx_word' id='word_1_7' title='bbox 1415 425 1516 482; x_wconf 78' lang='lat' dir='ltr'><strong><em>Sed</em></strong></span> <span class='ocrx_word' id='word_1_8' title='bbox 1541 421 1661 522; x_wconf 75' lang='lat' dir='ltr'><strong><em>quia</em></strong></span> <span class='ocrx_word' id='word_1_9' title='bbox 1685 426 1736 473; x_wconf 88' lang='lat' dir='ltr'><strong><em>ct</em></strong></span> <span class='ocrx_word' id='word_1_10' title='bbox 1764 409 1991 532; x_wconf 54' lang='lat' dir='ltr'><strong><em>populus</em></strong></span> 
     </span>
    </p>
   </div>
   <div class='ocr_carea' id='block_1_3' title="bbox 411 501 1992 626">
    <p class='ocr_par' dir='ltr' id='par_1_3' title="bbox 411 501 1992 626">
     <span class='ocr_line' id='line_1_3' title="bbox 414 501 869 522; baseline -0.04 0"><span class='ocrx_word' id='word_1_11' title='bbox 414 501 546 522; x_wconf 71' lang='lat' dir='ltr'><strong><em>v&#39;w</em></strong></span> <span class='ocrx_word' id='word_1_12' title='bbox 564 501 580 516; x_wconf 79' lang='lat' dir='ltr'><strong>I</strong></span> <span class='ocrx_word' id='word_1_13' title='bbox 604 501 682 513; x_wconf 66' lang='grc' dir='ltr'><strong><em>νυν</em></strong></span> <span class='ocrx_word' id='word_1_14' title='bbox 744 501 792 507; x_wconf 79' lang='grc'><strong><em>--</em></strong></span> <span class='ocrx_word' id='word_1_15' title='bbox 808 501 869 504; x_wconf 77' lang='grc'><strong><em>---</em></strong></span> 
     </span>
     <span class='ocr_line' id='line_1_4' title="bbox 411 501 1992 626; baseline -0.036 -16"><span class='ocrx_word' id='word_1_16' title='bbox 411 501 1089 626; x_wconf 46' lang='grc' dir='ltr'><strong><em>ειυεηιιιιοηΐοοειιονετθι,</em></strong></span> <span class='ocrx_word' id='word_1_17' title='bbox 1120 526 1412 584; x_wconf 74' lang='lat' dir='ltr'><strong><em>serviturus</em></strong></span> <span class='ocrx_word' id='word_1_18' title='bbox 1451 525 1600 578; x_wconf 86' lang='lat' dir='ltr'><strong><em>erat,</em></strong></span> <span class='ocrx_word' id='word_1_19' title='bbox 1644 511 1695 565; x_wconf 91' lang='lat' dir='ltr'><strong><em>in</em></strong></span> <span class='ocrx_word' id='word_1_20' title='bbox 1741 501 1992 560; x_wconf 83' lang='lat' dir='ltr'><strong><em>obauditu</em></strong></span> 
     </span>
     <span class='ocr_line' id='line_1_5' title="bbox 1275 596 1988 626; baseline -0.004 3"><span class='ocrx_word' id='word_1_21' title='bbox 1275 617 1288 626; x_wconf 74' lang='grc' dir='ltr'>ι</span> <span class='ocrx_word' id='word_1_22' title='bbox 1355 614 1406 626; x_wconf 69' lang='grc' dir='ltr'><strong><em>σοι</em></strong></span> <span class='ocrx_word' id='word_1_23' title='bbox 1477 621 1509 626; x_wconf 60' lang='lat'><strong><em>-,</em></strong></span> <span class='ocrx_word' id='word_1_24' title='bbox 1540 625 1547 626; x_wconf 34' lang='grc' dir='ltr'><em>κ</em></span> <span class='ocrx_word' id='word_1_25' title='bbox 1582 607 1631 626; x_wconf 32' lang='grc' dir='ltr'><strong><em>γε.</em></strong></span> <span class='ocrx_word' id='word_1_26' title='bbox 1679 602 1745 626; x_wconf 66' lang='lat' dir='ltr'><strong><em>2L:</em></strong></span> <span class='ocrx_word' id='word_1_27' title='bbox 1793 596 1988 626; x_wconf 63' lang='lat' dir='ltr'><strong><em>nnnbl:_</em></strong></span> 
     </span>
    </p>
   </div>
   <div class='ocr_carea' id='block_1_4' title="bbox 413 596 1990 702">
    <p class='ocr_par' dir='ltr' id='par_1_4' title="bbox 413 596 1990 702">
     <span class='ocr_line' id='line_1_6' title="bbox 413 596 1990 702; baseline -0.035 1"><span class='ocrx_word' id='word_1_28' title='bbox 413 596 558 702; x_wconf 61' lang='lat' dir='ltr'><strong><em>almis</em></strong></span> <span class='ocrx_word' id='word_1_29' title='bbox 584 596 930 697; x_wconf 66' lang='lat' dir='ltr'><strong><em>obauditurus</em></strong></span> <span class='ocrx_word' id='word_1_30' title='bbox 956 635 1105 692; x_wconf 90' lang='lat' dir='ltr'><strong><em>erat,</em></strong></span> <span class='ocrx_word' id='word_1_31' title='bbox 1133 635 1234 678; x_wconf 88' lang='lat' dir='ltr'><strong><em>nec</em></strong></span> <span class='ocrx_word' id='word_1_32' title='bbox 1257 617 1325 672; x_wconf 87' lang='lat' dir='ltr'><strong><em>de</em></strong></span> <span class='ocrx_word' id='word_1_33' title='bbox 1355 614 1445 669; x_wconf 88' lang='lat' dir='ltr'><strong><em>illo</em></strong></span> <span class='ocrx_word' id='word_1_34' title='bbox 1476 607 1637 664; x_wconf 85' lang='lat' dir='ltr'><strong><em>tacuit</em></strong></span> <span class='ocrx_word' id='word_1_35' title='bbox 1679 602 1748 657; x_wconf 87' lang='lat' dir='ltr'><strong><em>ibi</em></strong></span> <span class='ocrx_word' id='word_1_36' title='bbox 1790 596 1990 702; x_wconf 55' lang='lat' dir='ltr'><strong><em>eruisti-</em></strong></span> 
     </span>
    </p>
   </div>
   <div class='ocr_carea' id='block_1_5' title="bbox 417 688 1995 797">
    <p class='ocr_par' dir='ltr' id='par_1_5' title="bbox 417 688 1995 797">
     <span class='ocr_line' id='line_1_7' title="bbox 417 688 1995 797; baseline -0.036 0"><span class='ocrx_word' id='word_1_37' title='bbox 417 749 579 797; x_wconf 89' lang='lat' dir='ltr'><strong><em>tutus.</em></strong></span> <span class='ocrx_word' id='word_1_38' title='bbox 610 733 700 788; x_wconf 82' lang='lat' dir='ltr'><strong><em>Ait</em></strong></span> <span class='ocrx_word' id='word_1_39' title='bbox 723 728 863 788; x_wconf 88' lang='lat' dir='ltr'><strong><em>enim</em></strong></span> <span class='ocrx_word' id='word_1_40' title='bbox 891 688 1116 795; x_wconf 85' lang='lat' dir='ltr'><strong><em>quodam</em></strong></span> <span class='ocrx_word' id='word_1_41' title='bbox 1162 715 1278 770; x_wconf 85' lang='lat' dir='ltr'><strong><em>loco</em></strong></span> <span class='ocrx_word' id='word_1_42' title='bbox 1321 709 1460 763; x_wconf 89' lang='lat' dir='ltr'><strong><em>idem</em></strong></span> <span class='ocrx_word' id='word_1_43' title='bbox 1488 699 1748 758; x_wconf 80' lang='lat' dir='ltr'><strong><em>Dominus</em></strong></span> <span class='ocrx_word' id='word_1_44' title='bbox 1775 711 1788 747; x_wconf 89' lang='lat'><strong>:</strong></span> <span class='ocrx_word' id='word_1_45' title='bbox 1819 688 1995 746; x_wconf 80' lang='lat' dir='ltr'><strong><em>Habeo</em></strong></span> 
     </span>
    </p>
   </div>
   <div class='ocr_carea' id='block_1_6' title="bbox 415 789 1996 889">
    <p class='ocr_par' dir='ltr' id='par_1_6' title="bbox 415 789 1996 889">
     <span class='ocr_line' id='line_1_8' title="bbox 415 789 1996 889; baseline -0.033 -4"><span class='ocrx_word' id='word_1_46' title='bbox 592 840 707 880; x_wconf 82' lang='lat' dir='ltr'><strong><em>oves</em></strong></span> <span class='ocrx_word' id='word_1_47' title='bbox 745 834 858 889; x_wconf 68' lang='lat' dir='ltr'><strong><em>quia</em></strong></span> <span class='ocrx_word' id='word_1_48' title='bbox 901 789 1004 873; x_wconf 72' lang='lat' dir='ltr'><strong><em>non</em></strong></span> <span class='ocrx_word' id='word_1_49' title='bbox 1045 816 1159 865; x_wconf 88' lang='lat' dir='ltr'><strong><em>sunt</em></strong></span> <span class='ocrx_word' id='word_1_50' title='bbox 1203 805 1265 861; x_wconf 86' lang='lat' dir='ltr'><strong><em>de</em></strong></span> <span class='ocrx_word' id='word_1_51' title='bbox 1310 802 1401 854; x_wconf 82' lang='lat' dir='ltr'><strong><em>hoc</em></strong></span> <span class='ocrx_word' id='word_1_52' title='bbox 1443 793 1598 857; x_wconf 83' lang='lat' dir='ltr'><strong><em>ovili;</em></strong></span> <span class='ocrx_word' id='word_1_53' title='bbox 1627 794 1818 861; x_wconf 86' lang='lat' dir='ltr'><strong><em>oportet</em></strong></span> <span class='ocrx_word' id='word_1_54' title='bbox 1844 797 1921 836; x_wconf 86' lang='lat' dir='ltr'><strong><em>me</em></strong></span> <span class='ocrx_word' id='word_1_55' title='bbox 1950 789 1996 834; x_wconf 84' lang='lat' dir='ltr'><strong><em>et</em></strong></span> 
     </span>
    </p>
   </div>
   <div class='ocr_carea' id='block_1_7' title="bbox 417 879 1993 981">
    <p class='ocr_par' dir='ltr' id='par_1_7' title="bbox 417 879 1993 981">
     <span class='ocr_line' id='line_1_9' title="bbox 417 879 1993 981; baseline -0.036 0"><span class='ocrx_word' id='word_1_56' title='bbox 417 931 510 981; x_wconf 83' lang='lat' dir='ltr'><strong><em>has</em></strong></span> <span class='ocrx_word' id='word_1_57' title='bbox 537 920 810 980; x_wconf 81' lang='lat' dir='ltr'><strong><em>adducere,</em></strong></span> <span class='ocrx_word' id='word_1_58' title='bbox 836 919 884 964; x_wconf 85' lang='lat' dir='ltr'><strong><em>ut</em></strong></span> <span class='ocrx_word' id='word_1_59' title='bbox 911 907 975 962; x_wconf 87' lang='lat' dir='ltr'><strong><em>sit</em></strong></span> <span class='ocrx_word' id='word_1_60' title='bbox 1004 920 1132 960; x_wconf 82' lang='lat' dir='ltr'><strong><em>unus</em></strong></span> <span class='ocrx_word' id='word_1_61' title='bbox 1155 913 1278 970; x_wconf 70' lang='lat' dir='ltr'><strong><em>grex</em></strong></span> <span class='ocrx_word' id='word_1_62' title='bbox 1301 903 1346 948; x_wconf 88' lang='lat' dir='ltr'><strong><em>et</em></strong></span> <span class='ocrx_word' id='word_1_63' title='bbox 1376 905 1506 947; x_wconf 86' lang='lat' dir='ltr'><strong><em>unus</em></strong></span> <span class='ocrx_word' id='word_1_64' title='bbox 1533 893 1702 958; x_wconf 84' lang='lat' dir='ltr'><strong><em>pastor</em></strong></span> <span class='ocrx_word' id='word_1_65' title='bbox 1730 879 1906 951; x_wconf 85' lang='lat' dir='ltr'><strong><em>(Joan.</em></strong></span> <span class='ocrx_word' id='word_1_66' title='bbox 1938 889 1993 938; x_wconf 67' lang='grc' dir='ltr'><strong><em>Χ,</em></strong></span> 
     </span>
    </p>
   </div>
   <div class='ocr_carea' id='block_1_8' title="bbox 418 1016 529 1086">
    <p class='ocr_par' dir='ltr' id='par_1_8' title="bbox 418 1016 529 1086">
     <span class='ocr_line' id='line_1_10' title="bbox 418 1016 529 1086; baseline -0.036 -15"><span class='ocrx_word' id='word_1_67' title='bbox 418 1016 529 1086; x_wconf 77' lang='lat' dir='ltr'><strong><em>to).</em></strong></span> 
     </span>
    </p>
   </div>
   <div class='ocr_carea' id='block_1_9' title="bbox 491 1060 1995 1163">
    <p class='ocr_par' dir='ltr' id='par_1_9' title="bbox 491 1060 1995 1163">
     <span class='ocr_line' id='line_1_11' title="bbox 491 1060 1995 1163; baseline -0.034 0"><span class='ocrx_word' id='word_1_68' title='bbox 491 1060 718 1163; x_wconf 54' lang='lat' dir='ltr'><strong><em>EAPUT</em></strong></span> <span class='ocrx_word' id='word_1_69' title='bbox 741 1097 900 1152; x_wconf 83' lang='lat' dir='ltr'><strong><em>Vl.-—</em></strong></span> <span class='ocrx_word' id='word_1_70' title='bbox 918 1092 970 1147; x_wconf 88' lang='lat'><strong><em>9.</em></strong></span> <span class='ocrx_word' id='word_1_71' title='bbox 990 1090 1290 1146; x_wconf 61' lang='lat' dir='ltr'><strong><em>Chananeus</em></strong></span> <span class='ocrx_word' id='word_1_72' title='bbox 1306 1071 1670 1151; x_wconf 71' lang='lat' dir='ltr'><strong><em>perseverantia</em></strong></span> <span class='ocrx_word' id='word_1_73' title='bbox 1686 1069 1739 1121; x_wconf 88' lang='lat' dir='ltr'><strong><em>in</em></strong></span> <span class='ocrx_word' id='word_1_74' title='bbox 1764 1060 1995 1163; x_wconf 58' lang='lat' dir='ltr'><strong><em>petendo:</em></strong></span> 
     </span>
    </p>
   </div>
   <div class='ocr_carea' id='block_1_10' title="bbox 424 1149 2002 1259">
    <p class='ocr_par' dir='ltr' id='par_1_10' title="bbox 424 1149 2002 1259">
     <span class='ocr_line' id='line_1_12' title="bbox 424 1149 2002 1259; baseline -0.035 -1"><span class='ocrx_word' id='word_1_75' title='bbox 424 1201 554 1259; x_wconf 84' lang='lat' dir='ltr'><strong><em>Inde</em></strong></span> <span class='ocrx_word' id='word_1_76' title='bbox 577 1194 768 1252; x_wconf 82' lang='lat' dir='ltr'><strong>mulier</strong></span> <span class='ocrx_word' id='word_1_77' title='bbox 795 1191 892 1244; x_wconf 86' lang='lat' dir='ltr'><strong><em>ista</em></strong></span> <span class='ocrx_word' id='word_1_78' title='bbox 910 1191 1022 1240; x_wconf 88' lang='lat' dir='ltr'><strong><em>erat</em></strong></span> <span class='ocrx_word' id='word_1_79' title='bbox 1039 1199 1051 1234; x_wconf 92' lang='lat'>:</span> <span class='ocrx_word' id='word_1_80' title='bbox 1072 1178 1192 1233; x_wconf 86' lang='lat' dir='ltr'><strong>ideo</strong></span> <span class='ocrx_word' id='word_1_81' title='bbox 1210 1149 1315 1228; x_wconf 84' lang='lat' dir='ltr'><strong><em>non</em></strong></span> <span class='ocrx_word' id='word_1_82' title='bbox 1329 1163 1786 1227; x_wconf 85' lang='lat' dir='ltr'><strong><em>contemnebatur,</em></strong></span> <span class='ocrx_word' id='word_1_83' title='bbox 1804 1153 1896 1210; x_wconf 88' lang='lat' dir='ltr'><strong><em>sed</em></strong></span> <span class='ocrx_word' id='word_1_84' title='bbox 1909 1149 2002 1205; x_wconf 86' lang='lat' dir='ltr'><strong>dil-</strong></span> 
     </span>
    </p>
   </div>
   <div class='ocr_carea' id='block_1_11' title="bbox 423 1253 2002 1350">
    <p class='ocr_par' dir='ltr' id='par_1_11' title="bbox 423 1253 2002 1350">
     <span class='ocr_line' id='line_1_13' title="bbox 423 1253 2002 1350; baseline -0.036 1"><span class='ocrx_word' id='word_1_85' title='bbox 423 1292 711 1350; x_wconf 83' lang='lat' dir='ltr'><strong><em>ferebatur.</em></strong></span> <span class='ocrx_word' id='word_1_86' title='bbox 730 1282 848 1338; x_wconf 86' lang='lat' dir='ltr'><strong><em>Non</em></strong></span> <span class='ocrx_word' id='word_1_87' title='bbox 862 1271 1186 1342; x_wconf 81' lang='lat' dir='ltr'><strong><em>smn,inquit,</em></strong></span> <span class='ocrx_word' id='word_1_88' title='bbox 1201 1267 1400 1328; x_wconf 85' lang='lat' dir='ltr'><strong><em>missus,</em></strong></span> <span class='ocrx_word' id='word_1_89' title='bbox 1424 1258 1519 1313; x_wconf 85' lang='lat' dir='ltr'><strong><em>nisi</em></strong></span> <span class='ocrx_word' id='word_1_90' title='bbox 1549 1253 1616 1309; x_wconf 89' lang='lat' dir='ltr'><strong><em>ad</em></strong></span> <span class='ocrx_word' id='word_1_91' title='bbox 1635 1267 1746 1306; x_wconf 86' lang='lat' dir='ltr'><strong><em>oves</em></strong></span> <span class='ocrx_word' id='word_1_92' title='bbox 1764 1261 1874 1318; x_wconf 66' lang='lat' dir='ltr'><strong><em>quis</em></strong></span> <span class='ocrx_word' id='word_1_93' title='bbox 1889 1258 2002 1314; x_wconf 86' lang='lat' dir='ltr'><strong><em>per-</em></strong></span> 
     </span>
    </p>
   </div>
   <div class='ocr_carea' id='block_1_12' title="bbox 423 1341 2002 1440">
    <p class='ocr_par' dir='ltr' id='par_1_12' title="bbox 423 1341 2002 1440">
     <span class='ocr_line' id='line_1_14' title="bbox 423 1341 2002 1440; baseline -0.035 1"><span class='ocrx_word' id='word_1_94' title='bbox 423 1341 801 1440; x_wconf 26' lang='lat' dir='ltr'><strong><em>ierant&#39;donms</em></strong></span> <span class='ocrx_word' id='word_1_95' title='bbox 830 1366 1013 1425; x_wconf 81' lang='lat' dir='ltr'><strong><em>Israel.</em></strong></span> <span class='ocrx_word' id='word_1_96' title='bbox 1068 1341 1134 1418; x_wconf 64' lang='lat' dir='ltr'><strong><em>Et</em></strong></span> <span class='ocrx_word' id='word_1_97' title='bbox 1170 1358 1256 1414; x_wconf 87' lang='lat' dir='ltr'><strong><em>illa</em></strong></span> <span class='ocrx_word' id='word_1_98' title='bbox 1283 1347 1562 1410; x_wconf 89' lang='lat' dir='ltr'><strong><em>clamando</em></strong></span> <span class='ocrx_word' id='word_1_99' title='bbox 1588 1341 1847 1403; x_wconf 97' lang='lat' dir='ltr'><strong><em>instabat,</em></strong></span> <span class='ocrx_word' id='word_1_100' title='bbox 1881 1347 2002 1405; x_wconf 82' lang='lat' dir='ltr'><strong><em>per-</em></strong></span> 
     </span>
    </p>
   </div>
   <div class='ocr_carea' id='block_1_13' title="bbox 426 1432 2004 1537">
    <p class='ocr_par' dir='ltr' id='par_1_13' title="bbox 426 1432 2004 1537">
     <span class='ocr_line' id='line_1_15' title="bbox 426 1432 2004 1537; baseline -0.036 -2"><span class='ocrx_word' id='word_1_101' title='bbox 426 1475 702 1534; x_wconf 86' lang='lat' dir='ltr'><strong><em>severabat</em></strong></span> <span class='ocrx_word' id='word_1_102' title='bbox 719 1510 732 1532; x_wconf 86' lang='lat'><strong><em>,</em></strong></span> <span class='ocrx_word' id='word_1_103' title='bbox 763 1463 1022 1537; x_wconf 87' lang='lat' dir='ltr'><strong><em>pulsabat,</em></strong></span> <span class='ocrx_word' id='word_1_104' title='bbox 1052 1465 1299 1524; x_wconf 75' lang='lat' dir='ltr'><strong><em>tanquam</em></strong></span> <span class='ocrx_word' id='word_1_105' title='bbox 1326 1447 1432 1516; x_wconf 83' lang='lat' dir='ltr'><strong><em>iam</em></strong></span> <span class='ocrx_word' id='word_1_106' title='bbox 1459 1439 1696 1496; x_wconf 72' lang='lat' dir='ltr'><strong><em>audisset</em></strong></span> <span class='ocrx_word' id='word_1_107' title='bbox 1711 1475 1733 1535; x_wconf 37' lang='lat' dir='ltr'><strong><em>,I</em></strong></span> <span class='ocrx_word' id='word_1_108' title='bbox 1756 1432 2004 1537; x_wconf 42' lang='lat' dir='ltr'><strong><em>Pete‘,Let</em></strong></span> 
     </span>
    </p>
   </div>
   <div class='ocr_carea' id='block_1_14' title="bbox 426 1515 2002 1634">
    <p class='ocr_par' dir='ltr' id='par_1_14' title="bbox 426 1515 2002 1634">
     <span class='ocr_line' id='line_1_16' title="bbox 427 1515 1336 1537; baseline -0.036 -2"><span class='ocrx_word' id='word_1_109' title='bbox 427 1515 732 1534; x_wconf 56' lang='lat' dir='ltr'><strong><em>sum“--.</em></strong></span> <span class='ocrx_word' id='word_1_110' title='bbox 916 1515 937 1517; x_wconf 63' lang='lat'><strong><em>,-</em></strong></span> <span class='ocrx_word' id='word_1_111' title='bbox 1011 1515 1020 1522; x_wconf 74' lang='grc'>,</span> <span class='ocrx_word' id='word_1_112' title='bbox 1161 1515 1175 1524; x_wconf 87' lang='lat'>_</span> <span class='ocrx_word' id='word_1_113' title='bbox 1326 1515 1336 1516; x_wconf 18' lang='grc' dir='ltr'>ί</span> 
     </span>
     <span class='ocr_line' id='line_1_17' title="bbox 426 1515 2002 1634; baseline -0.036 -10"><span class='ocrx_word' id='word_1_114' title='bbox 426 1568 642 1634; x_wconf 87' lang='lat' dir='ltr'><strong><em>accipe;</em></strong></span> <span class='ocrx_word' id='word_1_115' title='bbox 673 1573 868 1632; x_wconf 65' lang='lat' dir='ltr'><strong><em>qurere,</em></strong></span> <span class='ocrx_word' id='word_1_116' title='bbox 898 1562 953 1608; x_wconf 88' lang='lat' dir='ltr'><strong><em>et</em></strong></span> <span class='ocrx_word' id='word_1_117' title='bbox 981 1546 1250 1606; x_wconf 82' lang='lat' dir='ltr'><strong><em>invenies;</em></strong></span> <span class='ocrx_word' id='word_1_118' title='bbox 1283 1537 1464 1608; x_wconf 89' lang='lat' dir='ltr'><strong><em>pulsa,</em></strong></span> <span class='ocrx_word' id='word_1_119' title='bbox 1496 1540 1550 1586; x_wconf 90' lang='lat' dir='ltr'><strong><em>et</em></strong></span> <span class='ocrx_word' id='word_1_120' title='bbox 1590 1525 1858 1625; x_wconf 76' lang='lat' dir='ltr'><strong><em>aperietur</em></strong></span> <span class='ocrx_word' id='word_1_121' title='bbox 1887 1515 2002 1634; x_wconf 58' lang='lat' dir='ltr'><strong><em>t‘ibi.</em></strong></span> 
     </span>
    </p>
   </div>
   <div class='ocr_carea' id='block_1_15' title="bbox 429 1611 2006 1723">
    <p class='ocr_par' dir='ltr' id='par_1_15' title="bbox 429 1611 2006 1723">
     <span class='ocr_line' id='line_1_18' title="bbox 429 1611 2006 1723; baseline -0.037 -5"><span class='ocrx_word' id='word_1_122' title='bbox 429 1611 657 1721; x_wconf 42' lang='lat' dir='ltr'><strong><em>institit:</em></strong></span> <span class='ocrx_word' id='word_1_123' title='bbox 676 1611 938 1723; x_wconf 71' lang='lat' dir='ltr'><strong><em>1pulsavit.</em></strong></span> <span class='ocrx_word' id='word_1_124' title='bbox 970 1643 1102 1697; x_wconf 85' lang='lat' dir='ltr'><strong><em>Nam</em></strong></span> <span class='ocrx_word' id='word_1_125' title='bbox 1129 1646 1184 1694; x_wconf 85' lang='lat' dir='ltr'><strong><em>et</em></strong></span> <span class='ocrx_word' id='word_1_126' title='bbox 1212 1629 1467 1690; x_wconf 80' lang='lat' dir='ltr'><strong><em>Dominus</em></strong></span> <span class='ocrx_word' id='word_1_127' title='bbox 1501 1621 1710 1695; x_wconf 90' lang='lat' dir='ltr'><strong><em>quando</em></strong></span> <span class='ocrx_word' id='word_1_128' title='bbox 1728 1614 1866 1719; x_wconf 57' lang='lat' dir='ltr'><strong><em>diuit</em></strong></span> <span class='ocrx_word' id='word_1_129' title='bbox 1891 1611 2006 1723; x_wconf 55' lang='lat' dir='ltr'><strong><em>harlc</em></strong></span> 
     </span>
    </p>
   </div>
   <div class='ocr_carea' id='block_1_16' title="bbox 429 1701 2008 1810">
    <p class='ocr_par' dir='ltr' id='par_1_16' title="bbox 429 1701 2008 1810">
     <span class='ocr_line' id='line_1_19' title="bbox 429 1701 2008 1810; baseline -0.032 -8"><span class='ocrx_word' id='word_1_130' title='bbox 429 1749 612 1810; x_wconf 86' lang='lat' dir='ltr'><strong><em>verba,</em></strong></span> <span class='ocrx_word' id='word_1_131' title='bbox 641 1701 824 1803; x_wconf 51' lang='lat' dir='ltr'><strong><em>,Pletitc,</em></strong></span> <span class='ocrx_word' id='word_1_132' title='bbox 853 1746 899 1792; x_wconf 88' lang='lat' dir='ltr'><strong><em>et</em></strong></span> <span class='ocrx_word' id='word_1_133' title='bbox 929 1729 1219 1802; x_wconf 73' lang='lat' dir='ltr'><strong><em>accipietis;</em></strong></span> <span class='ocrx_word' id='word_1_134' title='bbox 1249 1721 1474 1794; x_wconf 68' lang='lat' dir='ltr'><strong><em>quaerite,</em></strong></span> <span class='ocrx_word' id='word_1_135' title='bbox 1503 1725 1548 1769; x_wconf 89' lang='lat' dir='ltr'><strong><em>ct</em></strong></span> <span class='ocrx_word' id='word_1_136' title='bbox 1577 1708 1868 1769; x_wconf 87' lang='lat' dir='ltr'><strong><em>invenietis;</em></strong></span> <span class='ocrx_word' id='word_1_137' title='bbox 1893 1701 2008 1774; x_wconf 82' lang='lat' dir='ltr'><strong><em>pul-</em></strong></span> 
     </span>
    </p>
   </div>
   <div class='ocr_carea' id='block_1_17' title="bbox 431 1802 2008 1904">
    <p class='ocr_par' dir='ltr' id='par_1_17' title="bbox 431 1802 2008 1904">
     <span class='ocr_line' id='line_1_20' title="bbox 431 1802 2008 1904; baseline -0.034 -6"><span class='ocrx_word' id='word_1_138' title='bbox 431 1851 556 1902; x_wconf 86' lang='lat' dir='ltr'><strong><em>sate,</em></strong></span> <span class='ocrx_word' id='word_1_139' title='bbox 580 1845 626 1890; x_wconf 89' lang='lat' dir='ltr'><strong><em>et</em></strong></span> <span class='ocrx_word' id='word_1_140' title='bbox 651 1832 903 1904; x_wconf 81' lang='lat' dir='ltr'><strong><em>aperietur</em></strong></span> <span class='ocrx_word' id='word_1_141' title='bbox 921 1825 1093 1884; x_wconf 87' lang='lat' dir='ltr'><strong><em>vobis;</em></strong></span> <span class='ocrx_word' id='word_1_142' title='bbox 1123 1831 1283 1886; x_wconf 84' lang='lat' dir='ltr'><strong><em>supra</em></strong></span> <span class='ocrx_word' id='word_1_143' title='bbox 1311 1812 1550 1872; x_wconf 78' lang='lat' dir='ltr'><strong><em>dixerat,</em></strong></span> <span class='ocrx_word' id='word_1_144' title='bbox 1579 1802 1752 1856; x_wconf 83' lang='lat' dir='ltr'><strong><em>Nolite</em></strong></span> <span class='ocrx_word' id='word_1_145' title='bbox 1775 1803 2008 1873; x_wconf 84' lang='lat' dir='ltr'><strong><em>sanctum</em></strong></span> 
     </span>
    </p>
   </div>
   <div class='ocr_carea' id='block_1_18' title="bbox 432 1893 2010 1990">
    <p class='ocr_par' dir='ltr' id='par_1_18' title="bbox 432 1893 2010 1990">
     <span class='ocr_line' id='line_1_21' title="bbox 432 1893 2010 1990; baseline -0.035 0"><span class='ocrx_word' id='word_1_146' title='bbox 432 1893 556 1990; x_wconf 72' lang='lat' dir='ltr'><strong><em>dare</em></strong></span> <span class='ocrx_word' id='word_1_147' title='bbox 583 1893 805 1988; x_wconf 79' lang='lat' dir='ltr'><strong><em>canibus,</em></strong></span> <span class='ocrx_word' id='word_1_148' title='bbox 837 1933 996 1988; x_wconf 87' lang='lat' dir='ltr'><strong><em>neque</em></strong></span> <span class='ocrx_word' id='word_1_149' title='bbox 1023 1906 1328 1986; x_wconf 87' lang='lat' dir='ltr'><strong><em>projeceritis</em></strong></span> <span class='ocrx_word' id='word_1_150' title='bbox 1353 1897 1651 1971; x_wconf 83' lang='lat' dir='ltr'><strong><em>margaritas</em></strong></span> <span class='ocrx_word' id='word_1_151' title='bbox 1679 1901 1867 1946; x_wconf 88' lang='lat' dir='ltr'><strong><em>vestras</em></strong></span> <span class='ocrx_word' id='word_1_152' title='bbox 1894 1893 2010 1984; x_wconf 75' lang='lat' dir='ltr'><strong><em>ante</em></strong></span> 
     </span>
    </p>
   </div>
   <div class='ocr_carea' id='block_1_19' title="bbox 441 2262 1920 2355">
    <p class='ocr_par' dir='ltr' id='par_1_19' title="bbox 441 2262 1920 2355">
     <span class='ocr_line' id='line_1_22' title="bbox 441 2262 1920 2355; baseline -0.03 -4"><span class='ocrx_word' id='word_1_153' title='bbox 441 2262 611 2355; x_wconf 54' lang='lat' dir='ltr'><strong><em>vobis.</em></strong></span> <span class='ocrx_word' id='word_1_154' title='bbox 636 2292 812 2350; x_wconf 84' lang='lat' dir='ltr'><strong><em>Nolite</em></strong></span> <span class='ocrx_word' id='word_1_155' title='bbox 837 2262 966 2355; x_wconf 78' lang='lat' dir='ltr'><strong><em>ergo</em></strong></span> <span class='ocrx_word' id='word_1_156' title='bbox 995 2279 1098 2336; x_wconf 87' lang='lat' dir='ltr'><strong><em>illis</em></strong></span> <span class='ocrx_word' id='word_1_157' title='bbox 1125 2273 1386 2346; x_wconf 79' lang='lat' dir='ltr'><strong><em>projicere</em></strong></span> <span class='ocrx_word' id='word_1_158' title='bbox 1409 2280 1528 2337; x_wconf 73' lang='lat' dir='ltr'><strong><em>quae</em></strong></span> <span class='ocrx_word' id='word_1_159' title='bbox 1552 2262 1920 2355; x_wconf 74' lang='lat' dir='ltr'><strong><em>contemnunt.</em></strong></span> 
     </span>
    </p>
   </div>
   <div class='ocr_carea' id='block_1_20' title="bbox 511 2345 2020 2449">
    <p class='ocr_par' dir='ltr' id='par_1_20' title="bbox 511 2345 2020 2449">
     <span class='ocr_line' id='line_1_23' title="bbox 511 2345 2020 2449; baseline -0.032 -4"><span class='ocrx_word' id='word_1_160' title='bbox 857 2345 1012 2449; x_wconf 56' lang='grc' dir='ltr'><strong><em>φῖτυ-θ</em></strong></span> <span class='ocrx_word' id='word_1_161' title='bbox 1040 2345 1206 2425; x_wconf 80' lang='lat' dir='ltr'><strong><em>canes.</em></strong></span> <span class='ocrx_word' id='word_1_162' title='bbox 1251 2365 1318 2418; x_wconf 91' lang='lat' dir='ltr'><strong><em>Et</em></strong></span> <span class='ocrx_word' id='word_1_163' title='bbox 1341 2351 1858 2416; x_wconf 84' lang='lat' dir='ltr'><strong><em>undediscernimus</em></strong></span> <span class='ocrx_word' id='word_1_164' title='bbox 1881 2345 2020 2417; x_wconf 87' lang='lat' dir='ltr'><strong><em>(tan-</em></strong></span> 
     </span>
    </p>
   </div>
   <div class='ocr_carea' id='block_1_21' title="bbox 441 2437 2018 2554">
    <p class='ocr_par' dir='ltr' id='par_1_21' title="bbox 441 2437 2018 2554">
     <span class='ocr_line' id='line_1_24' title="bbox 441 2437 2018 2554; baseline -0.03 -14"><span class='ocrx_word' id='word_1_165' title='bbox 441 2437 600 2554; x_wconf 62' lang='lat' dir='ltr'><strong><em>quam</em></strong></span> <span class='ocrx_word' id='word_1_166' title='bbox 643 2437 1049 2546; x_wconf 66' lang='lat' dir='ltr'><strong><em>responderent)</em></strong></span> <span class='ocrx_word' id='word_1_167' title='bbox 1084 2461 1174 2533; x_wconf 86' lang='lat' dir='ltr'><strong>qui</strong></span> <span class='ocrx_word' id='word_1_168' title='bbox 1221 2459 1330 2512; x_wconf 84' lang='lat' dir='ltr'><strong><em>sint</em></strong></span> <span class='ocrx_word' id='word_1_169' title='bbox 1375 2451 1542 2523; x_wconf 88' lang='lat' dir='ltr'><strong><em>porci,</em></strong></span> <span class='ocrx_word' id='word_1_170' title='bbox 1579 2448 1668 2518; x_wconf 91' lang='lat' dir='ltr'><strong><em>qui</em></strong></span> <span class='ocrx_word' id='word_1_171' title='bbox 1694 2446 1800 2500; x_wconf 91' lang='lat' dir='ltr'><strong><em>sint</em></strong></span> <span class='ocrx_word' id='word_1_172' title='bbox 1817 2437 2018 2498; x_wconf 83' lang='lat' dir='ltr'><strong><em>canes?</em></strong></span> 
     </span>
    </p>
   </div>
   <div class='ocr_carea' id='block_1_22' title="bbox 443 2531 2020 2629">
    <p class='ocr_par' dir='ltr' id='par_1_22' title="bbox 443 2531 2020 2629">
     <span class='ocr_line' id='line_1_25' title="bbox 443 2531 2020 2629; baseline -0.028 0"><span class='ocrx_word' id='word_1_173' title='bbox 443 2531 556 2629; x_wconf 52' lang='lat' dir='ltr'><strong><em>l&#39;loc</em></strong></span> <span class='ocrx_word' id='word_1_174' title='bbox 575 2571 626 2624; x_wconf 89' lang='lat' dir='ltr'><strong><em>in</em></strong></span> <span class='ocrx_word' id='word_1_175' title='bbox 644 2531 985 2621; x_wconf 59' lang='lat' dir='ltr'><strong><em>istdmuliere</em></strong></span> <span class='ocrx_word' id='word_1_176' title='bbox 1004 2531 1424 2610; x_wconf 84' lang='lat' dir='ltr'><strong><em>demonstratum</em></strong></span> <span class='ocrx_word' id='word_1_177' title='bbox 1449 2553 1548 2598; x_wconf 86' lang='lat' dir='ltr'><strong><em>est.</em></strong></span> <span class='ocrx_word' id='word_1_178' title='bbox 1563 2541 1696 2595; x_wconf 84' lang='lat' dir='ltr'><strong><em>Nam</em></strong></span> <span class='ocrx_word' id='word_1_179' title='bbox 1715 2538 1788 2591; x_wconf 91' lang='lat' dir='ltr'><strong><em>illi</em></strong></span> <span class='ocrx_word' id='word_1_180' title='bbox 1806 2531 2020 2590; x_wconf 86' lang='lat' dir='ltr'><strong><em>mulieri</em></strong></span> 
     </span>
    </p>
   </div>
   <div class='ocr_carea' id='block_1_23' title="bbox 441 2630 2022 2724">
    <p class='ocr_par' dir='ltr' id='par_1_23' title="bbox 441 2630 2022 2724">
     <span class='ocr_line' id='line_1_26' title="bbox 441 2630 2022 2724; baseline -0.027 -5"><span class='ocrx_word' id='word_1_181' title='bbox 441 2661 660 2720; x_wconf 75' lang='lat' dir='ltr'><strong><em>instanti</em></strong></span> <span class='ocrx_word' id='word_1_182' title='bbox 695 2650 968 2724; x_wconf 83' lang='lat' dir='ltr'><strong><em>respondit</em></strong></span> <span class='ocrx_word' id='word_1_183' title='bbox 1008 2648 1111 2702; x_wconf 88' lang='lat' dir='ltr'><strong><em>hoc</em></strong></span> <span class='ocrx_word' id='word_1_184' title='bbox 1138 2661 1151 2696; x_wconf 93' lang='lat'><strong>:</strong></span> <span class='ocrx_word' id='word_1_185' title='bbox 1183 2640 1304 2695; x_wconf 83' lang='lat' dir='ltr'><strong><em>Non</em></strong></span> <span class='ocrx_word' id='word_1_186' title='bbox 1330 2647 1402 2692; x_wconf 85' lang='lat' dir='ltr'><strong><em>est</em></strong></span> <span class='ocrx_word' id='word_1_187' title='bbox 1431 2635 1614 2689; x_wconf 87' lang='lat' dir='ltr'><strong><em>bonum</em></strong></span> <span class='ocrx_word' id='word_1_188' title='bbox 1639 2630 1810 2684; x_wconf 85' lang='lat' dir='ltr'><strong><em>tollere</em></strong></span> <span class='ocrx_word' id='word_1_189' title='bbox 1842 2639 2022 2697; x_wconf 81' lang='lat' dir='ltr'><strong><em>panem</em></strong></span> 
     </span>
    </p>
   </div>
   <div class='ocr_carea' id='block_1_24' title="bbox 447 2717 2020 2823">
    <p class='ocr_par' dir='ltr' id='par_1_24' title="bbox 447 2717 2020 2823">
     <span class='ocr_line' id='line_1_27' title="bbox 447 2717 2020 2823; baseline -0.026 -13"><span class='ocrx_word' id='word_1_190' title='bbox 447 2755 666 2823; x_wconf 83' lang='lat' dir='ltr'><strong><em>ﬁliorum</em></strong></span> <span class='ocrx_word' id='word_1_191' title='bbox 683 2791 698 2814; x_wconf 93' lang='lat'><strong><em>,</em></strong></span> <span class='ocrx_word' id='word_1_192' title='bbox 724 2758 772 2803; x_wconf 89' lang='lat' dir='ltr'><strong><em>et</em></strong></span> <span class='ocrx_word' id='word_1_193' title='bbox 787 2717 991 2798; x_wconf 40' lang='lat' dir='ltr'><strong><em>&#39;mittere</em></strong></span> <span class='ocrx_word' id='word_1_194' title='bbox 1015 2736 1237 2792; x_wconf 89' lang='lat' dir='ltr'><strong><em>canibus.</em></strong></span> <span class='ocrx_word' id='word_1_195' title='bbox 1269 2729 1430 2786; x_wconf 86' lang='lat' dir='ltr'><strong><em>Canis</em></strong></span> <span class='ocrx_word' id='word_1_196' title='bbox 1454 2743 1512 2781; x_wconf 88' lang='lat' dir='ltr'><strong><em>es</em></strong></span> <span class='ocrx_word' id='word_1_197' title='bbox 1529 2767 1543 2789; x_wconf 92' lang='lat'><strong><em>,</em></strong></span> <span class='ocrx_word' id='word_1_198' title='bbox 1574 2739 1675 2776; x_wconf 90' lang='lat' dir='ltr'><strong><em>una</em></strong></span> <span class='ocrx_word' id='word_1_199' title='bbox 1701 2737 1763 2777; x_wconf 90' lang='lat' dir='ltr'><strong><em>es</em></strong></span> <span class='ocrx_word' id='word_1_200' title='bbox 1783 2735 1848 2775; x_wconf 78' lang='lat' dir='ltr'><strong><em>ex</em></strong></span> <span class='ocrx_word' id='word_1_201' title='bbox 1875 2717 2020 2773; x_wconf 81' lang='lat' dir='ltr'><strong><em>Gen-</em></strong></span> 
     </span>
    </p>
   </div>
   <div class='ocr_carea' id='block_1_25' title="bbox 445 2810 2020 2910">
    <p class='ocr_par' dir='ltr' id='par_1_25' title="bbox 445 2810 2020 2910">
     <span class='ocr_line' id='line_1_28' title="bbox 445 2810 2020 2910; baseline -0.027 -7"><span class='ocrx_word' id='word_1_202' title='bbox 445 2810 584 2902; x_wconf 68' lang='lat' dir='ltr'><strong><em>iibus</em></strong></span> <span class='ocrx_word' id='word_1_203' title='bbox 603 2885 618 2910; x_wconf 90' lang='lat'><strong><em>,</em></strong></span> <span class='ocrx_word' id='word_1_204' title='bbox 659 2810 799 2897; x_wconf 85' lang='lat' dir='ltr'><strong><em>idola</em></strong></span> <span class='ocrx_word' id='word_1_205' title='bbox 841 2833 1053 2888; x_wconf 87' lang='lat' dir='ltr'><strong><em>adoras.</em></strong></span> <span class='ocrx_word' id='word_1_206' title='bbox 1082 2825 1220 2895; x_wconf 81' lang='lat' dir='ltr'><strong>Quid</strong></span> <span class='ocrx_word' id='word_1_207' title='bbox 1245 2831 1419 2876; x_wconf 88' lang='lat' dir='ltr'><strong><em>autem</em></strong></span> <span class='ocrx_word' id='word_1_208' title='bbox 1447 2827 1554 2872; x_wconf 87' lang='lat' dir='ltr'><strong><em>tam</em></strong></span> <span class='ocrx_word' id='word_1_209' title='bbox 1582 2812 1842 2868; x_wconf 78' lang='lat' dir='ltr'><strong><em>familiare</em></strong></span> <span class='ocrx_word' id='word_1_210' title='bbox 1869 2810 2020 2864; x_wconf 85' lang='lat' dir='ltr'><strong><em>cani-</em></strong></span> 
     </span>
    </p>
   </div>
   <div class='ocr_carea' id='block_1_26' title="bbox 447 2907 2026 3006">
    <p class='ocr_par' dir='ltr' id='par_1_26' title="bbox 447 2907 2026 3006">
     <span class='ocr_line' id='line_1_29' title="bbox 447 2907 2026 3006; baseline -0.029 -10"><span class='ocrx_word' id='word_1_211' title='bbox 447 2942 566 3004; x_wconf 83' lang='lat' dir='ltr'><strong><em>bus,</em></strong></span> <span class='ocrx_word' id='word_1_212' title='bbox 595 2907 753 3006; x_wconf 82' lang='lat' dir='ltr'><strong><em>quam</em></strong></span> <span class='ocrx_word' id='word_1_213' title='bbox 780 2927 983 2999; x_wconf 81' lang='lat' dir='ltr'><strong><em>lapides</em></strong></span> <span class='ocrx_word' id='word_1_214' title='bbox 1017 2917 1256 2990; x_wconf 80' lang='lat' dir='ltr'><strong><em>lingere?</em></strong></span> <span class='ocrx_word' id='word_1_215' title='bbox 1282 2913 1404 2968; x_wconf 90' lang='lat' dir='ltr'><strong><em>Non</em></strong></span> <span class='ocrx_word' id='word_1_216' title='bbox 1441 2919 1512 2965; x_wconf 85' lang='lat' dir='ltr'><strong><em>est</em></strong></span> <span class='ocrx_word' id='word_1_217' title='bbox 1548 2921 1665 2977; x_wconf 85' lang='lat' dir='ltr'><strong><em>ergo</em></strong></span> <span class='ocrx_word' id='word_1_218' title='bbox 1694 2907 1876 2960; x_wconf 87' lang='lat' dir='ltr'><strong><em>bonum</em></strong></span> <span class='ocrx_word' id='word_1_219' title='bbox 1893 2943 1908 2968; x_wconf 91' lang='lat'><strong><em>,</em></strong></span> <span class='ocrx_word' id='word_1_220' title='bbox 1933 2916 2026 3006; x_wconf 67' lang='lat' dir='ltr'><strong><em>pa—</em></strong></span> 
     </span>
    </p>
   </div>
   <div class='ocr_carea' id='block_1_27' title="bbox 447 2991 2028 3098">
    <p class='ocr_par' dir='ltr' id='par_1_27' title="bbox 447 2991 2028 3098">
     <span class='ocr_line' id='line_1_30' title="bbox 447 2991 2028 3098; baseline -0.028 -10"><span class='ocrx_word' id='word_1_221' title='bbox 447 2991 566 3088; x_wconf 70' lang='lat' dir='ltr'><strong><em>neni</em></strong></span> <span class='ocrx_word' id='word_1_222' title='bbox 589 2991 810 3098; x_wconf 75' lang='lat' dir='ltr'><strong><em>filiorum</em></strong></span> <span class='ocrx_word' id='word_1_223' title='bbox 837 2991 1045 3080; x_wconf 65' lang='lat' dir='ltr'><strong><em>iollere,</em></strong></span> <span class='ocrx_word' id='word_1_224' title='bbox 1075 3023 1121 3067; x_wconf 85' lang='lat' dir='ltr'><strong><em>et</em></strong></span> <span class='ocrx_word' id='word_1_225' title='bbox 1148 3010 1336 3064; x_wconf 81' lang='lat' dir='ltr'><strong><em>mittere</em></strong></span> <span class='ocrx_word' id='word_1_226' title='bbox 1364 3002 1587 3059; x_wconf 82' lang='lat' dir='ltr'><strong><em>canibus.</em></strong></span> <span class='ocrx_word' id='word_1_227' title='bbox 1624 2998 1714 3052; x_wconf 84' lang='lat' dir='ltr'><strong><em>illa</em></strong></span> <span class='ocrx_word' id='word_1_228' title='bbox 1739 2997 1784 3050; x_wconf 91' lang='lat' dir='ltr'><strong><em>si</em></strong></span> <span class='ocrx_word' id='word_1_229' title='bbox 1811 2991 2028 3050; x_wconf 81' lang='lat' dir='ltr'><strong><em>recede-</em></strong></span> 
     </span>
    </p>
   </div>
   <div class='ocr_carea' id='block_1_28' title="bbox 449 3088 2029 3190">
    <p class='ocr_par' dir='ltr' id='par_1_28' title="bbox 449 3088 2029 3190">
     <span class='ocr_line' id='line_1_31' title="bbox 449 3088 2029 3190; baseline -0.025 -14"><span class='ocrx_word' id='word_1_230' title='bbox 449 3127 534 3176; x_wconf 89' lang='lat' dir='ltr'><strong><em>ret</em></strong></span> <span class='ocrx_word' id='word_1_231' title='bbox 560 3088 683 3190; x_wconf 77' lang='lat' dir='ltr'><strong><em>post</em></strong></span> <span class='ocrx_word' id='word_1_232' title='bbox 705 3115 822 3169; x_wconf 81' lang='lat' dir='ltr'><strong><em>haec</em></strong></span> <span class='ocrx_word' id='word_1_233' title='bbox 849 3109 1027 3172; x_wconf 86' lang='lat' dir='ltr'><strong><em>verba,</em></strong></span> <span class='ocrx_word' id='word_1_234' title='bbox 1057 3103 1204 3158; x_wconf 89' lang='lat' dir='ltr'><strong><em>canis</em></strong></span> <span class='ocrx_word' id='word_1_235' title='bbox 1223 3102 1543 3159; x_wconf 84' lang='lat' dir='ltr'><strong><em>accesserat,</em></strong></span> <span class='ocrx_word' id='word_1_236' title='bbox 1577 3091 1725 3146; x_wconf 91' lang='lat' dir='ltr'><strong><em>canis</em></strong></span> <span class='ocrx_word' id='word_1_237' title='bbox 1751 3088 2029 3141; x_wconf 85' lang='lat' dir='ltr'><strong><em>abscesse-</em></strong></span> 
     </span>
    </p>
   </div>
   <div class='ocr_carea' id='block_1_29' title="bbox 451 3174 2030 3275">
    <p class='ocr_par' dir='ltr' id='par_1_29' title="bbox 451 3174 2030 3275">
     <span class='ocr_line' id='line_1_32' title="bbox 451 3174 2030 3275; baseline -0.026 -7"><span class='ocrx_word' id='word_1_238' title='bbox 555 3174 580 3268; x_wconf 51' lang='grc' dir='ltr'><strong><em>ε’</em></strong></span> <span class='ocrx_word' id='word_1_239' title='bbox 601 3207 695 3263; x_wconf 83' lang='lat' dir='ltr'><strong><em>sed</em></strong></span> <span class='ocrx_word' id='word_1_240' title='bbox 723 3199 1004 3275; x_wconf 86' lang='lat' dir='ltr'><strong><em>pulsando,</em></strong></span> <span class='ocrx_word' id='word_1_241' title='bbox 1035 3197 1197 3251; x_wconf 87' lang='lat' dir='ltr'><strong><em>homo</em></strong></span> <span class='ocrx_word' id='word_1_242' title='bbox 1244 3190 1380 3245; x_wconf 80' lang='lat' dir='ltr'><strong><em>facta</em></strong></span> <span class='ocrx_word' id='word_1_243' title='bbox 1414 3193 1497 3242; x_wconf 85' lang='lat' dir='ltr'><strong><em>est</em></strong></span> <span class='ocrx_word' id='word_1_244' title='bbox 1522 3199 1586 3239; x_wconf 82' lang='lat' dir='ltr'><strong><em>ex</em></strong></span> <span class='ocrx_word' id='word_1_245' title='bbox 1611 3195 1744 3236; x_wconf 87' lang='lat' dir='ltr'><strong><em>cane</em></strong></span> <span class='ocrx_word' id='word_1_246' title='bbox 1769 3181 1811 3229; x_wconf 81' lang='lat'><strong><em>&#39;.</em></strong></span> <span class='ocrx_word' id='word_1_247' title='bbox 1838 3174 2030 3231; x_wconf 85' lang='lat' dir='ltr'><strong><em>lnstitit</em></strong></span> 
     </span>
    </p>
   </div>
   <div class='ocr_carea' id='block_1_30' title="bbox 447 3271 2028 3368">
    <p class='ocr_par' dir='ltr' id='par_1_30' title="bbox 447 3271 2028 3368">
     <span class='ocr_line' id='line_1_33' title="bbox 447 3271 2028 3368; baseline -0.022 -11"><span class='ocrx_word' id='word_1_248' title='bbox 447 3302 592 3356; x_wconf 86' lang='lat' dir='ltr'><strong><em>enim</em></strong></span> <span class='ocrx_word' id='word_1_249' title='bbox 619 3271 848 3368; x_wconf 75' lang='lat' dir='ltr'><strong><em>petendo</em></strong></span> <span class='ocrx_word' id='word_1_250' title='bbox 868 3335 883 3360; x_wconf 91' lang='lat'><strong><em>,</em></strong></span> <span class='ocrx_word' id='word_1_251' title='bbox 914 3299 968 3346; x_wconf 91' lang='lat' dir='ltr'><strong><em>et</em></strong></span> <span class='ocrx_word' id='word_1_252' title='bbox 995 3304 1062 3344; x_wconf 74' lang='lat' dir='ltr'><strong><em>ex</em></strong></span> <span class='ocrx_word' id='word_1_253' title='bbox 1089 3288 1202 3356; x_wconf 88' lang='lat' dir='ltr'><strong><em>ipso</em></strong></span> <span class='ocrx_word' id='word_1_254' title='bbox 1228 3279 1386 3338; x_wconf 82' lang='lat' dir='ltr'><strong><em>veluti</em></strong></span> <span class='ocrx_word' id='word_1_255' title='bbox 1412 3275 1651 3333; x_wconf 90' lang='lat' dir='ltr'><strong><em>convicio</em></strong></span> <span class='ocrx_word' id='word_1_256' title='bbox 1676 3271 2028 3327; x_wconf 84' lang='lat' dir='ltr'><strong><em>humilitatem</em></strong></span> 
     </span>
    </p>
   </div>
   <div class='ocr_carea' id='block_1_31' title="bbox 451 3365 2027 3458">
    <p class='ocr_par' dir='ltr' id='par_1_31' title="bbox 451 3365 2027 3458">
     <span class='ocr_line' id='line_1_34' title="bbox 451 3365 2027 3458; baseline -0.021 -10"><span class='ocrx_word' id='word_1_257' title='bbox 451 3365 702 3458; x_wconf 81' lang='lat' dir='ltr'><strong><em>ostendit,</em></strong></span> <span class='ocrx_word' id='word_1_258' title='bbox 727 3381 1143 3442; x_wconf 87' lang='lat' dir='ltr'><strong><em>misericordiam</em></strong></span> <span class='ocrx_word' id='word_1_259' title='bbox 1172 3372 1488 3445; x_wconf 82' lang='lat' dir='ltr'><strong><em>impetravit.</em></strong></span> <span class='ocrx_word' id='word_1_260' title='bbox 1513 3369 1694 3438; x_wconf 81' lang='lat' dir='ltr'><strong><em>Neque</em></strong></span> <span class='ocrx_word' id='word_1_261' title='bbox 1712 3365 1852 3420; x_wconf 90' lang='lat' dir='ltr'><strong><em>enim</em></strong></span> <span class='ocrx_word' id='word_1_262' title='bbox 1875 3377 2027 3418; x_wconf 82' lang='lat' dir='ltr'><strong><em>com-</em></strong></span> 
     </span>
    </p>
   </div>
   <div class='ocr_carea' id='block_1_32' title="bbox 454 3453 2032 3544">
    <p class='ocr_par' dir='ltr' id='par_1_32' title="bbox 454 3453 2032 3544">
     <span class='ocr_line' id='line_1_35' title="bbox 454 3453 2032 3544; baseline -0.019 -7"><span class='ocrx_word' id='word_1_263' title='bbox 454 3489 596 3536; x_wconf 88' lang='lat' dir='ltr'><strong><em>mota</em></strong></span> <span class='ocrx_word' id='word_1_264' title='bbox 625 3453 735 3544; x_wconf 80' lang='lat' dir='ltr'><strong><em>est,</em></strong></span> <span class='ocrx_word' id='word_1_265' title='bbox 763 3485 854 3531; x_wconf 88' lang='lat' dir='ltr'><strong><em>aut</em></strong></span> <span class='ocrx_word' id='word_1_266' title='bbox 878 3468 1210 3531; x_wconf 85' lang='lat' dir='ltr'><strong><em>succensuit,</em></strong></span> <span class='ocrx_word' id='word_1_267' title='bbox 1250 3463 1390 3536; x_wconf 89' lang='lat' dir='ltr'><strong><em>quod</em></strong></span> <span class='ocrx_word' id='word_1_268' title='bbox 1419 3462 1566 3516; x_wconf 85' lang='lat' dir='ltr'><strong><em>canis</em></strong></span> <span class='ocrx_word' id='word_1_269' title='bbox 1587 3457 1844 3528; x_wconf 88' lang='lat' dir='ltr'><strong><em>appellata</em></strong></span> <span class='ocrx_word' id='word_1_270' title='bbox 1875 3453 2032 3508; x_wconf 76' lang='lat' dir='ltr'><strong><em>fuerit</em></strong></span> 
     </span>
    </p>
   </div>
   <div class='ocr_carea' id='block_1_33' title="bbox 452 3546 2027 3645">
    <p class='ocr_par' dir='ltr' id='par_1_33' title="bbox 452 3546 2027 3645">
     <span class='ocr_line' id='line_1_36' title="bbox 452 3546 2027 3645; baseline -0.02 -15"><span class='ocrx_word' id='word_1_271' title='bbox 452 3583 642 3645; x_wconf 78' lang='lat' dir='ltr'><strong><em>petens</em></strong></span> <span class='ocrx_word' id='word_1_272' title='bbox 681 3568 996 3624; x_wconf 82' lang='lat' dir='ltr'><strong><em>beneﬁcium</em></strong></span> <span class='ocrx_word' id='word_1_273' title='bbox 1019 3604 1033 3630; x_wconf 91' lang='lat'><strong><em>,</em></strong></span> <span class='ocrx_word' id='word_1_274' title='bbox 1074 3575 1268 3630; x_wconf 80' lang='lat' dir='ltr'><strong><em>rogans</em></strong></span> <span class='ocrx_word' id='word_1_275' title='bbox 1313 3551 1769 3611; x_wconf 85' lang='lat' dir='ltr'><strong><em>misericordiam:</em></strong></span> <span class='ocrx_word' id='word_1_276' title='bbox 1799 3547 1891 3603; x_wconf 86' lang='lat' dir='ltr'><strong><em>sed</em></strong></span> <span class='ocrx_word' id='word_1_277' title='bbox 1919 3546 2027 3610; x_wconf 85' lang='lat' dir='ltr'><strong><em>ait,</em></strong></span> 
     </span>
    </p>
   </div>
   <div class='ocr_carea' id='block_1_34' title="bbox 460 3642 2028 3729">
    <p class='ocr_par' dir='ltr' id='par_1_34' title="bbox 460 3642 2028 3729">
     <span class='ocr_line' id='line_1_37' title="bbox 460 3642 2028 3729; baseline -0.02 -9"><span class='ocrx_word' id='word_1_278' title='bbox 460 3642 575 3729; x_wconf 70' lang='lat' dir='ltr'><strong><em>ita,</em></strong></span> <span class='ocrx_word' id='word_1_279' title='bbox 604 3654 1054 3717; x_wconf 77' lang='lat' dir='ltr'><strong><em>Domine:dixisti</em></strong></span> <span class='ocrx_word' id='word_1_280' title='bbox 1099 3667 1186 3707; x_wconf 86' lang='lat' dir='ltr'><strong><em>me</em></strong></span> <span class='ocrx_word' id='word_1_281' title='bbox 1227 3662 1448 3709; x_wconf 87' lang='lat' dir='ltr'><strong><em>canem;</em></strong></span> <span class='ocrx_word' id='word_1_282' title='bbox 1482 3645 1638 3714; x_wconf 86' lang='lat' dir='ltr'><strong><em>plane</em></strong></span> <span class='ocrx_word' id='word_1_283' title='bbox 1682 3642 1829 3696; x_wconf 89' lang='lat' dir='ltr'><strong><em>canis</em></strong></span> <span class='ocrx_word' id='word_1_284' title='bbox 1875 3652 2028 3700; x_wconf 89' lang='lat' dir='ltr'><strong><em>sum,</em></strong></span> 
     </span>
    </p>
   </div>
   <div class='ocr_carea' id='block_1_35' title="bbox 459 3729 2034 3827">
    <p class='ocr_par' dir='ltr' id='par_1_35' title="bbox 459 3729 2034 3827">
     <span class='ocr_line' id='line_1_38' title="bbox 459 3729 2034 3827; baseline -0.02 -15"><span class='ocrx_word' id='word_1_285' title='bbox 459 3769 692 3827; x_wconf 86' lang='lat' dir='ltr'><strong><em>agnosco</em></strong></span> <span class='ocrx_word' id='word_1_286' title='bbox 736 3765 932 3807; x_wconf 89' lang='lat' dir='ltr'><strong><em>nomen</em></strong></span> <span class='ocrx_word' id='word_1_287' title='bbox 979 3758 1194 3808; x_wconf 88' lang='lat' dir='ltr'><strong><em>meum;</em></strong></span> <span class='ocrx_word' id='word_1_288' title='bbox 1246 3740 1453 3793; x_wconf 80' lang='lat' dir='ltr'><strong><em>Veritas</em></strong></span> <span class='ocrx_word' id='word_1_289' title='bbox 1495 3729 1882 3805; x_wconf 75' lang='lat' dir='ltr'><strong><em>loquiturzscd</em></strong></span> <span class='ocrx_word' id='word_1_290' title='bbox 1926 3734 2034 3783; x_wconf 82' lang='lat' dir='ltr'><strong><em>non</em></strong></span> 
     </span>
    </p>
   </div>
   <div class='ocr_carea' id='block_1_36' title="bbox 459 3821 2036 3909">
    <p class='ocr_par' dir='ltr' id='par_1_36' title="bbox 459 3821 2036 3909">
     <span class='ocr_line' id='line_1_39' title="bbox 459 3821 2036 3909; baseline -0.02 -6"><span class='ocrx_word' id='word_1_291' title='bbox 459 3851 579 3903; x_wconf 85' lang='lat' dir='ltr'><strong><em>ideo</em></strong></span> <span class='ocrx_word' id='word_1_292' title='bbox 601 3862 630 3901; x_wconf 92' lang='lat' dir='ltr'><strong><em>a</em></strong></span> <span class='ocrx_word' id='word_1_293' title='bbox 660 3842 917 3899; x_wconf 90' lang='lat' dir='ltr'><strong><em>benelicio</em></strong></span> <span class='ocrx_word' id='word_1_294' title='bbox 953 3833 1255 3909; x_wconf 88' lang='lat' dir='ltr'><strong><em>repellenda</em></strong></span> <span class='ocrx_word' id='word_1_295' title='bbox 1295 3846 1432 3886; x_wconf 90' lang='lat' dir='ltr'><strong><em>sum.</em></strong></span> <span class='ocrx_word' id='word_1_296' title='bbox 1473 3829 1698 3882; x_wconf 78' lang='lat' dir='ltr'><strong><em>Prorsus</em></strong></span> <span class='ocrx_word' id='word_1_297' title='bbox 1736 3823 1917 3879; x_wconf 87' lang='lat' dir='ltr'><strong><em>canis:</em></strong></span> <span class='ocrx_word' id='word_1_298' title='bbox 1947 3821 2036 3874; x_wconf 86' lang='lat' dir='ltr'><strong><em>sed</em></strong></span> 
     </span>
    </p>
   </div>
   <div class='ocr_carea' id='block_1_37' title="bbox 459 3910 2036 3992">
    <p class='ocr_par' dir='ltr' id='par_1_37' title="bbox 459 3910 2036 3992">
     <span class='ocr_line' id='line_1_40' title="bbox 459 3910 2036 3992; baseline -0.02 0"><span class='ocrx_word' id='word_1_299' title='bbox 459 3947 506 3992; x_wconf 84' lang='lat' dir='ltr'><strong><em>et</em></strong></span> <span class='ocrx_word' id='word_1_300' title='bbox 542 3951 688 3990; x_wconf 87' lang='lat' dir='ltr'><strong><em>canes</em></strong></span> <span class='ocrx_word' id='word_1_301' title='bbox 734 3933 885 3988; x_wconf 87' lang='lat' dir='ltr'><strong><em>edunt</em></strong></span> <span class='ocrx_word' id='word_1_302' title='bbox 927 3930 990 3982; x_wconf 85' lang='lat' dir='ltr'><strong><em>de</em></strong></span> <span class='ocrx_word' id='word_1_303' title='bbox 1031 3926 1174 3980; x_wconf 86' lang='lat' dir='ltr'><strong><em>micis</em></strong></span> <span class='ocrx_word' id='word_1_304' title='bbox 1201 3937 1312 3992; x_wconf 76' lang='lat' dir='ltr'><strong><em>qua:</em></strong></span> <span class='ocrx_word' id='word_1_305' title='bbox 1337 3919 1522 3973; x_wconf 85' lang='lat' dir='ltr'><strong><em>cadunt</em></strong></span> <span class='ocrx_word' id='word_1_306' title='bbox 1562 3916 1625 3968; x_wconf 89' lang='lat' dir='ltr'><strong><em>de</em></strong></span> <span class='ocrx_word' id='word_1_307' title='bbox 1657 3929 1827 3968; x_wconf 81' lang='lat' dir='ltr'><strong><em>mensa</em></strong></span> <span class='ocrx_word' id='word_1_308' title='bbox 1871 3910 2036 3964; x_wconf 81' lang='lat' dir='ltr'><strong><em>domi-</em></strong></span> 
     </span>
    </p>
   </div>
   <div class='ocr_carea' id='block_1_38' title="bbox 460 4001 2038 4082">
    <p class='ocr_par' dir='ltr' id='par_1_38' title="bbox 460 4001 2038 4082">
     <span class='ocr_line' id='line_1_41' title="bbox 460 4001 2038 4082; baseline -0.018 -1"><span class='ocrx_word' id='word_1_309' title='bbox 460 4043 642 4082; x_wconf 83' lang='lat' dir='ltr'><strong><em>norunt</em></strong></span> <span class='ocrx_word' id='word_1_310' title='bbox 686 4038 915 4078; x_wconf 85' lang='lat' dir='ltr'><strong><em>suorum.</em></strong></span> <span class='ocrx_word' id='word_1_311' title='bbox 954 4017 1216 4073; x_wconf 79' lang='lat' dir='ltr'><strong><em>Modicum</em></strong></span> <span class='ocrx_word' id='word_1_312' title='bbox 1259 4009 1524 4082; x_wconf 82' lang='lat' dir='ltr'><strong><em>quoddam</em></strong></span> <span class='ocrx_word' id='word_1_313' title='bbox 1568 4015 1623 4059; x_wconf 91' lang='lat' dir='ltr'><strong><em>et</em></strong></span> <span class='ocrx_word' id='word_1_314' title='bbox 1663 4005 1906 4074; x_wconf 77' lang='lat' dir='ltr'><strong><em>exiguum</em></strong></span> <span class='ocrx_word' id='word_1_315' title='bbox 1945 4001 2038 4054; x_wconf 85' lang='lat' dir='ltr'><strong><em>be-</em></strong></span> 
     </span>
    </p>
   </div>
   <div class='ocr_carea' id='block_1_39' title="bbox 463 4094 2040 4177">
    <p class='ocr_par' dir='ltr' id='par_1_39' title="bbox 463 4094 2040 4177">
     <span class='ocr_line' id='line_1_42' title="bbox 463 4094 2040 4177; baseline -0.018 1"><span class='ocrx_word' id='word_1_316' title='bbox 463 4121 710 4177; x_wconf 80' lang='lat' dir='ltr'><strong><em>neﬁcium</em></strong></span> <span class='ocrx_word' id='word_1_317' title='bbox 754 4116 998 4172; x_wconf 89' lang='lat' dir='ltr'><strong><em>desidero</em></strong></span> <span class='ocrx_word' id='word_1_318' title='bbox 1022 4130 1035 4166; x_wconf 89' lang='lat'><strong>:</strong></span> <span class='ocrx_word' id='word_1_319' title='bbox 1059 4126 1165 4166; x_wconf 91' lang='lat' dir='ltr'><strong><em>non</em></strong></span> <span class='ocrx_word' id='word_1_320' title='bbox 1200 4120 1439 4163; x_wconf 86' lang='lat' dir='ltr'><strong><em>mensam</em></strong></span> <span class='ocrx_word' id='word_1_321' title='bbox 1468 4099 1696 4164; x_wconf 83' lang='lat' dir='ltr'><strong><em>invado,</em></strong></span> <span class='ocrx_word' id='word_1_322' title='bbox 1735 4096 1828 4153; x_wconf 90' lang='lat' dir='ltr'><strong><em>sed</em></strong></span> <span class='ocrx_word' id='word_1_323' title='bbox 1870 4094 2040 4149; x_wconf 85' lang='lat' dir='ltr'><strong><em>micas</em></strong></span> 
     </span>
    </p>
   </div>
   <div class='ocr_carea' id='block_1_40' title="bbox 463 4228 664 4284">
    <p class='ocr_par' dir='ltr' id='par_1_40' title="bbox 463 4228 664 4284">
     <span class='ocr_line' id='line_1_43' title="bbox 463 4228 664 4284; baseline -0.015 -15"><span class='ocrx_word' id='word_1_324' title='bbox 463 4228 664 4284; x_wconf 67' lang='lat' dir='ltr'><strong><em>qurere.</em></strong></span> 
     </span>
    </p>
   </div>
   <div class='ocr_carea' id='block_1_41' title="bbox 533 4278 2042 4360">
    <p class='ocr_par' dir='ltr' id='par_1_41' title="bbox 533 4278 2042 4360">
     <span class='ocr_line' id='line_1_44' title="bbox 533 4278 2042 4360; baseline -0.021 1"><span class='ocrx_word' id='word_1_325' title='bbox 533 4301 759 4360; x_wconf 82' lang='lat' dir='ltr'><strong><em>CAPUT</em></strong></span> <span class='ocrx_word' id='word_1_326' title='bbox 801 4300 993 4353; x_wconf 81' lang='lat' dir='ltr'><strong><em>VII.—-</em></strong></span> <span class='ocrx_word' id='word_1_327' title='bbox 1017 4297 1104 4350; x_wconf 77' lang='lat' dir='ltr'><strong><em>il.</em></strong></span> <span class='ocrx_word' id='word_1_328' title='bbox 1142 4292 1414 4347; x_wconf 79' lang='lat' dir='ltr'><strong><em>Humilitas</em></strong></span> <span class='ocrx_word' id='word_1_329' title='bbox 1442 4285 1789 4341; x_wconf 85' lang='lat' dir='ltr'><strong><em>commendata</em></strong></span> <span class='ocrx_word' id='word_1_330' title='bbox 1824 4281 1878 4334; x_wconf 90' lang='lat' dir='ltr'><strong><em>in</em></strong></span> <span class='ocrx_word' id='word_1_331' title='bbox 1909 4278 2042 4332; x_wconf 65' lang='grc' dir='ltr'><strong><em>ϐῆσε</em></strong></span> 
     </span>
    </p>
   </div>
   <div class='ocr_carea' id='block_1_42' title="bbox 465 4373 2038 4462">
    <p class='ocr_par' dir='ltr' id='par_1_42' title="bbox 465 4373 2038 4462">
     <span class='ocr_line' id='line_1_45' title="bbox 465 4373 2038 4462; baseline -0.018 -10"><span class='ocrx_word' id='word_1_332' title='bbox 465 4413 664 4452; x_wconf 73' lang='lat' dir='ltr'><strong><em>nautea.</em></strong></span> <span class='ocrx_word' id='word_1_333' title='bbox 691 4393 879 4462; x_wconf 76' lang='lat' dir='ltr'><strong><em>Magna</em></strong></span> <span class='ocrx_word' id='word_1_334' title='bbox 903 4398 1077 4442; x_wconf 84' lang='lat' dir='ltr'><strong><em>contra</em></strong></span> <span class='ocrx_word' id='word_1_335' title='bbox 1105 4384 1385 4453; x_wconf 86' lang='lat' dir='ltr'><strong><em>superbiam</em></strong></span> <span class='ocrx_word' id='word_1_336' title='bbox 1411 4378 1679 4442; x_wconf 84' lang='lat' dir='ltr'><strong><em>medicina,</em></strong></span> <span class='ocrx_word' id='word_1_337' title='bbox 1702 4374 1839 4428; x_wconf 86' lang='lat' dir='ltr'><strong><em>Deus</em></strong></span> <span class='ocrx_word' id='word_1_338' title='bbox 1871 4373 2038 4425; x_wconf 76' lang='lat' dir='ltr'><strong><em>homo.</em></strong></span> 
     </span>
    </p>
   </div>
   <div class='ocr_carea' id='block_1_43' title="bbox 469 4465 2039 4552">
    <p class='ocr_par' dir='ltr' id='par_1_43' title="bbox 469 4465 2039 4552">
     <span class='ocr_line' id='line_1_46' title="bbox 469 4465 2039 4552; baseline -0.018 -10"><span class='ocrx_word' id='word_1_339' title='bbox 469 4488 658 4541; x_wconf 69' lang='lat' dir='ltr'><strong><em>Videte</em></strong></span> <span class='ocrx_word' id='word_1_340' title='bbox 699 4477 1143 4552; x_wconf 83' lang='lat' dir='ltr'><strong><em>quemadmodum</em></strong></span> <span class='ocrx_word' id='word_1_341' title='bbox 1204 4471 1474 4526; x_wconf 84' lang='lat' dir='ltr'><strong><em>humilitas</em></strong></span> <span class='ocrx_word' id='word_1_342' title='bbox 1519 4465 1886 4522; x_wconf 86' lang='lat' dir='ltr'><strong><em>commendata</em></strong></span> <span class='ocrx_word' id='word_1_343' title='bbox 1937 4470 2039 4517; x_wconf 78' lang='lat' dir='ltr'><strong><em>est.</em></strong></span> 
     </span>
    </p>
   </div>
   <div class='ocr_carea' id='block_1_44' title="bbox 461 4557 2040 4634">
    <p class='ocr_par' dir='ltr' id='par_1_44' title="bbox 461 4557 2040 4634">
     <span class='ocr_line' id='line_1_47' title="bbox 461 4557 2040 4634; baseline -0.016 -2"><span class='ocrx_word' id='word_1_344' title='bbox 461 4577 668 4632; x_wconf 74' lang='lat' dir='ltr'><strong><em>ﬂanem</em></strong></span> <span class='ocrx_word' id='word_1_345' title='bbox 700 4573 845 4626; x_wconf 84' lang='lat' dir='ltr'><strong><em>illam</em></strong></span> <span class='ocrx_word' id='word_1_346' title='bbox 874 4564 1360 4634; x_wconf 71' lang='lat' dir='ltr'><strong><em>Dominusdixerat</em></strong></span> <span class='ocrx_word' id='word_1_347' title='bbox 1388 4579 1402 4626; x_wconf 90' lang='lat'>;</span> <span class='ocrx_word' id='word_1_348' title='bbox 1432 4577 1536 4614; x_wconf 89' lang='lat' dir='ltr'><strong><em>non</em></strong></span> <span class='ocrx_word' id='word_1_349' title='bbox 1561 4559 1725 4624; x_wconf 81' lang='lat' dir='ltr'><strong><em>dixit,</em></strong></span> <span class='ocrx_word' id='word_1_350' title='bbox 1751 4557 1865 4612; x_wconf 86' lang='lat' dir='ltr'><strong><em>Non</em></strong></span> <span class='ocrx_word' id='word_1_351' title='bbox 1892 4569 2040 4621; x_wconf 89' lang='lat' dir='ltr'><strong><em>sum;</em></strong></span> 
     </span>
    </p>
   </div>
   <div class='ocr_carea' id='block_1_45' title="bbox 465 4649 2047 4730">
    <p class='ocr_par' dir='ltr' id='par_1_45' title="bbox 465 4649 2047 4730">
     <span class='ocr_line' id='line_1_48' title="bbox 465 4649 2047 4730; baseline -0.014 -7"><span class='ocrx_word' id='word_1_352' title='bbox 465 4667 563 4722; x_wconf 72' lang='lat' dir='ltr'><strong><em>sed</em></strong></span> <span class='ocrx_word' id='word_1_353' title='bbox 588 4665 720 4720; x_wconf 74' lang='lat' dir='ltr'><strong><em>dixit</em></strong></span> <span class='ocrx_word' id='word_1_354' title='bbox 738 4704 754 4730; x_wconf 91' lang='lat'><strong><em>,</em></strong></span> <span class='ocrx_word' id='word_1_355' title='bbox 791 4662 939 4716; x_wconf 86' lang='lat' dir='ltr'><strong><em>Sum.</em></strong></span> <span class='ocrx_word' id='word_1_356' title='bbox 973 4659 1038 4712; x_wconf 87' lang='lat' dir='ltr'><strong><em>Et</em></strong></span> <span class='ocrx_word' id='word_1_357' title='bbox 1067 4655 1322 4710; x_wconf 88' lang='lat' dir='ltr'><strong><em>Dominus</em></strong></span> <span class='ocrx_word' id='word_1_358' title='bbox 1348 4652 1621 4722; x_wconf 83' lang='lat' dir='ltr'><strong><em>continuo,</em></strong></span> <span class='ocrx_word' id='word_1_359' title='bbox 1650 4649 1771 4718; x_wconf 88' lang='lat' dir='ltr'><strong>quia</strong></span> <span class='ocrx_word' id='word_1_360' title='bbox 1797 4662 1855 4701; x_wconf 87' lang='lat' dir='ltr'><strong><em>se</em></strong></span> <span class='ocrx_word' id='word_1_361' title='bbox 1881 4661 2047 4717; x_wconf 83' lang='lat' dir='ltr'><strong><em>agno-</em></strong></span> 
     </span>
    </p>
   </div>
   <div class='ocr_carea' id='block_1_46' title="bbox 471 4739 2047 4818">
    <p class='ocr_par' dir='ltr' id='par_1_46' title="bbox 471 4739 2047 4818">
     <span class='ocr_line' id='line_1_49' title="bbox 471 4739 2047 4818; baseline -0.015 -4"><span class='ocrx_word' id='word_1_362' title='bbox 471 4761 542 4813; x_wconf 82' lang='lat' dir='ltr'><strong><em>vit</em></strong></span> <span class='ocrx_word' id='word_1_363' title='bbox 572 4771 786 4812; x_wconf 84' lang='lat' dir='ltr'><strong><em>canem:</em></strong></span> <span class='ocrx_word' id='word_1_364' title='bbox 820 4753 864 4808; x_wconf 85' lang='lat'><strong><em>0</em></strong></span> <span class='ocrx_word' id='word_1_365' title='bbox 894 4751 1091 4814; x_wconf 80' lang='lat' dir='ltr'><strong><em>mulier,</em></strong></span> <span class='ocrx_word' id='word_1_366' title='bbox 1119 4763 1302 4818; x_wconf 87' lang='lat' dir='ltr'><strong><em>magna</em></strong></span> <span class='ocrx_word' id='word_1_367' title='bbox 1321 4754 1392 4799; x_wconf 83' lang='lat' dir='ltr'><strong><em>est</em></strong></span> <span class='ocrx_word' id='word_1_368' title='bbox 1418 4743 1541 4813; x_wconf 80' lang='lat' dir='ltr'><strong><em>ﬁdes</em></strong></span> <span class='ocrx_word' id='word_1_369' title='bbox 1563 4742 1685 4796; x_wconf 86' lang='lat' dir='ltr'><strong><em>tua!</em></strong></span> <span class='ocrx_word' id='word_1_370' title='bbox 1709 4741 1795 4810; x_wconf 80' lang='lat' dir='ltr'><strong><em>ﬁat</em></strong></span> <span class='ocrx_word' id='word_1_371' title='bbox 1816 4739 1903 4792; x_wconf 85' lang='lat' dir='ltr'><strong><em>tibi</em></strong></span> <span class='ocrx_word' id='word_1_372' title='bbox 1921 4740 2047 4793; x_wconf 89' lang='lat' dir='ltr'><strong><em>sicut</em></strong></span> 
     </span>
    </p>
   </div>
   <div class='ocr_carea' id='block_1_47' title="bbox 472 4833 2048 4920">
    <p class='ocr_par' dir='ltr' id='par_1_47' title="bbox 472 4833 2048 4920">
     <span class='ocr_line' id='line_1_50' title="bbox 472 4833 2048 4920; baseline -0.012 -17"><span class='ocrx_word' id='word_1_373' title='bbox 472 4849 656 4920; x_wconf 81' lang='lat' dir='ltr'><strong><em>petisti.</em></strong></span> <span class='ocrx_word' id='word_1_374' title='bbox 695 4846 774 4900; x_wconf 87' lang='lat' dir='ltr'><strong><em>Tu</em></strong></span> <span class='ocrx_word' id='word_1_375' title='bbox 804 4857 855 4901; x_wconf 89' lang='lat' dir='ltr'><strong><em>te</em></strong></span> <span class='ocrx_word' id='word_1_376' title='bbox 881 4841 1137 4914; x_wconf 81' lang='lat' dir='ltr'><strong><em>agnovisti</em></strong></span> <span class='ocrx_word' id='word_1_377' title='bbox 1160 4852 1385 4902; x_wconf 83' lang='lat' dir='ltr'><strong><em>canem,</em></strong></span> <span class='ocrx_word' id='word_1_378' title='bbox 1431 4849 1530 4905; x_wconf 92' lang='lat' dir='ltr'><strong><em>ego</em></strong></span> <span class='ocrx_word' id='word_1_379' title='bbox 1578 4843 1627 4888; x_wconf 90' lang='lat' dir='ltr'><strong><em>te</em></strong></span> <span class='ocrx_word' id='word_1_380' title='bbox 1669 4833 1776 4904; x_wconf 88' lang='lat' dir='ltr'><strong><em>jam</em></strong></span> <span class='ocrx_word' id='word_1_381' title='bbox 1818 4845 2048 4902; x_wconf 89' lang='lat' dir='ltr'><strong><em>agnosco</em></strong></span> 
     </span>
    </p>
   </div>
   <div class='ocr_carea' id='block_1_48' title="bbox 473 4923 2052 5001">
    <p class='ocr_par' dir='ltr' id='par_1_48' title="bbox 473 4923 2052 5001">
     <span class='ocr_line' id='line_1_51' title="bbox 473 4923 2052 5001; baseline -0.013 -6"><span class='ocrx_word' id='word_1_382' title='bbox 473 4939 762 4995; x_wconf 73' lang='lat' dir='ltr'><strong><em>hominem.</em></strong></span> <span class='ocrx_word' id='word_1_383' title='bbox 789 4936 834 4990; x_wconf 90' lang='grc' dir='ltr'>Ο</span> <span class='ocrx_word' id='word_1_384' title='bbox 856 4934 1052 4999; x_wconf 79' lang='lat' dir='ltr'><strong><em>mulier,</em></strong></span> <span class='ocrx_word' id='word_1_385' title='bbox 1081 4945 1264 5001; x_wconf 81' lang='lat' dir='ltr'><strong><em>magna</em></strong></span> <span class='ocrx_word' id='word_1_386' title='bbox 1289 4936 1360 4981; x_wconf 87' lang='lat' dir='ltr'><strong><em>est</em></strong></span> <span class='ocrx_word' id='word_1_387' title='bbox 1381 4927 1506 4996; x_wconf 80' lang='lat' dir='ltr'><strong><em>fides</em></strong></span> <span class='ocrx_word' id='word_1_388' title='bbox 1527 4925 1650 4978; x_wconf 89' lang='lat' dir='ltr'><strong><em>tua!</em></strong></span> <span class='ocrx_word' id='word_1_389' title='bbox 1676 4923 1849 4992; x_wconf 86' lang='lat' dir='ltr'><strong><em>petisti</em></strong></span> <span class='ocrx_word' id='word_1_390' title='bbox 1873 4965 1884 4985; x_wconf 87' lang='lat'><strong><em>,</em></strong></span> <span class='ocrx_word' id='word_1_391' title='bbox 1914 4936 2052 4991; x_wconf 72' lang='lat' dir='ltr'><strong><em>qua:-</em></strong></span> 
     </span>
    </p>
   </div>
   <div class='ocr_carea' id='block_1_49' title="bbox 469 5012 2045 5098">
    <p class='ocr_par' dir='ltr' id='par_1_49' title="bbox 469 5012 2045 5098">
     <span class='ocr_line' id='line_1_52' title="bbox 469 5012 2045 5098; baseline -0.013 -12"><span class='ocrx_word' id='word_1_392' title='bbox 469 5031 620 5096; x_wconf 62' lang='lat' dir='ltr'><strong><em>aisti,</em></strong></span> <span class='ocrx_word' id='word_1_393' title='bbox 649 5026 906 5098; x_wconf 83' lang='lat' dir='ltr'><strong><em>pulsasti;</em></strong></span> <span class='ocrx_word' id='word_1_394' title='bbox 929 5023 1132 5092; x_wconf 86' lang='lat' dir='ltr'><strong><em>accipe,</em></strong></span> <span class='ocrx_word' id='word_1_395' title='bbox 1162 5019 1369 5084; x_wconf 85' lang='lat' dir='ltr'><strong><em>inveni,</em></strong></span> <span class='ocrx_word' id='word_1_396' title='bbox 1389 5015 1662 5086; x_wconf 82' lang='lat' dir='ltr'><strong><em>aperiatur</em></strong></span> <span class='ocrx_word' id='word_1_397' title='bbox 1691 5014 1802 5068; x_wconf 89' lang='lat' dir='ltr'><strong><em>tibi.</em></strong></span> <span class='ocrx_word' id='word_1_398' title='bbox 1839 5012 2045 5079; x_wconf 81' lang='lat' dir='ltr'><strong><em>Videte,</em></strong></span> 
     </span>
    </p>
   </div>
   <div class='ocr_carea' id='block_1_50' title="bbox 471 5104 2051 5188">
    <p class='ocr_par' dir='ltr' id='par_1_50' title="bbox 471 5104 2051 5188">
     <span class='ocr_line' id='line_1_53' title="bbox 471 5104 2051 5188; baseline -0.013 -11"><span class='ocrx_word' id='word_1_399' title='bbox 471 5121 689 5184; x_wconf 61' lang='lat' dir='ltr'><strong><em>fratres,</em></strong></span> <span class='ocrx_word' id='word_1_400' title='bbox 711 5112 1151 5188; x_wconf 83' lang='lat' dir='ltr'><strong><em>quemadmodum</em></strong></span> <span class='ocrx_word' id='word_1_401' title='bbox 1175 5111 1225 5165; x_wconf 92' lang='lat' dir='ltr'><strong><em>in</em></strong></span> <span class='ocrx_word' id='word_1_402' title='bbox 1249 5109 1350 5164; x_wconf 89' lang='lat' dir='ltr'><strong><em>hac</em></strong></span> <span class='ocrx_word' id='word_1_403' title='bbox 1371 5108 1594 5162; x_wconf 86' lang='lat' dir='ltr'><strong><em>muliere</em></strong></span> <span class='ocrx_word' id='word_1_404' title='bbox 1613 5122 1730 5176; x_wconf 72' lang='lat' dir='ltr'><strong><em>qua:</em></strong></span> <span class='ocrx_word' id='word_1_405' title='bbox 1751 5104 2051 5161; x_wconf 69' lang='lat' dir='ltr'><strong><em>Chanantea</em></strong></span> 
     </span>
    </p>
   </div>
   <div class='ocr_carea' id='block_1_51' title="bbox 478 5199 2049 5276">
    <p class='ocr_par' dir='ltr' id='par_1_51' title="bbox 478 5199 2049 5276">
     <span class='ocr_line' id='line_1_54' title="bbox 478 5199 2049 5276; baseline -0.011 -11"><span class='ocrx_word' id='word_1_406' title='bbox 478 5219 594 5265; x_wconf 80' lang='lat' dir='ltr'><strong><em>erat</em></strong></span> <span class='ocrx_word' id='word_1_407' title='bbox 614 5251 630 5275; x_wconf 90' lang='lat'><strong><em>,</em></strong></span> <span class='ocrx_word' id='word_1_408' title='bbox 656 5208 710 5263; x_wconf 89' lang='lat' dir='ltr'><strong><em>id</em></strong></span> <span class='ocrx_word' id='word_1_409' title='bbox 738 5217 848 5273; x_wconf 84' lang='lat' dir='ltr'><strong><em>est,</em></strong></span> <span class='ocrx_word' id='word_1_410' title='bbox 878 5220 996 5276; x_wconf 68' lang='lat' dir='ltr'><strong><em>quae</em></strong></span> <span class='ocrx_word' id='word_1_411' title='bbox 1024 5204 1093 5259; x_wconf 87' lang='lat' dir='ltr'><strong><em>de</em></strong></span> <span class='ocrx_word' id='word_1_412' title='bbox 1120 5201 1378 5259; x_wconf 87' lang='lat' dir='ltr'><strong><em>Gentibus</em></strong></span> <span class='ocrx_word' id='word_1_413' title='bbox 1409 5199 1692 5264; x_wconf 83' lang='lat' dir='ltr'><strong><em>veniebat,</em></strong></span> <span class='ocrx_word' id='word_1_414' title='bbox 1733 5205 1787 5252; x_wconf 81' lang='lat' dir='ltr'><strong><em>et</em></strong></span> <span class='ocrx_word' id='word_1_415' title='bbox 1829 5205 2007 5266; x_wconf 81' lang='lat' dir='ltr'><strong><em>typum</em></strong></span> <span class='ocrx_word' id='word_1_416' title='bbox 2033 5234 2049 5260; x_wconf 96' lang='lat'><strong><em>,</em></strong></span> 
     </span>
    </p>
   </div>
   <div class='ocr_carea' id='block_1_52' title="bbox 477 5288 2054 5367">
    <p class='ocr_par' dir='ltr' id='par_1_52' title="bbox 477 5288 2054 5367">
     <span class='ocr_line' id='line_1_55' title="bbox 477 5288 2054 5367; baseline -0.01 -11"><span class='ocrx_word' id='word_1_417' title='bbox 477 5301 586 5356; x_wconf 76' lang='lat' dir='ltr'><strong><em>hoc</em></strong></span> <span class='ocrx_word' id='word_1_418' title='bbox 612 5307 713 5364; x_wconf 88' lang='lat' dir='ltr'><strong><em>est,</em></strong></span> <span class='ocrx_word' id='word_1_419' title='bbox 745 5299 966 5367; x_wconf 75' lang='lat' dir='ltr'><strong><em>ﬁguram</em></strong></span> <span class='ocrx_word' id='word_1_420' title='bbox 997 5295 1244 5350; x_wconf 74' lang='lat' dir='ltr'><strong><em>Ecclesia:</em></strong></span> <span class='ocrx_word' id='word_1_421' title='bbox 1271 5293 1506 5362; x_wconf 75' lang='lat' dir='ltr'><strong><em>gerebat,</em></strong></span> <span class='ocrx_word' id='word_1_422' title='bbox 1531 5291 1760 5344; x_wconf 78' lang='lat' dir='ltr'><strong><em>maxime</em></strong></span> <span class='ocrx_word' id='word_1_423' title='bbox 1784 5288 2054 5342; x_wconf 84' lang='lat' dir='ltr'><strong><em>humilitas</em></strong></span> 
     </span>
    </p>
   </div>
   <div class='ocr_carea' id='block_1_53' title="bbox 477 5381 2054 5453">
    <p class='ocr_par' dir='ltr' id='par_1_53' title="bbox 477 5381 2054 5453">
     <span class='ocr_line' id='line_1_56' title="bbox 477 5381 2054 5453; baseline -0.01 -6"><span class='ocrx_word' id='word_1_424' title='bbox 477 5389 850 5448; x_wconf 81' lang='lat' dir='ltr'><strong><em>commendata</em></strong></span> <span class='ocrx_word' id='word_1_425' title='bbox 870 5396 974 5442; x_wconf 80' lang='lat' dir='ltr'><strong><em>est.</em></strong></span> <span class='ocrx_word' id='word_1_426' title='bbox 996 5384 1208 5439; x_wconf 69' lang='lat' dir='ltr'><strong><em>Etcum</em></strong></span> <span class='ocrx_word' id='word_1_427' title='bbox 1238 5397 1367 5453; x_wconf 84' lang='lat' dir='ltr'><strong><em>gens</em></strong></span> <span class='ocrx_word' id='word_1_428' title='bbox 1391 5381 1572 5436; x_wconf 66' lang='lat' dir='ltr'><strong><em>Judtea</em></strong></span> <span class='ocrx_word' id='word_1_429' title='bbox 1593 5423 1608 5447; x_wconf 95' lang='lat'><strong><em>,</em></strong></span> <span class='ocrx_word' id='word_1_430' title='bbox 1638 5391 1695 5434; x_wconf 90' lang='lat' dir='ltr'><strong><em>ut</em></strong></span> <span class='ocrx_word' id='word_1_431' title='bbox 1720 5381 1787 5435; x_wconf 92' lang='lat' dir='ltr'><strong><em>ab</em></strong></span> <span class='ocrx_word' id='word_1_432' title='bbox 1815 5381 2054 5448; x_wconf 77' lang='lat' dir='ltr'><strong><em>Evange-</em></strong></span> 
     </span>
    </p>
   </div>
   <div class='ocr_carea' id='block_1_54' title="bbox 478 5472 2056 5552">
    <p class='ocr_par' dir='ltr' id='par_1_54' title="bbox 478 5472 2056 5552">
     <span class='ocr_line' id='line_1_57' title="bbox 478 5472 2056 5552; baseline -0.007 -15"><span class='ocrx_word' id='word_1_433' title='bbox 478 5482 557 5538; x_wconf 72' lang='lat' dir='ltr'><strong><em>llo</em></strong></span> <span class='ocrx_word' id='word_1_434' title='bbox 584 5480 950 5552; x_wconf 82' lang='lat' dir='ltr'><strong><em>repelleretur,</em></strong></span> <span class='ocrx_word' id='word_1_435' title='bbox 976 5475 1222 5546; x_wconf 81' lang='lat' dir='ltr'><strong><em>superbia</em></strong></span> <span class='ocrx_word' id='word_1_436' title='bbox 1249 5473 1426 5528; x_wconf 79' lang='lat' dir='ltr'><strong><em>inﬂata</em></strong></span> <span class='ocrx_word' id='word_1_437' title='bbox 1452 5481 1552 5538; x_wconf 90' lang='lat' dir='ltr'><strong><em>est,</em></strong></span> <span class='ocrx_word' id='word_1_438' title='bbox 1581 5473 1722 5542; x_wconf 89' lang='lat' dir='ltr'><strong>quod</strong></span> <span class='ocrx_word' id='word_1_439' title='bbox 1747 5472 1943 5540; x_wconf 87' lang='lat' dir='ltr'><strong><em>Legem</em></strong></span> <span class='ocrx_word' id='word_1_440' title='bbox 1967 5485 2056 5526; x_wconf 75' lang='lat' dir='ltr'><strong><em>ac~</em></strong></span> 
     </span>
    </p>
   </div>
   <div class='ocr_carea' id='block_1_55' title="bbox 537 5675 1856 5790">
    <p class='ocr_par' dir='ltr' id='par_1_55' title="bbox 537 5675 1856 5790">
     <span class='ocr_line' id='line_1_58' title="bbox 537 5675 1856 5790; baseline -0.001 -62"><span class='ocrx_word' id='word_1_441' title='bbox 537 5675 566 5768; x_wconf 53' lang='grc' dir='ltr'>ς</span> <span class='ocrx_word' id='word_1_442' title='bbox 590 5681 728 5790; x_wconf 47' lang='lat' dir='ltr'><strong><em>t&#39;dilllt‘li</em></strong></span> <span class='ocrx_word' id='word_1_443' title='bbox 755 5685 797 5730; x_wconf 78' lang='lat' dir='ltr'><strong><em>et</em></strong></span> <span class='ocrx_word' id='word_1_444' title='bbox 812 5690 956 5729; x_wconf 86' lang='lat' dir='ltr'><strong><em>canes</em></strong></span> <span class='ocrx_word' id='word_1_445' title='bbox 980 5675 1213 5728; x_wconf 81' lang='lat' dir='ltr'><strong><em>conversi.</em></strong></span> <span class='ocrx_word' id='word_1_446' title='bbox 1236 5678 1398 5738; x_wconf 78' lang='lat' dir='ltr'><strong><em>Abest,</em></strong></span> <span class='ocrx_word' id='word_1_447' title='bbox 1423 5691 1590 5736; x_wconf 87' lang='lat' dir='ltr'><strong><em>canes,</em></strong></span> <span class='ocrx_word' id='word_1_448' title='bbox 1613 5690 1641 5727; x_wconf 87' lang='lat' dir='ltr'><strong><em>a</em></strong></span> <span class='ocrx_word' id='word_1_449' title='bbox 1675 5686 1753 5728; x_wconf 78' lang='lat' dir='ltr'><strong><em>Ms.</em></strong></span> <span class='ocrx_word' id='word_1_450' title='bbox 1775 5679 1856 5728; x_wconf 81' lang='lat' dir='ltr'><strong><em>Ph.</em></strong></span> 
     </span>
     <span class='ocr_line' id='line_1_59' title="bbox 593 5740 1856 5790; baseline 0 0"><span class='ocrx_word' id='word_1_451' title='bbox 593 5754 658 5790; x_wconf 80' lang='lat' dir='ltr'><strong><em>su</em></strong></span> <span class='ocrx_word' id='word_1_452' title='bbox 744 5748 824 5790; x_wconf 67' lang='lat' dir='ltr'><strong><em>tu.</em></strong></span> <span class='ocrx_word' id='word_1_453' title='bbox 842 5740 986 5790; x_wconf 73' lang='lat' dir='ltr'><strong><em>tund.</em></strong></span> <span class='ocrx_word' id='word_1_454' title='bbox 1013 5747 1128 5790; x_wconf 70' lang='lat' dir='ltr'><strong><em>Ven.</em></strong></span> <span class='ocrx_word' id='word_1_455' title='bbox 1155 5747 1283 5790; x_wconf 76' lang='grc' dir='ltr'><strong><em>ων..</em></strong></span> <span class='ocrx_word' id='word_1_456' title='bbox 1309 5740 1446 5790; x_wconf 82' lang='lat' dir='ltr'><strong><em>homo</em></strong></span> <span class='ocrx_word' id='word_1_457' title='bbox 1465 5743 1620 5790; x_wconf 84' lang='lat' dir='ltr'><strong><em>factus</em></strong></span> <span class='ocrx_word' id='word_1_458' title='bbox 1642 5754 1710 5790; x_wconf 80' lang='lat' dir='ltr'><strong><em>est</em></strong></span> <span class='ocrx_word' id='word_1_459' title='bbox 1730 5755 1794 5790; x_wconf 75' lang='lat' dir='ltr'><strong><em>ea:</em></strong></span> <span class='ocrx_word' id='word_1_460' title='bbox 1817 5755 1856 5790; x_wconf 79' lang='grc' dir='ltr'>α</span> 
     </span>
    </p>
   </div>
   <div class='ocr_carea' id='block_1_56' title="bbox 593 5740 2054 5806">
    <p class='ocr_par' dir='ltr' id='par_1_56' title="bbox 593 5740 2054 5806">
     <span class='ocr_line' id='line_1_60' title="bbox 593 5740 2054 5806; baseline -0.001 -15"><span class='ocrx_word' id='word_1_461' title='bbox 593 5740 726 5804; x_wconf 70' lang='lat' dir='ltr'><strong><em>Apud</em></strong></span> <span class='ocrx_word' id='word_1_462' title='bbox 744 5748 824 5791; x_wconf 69' lang='lat' dir='ltr'><strong><em>tu.</em></strong></span> <span class='ocrx_word' id='word_1_463' title='bbox 842 5740 986 5802; x_wconf 74' lang='lat' dir='ltr'><strong><em>Lugd.</em></strong></span> <span class='ocrx_word' id='word_1_464' title='bbox 1013 5747 1128 5790; x_wconf 71' lang='lat' dir='ltr'><strong><em>Ven.</em></strong></span> <span class='ocrx_word' id='word_1_465' title='bbox 1155 5747 1283 5803; x_wconf 59' lang='lat' dir='ltr'><strong><em>tam,</em></strong></span> <span class='ocrx_word' id='word_1_466' title='bbox 1309 5740 1446 5792; x_wconf 75' lang='lat' dir='ltr'><strong><em>Itonia</em></strong></span> <span class='ocrx_word' id='word_1_467' title='bbox 1462 5743 1620 5806; x_wconf 82' lang='lat' dir='ltr'><strong><em>[actus</em></strong></span> <span class='ocrx_word' id='word_1_468' title='bbox 1642 5754 1710 5793; x_wconf 80' lang='lat' dir='ltr'><strong><em>est</em></strong></span> <span class='ocrx_word' id='word_1_469' title='bbox 1730 5755 1794 5794; x_wconf 75' lang='lat' dir='ltr'><strong><em>ea:</em></strong></span> <span class='ocrx_word' id='word_1_470' title='bbox 1817 5754 1950 5794; x_wconf 74' lang='lat' dir='ltr'><strong><em>eme.</em></strong></span> <span class='ocrx_word' id='word_1_471' title='bbox 1997 5749 2054 5792; x_wconf 79' lang='lat' dir='ltr'><strong><em>tu.</em></strong></span> 
     </span>
    </p>
   </div>
   <div class='ocr_carea' id='block_1_57' title="bbox 1650 285 2457 357">
    <p class='ocr_par' dir='ltr' id='par_1_57' title="bbox 1650 285 2457 357">
     <span class='ocr_line' id='line_1_61' title="bbox 1650 285 2457 357; baseline -0.021 0"><span class='ocrx_word' id='word_1_472' title='bbox 1650 303 1704 357; x_wconf 88' lang='lat' dir='ltr'><strong><em>s.</em></strong></span> <span class='ocrx_word' id='word_1_473' title='bbox 1753 287 2110 352; x_wconf 72' lang='lat' dir='ltr'><strong><em>.tucusrm</em></strong></span> <span class='ocrx_word' id='word_1_474' title='bbox 2153 285 2457 343; x_wconf 78' lang='lat' dir='ltr'><strong><em>EPISCOPI</em></strong></span> 
     </span>
    </p>
   </div>
   <div class='ocr_carea' id='block_1_58' title="bbox 3560 253 3673 309">
    <p class='ocr_par' dir='ltr' id='par_1_58' title="bbox 3560 253 3673 309">
     <span class='ocr_line' id='line_1_62' title="bbox 3560 253 3673 309; baseline 0.009 -1"><span class='ocrx_word' id='word_1_475' title='bbox 3560 253 3673 309; x_wconf 70' lang='grc'><strong><em>488</em></strong></span> 
     </span>
    </p>
   </div>
   <div class='ocr_carea' id='block_1_59' title="bbox 2100 384 3692 475">
    <p class='ocr_par' dir='ltr' id='par_1_59' title="bbox 2100 384 3692 475">
     <span class='ocr_line' id='line_1_63' title="bbox 2100 384 3692 475; baseline -0.014 -14"><span class='ocrx_word' id='word_1_476' title='bbox 2100 406 2276 475; x_wconf 87' lang='lat' dir='ltr'><strong><em>cipere</em></strong></span> <span class='ocrx_word' id='word_1_477' title='bbox 2307 400 2604 463; x_wconf 91' lang='lat' dir='ltr'><strong><em>meruisset,</em></strong></span> <span class='ocrx_word' id='word_1_478' title='bbox 2628 394 2766 468; x_wconf 91' lang='lat' dir='ltr'><strong>quod</strong></span> <span class='ocrx_word' id='word_1_479' title='bbox 2796 395 2862 449; x_wconf 86' lang='lat' dir='ltr'><strong><em>de</em></strong></span> <span class='ocrx_word' id='word_1_480' title='bbox 2888 393 2998 463; x_wconf 88' lang='lat' dir='ltr'><strong><em>ipsa</em></strong></span> <span class='ocrx_word' id='word_1_481' title='bbox 3023 397 3179 462; x_wconf 84' lang='lat' dir='ltr'><strong><em>gente</em></strong></span> <span class='ocrx_word' id='word_1_482' title='bbox 3207 384 3528 444; x_wconf 80' lang='lat' dir='ltr'><strong><em>Patriarcha:</em></strong></span> <span class='ocrx_word' id='word_1_483' title='bbox 3559 399 3692 456; x_wconf 76' lang='lat' dir='ltr'><strong><em>pm-</em></strong></span> 
     </span>
    </p>
   </div>
   <div class='ocr_carea' id='block_1_60' title="bbox 2099 480 3690 563">
    <p class='ocr_par' dir='ltr' id='par_1_60' title="bbox 2099 480 3690 563">
     <span class='ocr_line' id='line_1_64' title="bbox 2099 480 3690 563; baseline -0.016 -9"><span class='ocrx_word' id='word_1_484' title='bbox 2099 497 2389 562; x_wconf 83' lang='lat' dir='ltr'><strong><em>cesserint,</em></strong></span> <span class='ocrx_word' id='word_1_485' title='bbox 2418 493 2694 563; x_wconf 63' lang='lat' dir='ltr'><strong><em>Prophehe</em></strong></span> <span class='ocrx_word' id='word_1_486' title='bbox 2721 487 3057 553; x_wconf 83' lang='lat' dir='ltr'><strong><em>exstiterint,</em></strong></span> <span class='ocrx_word' id='word_1_487' title='bbox 3098 484 3305 556; x_wconf 78' lang='lat' dir='ltr'><strong><em>Moyses</em></strong></span> <span class='ocrx_word' id='word_1_488' title='bbox 3351 480 3445 536; x_wconf 85' lang='lat' dir='ltr'><strong><em>Dei</em></strong></span> <span class='ocrx_word' id='word_1_489' title='bbox 3492 491 3690 535; x_wconf 85' lang='lat' dir='ltr'><strong><em>servus</em></strong></span> 
     </span>
    </p>
   </div>
   <div class='ocr_carea' id='block_1_61' title="bbox 2101 570 3688 658">
    <p class='ocr_par' dir='ltr' id='par_1_61' title="bbox 2101 570 3688 658">
     <span class='ocr_line' id='line_1_65' title="bbox 2101 570 3688 658; baseline -0.013 -12"><span class='ocrx_word' id='word_1_490' title='bbox 2101 590 2352 646; x_wconf 88' lang='lat' dir='ltr'><strong><em>miracula</em></strong></span> <span class='ocrx_word' id='word_1_491' title='bbox 2374 600 2560 658; x_wconf 85' lang='lat' dir='ltr'><strong><em>magna</em></strong></span> <span class='ocrx_word' id='word_1_492' title='bbox 2581 627 2596 652; x_wconf 93' lang='lat'><strong><em>,</em></strong></span> <span class='ocrx_word' id='word_1_493' title='bbox 2623 599 2740 655; x_wconf 70' lang='lat' dir='ltr'><strong><em>qua:</em></strong></span> <span class='ocrx_word' id='word_1_494' title='bbox 2768 580 3065 635; x_wconf 83' lang='lat' dir='ltr'><strong><em>audivimus</em></strong></span> <span class='ocrx_word' id='word_1_495' title='bbox 3091 578 3142 632; x_wconf 92' lang='lat' dir='ltr'><strong>in</strong></span> <span class='ocrx_word' id='word_1_496' title='bbox 3169 575 3405 641; x_wconf 89' lang='lat' dir='ltr'><strong><em>Psalmo,</em></strong></span> <span class='ocrx_word' id='word_1_497' title='bbox 3430 574 3483 628; x_wconf 91' lang='lat' dir='ltr'><strong><em>in</em></strong></span> <span class='ocrx_word' id='word_1_498' title='bbox 3507 570 3688 644; x_wconf 62' lang='lat' dir='ltr'><strong><em>Egy-</em></strong></span> 
     </span>
    </p>
   </div>
   <div class='ocr_carea' id='block_1_62' title="bbox 2101 665 3689 754">
    <p class='ocr_par' dir='ltr' id='par_1_62' title="bbox 2101 665 3689 754">
     <span class='ocr_line' id='line_1_66' title="bbox 2101 665 3689 754; baseline -0.015 -15"><span class='ocrx_word' id='word_1_499' title='bbox 2101 693 2192 754; x_wconf 87' lang='lat' dir='ltr'><strong><em>pto</em></strong></span> <span class='ocrx_word' id='word_1_500' title='bbox 2215 682 2397 738; x_wconf 82' lang='lat' dir='ltr'><strong><em>fecerit</em></strong></span> <span class='ocrx_word' id='word_1_501' title='bbox 2417 720 2430 744; x_wconf 90' lang='lat'><strong><em>,</em></strong></span> <span class='ocrx_word' id='word_1_502' title='bbox 2455 693 2550 750; x_wconf 89' lang='lat' dir='ltr'><strong><em>per</em></strong></span> <span class='ocrx_word' id='word_1_503' title='bbox 2577 691 2726 732; x_wconf 85' lang='lat' dir='ltr'><strong><em>mare</em></strong></span> <span class='ocrx_word' id='word_1_504' title='bbox 2750 673 2985 728; x_wconf 79' lang='lat' dir='ltr'><strong><em>Rubrum</em></strong></span> <span class='ocrx_word' id='word_1_505' title='bbox 3011 670 3163 741; x_wconf 88' lang='lat' dir='ltr'><strong><em>aquis</em></strong></span> <span class='ocrx_word' id='word_1_506' title='bbox 3185 665 3557 723; x_wconf 87' lang='lat' dir='ltr'><strong><em>recedentibus</em></strong></span> <span class='ocrx_word' id='word_1_507' title='bbox 3587 678 3689 734; x_wconf 91' lang='lat' dir='ltr'><strong><em>po-</em></strong></span> 
     </span>
    </p>
   </div>
   <div class='ocr_carea' id='block_1_63' title="bbox 2101 755 3692 853">
    <p class='ocr_par' dir='ltr' id='par_1_63' title="bbox 2101 755 3692 853">
     <span class='ocr_line' id='line_1_67' title="bbox 2101 755 3692 853; baseline -0.013 -26"><span class='ocrx_word' id='word_1_508' title='bbox 2101 774 2283 853; x_wconf 85' lang='lat' dir='ltr'><strong><em>pulum</em></strong></span> <span class='ocrx_word' id='word_1_509' title='bbox 2309 771 2555 837; x_wconf 79' lang='lat' dir='ltr'><strong><em>duxerit,</em></strong></span> <span class='ocrx_word' id='word_1_510' title='bbox 2583 767 2777 838; x_wconf 88' lang='lat' dir='ltr'><strong><em>Legem</em></strong></span> <span class='ocrx_word' id='word_1_511' title='bbox 2823 763 3108 833; x_wconf 85' lang='lat' dir='ltr'><strong><em>acceperit,</em></strong></span> <span class='ocrx_word' id='word_1_512' title='bbox 3133 774 3290 829; x_wconf 89' lang='lat' dir='ltr'><strong><em>quam</em></strong></span> <span class='ocrx_word' id='word_1_513' title='bbox 3330 760 3445 826; x_wconf 91' lang='lat' dir='ltr'><strong><em>ipso</em></strong></span> <span class='ocrx_word' id='word_1_514' title='bbox 3489 755 3692 825; x_wconf 87' lang='lat' dir='ltr'><strong><em>p0pulo</em></strong></span> 
     </span>
    </p>
   </div>
   <div class='ocr_carea' id='block_1_64' title="bbox 2103 847 3690 935">
    <p class='ocr_par' dir='ltr' id='par_1_64' title="bbox 2103 847 3690 935">
     <span class='ocr_line' id='line_1_68' title="bbox 2103 847 3690 935; baseline -0.016 -12"><span class='ocrx_word' id='word_1_515' title='bbox 2103 847 2312 923; x_wconf 82' lang='lat' dir='ltr'><strong><em>dederit</em></strong></span> <span class='ocrx_word' id='word_1_516' title='bbox 2337 861 2506 935; x_wconf 88' lang='lat' dir='ltr'><strong><em>(Psal.</em></strong></span> <span class='ocrx_word' id='word_1_517' title='bbox 2523 860 2635 931; x_wconf 85' lang='lat' dir='ltr'><strong><em>cv).</em></strong></span> <span class='ocrx_word' id='word_1_518' title='bbox 2660 859 2785 914; x_wconf 84' lang='lat' dir='ltr'><strong><em>Erat</em></strong></span> <span class='ocrx_word' id='word_1_519' title='bbox 2808 856 2946 910; x_wconf 88' lang='lat' dir='ltr'><strong><em>unde</em></strong></span> <span class='ocrx_word' id='word_1_520' title='bbox 2970 853 3311 910; x_wconf 76' lang='lat' dir='ltr'><strong><em>extolleretur</em></strong></span> <span class='ocrx_word' id='word_1_521' title='bbox 3329 863 3460 920; x_wconf 87' lang='lat' dir='ltr'><strong><em>gens</em></strong></span> <span class='ocrx_word' id='word_1_522' title='bbox 3477 847 3690 915; x_wconf 76' lang='lat' dir='ltr'><strong><em>Judzea,</em></strong></span> 
     </span>
    </p>
   </div>
   <div class='ocr_carea' id='block_1_65' title="bbox 2103 937 3696 1026">
    <p class='ocr_par' dir='ltr' id='par_1_65' title="bbox 2103 937 3696 1026">
     <span class='ocr_line' id='line_1_69' title="bbox 2103 937 3696 1026; baseline -0.014 -13"><span class='ocrx_word' id='word_1_523' title='bbox 2103 965 2157 1013; x_wconf 90' lang='lat' dir='ltr'><strong><em>ct</em></strong></span> <span class='ocrx_word' id='word_1_524' title='bbox 2181 971 2275 1026; x_wconf 85' lang='lat' dir='ltr'><strong><em>per</em></strong></span> <span class='ocrx_word' id='word_1_525' title='bbox 2309 955 2477 1026; x_wconf 87' lang='lat' dir='ltr'><strong><em>ipsam</em></strong></span> <span class='ocrx_word' id='word_1_526' title='bbox 2516 949 2820 1022; x_wconf 84' lang='lat' dir='ltr'><strong><em>superbiam</em></strong></span> <span class='ocrx_word' id='word_1_527' title='bbox 2847 946 3043 999; x_wconf 74' lang='lat' dir='ltr'><strong><em>factum</em></strong></span> <span class='ocrx_word' id='word_1_528' title='bbox 3083 951 3164 996; x_wconf 89' lang='lat' dir='ltr'><strong><em>est</em></strong></span> <span class='ocrx_word' id='word_1_529' title='bbox 3194 950 3249 996; x_wconf 87' lang='lat' dir='ltr'><strong><em>ut</em></strong></span> <span class='ocrx_word' id='word_1_530' title='bbox 3285 939 3499 996; x_wconf 84' lang='lat' dir='ltr'><strong><em>Christo</em></strong></span> <span class='ocrx_word' id='word_1_531' title='bbox 3525 937 3696 992; x_wconf 87' lang='lat' dir='ltr'><strong><em>nollet</em></strong></span> 
     </span>
    </p>
   </div>
   <div class='ocr_carea' id='block_1_66' title="bbox 2106 1031 3697 1105">
    <p class='ocr_par' dir='ltr' id='par_1_66' title="bbox 2106 1031 3697 1105">
     <span class='ocr_line' id='line_1_70' title="bbox 2106 1031 3697 1105; baseline -0.013 -3"><span class='ocrx_word' id='word_1_532' title='bbox 2106 1045 2371 1102; x_wconf 81' lang='lat' dir='ltr'><strong><em>humiliari</em></strong></span> <span class='ocrx_word' id='word_1_533' title='bbox 2391 1042 2592 1099; x_wconf 88' lang='lat' dir='ltr'><strong><em>auctori</em></strong></span> <span class='ocrx_word' id='word_1_534' title='bbox 2623 1037 2958 1103; x_wconf 83' lang='lat' dir='ltr'><strong><em>humilitatis,</em></strong></span> <span class='ocrx_word' id='word_1_535' title='bbox 2985 1032 3277 1105; x_wconf 85' lang='lat' dir='ltr'><strong><em>rcprcssori</em></strong></span> <span class='ocrx_word' id='word_1_536' title='bbox 3307 1031 3553 1096; x_wconf 89' lang='lat' dir='ltr'><strong><em>tumoris,</em></strong></span> <span class='ocrx_word' id='word_1_537' title='bbox 3577 1043 3697 1082; x_wconf 83' lang='lat' dir='ltr'><strong><em>me-</em></strong></span> 
     </span>
    </p>
   </div>
   <div class='ocr_carea' id='block_1_67' title="bbox 2105 1121 3695 1207">
    <p class='ocr_par' dir='ltr' id='par_1_67' title="bbox 2105 1121 3695 1207">
     <span class='ocr_line' id='line_1_71' title="bbox 2105 1121 3695 1207; baseline -0.012 -12"><span class='ocrx_word' id='word_1_538' title='bbox 2105 1141 2224 1196; x_wconf 91' lang='lat' dir='ltr'><strong><em>dico</em></strong></span> <span class='ocrx_word' id='word_1_539' title='bbox 2269 1139 2399 1203; x_wconf 87' lang='lat' dir='ltr'><strong><em>Deo,</em></strong></span> <span class='ocrx_word' id='word_1_540' title='bbox 2438 1135 2526 1207; x_wconf 88' lang='lat' dir='ltr'><strong>qui</strong></span> <span class='ocrx_word' id='word_1_541' title='bbox 2572 1142 2795 1204; x_wconf 77' lang='lat' dir='ltr'><strong><em>propter</em></strong></span> <span class='ocrx_word' id='word_1_542' title='bbox 2839 1130 2960 1194; x_wconf 78' lang='lat' dir='ltr'><strong><em>hoc,</em></strong></span> <span class='ocrx_word' id='word_1_543' title='bbox 2988 1143 3109 1182; x_wconf 89' lang='lat' dir='ltr'><strong><em>cum</em></strong></span> <span class='ocrx_word' id='word_1_544' title='bbox 3145 1127 3282 1181; x_wconf 88' lang='lat' dir='ltr'><strong><em>Deus</em></strong></span> <span class='ocrx_word' id='word_1_545' title='bbox 3323 1131 3500 1189; x_wconf 85' lang='lat' dir='ltr'><strong><em>esset,</em></strong></span> <span class='ocrx_word' id='word_1_546' title='bbox 3527 1121 3695 1176; x_wconf 90' lang='lat' dir='ltr'><strong><em>homo</em></strong></span> 
     </span>
    </p>
   </div>
   <div class='ocr_carea' id='block_1_68' title="bbox 2106 1211 3693 1294">
    <p class='ocr_par' dir='ltr' id='par_1_68' title="bbox 2106 1211 3693 1294">
     <span class='ocr_line' id='line_1_72' title="bbox 2106 1211 3693 1294; baseline -0.015 -7"><span class='ocrx_word' id='word_1_547' title='bbox 2106 1236 2272 1286; x_wconf 79' lang='lat' dir='ltr'><strong><em>factus</em></strong></span> <span class='ocrx_word' id='word_1_548' title='bbox 2297 1238 2408 1294; x_wconf 89' lang='lat' dir='ltr'><strong><em>est,</em></strong></span> <span class='ocrx_word' id='word_1_549' title='bbox 2443 1236 2498 1281; x_wconf 92' lang='lat' dir='ltr'><strong><em>ut</em></strong></span> <span class='ocrx_word' id='word_1_550' title='bbox 2527 1241 2583 1279; x_wconf 91' lang='lat' dir='ltr'><strong><em>sc</em></strong></span> <span class='ocrx_word' id='word_1_551' title='bbox 2610 1224 2769 1277; x_wconf 87' lang='lat' dir='ltr'><strong><em>homo</em></strong></span> <span class='ocrx_word' id='word_1_552' title='bbox 2799 1221 3066 1275; x_wconf 89' lang='lat' dir='ltr'><strong><em>hominem</em></strong></span> <span class='ocrx_word' id='word_1_553' title='bbox 3111 1222 3476 1286; x_wconf 88' lang='lat' dir='ltr'><strong><em>cognosceret.</em></strong></span> <span class='ocrx_word' id='word_1_554' title='bbox 3502 1211 3693 1281; x_wconf 81' lang='lat' dir='ltr'><strong><em>Magna</em></strong></span> 
     </span>
    </p>
   </div>
   <div class='ocr_carea' id='block_1_69' title="bbox 2107 1309 3692 1381">
    <p class='ocr_par' dir='ltr' id='par_1_69' title="bbox 2107 1309 3692 1381">
     <span class='ocr_line' id='line_1_73' title="bbox 2107 1309 3692 1381; baseline -0.016 -1"><span class='ocrx_word' id='word_1_555' title='bbox 2107 1323 2386 1381; x_wconf 89' lang='lat' dir='ltr'><strong><em>medicina.</em></strong></span> <span class='ocrx_word' id='word_1_556' title='bbox 2433 1319 2560 1374; x_wconf 63' lang='lat' dir='ltr'><strong><em>ilice</em></strong></span> <span class='ocrx_word' id='word_1_557' title='bbox 2606 1314 2867 1371; x_wconf 84' lang='lat' dir='ltr'><strong><em>medicina</em></strong></span> <span class='ocrx_word' id='word_1_558' title='bbox 2911 1311 2956 1366; x_wconf 89' lang='lat' dir='ltr'><strong><em>si</em></strong></span> <span class='ocrx_word' id='word_1_559' title='bbox 2995 1309 3301 1379; x_wconf 82' lang='lat' dir='ltr'><strong><em>superbiam</em></strong></span> <span class='ocrx_word' id='word_1_560' title='bbox 3347 1320 3454 1360; x_wconf 88' lang='lat' dir='ltr'><strong><em>non</em></strong></span> <span class='ocrx_word' id='word_1_561' title='bbox 3500 1312 3692 1365; x_wconf 86' lang='lat' dir='ltr'><strong><em>curat,</em></strong></span> 
     </span>
    </p>
   </div>
   <div class='ocr_carea' id='block_1_70' title="bbox 2109 1394 3698 1485">
    <p class='ocr_par' dir='ltr' id='par_1_70' title="bbox 2109 1394 3698 1485">
     <span class='ocr_line' id='line_1_74' title="bbox 2109 1394 3698 1485; baseline -0.013 -16"><span class='ocrx_word' id='word_1_562' title='bbox 2109 1413 2232 1485; x_wconf 91' lang='lat' dir='ltr'><strong><em>quid</em></strong></span> <span class='ocrx_word' id='word_1_563' title='bbox 2256 1428 2372 1469; x_wconf 89' lang='lat' dir='ltr'><strong><em>eam</em></strong></span> <span class='ocrx_word' id='word_1_564' title='bbox 2402 1419 2552 1467; x_wconf 86' lang='lat' dir='ltr'><strong><em>curet</em></strong></span> <span class='ocrx_word' id='word_1_565' title='bbox 2578 1405 2777 1462; x_wconf 87' lang='lat' dir='ltr'><strong><em>nescio.</em></strong></span> <span class='ocrx_word' id='word_1_566' title='bbox 2805 1403 2944 1457; x_wconf 88' lang='lat' dir='ltr'><strong><em>Deus</em></strong></span> <span class='ocrx_word' id='word_1_567' title='bbox 2969 1409 3072 1464; x_wconf 83' lang='lat' dir='ltr'><strong><em>est,</em></strong></span> <span class='ocrx_word' id='word_1_568' title='bbox 3095 1407 3148 1454; x_wconf 90' lang='lat' dir='ltr'><strong><em>et</em></strong></span> <span class='ocrx_word' id='word_1_569' title='bbox 3174 1397 3231 1452; x_wconf 87' lang='lat' dir='ltr'><strong><em>lit</em></strong></span> <span class='ocrx_word' id='word_1_570' title='bbox 3257 1396 3418 1451; x_wconf 90' lang='lat' dir='ltr'><strong><em>homo</em></strong></span> <span class='ocrx_word' id='word_1_571' title='bbox 3446 1411 3459 1446; x_wconf 87' lang='lat'>:</span> <span class='ocrx_word' id='word_1_572' title='bbox 3483 1394 3698 1464; x_wconf 82' lang='lat' dir='ltr'><strong><em>seponit</em></strong></span> 
     </span>
    </p>
   </div>
   <div class='ocr_carea' id='block_1_71' title="bbox 2111 1484 3695 1568">
    <p class='ocr_par' dir='ltr' id='par_1_71' title="bbox 2111 1484 3695 1568">
     <span class='ocr_line' id='line_1_75' title="bbox 2111 1484 3695 1568; baseline -0.015 -7"><span class='ocrx_word' id='word_1_573' title='bbox 2111 1484 2461 1568; x_wconf 78' lang='lat' dir='ltr'><strong><em>divinitatem,</em></strong></span> <span class='ocrx_word' id='word_1_574' title='bbox 2493 1500 2543 1555; x_wconf 93' lang='lat' dir='ltr'><strong><em>id</em></strong></span> <span class='ocrx_word' id='word_1_575' title='bbox 2569 1505 2669 1564; x_wconf 88' lang='lat' dir='ltr'><strong><em>est,</em></strong></span> <span class='ocrx_word' id='word_1_576' title='bbox 2701 1491 3091 1566; x_wconf 87' lang='lat' dir='ltr'><strong><em>quodammodo</em></strong></span> <span class='ocrx_word' id='word_1_577' title='bbox 3112 1495 3431 1558; x_wconf 86' lang='lat' dir='ltr'><strong><em>sequestrat,</em></strong></span> <span class='ocrx_word' id='word_1_578' title='bbox 3459 1484 3562 1538; x_wconf 83' lang='lat' dir='ltr'><strong><em>hoc</em></strong></span> <span class='ocrx_word' id='word_1_579' title='bbox 3591 1493 3695 1551; x_wconf 86' lang='lat' dir='ltr'><strong><em>est,</em></strong></span> 
     </span>
    </p>
   </div>
   <div class='ocr_carea' id='block_1_72' title="bbox 2111 1576 3697 1666">
    <p class='ocr_par' dir='ltr' id='par_1_72' title="bbox 2111 1576 3697 1666">
     <span class='ocr_line' id='line_1_76' title="bbox 2111 1576 3697 1666; baseline -0.017 -12"><span class='ocrx_word' id='word_1_580' title='bbox 2111 1597 2338 1655; x_wconf 85' lang='lat' dir='ltr'><strong><em>occultat</em></strong></span> <span class='ocrx_word' id='word_1_581' title='bbox 2379 1592 2518 1666; x_wconf 91' lang='lat' dir='ltr'><strong><em>quod</em></strong></span> <span class='ocrx_word' id='word_1_582' title='bbox 2558 1605 2710 1646; x_wconf 86' lang='lat' dir='ltr'><strong><em>suum</em></strong></span> <span class='ocrx_word' id='word_1_583' title='bbox 2755 1593 2897 1653; x_wconf 87' lang='lat' dir='ltr'><strong><em>erat,</em></strong></span> <span class='ocrx_word' id='word_1_584' title='bbox 2927 1590 3145 1654; x_wconf 83' lang='lat' dir='ltr'><strong><em>apparet</em></strong></span> <span class='ocrx_word' id='word_1_585' title='bbox 3169 1579 3308 1650; x_wconf 90' lang='lat' dir='ltr'><strong><em>quod</em></strong></span> <span class='ocrx_word' id='word_1_586' title='bbox 3345 1585 3626 1646; x_wconf 85' lang='lat' dir='ltr'><strong><em>acceperat</em></strong></span> <span class='ocrx_word' id='word_1_587' title='bbox 3657 1576 3697 1629; x_wconf 78' lang='grc'><strong>⁸.</strong></span> 
     </span>
    </p>
   </div>
   <div class='ocr_carea' id='block_1_73' title="bbox 2114 1670 3697 1750">
    <p class='ocr_par' dir='ltr' id='par_1_73' title="bbox 2114 1670 3697 1750">
     <span class='ocr_line' id='line_1_77' title="bbox 2114 1670 3697 1750; baseline -0.016 -3"><span class='ocrx_word' id='word_1_588' title='bbox 2114 1691 2198 1746; x_wconf 80' lang='lat' dir='ltr'><strong><em>Fit</em></strong></span> <span class='ocrx_word' id='word_1_589' title='bbox 2224 1690 2310 1743; x_wconf 90' lang='lat' dir='ltr'><strong><em>ille</em></strong></span> <span class='ocrx_word' id='word_1_590' title='bbox 2341 1687 2520 1750; x_wconf 88' lang='lat' dir='ltr'><strong><em>homo,</em></strong></span> <span class='ocrx_word' id='word_1_591' title='bbox 2538 1697 2659 1737; x_wconf 91' lang='lat' dir='ltr'><strong><em>eum</em></strong></span> <span class='ocrx_word' id='word_1_592' title='bbox 2681 1681 2749 1734; x_wconf 92' lang='lat' dir='ltr'><strong><em>sit</em></strong></span> <span class='ocrx_word' id='word_1_593' title='bbox 2776 1679 2948 1732; x_wconf 90' lang='lat' dir='ltr'><strong><em>Deus:</em></strong></span> <span class='ocrx_word' id='word_1_594' title='bbox 2974 1685 3027 1730; x_wconf 86' lang='lat' dir='ltr'><strong><em>et</em></strong></span> <span class='ocrx_word' id='word_1_595' title='bbox 3055 1689 3158 1728; x_wconf 91' lang='lat' dir='ltr'><strong><em>non</em></strong></span> <span class='ocrx_word' id='word_1_596' title='bbox 3182 1687 3239 1726; x_wconf 87' lang='lat' dir='ltr'><strong><em>se</em></strong></span> <span class='ocrx_word' id='word_1_597' title='bbox 3260 1670 3501 1741; x_wconf 84' lang='lat' dir='ltr'><strong><em>agnoscit</em></strong></span> <span class='ocrx_word' id='word_1_598' title='bbox 3530 1671 3697 1722; x_wconf 87' lang='lat' dir='ltr'><strong><em>homo</em></strong></span> 
     </span>
    </p>
   </div>
   <div class='ocr_carea' id='block_1_74' title="bbox 2117 1761 3702 1844">
    <p class='ocr_par' dir='ltr' id='par_1_74' title="bbox 2117 1761 3702 1844">
     <span class='ocr_line' id='line_1_78' title="bbox 2117 1761 3702 1844; baseline -0.015 -7"><span class='ocrx_word' id='word_1_599' title='bbox 2117 1780 2422 1844; x_wconf 76' lang='lat' dir='ltr'><strong><em>hominem,</em></strong></span> <span class='ocrx_word' id='word_1_600' title='bbox 2453 1775 2502 1830; x_wconf 92' lang='lat' dir='ltr'><strong><em>id</em></strong></span> <span class='ocrx_word' id='word_1_601' title='bbox 2531 1781 2614 1830; x_wconf 84' lang='lat' dir='ltr'><strong><em>est</em></strong></span> <span class='ocrx_word' id='word_1_602' title='bbox 2634 1814 2648 1839; x_wconf 92' lang='lat'><strong><em>,</em></strong></span> <span class='ocrx_word' id='word_1_603' title='bbox 2675 1786 2779 1826; x_wconf 91' lang='lat' dir='ltr'><strong><em>non</em></strong></span> <span class='ocrx_word' id='word_1_604' title='bbox 2809 1784 2868 1824; x_wconf 90' lang='lat' dir='ltr'><strong><em>se</em></strong></span> <span class='ocrx_word' id='word_1_605' title='bbox 2897 1766 3173 1821; x_wconf 88' lang='lat' dir='ltr'><strong><em>mortalem</em></strong></span> <span class='ocrx_word' id='word_1_606' title='bbox 3202 1761 3470 1834; x_wconf 89' lang='lat' dir='ltr'><strong><em>agnoscit,</em></strong></span> <span class='ocrx_word' id='word_1_607' title='bbox 3501 1775 3615 1814; x_wconf 87' lang='lat' dir='ltr'><strong><em>non</em></strong></span> <span class='ocrx_word' id='word_1_608' title='bbox 3644 1773 3702 1813; x_wconf 87' lang='lat' dir='ltr'><strong><em>se</em></strong></span> 
     </span>
    </p>
   </div>
   <div class='ocr_carea' id='block_1_75' title="bbox 2115 1855 3703 1943">
    <p class='ocr_par' dir='ltr' id='par_1_75' title="bbox 2115 1855 3703 1943">
     <span class='ocr_line' id='line_1_79' title="bbox 2115 1855 3703 1943; baseline -0.016 -15"><span class='ocrx_word' id='word_1_609' title='bbox 2115 1870 2355 1943; x_wconf 87' lang='lat' dir='ltr'><strong><em>agnoscit</em></strong></span> <span class='ocrx_word' id='word_1_610' title='bbox 2389 1866 2659 1936; x_wconf 74' lang='lat' dir='ltr'><strong><em>fragilem,</em></strong></span> <span class='ocrx_word' id='word_1_611' title='bbox 2690 1877 2792 1917; x_wconf 92' lang='lat' dir='ltr'><strong><em>non</em></strong></span> <span class='ocrx_word' id='word_1_612' title='bbox 2823 1874 2882 1915; x_wconf 91' lang='lat' dir='ltr'><strong><em>se</em></strong></span> <span class='ocrx_word' id='word_1_613' title='bbox 2913 1855 3153 1926; x_wconf 87' lang='lat' dir='ltr'><strong><em>agnoscit</em></strong></span> <span class='ocrx_word' id='word_1_614' title='bbox 3196 1861 3562 1923; x_wconf 84' lang='lat' dir='ltr'><strong><em>peccaturetn,</em></strong></span> <span class='ocrx_word' id='word_1_615' title='bbox 3597 1865 3703 1904; x_wconf 87' lang='lat' dir='ltr'><strong><em>non</em></strong></span> 
     </span>
    </p>
   </div>
   <div class='ocr_carea' id='block_1_76' title="bbox 2117 1943 3704 2034">
    <p class='ocr_par' dir='ltr' id='par_1_76' title="bbox 2117 1943 3704 2034">
     <span class='ocr_line' id='line_1_80' title="bbox 2117 1943 3704 2034; baseline -0.018 -12"><span class='ocrx_word' id='word_1_616' title='bbox 2117 1983 2174 2022; x_wconf 90' lang='lat' dir='ltr'><strong><em>se</em></strong></span> <span class='ocrx_word' id='word_1_617' title='bbox 2199 1962 2443 2034; x_wconf 80' lang='lat' dir='ltr'><strong><em>agnoscit</em></strong></span> <span class='ocrx_word' id='word_1_618' title='bbox 2466 1966 2722 2029; x_wconf 71' lang='lat' dir='ltr'><strong><em>aegrotum</em></strong></span> <span class='ocrx_word' id='word_1_619' title='bbox 2744 1996 2760 2022; x_wconf 95' lang='lat'><strong><em>,</em></strong></span> <span class='ocrx_word' id='word_1_620' title='bbox 2794 1963 2852 2007; x_wconf 89' lang='lat' dir='ltr'><strong><em>ut</em></strong></span> <span class='ocrx_word' id='word_1_621' title='bbox 2885 1959 3089 2022; x_wconf 65' lang='lat' dir='ltr'><strong><em>quaerat</em></strong></span> <span class='ocrx_word' id='word_1_622' title='bbox 3135 1947 3217 2002; x_wconf 86' lang='lat' dir='ltr'><strong><em>vel</em></strong></span> <span class='ocrx_word' id='word_1_623' title='bbox 3259 1954 3490 2016; x_wconf 52' lang='lat' dir='ltr'><strong><em>a‘grotus</em></strong></span> <span class='ocrx_word' id='word_1_624' title='bbox 3533 1943 3704 1996; x_wconf 79' lang='lat' dir='ltr'><strong><em>rnedi-</em></strong></span> 
     </span>
    </p>
   </div>
   <div class='ocr_carea' id='block_1_77' title="bbox 2117 2035 3632 2120">
    <p class='ocr_par' dir='ltr' id='par_1_77' title="bbox 2117 2035 3632 2120">
     <span class='ocr_line' id='line_1_81' title="bbox 2117 2035 3632 2120; baseline -0.017 -9"><span class='ocrx_word' id='word_1_625' title='bbox 2117 2057 2271 2111; x_wconf 85' lang='lat' dir='ltr'><strong><em>cum!</em></strong></span> <span class='ocrx_word' id='word_1_626' title='bbox 2300 2052 2397 2108; x_wconf 84' lang='lat' dir='ltr'><strong><em>sed</em></strong></span> <span class='ocrx_word' id='word_1_627' title='bbox 2425 2048 2563 2120; x_wconf 90' lang='lat' dir='ltr'><strong><em>quod</em></strong></span> <span class='ocrx_word' id='word_1_628' title='bbox 2594 2056 2673 2103; x_wconf 86' lang='lat' dir='ltr'><strong><em>est</em></strong></span> <span class='ocrx_word' id='word_1_629' title='bbox 2704 2042 3069 2116; x_wconf 81' lang='lat' dir='ltr'><strong><em>periculosius,</em></strong></span> <span class='ocrx_word' id='word_1_630' title='bbox 3090 2053 3250 2094; x_wconf 89' lang='lat' dir='ltr'><strong><em>sanus</em></strong></span> <span class='ocrx_word' id='word_1_631' title='bbox 3270 2035 3370 2091; x_wconf 88' lang='lat' dir='ltr'><strong>sibi</strong></span> <span class='ocrx_word' id='word_1_632' title='bbox 3391 2035 3632 2089; x_wconf 83' lang='lat' dir='ltr'><strong><em>videtur!</em></strong></span> 
     </span>
    </p>
   </div>
   <div class='ocr_carea' id='block_1_78' title="bbox 2185 2127 3703 2203">
    <p class='ocr_par' dir='ltr' id='par_1_78' title="bbox 2185 2127 3703 2203">
     <span class='ocr_line' id='line_1_82' title="bbox 2185 2127 3703 2203; baseline -0.017 0"><span class='ocrx_word' id='word_1_633' title='bbox 2185 2144 2414 2203; x_wconf 83' lang='lat' dir='ltr'><strong><em>CAPUT</em></strong></span> <span class='ocrx_word' id='word_1_634' title='bbox 2455 2142 2660 2198; x_wconf 61' lang='lat' dir='ltr'><strong><em>\‘lU.——</em></strong></span> <span class='ocrx_word' id='word_1_635' title='bbox 2689 2137 2772 2193; x_wconf 71' lang='grc'><strong>1⁸2.</strong></span> <span class='ocrx_word' id='word_1_636' title='bbox 2798 2136 2994 2190; x_wconf 75' lang='lat' dir='ltr'><strong><em>Judan&#39;s</em></strong></span> <span class='ocrx_word' id='word_1_637' title='bbox 3041 2133 3101 2187; x_wconf 92' lang='lat' dir='ltr'><strong><em>ob</em></strong></span> <span class='ocrx_word' id='word_1_638' title='bbox 3147 2130 3429 2201; x_wconf 83' lang='lat' dir='ltr'><strong><em>superbiam</em></strong></span> <span class='ocrx_word' id='word_1_639' title='bbox 3474 2127 3703 2198; x_wconf 80' lang='lat' dir='ltr'><strong><em>rejectis,</em></strong></span> 
     </span>
    </p>
   </div>
   <div class='ocr_carea' id='block_1_79' title="bbox 2124 2217 3708 2307">
    <p class='ocr_par' dir='ltr' id='par_1_79' title="bbox 2124 2217 3708 2307">
     <span class='ocr_line' id='line_1_83' title="bbox 2124 2217 3708 2307; baseline -0.016 -13"><span class='ocrx_word' id='word_1_640' title='bbox 2124 2238 2304 2294; x_wconf 85' lang='lat' dir='ltr'><strong><em>Gentes</em></strong></span> <span class='ocrx_word' id='word_1_641' title='bbox 2333 2243 2539 2307; x_wconf 85' lang='lat' dir='ltr'><strong><em>prapter</em></strong></span> <span class='ocrx_word' id='word_1_642' title='bbox 2567 2229 2903 2284; x_wconf 84' lang='lat' dir='ltr'><strong><em>humilitatem</em></strong></span> <span class='ocrx_word' id='word_1_643' title='bbox 2948 2227 3000 2278; x_wconf 88' lang='lat' dir='ltr'><strong><em>in</em></strong></span> <span class='ocrx_word' id='word_1_644' title='bbox 3047 2239 3220 2277; x_wconf 85' lang='lat' dir='ltr'><strong><em>eorum</em></strong></span> <span class='ocrx_word' id='word_1_645' title='bbox 3259 2222 3421 2274; x_wconf 87' lang='lat' dir='ltr'><strong><em>locum</em></strong></span> <span class='ocrx_word' id='word_1_646' title='bbox 3459 2217 3708 2286; x_wconf 60' lang='lat' dir='ltr'><strong><em>suffodit.</em></strong></span> 
     </span>
    </p>
   </div>
   <div class='ocr_carea' id='block_1_80' title="bbox 2125 2306 3710 2398">
    <p class='ocr_par' dir='ltr' id='par_1_80' title="bbox 2125 2306 3710 2398">
     <span class='ocr_line' id='line_1_84' title="bbox 2125 2306 3710 2398; baseline -0.013 -16"><span class='ocrx_word' id='word_1_647' title='bbox 2125 2327 2316 2398; x_wconf 82' lang='lat' dir='ltr'><strong><em>Magna</em></strong></span> <span class='ocrx_word' id='word_1_648' title='bbox 2341 2306 2492 2394; x_wconf 85' lang='lat' dir='ltr'><strong><em>ﬁdes,</em></strong></span> <span class='ocrx_word' id='word_1_649' title='bbox 2510 2323 2636 2376; x_wconf 82' lang='lat' dir='ltr'><strong><em>sicut</em></strong></span> <span class='ocrx_word' id='word_1_650' title='bbox 2679 2333 2894 2390; x_wconf 83' lang='lat' dir='ltr'><strong><em>granum</em></strong></span> <span class='ocrx_word' id='word_1_651' title='bbox 2936 2313 3148 2382; x_wconf 86' lang='lat' dir='ltr'><strong><em>sinapis.</em></strong></span> <span class='ocrx_word' id='word_1_652' title='bbox 3202 2311 3338 2380; x_wconf 84' lang='lat' dir='ltr'><strong><em>Ergo</em></strong></span> <span class='ocrx_word' id='word_1_653' title='bbox 3370 2315 3589 2378; x_wconf 84' lang='lat' dir='ltr'><strong><em>propter</em></strong></span> <span class='ocrx_word' id='word_1_654' title='bbox 3611 2306 3710 2361; x_wconf 85' lang='lat' dir='ltr'><strong><em>hoc</em></strong></span> 
     </span>
    </p>
   </div>
   <div class='ocr_carea' id='block_1_81' title="bbox 2126 2399 3709 2490">
    <p class='ocr_par' dir='ltr' id='par_1_81' title="bbox 2126 2399 3709 2490">
     <span class='ocr_line' id='line_1_85' title="bbox 2126 2399 3709 2490; baseline -0.015 -14"><span class='ocrx_word' id='word_1_655' title='bbox 2126 2421 2213 2476; x_wconf 81' lang='lat' dir='ltr'><strong><em>ille</em></strong></span> <span class='ocrx_word' id='word_1_656' title='bbox 2245 2419 2468 2490; x_wconf 82' lang='lat' dir='ltr'><strong><em>populus</em></strong></span> <span class='ocrx_word' id='word_1_657' title='bbox 2494 2429 2600 2470; x_wconf 90' lang='lat' dir='ltr'><strong><em>non</em></strong></span> <span class='ocrx_word' id='word_1_658' title='bbox 2627 2411 2885 2475; x_wconf 87' lang='lat' dir='ltr'><strong><em>accessit,</em></strong></span> <span class='ocrx_word' id='word_1_659' title='bbox 2911 2407 2961 2462; x_wconf 88' lang='lat' dir='ltr'><strong><em>id</em></strong></span> <span class='ocrx_word' id='word_1_660' title='bbox 2983 2414 3066 2462; x_wconf 89' lang='lat' dir='ltr'><strong><em>est</em></strong></span> <span class='ocrx_word' id='word_1_661' title='bbox 3084 2447 3098 2468; x_wconf 90' lang='lat'><strong><em>,</em></strong></span> <span class='ocrx_word' id='word_1_662' title='bbox 3128 2413 3343 2474; x_wconf 86' lang='lat' dir='ltr'><strong><em>propter</em></strong></span> <span class='ocrx_word' id='word_1_663' title='bbox 3366 2399 3709 2470; x_wconf 85' lang='lat' dir='ltr'><strong><em>superbiam:</em></strong></span> 
     </span>
    </p>
   </div>
   <div class='ocr_carea' id='block_1_82' title="bbox 2125 2488 3713 2569">
    <p class='ocr_par' dir='ltr' id='par_1_82' title="bbox 2125 2488 3713 2569">
     <span class='ocr_line' id='line_1_86' title="bbox 2125 2488 3713 2569; baseline -0.017 0"><span class='ocrx_word' id='word_1_664' title='bbox 2125 2522 2180 2569; x_wconf 87' lang='lat' dir='ltr'><strong><em>et</em></strong></span> <span class='ocrx_word' id='word_1_665' title='bbox 2202 2488 2327 2567; x_wconf 84' lang='lat' dir='ltr'><strong><em>dicti</em></strong></span> <span class='ocrx_word' id='word_1_666' title='bbox 2358 2517 2479 2563; x_wconf 86' lang='lat' dir='ltr'><strong><em>sunt</em></strong></span> <span class='ocrx_word' id='word_1_667' title='bbox 2503 2521 2572 2561; x_wconf 75' lang='lat' dir='ltr'><strong><em>ex</em></strong></span> <span class='ocrx_word' id='word_1_668' title='bbox 2599 2503 2790 2558; x_wconf 87' lang='lat' dir='ltr'><strong><em>arbore</em></strong></span> <span class='ocrx_word' id='word_1_669' title='bbox 2816 2499 2949 2555; x_wconf 69' lang='lat' dir='ltr'><strong><em>clem.</em></strong></span> <span class='ocrx_word' id='word_1_670' title='bbox 2968 2539 2985 2567; x_wconf 94' lang='lat'><strong><em>,</em></strong></span> <span class='ocrx_word' id='word_1_671' title='bbox 3017 2497 3119 2552; x_wconf 92' lang='lat' dir='ltr'><strong><em>hoc</em></strong></span> <span class='ocrx_word' id='word_1_672' title='bbox 3144 2503 3260 2561; x_wconf 89' lang='lat' dir='ltr'><strong><em>est,</em></strong></span> <span class='ocrx_word' id='word_1_673' title='bbox 3295 2492 3363 2547; x_wconf 90' lang='lat' dir='ltr'><strong><em>de</em></strong></span> <span class='ocrx_word' id='word_1_674' title='bbox 3392 2491 3484 2546; x_wconf 88' lang='lat' dir='ltr'><strong><em>illo</em></strong></span> <span class='ocrx_word' id='word_1_675' title='bbox 3514 2488 3713 2560; x_wconf 88' lang='lat' dir='ltr'><strong><em>populo</em></strong></span> 
     </span>
    </p>
   </div>
   <div class='ocr_carea' id='block_1_83' title="bbox 2127 2582 3711 2668">
    <p class='ocr_par' dir='ltr' id='par_1_83' title="bbox 2127 2582 3711 2668">
     <span class='ocr_line' id='line_1_87' title="bbox 2127 2582 3711 2668; baseline -0.016 -8"><span class='ocrx_word' id='word_1_676' title='bbox 2127 2621 2157 2660; x_wconf 87' lang='lat' dir='ltr'><strong><em>a</em></strong></span> <span class='ocrx_word' id='word_1_677' title='bbox 2184 2599 2506 2668; x_wconf 84' lang='lat' dir='ltr'><strong><em>Patriarchis</em></strong></span> <span class='ocrx_word' id='word_1_678' title='bbox 2545 2604 2761 2661; x_wconf 90' lang='lat' dir='ltr'><strong><em>creato,</em></strong></span> <span class='ocrx_word' id='word_1_679' title='bbox 2809 2593 2958 2648; x_wconf 82' lang='lat' dir='ltr'><strong><em>fracti</em></strong></span> <span class='ocrx_word' id='word_1_680' title='bbox 3007 2589 3141 2644; x_wconf 87' lang='lat' dir='ltr'><strong><em>rami</em></strong></span> <span class='ocrx_word' id='word_1_681' title='bbox 3181 2585 3479 2650; x_wconf 89' lang='lat' dir='ltr'><strong><em>naturales,</em></strong></span> <span class='ocrx_word' id='word_1_682' title='bbox 3509 2582 3567 2637; x_wconf 90' lang='lat' dir='ltr'><strong>id</strong></span> <span class='ocrx_word' id='word_1_683' title='bbox 3597 2591 3711 2648; x_wconf 62' lang='lat' dir='ltr'><strong><em>est,</em></strong></span> 
     </span>
    </p>
   </div>
   <div class='ocr_carea' id='block_1_84' title="bbox 2128 2675 3712 2756">
    <p class='ocr_par' dir='ltr' id='par_1_84' title="bbox 2128 2675 3712 2756">
     <span class='ocr_line' id='line_1_88' title="bbox 2128 2675 3712 2756; baseline -0.015 -4"><span class='ocrx_word' id='word_1_684' title='bbox 2128 2695 2298 2754; x_wconf 64' lang='lat' dir='ltr'><strong><em>iudici</em></strong></span> <span class='ocrx_word' id='word_1_685' title='bbox 2327 2694 2517 2749; x_wconf 86' lang='lat' dir='ltr'><strong><em>merito</em></strong></span> <span class='ocrx_word' id='word_1_686' title='bbox 2542 2689 2751 2746; x_wconf 88' lang='lat' dir='ltr'><strong><em>steriles</em></strong></span> <span class='ocrx_word' id='word_1_687' title='bbox 2779 2685 2966 2756; x_wconf 88' lang='lat' dir='ltr'><strong><em>spiritu</em></strong></span> <span class='ocrx_word' id='word_1_688' title='bbox 2991 2679 3254 2752; x_wconf 62' lang='lat' dir='ltr'><strong><em>superbiae</em></strong></span> <span class='ocrx_word' id='word_1_689' title='bbox 3274 2695 3290 2744; x_wconf 89' lang='lat'><strong>;</strong></span> <span class='ocrx_word' id='word_1_690' title='bbox 3312 2688 3362 2734; x_wconf 91' lang='lat' dir='ltr'><strong><em>et</em></strong></span> <span class='ocrx_word' id='word_1_691' title='bbox 3395 2677 3447 2732; x_wconf 90' lang='lat' dir='ltr'><strong><em>in</em></strong></span> <span class='ocrx_word' id='word_1_692' title='bbox 3479 2675 3570 2731; x_wconf 85' lang='lat' dir='ltr'><strong><em>illa</em></strong></span> <span class='ocrx_word' id='word_1_693' title='bbox 3597 2676 3712 2730; x_wconf 84' lang='lat' dir='ltr'><strong><em>olea</em></strong></span> 
     </span>
    </p>
   </div>
   <div class='ocr_carea' id='block_1_85' title="bbox 2131 2764 3714 2843">
    <p class='ocr_par' dir='ltr' id='par_1_85' title="bbox 2131 2764 3714 2843">
     <span class='ocr_line' id='line_1_89' title="bbox 2131 2764 3714 2843; baseline -0.015 -1"><span class='ocrx_word' id='word_1_694' title='bbox 2131 2788 2365 2842; x_wconf 90' lang='lat' dir='ltr'><strong><em>insertus</em></strong></span> <span class='ocrx_word' id='word_1_695' title='bbox 2413 2791 2494 2839; x_wconf 89' lang='lat' dir='ltr'><strong><em>est</em></strong></span> <span class='ocrx_word' id='word_1_696' title='bbox 2528 2783 2777 2836; x_wconf 81' lang='lat' dir='ltr'><strong><em>oleaster.</em></strong></span> <span class='ocrx_word' id='word_1_697' title='bbox 2817 2777 3063 2832; x_wconf 85' lang='lat' dir='ltr'><strong><em>Oleaster</em></strong></span> <span class='ocrx_word' id='word_1_698' title='bbox 3093 2770 3316 2843; x_wconf 85' lang='lat' dir='ltr'><strong><em>populus</em></strong></span> <span class='ocrx_word' id='word_1_699' title='bbox 3343 2784 3407 2824; x_wconf 77' lang='lat' dir='ltr'><strong><em>cx</em></strong></span> <span class='ocrx_word' id='word_1_700' title='bbox 3433 2764 3714 2824; x_wconf 85' lang='lat' dir='ltr'><strong><em>Gentibus.</em></strong></span> 
     </span>
    </p>
   </div>
   <div class='ocr_carea' id='block_1_86' title="bbox 2128 2860 3713 2946">
    <p class='ocr_par' dir='ltr' id='par_1_86' title="bbox 2128 2860 3713 2946">
     <span class='ocr_line' id='line_1_90' title="bbox 2128 2860 3713 2946; baseline -0.015 -11"><span class='ocrx_word' id='word_1_701' title='bbox 2128 2881 2216 2935; x_wconf 89' lang='lat' dir='ltr'><strong><em>Sic</em></strong></span> <span class='ocrx_word' id='word_1_702' title='bbox 2239 2877 2367 2932; x_wconf 90' lang='lat' dir='ltr'><strong><em>dicit</em></strong></span> <span class='ocrx_word' id='word_1_703' title='bbox 2386 2875 2694 2946; x_wconf 77' lang='lat' dir='ltr'><strong><em>Apostolus,</em></strong></span> <span class='ocrx_word' id='word_1_704' title='bbox 2718 2869 2857 2942; x_wconf 85' lang='lat' dir='ltr'><strong><em>quod</em></strong></span> <span class='ocrx_word' id='word_1_705' title='bbox 2887 2869 3118 2924; x_wconf 85' lang='lat' dir='ltr'><strong><em>oleaster</em></strong></span> <span class='ocrx_word' id='word_1_706' title='bbox 3140 2866 3370 2920; x_wconf 89' lang='lat' dir='ltr'><strong><em>insertus</em></strong></span> <span class='ocrx_word' id='word_1_707' title='bbox 3391 2863 3458 2918; x_wconf 89' lang='lat' dir='ltr'><strong><em>sit</em></strong></span> <span class='ocrx_word' id='word_1_708' title='bbox 3487 2861 3542 2916; x_wconf 85' lang='lat' dir='ltr'><strong><em>in</em></strong></span> <span class='ocrx_word' id='word_1_709' title='bbox 3571 2860 3713 2925; x_wconf 83' lang='lat' dir='ltr'><strong><em>olea,</em></strong></span> 
     </span>
    </p>
   </div>
   <div class='ocr_carea' id='block_1_87' title="bbox 2132 2953 3718 3025">
    <p class='ocr_par' dir='ltr' id='par_1_87' title="bbox 2132 2953 3718 3025">
     <span class='ocr_line' id='line_1_91' title="bbox 2132 2953 3718 3025; baseline -0.013 0"><span class='ocrx_word' id='word_1_710' title='bbox 2132 2970 2265 3025; x_wconf 89' lang='lat' dir='ltr'><strong><em>rami</em></strong></span> <span class='ocrx_word' id='word_1_711' title='bbox 2311 2977 2488 3023; x_wconf 88' lang='lat' dir='ltr'><strong><em>autem</em></strong></span> <span class='ocrx_word' id='word_1_712' title='bbox 2534 2964 2801 3020; x_wconf 87' lang='lat' dir='ltr'><strong><em>naturales</em></strong></span> <span class='ocrx_word' id='word_1_713' title='bbox 2834 2960 2984 3014; x_wconf 79' lang='lat' dir='ltr'><strong><em>fracti</em></strong></span> <span class='ocrx_word' id='word_1_714' title='bbox 3011 2958 3138 3011; x_wconf 88' lang='lat' dir='ltr'><strong><em>sint.</em></strong></span> <span class='ocrx_word' id='word_1_715' title='bbox 3168 2956 3244 3010; x_wconf 86' lang='lat' dir='ltr'><strong><em>Illi</em></strong></span> <span class='ocrx_word' id='word_1_716' title='bbox 3292 2953 3444 3009; x_wconf 78' lang='lat' dir='ltr'><strong><em>h-acti</em></strong></span> <span class='ocrx_word' id='word_1_717' title='bbox 3492 2961 3718 3022; x_wconf 85' lang='lat' dir='ltr'><strong><em>propter</em></strong></span> 
     </span>
    </p>
   </div>
   <div class='ocr_carea' id='block_1_88' title="bbox 2132 3043 3718 3130">
    <p class='ocr_par' dir='ltr' id='par_1_88' title="bbox 2132 3043 3718 3130">
     <span class='ocr_line' id='line_1_92' title="bbox 2132 3043 3718 3130; baseline -0.014 -13"><span class='ocrx_word' id='word_1_718' title='bbox 2132 3059 2442 3130; x_wconf 83' lang='lat' dir='ltr'><strong><em>superbiam</em></strong></span> <span class='ocrx_word' id='word_1_719' title='bbox 2487 3073 2502 3109; x_wconf 89' lang='lat'><strong>:</strong></span> <span class='ocrx_word' id='word_1_720' title='bbox 2553 3056 2783 3110; x_wconf 83' lang='lat' dir='ltr'><strong><em>insertus</em></strong></span> <span class='ocrx_word' id='word_1_721' title='bbox 2825 3051 3056 3106; x_wconf 82' lang='lat' dir='ltr'><strong><em>oleaster</em></strong></span> <span class='ocrx_word' id='word_1_722' title='bbox 3101 3055 3317 3118; x_wconf 78' lang='lat' dir='ltr'><strong><em>propter</em></strong></span> <span class='ocrx_word' id='word_1_723' title='bbox 3361 3043 3718 3100; x_wconf 79' lang='lat' dir='ltr'><strong><em>humilitatem</em></strong></span> 
     </span>
    </p>
   </div>
   <div class='ocr_carea' id='block_1_89' title="bbox 2135 3134 3720 3222">
    <p class='ocr_par' dir='ltr' id='par_1_89' title="bbox 2135 3134 3720 3222">
     <span class='ocr_line' id='line_1_93' title="bbox 2135 3134 3720 3222; baseline -0.013 -17"><span class='ocrx_word' id='word_1_724' title='bbox 2135 3152 2307 3222; x_wconf 82' lang='lat' dir='ltr'><strong><em>(Rom.</em></strong></span> <span class='ocrx_word' id='word_1_725' title='bbox 2337 3166 2413 3212; x_wconf 76' lang='lat' dir='ltr'><strong><em>si.</em></strong></span> <span class='ocrx_word' id='word_1_726' title='bbox 2446 3147 2651 3216; x_wconf 72' lang='grc'><strong><em>17-21).</em></strong></span> <span class='ocrx_word' id='word_1_727' title='bbox 2685 3144 2830 3198; x_wconf 85' lang='lat' dir='ltr'><strong><em>lianc</em></strong></span> <span class='ocrx_word' id='word_1_728' title='bbox 2855 3139 3202 3195; x_wconf 86' lang='lat' dir='ltr'><strong><em>humilitatem</em></strong></span> <span class='ocrx_word' id='word_1_729' title='bbox 3241 3134 3556 3194; x_wconf 78' lang='lat' dir='ltr'><strong><em>ostendebat</em></strong></span> <span class='ocrx_word' id='word_1_730' title='bbox 3597 3147 3720 3186; x_wconf 82' lang='lat' dir='ltr'><strong><em>mn.-</em></strong></span> 
     </span>
    </p>
   </div>
   <div class='ocr_carea' id='block_1_90' title="bbox 2135 3225 3714 3304">
    <p class='ocr_par' dir='ltr' id='par_1_90' title="bbox 2135 3225 3714 3304">
     <span class='ocr_line' id='line_1_94' title="bbox 2135 3225 3714 3304; baseline -0.01 -8"><span class='ocrx_word' id='word_1_731' title='bbox 2135 3241 2251 3304; x_wconf 87' lang='lat' dir='ltr'><strong><em>lier,</em></strong></span> <span class='ocrx_word' id='word_1_732' title='bbox 2279 3241 2462 3294; x_wconf 89' lang='lat' dir='ltr'><strong><em>dicens</em></strong></span> <span class='ocrx_word' id='word_1_733' title='bbox 2486 3255 2499 3291; x_wconf 90' lang='lat'><strong>:</strong></span> <span class='ocrx_word' id='word_1_734' title='bbox 2528 3236 2625 3301; x_wconf 82' lang='lat' dir='ltr'><strong><em>Ita,</em></strong></span> <span class='ocrx_word' id='word_1_735' title='bbox 2657 3235 2899 3300; x_wconf 88' lang='lat' dir='ltr'><strong><em>Domine,</em></strong></span> <span class='ocrx_word' id='word_1_736' title='bbox 2917 3232 3063 3286; x_wconf 88' lang='lat' dir='ltr'><strong><em>canis</em></strong></span> <span class='ocrx_word' id='word_1_737' title='bbox 3087 3245 3228 3295; x_wconf 89' lang='lat' dir='ltr'><strong><em>sum,</em></strong></span> <span class='ocrx_word' id='word_1_738' title='bbox 3256 3227 3421 3284; x_wconf 86' lang='lat' dir='ltr'><strong><em>micas</em></strong></span> <span class='ocrx_word' id='word_1_739' title='bbox 3439 3225 3714 3281; x_wconf 87' lang='lat' dir='ltr'><strong><em>desidero.</em></strong></span> 
     </span>
    </p>
   </div>
   <div class='ocr_carea' id='block_1_91' title="bbox 2137 3317 3718 3391">
    <p class='ocr_par' dir='ltr' id='par_1_91' title="bbox 2137 3317 3718 3391">
     <span class='ocr_line' id='line_1_95' title="bbox 2137 3317 3718 3391; baseline -0.013 -1"><span class='ocrx_word' id='word_1_740' title='bbox 2137 3335 2194 3390; x_wconf 87' lang='lat' dir='ltr'><strong><em>In</em></strong></span> <span class='ocrx_word' id='word_1_741' title='bbox 2224 3333 2322 3386; x_wconf 89' lang='lat' dir='ltr'><strong><em>hac</em></strong></span> <span class='ocrx_word' id='word_1_742' title='bbox 2348 3329 2646 3386; x_wconf 78' lang='lat' dir='ltr'><strong><em>humilitate</em></strong></span> <span class='ocrx_word' id='word_1_743' title='bbox 2665 3327 2823 3382; x_wconf 89' lang='lat' dir='ltr'><strong><em>etiam</em></strong></span> <span class='ocrx_word' id='word_1_744' title='bbox 2839 3323 3093 3380; x_wconf 88' lang='lat' dir='ltr'><strong><em>Centurio</em></strong></span> <span class='ocrx_word' id='word_1_745' title='bbox 3120 3321 3208 3375; x_wconf 87' lang='lat' dir='ltr'><strong><em>ille</em></strong></span> <span class='ocrx_word' id='word_1_746' title='bbox 3227 3318 3426 3391; x_wconf 84' lang='lat' dir='ltr'><strong><em>placuit</em></strong></span> <span class='ocrx_word' id='word_1_747' title='bbox 3449 3335 3464 3372; x_wconf 91' lang='lat'><strong>:</strong></span> <span class='ocrx_word' id='word_1_748' title='bbox 3487 3317 3577 3388; x_wconf 90' lang='lat' dir='ltr'><strong><em>qui</em></strong></span> <span class='ocrx_word' id='word_1_749' title='bbox 3599 3331 3718 3371; x_wconf 89' lang='lat' dir='ltr'><strong><em>cum</em></strong></span> 
     </span>
    </p>
   </div>
   <div class='ocr_carea' id='block_1_92' title="bbox 2137 3405 3720 3491">
    <p class='ocr_par' dir='ltr' id='par_1_92' title="bbox 2137 3405 3720 3491">
     <span class='ocr_line' id='line_1_96' title="bbox 2137 3405 3720 3491; baseline -0.013 -11"><span class='ocrx_word' id='word_1_750' title='bbox 2137 3423 2468 3480; x_wconf 86' lang='lat' dir='ltr'><strong><em>desideraret</em></strong></span> <span class='ocrx_word' id='word_1_751' title='bbox 2511 3435 2734 3491; x_wconf 77' lang='lat' dir='ltr'><strong><em>puerum</em></strong></span> <span class='ocrx_word' id='word_1_752' title='bbox 2782 3432 2938 3473; x_wconf 87' lang='lat' dir='ltr'><strong><em>suum</em></strong></span> <span class='ocrx_word' id='word_1_753' title='bbox 2968 3431 2997 3467; x_wconf 89' lang='lat' dir='ltr'><strong><em>a</em></strong></span> <span class='ocrx_word' id='word_1_754' title='bbox 3027 3413 3253 3470; x_wconf 91' lang='lat' dir='ltr'><strong><em>Domino</em></strong></span> <span class='ocrx_word' id='word_1_755' title='bbox 3296 3410 3500 3473; x_wconf 88' lang='lat' dir='ltr'><strong><em>curari,</em></strong></span> <span class='ocrx_word' id='word_1_756' title='bbox 3524 3418 3581 3463; x_wconf 90' lang='lat' dir='ltr'><strong><em>et</em></strong></span> <span class='ocrx_word' id='word_1_757' title='bbox 3610 3405 3720 3461; x_wconf 89' lang='lat' dir='ltr'><strong><em>Do-</em></strong></span> 
     </span>
    </p>
   </div>
   <div class='ocr_carea' id='block_1_93' title="bbox 2137 3499 3725 3582">
    <p class='ocr_par' dir='ltr' id='par_1_93' title="bbox 2137 3499 3725 3582">
     <span class='ocr_line' id='line_1_97' title="bbox 2137 3499 3725 3582; baseline -0.012 -10"><span class='ocrx_word' id='word_1_758' title='bbox 2137 3518 2312 3572; x_wconf 88' lang='lat' dir='ltr'><strong><em>minus</em></strong></span> <span class='ocrx_word' id='word_1_759' title='bbox 2340 3515 2576 3578; x_wconf 89' lang='lat' dir='ltr'><strong><em>diceret,</em></strong></span> <span class='ocrx_word' id='word_1_760' title='bbox 2605 3511 2714 3582; x_wconf 82' lang='lat' dir='ltr'><strong><em>Ego</em></strong></span> <span class='ocrx_word' id='word_1_761' title='bbox 2739 3511 2933 3565; x_wconf 79' lang='lat' dir='ltr'><strong><em>veniam</em></strong></span> <span class='ocrx_word' id='word_1_762' title='bbox 2976 3517 3021 3560; x_wconf 80' lang='lat' dir='ltr'><strong><em>et</em></strong></span> <span class='ocrx_word' id='word_1_763' title='bbox 3058 3505 3242 3560; x_wconf 80' lang='lat' dir='ltr'><strong><em>curabo</em></strong></span> <span class='ocrx_word' id='word_1_764' title='bbox 3271 3519 3420 3566; x_wconf 85' lang='lat' dir='ltr'><strong><em>eum;</em></strong></span> <span class='ocrx_word' id='word_1_765' title='bbox 3444 3499 3725 3572; x_wconf 85' lang='lat' dir='ltr'><strong><em>respondit</em></strong></span> 
     </span>
    </p>
   </div>
   <div class='ocr_carea' id='block_1_94' title="bbox 2138 3593 3722 3672">
    <p class='ocr_par' dir='ltr' id='par_1_94' title="bbox 2138 3593 3722 3672">
     <span class='ocr_line' id='line_1_98' title="bbox 2138 3593 3722 3672; baseline -0.011 -9"><span class='ocrx_word' id='word_1_766' title='bbox 2138 3608 2247 3672; x_wconf 86' lang='lat' dir='ltr'><strong><em>ille,</em></strong></span> <span class='ocrx_word' id='word_1_767' title='bbox 2277 3606 2513 3672; x_wconf 84' lang='lat' dir='ltr'><strong><em>Domine,</em></strong></span> <span class='ocrx_word' id='word_1_768' title='bbox 2543 3619 2644 3657; x_wconf 87' lang='lat' dir='ltr'><strong><em>non</em></strong></span> <span class='ocrx_word' id='word_1_769' title='bbox 2672 3617 2784 3654; x_wconf 83' lang='lat' dir='ltr'><strong><em>sum</em></strong></span> <span class='ocrx_word' id='word_1_770' title='bbox 2809 3601 2991 3670; x_wconf 85' lang='lat' dir='ltr'><strong><em>dignus</em></strong></span> <span class='ocrx_word' id='word_1_771' title='bbox 3017 3597 3101 3667; x_wconf 83' lang='lat' dir='ltr'><strong><em>qui</em></strong></span> <span class='ocrx_word' id='word_1_772' title='bbox 3129 3595 3218 3650; x_wconf 89' lang='lat' dir='ltr'><strong><em>sub</em></strong></span> <span class='ocrx_word' id='word_1_773' title='bbox 3245 3603 3424 3647; x_wconf 84' lang='lat' dir='ltr'><strong><em>tectum</em></strong></span> <span class='ocrx_word' id='word_1_774' title='bbox 3450 3609 3613 3646; x_wconf 81' lang='lat' dir='ltr'><strong><em>mcum</em></strong></span> <span class='ocrx_word' id='word_1_775' title='bbox 3639 3593 3722 3645; x_wconf 78' lang='lat' dir='ltr'><strong><em>in-</em></strong></span> 
     </span>
    </p>
   </div>
   <div class='ocr_carea' id='block_1_95' title="bbox 2139 3689 3723 3767">
    <p class='ocr_par' dir='ltr' id='par_1_95' title="bbox 2139 3689 3723 3767">
     <span class='ocr_line' id='line_1_99' title="bbox 2139 3689 3723 3767; baseline -0.011 -13"><span class='ocrx_word' id='word_1_776' title='bbox 2139 3713 2272 3767; x_wconf 84' lang='lat' dir='ltr'><strong><em>tres;</em></strong></span> <span class='ocrx_word' id='word_1_777' title='bbox 2314 3701 2401 3756; x_wconf 85' lang='lat' dir='ltr'><strong><em>sed</em></strong></span> <span class='ocrx_word' id='word_1_778' title='bbox 2437 3707 2628 3753; x_wconf 85' lang='lat' dir='ltr'><strong><em>tantum</em></strong></span> <span class='ocrx_word' id='word_1_779' title='bbox 2675 3697 2756 3752; x_wconf 88' lang='lat' dir='ltr'><strong><em>dic</em></strong></span> <span class='ocrx_word' id='word_1_780' title='bbox 2797 3695 2973 3758; x_wconf 83' lang='lat' dir='ltr'><strong><em>verbo,</em></strong></span> <span class='ocrx_word' id='word_1_781' title='bbox 3011 3701 3058 3744; x_wconf 88' lang='lat' dir='ltr'><strong><em>et</em></strong></span> <span class='ocrx_word' id='word_1_782' title='bbox 3097 3689 3358 3744; x_wconf 85' lang='lat' dir='ltr'><strong><em>sanabitur</em></strong></span> <span class='ocrx_word' id='word_1_783' title='bbox 3395 3702 3524 3757; x_wconf 78' lang='lat' dir='ltr'><strong><em>puer</em></strong></span> <span class='ocrx_word' id='word_1_784' title='bbox 3563 3701 3723 3738; x_wconf 85' lang='lat' dir='ltr'><strong><em>meus.</em></strong></span> 
     </span>
    </p>
   </div>
   <div class='ocr_carea' id='block_1_96' title="bbox 2139 3775 3731 3859">
    <p class='ocr_par' dir='ltr' id='par_1_96' title="bbox 2139 3775 3731 3859">
     <span class='ocr_line' id='line_1_100' title="bbox 2139 3775 3731 3859; baseline -0.013 -12"><span class='ocrx_word' id='word_1_785' title='bbox 2139 3792 2256 3847; x_wconf 82' lang='lat' dir='ltr'><strong><em>Non</em></strong></span> <span class='ocrx_word' id='word_1_786' title='bbox 2282 3807 2398 3846; x_wconf 85' lang='lat' dir='ltr'><strong><em>sum</em></strong></span> <span class='ocrx_word' id='word_1_787' title='bbox 2423 3789 2612 3859; x_wconf 84' lang='lat' dir='ltr'><strong><em>dignus</em></strong></span> <span class='ocrx_word' id='word_1_788' title='bbox 2637 3786 2726 3857; x_wconf 89' lang='lat' dir='ltr'><strong><em>qui</em></strong></span> <span class='ocrx_word' id='word_1_789' title='bbox 2750 3785 2849 3840; x_wconf 90' lang='lat' dir='ltr'><strong><em>sub</em></strong></span> <span class='ocrx_word' id='word_1_790' title='bbox 2881 3792 3076 3838; x_wconf 88' lang='lat' dir='ltr'><strong><em>tectum</em></strong></span> <span class='ocrx_word' id='word_1_791' title='bbox 3123 3793 3299 3834; x_wconf 89' lang='lat' dir='ltr'><strong><em>meum</em></strong></span> <span class='ocrx_word' id='word_1_792' title='bbox 3338 3778 3531 3831; x_wconf 86' lang='lat' dir='ltr'><strong><em>intres.</em></strong></span> <span class='ocrx_word' id='word_1_793' title='bbox 3559 3775 3731 3829; x_wconf 81' lang='lat' dir='ltr'><strong><em>Tecta</em></strong></span> 
     </span>
    </p>
   </div>
   <div class='ocr_carea' id='block_1_97' title="bbox 2141 3867 3728 3950">
    <p class='ocr_par' dir='ltr' id='par_1_97' title="bbox 2141 3867 3728 3950">
     <span class='ocr_line' id='line_1_101' title="bbox 2141 3867 3728 3950; baseline -0.011 -13"><span class='ocrx_word' id='word_1_794' title='bbox 2141 3898 2248 3938; x_wconf 91' lang='lat' dir='ltr'><strong><em>non</em></strong></span> <span class='ocrx_word' id='word_1_795' title='bbox 2294 3881 2620 3950; x_wconf 87' lang='lat' dir='ltr'><strong><em>recipiebat,</em></strong></span> <span class='ocrx_word' id='word_1_796' title='bbox 2656 3875 2817 3932; x_wconf 87' lang='lat' dir='ltr'><strong><em>corde</em></strong></span> <span class='ocrx_word' id='word_1_797' title='bbox 2862 3879 3155 3943; x_wconf 82' lang='lat' dir='ltr'><strong><em>receperat.</em></strong></span> <span class='ocrx_word' id='word_1_798' title='bbox 3199 3871 3406 3936; x_wconf 82' lang='lat' dir='ltr'><strong><em>Quanto</em></strong></span> <span class='ocrx_word' id='word_1_799' title='bbox 3453 3867 3728 3930; x_wconf 87' lang='lat' dir='ltr'><strong><em>humilior,</em></strong></span> 
     </span>
    </p>
   </div>
   <div class='ocr_carea' id='block_1_98' title="bbox 2142 3961 3732 4042">
    <p class='ocr_par' dir='ltr' id='par_1_98' title="bbox 2142 3961 3732 4042">
     <span class='ocr_line' id='line_1_102' title="bbox 2142 3961 3732 4042; baseline -0.013 -13"><span class='ocrx_word' id='word_1_800' title='bbox 2142 3983 2291 4030; x_wconf 89' lang='lat' dir='ltr'><strong><em>tanto</em></strong></span> <span class='ocrx_word' id='word_1_801' title='bbox 2317 3971 2582 4042; x_wconf 89' lang='lat' dir='ltr'><strong><em>capacior,</em></strong></span> <span class='ocrx_word' id='word_1_802' title='bbox 2617 3977 2762 4024; x_wconf 86' lang='lat' dir='ltr'><strong><em>tanto</em></strong></span> <span class='ocrx_word' id='word_1_803' title='bbox 2789 3966 3011 4037; x_wconf 81' lang='lat' dir='ltr'><strong><em>plenior.</em></strong></span> <span class='ocrx_word' id='word_1_804' title='bbox 3041 3963 3222 4018; x_wconf 79' lang='lat' dir='ltr'><strong><em>Colles</em></strong></span> <span class='ocrx_word' id='word_1_805' title='bbox 3247 3961 3386 4016; x_wconf 87' lang='lat' dir='ltr'><strong><em>enim</em></strong></span> <span class='ocrx_word' id='word_1_806' title='bbox 3415 3973 3610 4028; x_wconf 85' lang='lat' dir='ltr'><strong><em>aquam</em></strong></span> <span class='ocrx_word' id='word_1_807' title='bbox 3641 3972 3732 4010; x_wconf 89' lang='lat' dir='ltr'><strong><em>rc-</em></strong></span> 
     </span>
    </p>
   </div>
   <div class='ocr_carea' id='block_1_99' title="bbox 2143 4047 3734 4134">
    <p class='ocr_par' dir='ltr' id='par_1_99' title="bbox 2143 4047 3734 4134">
     <span class='ocr_line' id='line_1_103' title="bbox 2143 4047 3734 4134; baseline -0.011 -15"><span class='ocrx_word' id='word_1_808' title='bbox 2143 4065 2382 4134; x_wconf 89' lang='lat' dir='ltr'><strong><em>pellunt,</em></strong></span> <span class='ocrx_word' id='word_1_809' title='bbox 2409 4061 2576 4115; x_wconf 85' lang='lat' dir='ltr'><strong><em>valles</em></strong></span> <span class='ocrx_word' id='word_1_810' title='bbox 2610 4059 2913 4128; x_wconf 86' lang='lat' dir='ltr'><strong><em>implentur.</em></strong></span> <span class='ocrx_word' id='word_1_811' title='bbox 2946 4053 3082 4123; x_wconf 81' lang='lat' dir='ltr'><strong>Quid</strong></span> <span class='ocrx_word' id='word_1_812' title='bbox 3108 4053 3336 4116; x_wconf 83' lang='lat' dir='ltr'><strong><em>deinde,</em></strong></span> <span class='ocrx_word' id='word_1_813' title='bbox 3368 4050 3494 4119; x_wconf 88' lang='lat' dir='ltr'><strong><em>quid</em></strong></span> <span class='ocrx_word' id='word_1_814' title='bbox 3523 4048 3590 4103; x_wconf 85' lang='lat' dir='ltr'><strong><em>ad</em></strong></span> <span class='ocrx_word' id='word_1_815' title='bbox 3627 4047 3734 4102; x_wconf 84' lang='lat' dir='ltr'><strong><em>huc</em></strong></span> 
     </span>
    </p>
   </div>
   <div class='ocr_carea' id='block_1_100' title="bbox 2143 4139 3734 4222">
    <p class='ocr_par' dir='ltr' id='par_1_100' title="bbox 2143 4139 3734 4222">
     <span class='ocr_line' id='line_1_104' title="bbox 2143 4139 3734 4222; baseline -0.011 -12"><span class='ocrx_word' id='word_1_816' title='bbox 2143 4155 2422 4218; x_wconf 89' lang='lat' dir='ltr'><strong><em>Dominus,</em></strong></span> <span class='ocrx_word' id='word_1_817' title='bbox 2439 4160 2782 4222; x_wconf 85' lang='lat' dir='ltr'><strong><em>posteaquam</em></strong></span> <span class='ocrx_word' id='word_1_818' title='bbox 2821 4147 2983 4210; x_wconf 79' lang='lat' dir='ltr'><strong><em>dixit,</em></strong></span> <span class='ocrx_word' id='word_1_819' title='bbox 3011 4145 3132 4202; x_wconf 87' lang='lat' dir='ltr'><strong><em>Non</em></strong></span> <span class='ocrx_word' id='word_1_820' title='bbox 3159 4161 3272 4203; x_wconf 84' lang='lat' dir='ltr'><strong><em>sum</em></strong></span> <span class='ocrx_word' id='word_1_821' title='bbox 3295 4144 3476 4215; x_wconf 82' lang='lat' dir='ltr'><strong><em>dignus</em></strong></span> <span class='ocrx_word' id='word_1_822' title='bbox 3513 4142 3604 4212; x_wconf 79' lang='lat' dir='ltr'><strong><em>qui</em></strong></span> <span class='ocrx_word' id='word_1_823' title='bbox 3642 4139 3734 4193; x_wconf 59' lang='lat' dir='ltr'><strong><em>ab</em></strong></span> 
     </span>
    </p>
   </div>
   <div class='ocr_carea' id='block_1_101' title="bbox 2145 4234 3736 4310">
    <p class='ocr_par' dir='ltr' id='par_1_101' title="bbox 2145 4234 3736 4310">
     <span class='ocr_line' id='line_1_105' title="bbox 2145 4234 3736 4310; baseline -0.01 -8"><span class='ocrx_word' id='word_1_824' title='bbox 2145 4259 2328 4302; x_wconf 87' lang='lat' dir='ltr'><strong><em>tectum</em></strong></span> <span class='ocrx_word' id='word_1_825' title='bbox 2349 4263 2509 4300; x_wconf 82' lang='lat' dir='ltr'><strong><em>meum</em></strong></span> <span class='ocrx_word' id='word_1_826' title='bbox 2538 4245 2711 4308; x_wconf 80' lang='lat' dir='ltr'><strong><em>intres,</em></strong></span> <span class='ocrx_word' id='word_1_827' title='bbox 2730 4241 2796 4296; x_wconf 89' lang='lat' dir='ltr'><strong><em>ad</em></strong></span> <span class='ocrx_word' id='word_1_828' title='bbox 2819 4256 2911 4295; x_wconf 88' lang='lat' dir='ltr'><strong><em>eos</em></strong></span> <span class='ocrx_word' id='word_1_829' title='bbox 2937 4240 3023 4310; x_wconf 91' lang='lat' dir='ltr'><strong><em>qui</em></strong></span> <span class='ocrx_word' id='word_1_830' title='bbox 3050 4237 3423 4309; x_wconf 86' lang='lat' dir='ltr'><strong><em>sequebantur,</em></strong></span> <span class='ocrx_word' id='word_1_831' title='bbox 3437 4236 3601 4289; x_wconf 79' lang='lat' dir='ltr'><strong><em>Amen</em></strong></span> <span class='ocrx_word' id='word_1_832' title='bbox 3621 4234 3736 4287; x_wconf 82' lang='lat' dir='ltr'><strong><em>dico</em></strong></span> 
     </span>
    </p>
   </div>
   <div class='ocr_carea' id='block_1_102' title="bbox 2146 4325 3737 4403">
    <p class='ocr_par' dir='ltr' id='par_1_102' title="bbox 2146 4325 3737 4403">
     <span class='ocr_line' id='line_1_106' title="bbox 2146 4325 3737 4403; baseline -0.009 -11"><span class='ocrx_word' id='word_1_833' title='bbox 2146 4338 2300 4403; x_wconf 86' lang='lat' dir='ltr'><strong><em>vobis,</em></strong></span> <span class='ocrx_word' id='word_1_834' title='bbox 2330 4354 2429 4390; x_wconf 87' lang='lat' dir='ltr'><strong><em>non</em></strong></span> <span class='ocrx_word' id='word_1_835' title='bbox 2451 4335 2612 4390; x_wconf 81' lang='lat' dir='ltr'><strong><em>inveni</em></strong></span> <span class='ocrx_word' id='word_1_836' title='bbox 2641 4341 2833 4386; x_wconf 78' lang='lat' dir='ltr'><strong><em>tentant</em></strong></span> <span class='ocrx_word' id='word_1_837' title='bbox 2861 4331 3012 4401; x_wconf 80' lang='lat' dir='ltr'><strong><em>[idem</em></strong></span> <span class='ocrx_word' id='word_1_838' title='bbox 3039 4331 3090 4383; x_wconf 88' lang='lat' dir='ltr'><strong><em>in</em></strong></span> <span class='ocrx_word' id='word_1_839' title='bbox 3115 4328 3142 4382; x_wconf 84' lang='lat'><em>1</em></span> <span class='ocrx_word' id='word_1_840' title='bbox 3149 4329 3316 4383; x_wconf 85' lang='lat' dir='ltr'><strong><em>srael:</em></strong></span> <span class='ocrx_word' id='word_1_841' title='bbox 3342 4328 3394 4382; x_wconf 85' lang='lat' dir='ltr'><strong><em>id</em></strong></span> <span class='ocrx_word' id='word_1_842' title='bbox 3421 4337 3527 4393; x_wconf 88' lang='lat' dir='ltr'><strong><em>est,</em></strong></span> <span class='ocrx_word' id='word_1_843' title='bbox 3560 4326 3613 4380; x_wconf 84' lang='lat' dir='ltr'><strong><em>in</em></strong></span> <span class='ocrx_word' id='word_1_844' title='bbox 3641 4325 3737 4379; x_wconf 84' lang='lat' dir='ltr'><strong><em>illo</em></strong></span> 
     </span>
    </p>
   </div>
   <div class='ocr_carea' id='block_1_103' title="bbox 2147 4418 3736 4501">
    <p class='ocr_par' dir='ltr' id='par_1_103' title="bbox 2147 4418 3736 4501">
     <span class='ocr_line' id='line_1_107' title="bbox 2147 4418 3736 4501; baseline -0.009 -15"><span class='ocrx_word' id='word_1_845' title='bbox 2147 4429 2342 4501; x_wconf 86' lang='lat' dir='ltr'><strong><em>populo</em></strong></span> <span class='ocrx_word' id='word_1_846' title='bbox 2367 4427 2432 4482; x_wconf 89' lang='lat' dir='ltr'><strong><em>ad</em></strong></span> <span class='ocrx_word' id='word_1_847' title='bbox 2457 4442 2614 4499; x_wconf 89' lang='lat' dir='ltr'><strong><em>quem</em></strong></span> <span class='ocrx_word' id='word_1_848' title='bbox 2642 4425 2798 4494; x_wconf 88' lang='lat' dir='ltr'><strong><em>veni,</em></strong></span> <span class='ocrx_word' id='word_1_849' title='bbox 2828 4439 2928 4477; x_wconf 87' lang='lat' dir='ltr'><strong><em>non</em></strong></span> <span class='ocrx_word' id='word_1_850' title='bbox 2963 4421 3127 4477; x_wconf 81' lang='lat' dir='ltr'><strong><em>inveni</em></strong></span> <span class='ocrx_word' id='word_1_851' title='bbox 3147 4429 3348 4475; x_wconf 79' lang='lat' dir='ltr'><strong><em>tantam</em></strong></span> <span class='ocrx_word' id='word_1_852' title='bbox 3376 4420 3552 4490; x_wconf 72' lang='lat' dir='ltr'><strong><em>ﬁdem.</em></strong></span> <span class='ocrx_word' id='word_1_853' title='bbox 3594 4418 3736 4473; x_wconf 81' lang='lat' dir='ltr'><strong><em>Tan-</em></strong></span> 
     </span>
    </p>
   </div>
   <div class='ocr_carea' id='block_1_104' title="bbox 2149 4512 3735 4591">
    <p class='ocr_par' dir='ltr' id='par_1_104' title="bbox 2149 4512 3735 4591">
     <span class='ocr_line' id='line_1_108' title="bbox 2149 4512 3735 4591; baseline -0.006 -17"><span class='ocrx_word' id='word_1_854' title='bbox 2149 4532 2272 4585; x_wconf 92' lang='lat' dir='ltr'><strong><em>tam,</em></strong></span> <span class='ocrx_word' id='word_1_855' title='bbox 2299 4519 2426 4591; x_wconf 89' lang='lat' dir='ltr'><strong><em>quid</em></strong></span> <span class='ocrx_word' id='word_1_856' title='bbox 2452 4519 2568 4573; x_wconf 87' lang='lat' dir='ltr'><strong><em>est?</em></strong></span> <span class='ocrx_word' id='word_1_857' title='bbox 2590 4517 2719 4572; x_wconf 88' lang='lat' dir='ltr'><strong><em>Tam</em></strong></span> <span class='ocrx_word' id='word_1_858' title='bbox 2749 4530 3013 4585; x_wconf 81' lang='lat' dir='ltr'><strong><em>magnam.</em></strong></span> <span class='ocrx_word' id='word_1_859' title='bbox 3042 4512 3194 4568; x_wconf 81' lang='lat' dir='ltr'><strong><em>Unde</em></strong></span> <span class='ocrx_word' id='word_1_860' title='bbox 3223 4513 3501 4583; x_wconf 81' lang='lat' dir='ltr'><strong><em>magnam?</em></strong></span> <span class='ocrx_word' id='word_1_861' title='bbox 3525 4512 3604 4567; x_wconf 86' lang='lat' dir='ltr'><strong><em>De</em></strong></span> <span class='ocrx_word' id='word_1_862' title='bbox 3627 4513 3735 4567; x_wconf 78' lang='lat' dir='ltr'><strong><em>mi-</em></strong></span> 
     </span>
    </p>
   </div>
   <div class='ocr_carea' id='block_1_105' title="bbox 2150 4603 3741 4676">
    <p class='ocr_par' dir='ltr' id='par_1_105' title="bbox 2150 4603 3741 4676">
     <span class='ocr_line' id='line_1_109' title="bbox 2150 4603 3741 4676; baseline -0.006 -8"><span class='ocrx_word' id='word_1_863' title='bbox 2150 4614 2314 4676; x_wconf 87' lang='lat' dir='ltr'><strong><em>nimo,</em></strong></span> <span class='ocrx_word' id='word_1_864' title='bbox 2348 4610 2400 4666; x_wconf 90' lang='lat' dir='ltr'><strong><em>id</em></strong></span> <span class='ocrx_word' id='word_1_865' title='bbox 2424 4619 2524 4676; x_wconf 89' lang='lat' dir='ltr'><strong><em>est,</em></strong></span> <span class='ocrx_word' id='word_1_866' title='bbox 2555 4609 2622 4663; x_wconf 91' lang='lat' dir='ltr'><strong><em>de</em></strong></span> <span class='ocrx_word' id='word_1_867' title='bbox 2654 4607 2947 4662; x_wconf 86' lang='lat' dir='ltr'><strong><em>humilitate</em></strong></span> <span class='ocrx_word' id='word_1_868' title='bbox 2967 4604 3244 4676; x_wconf 81' lang='lat' dir='ltr'><strong><em>grandem.</em></strong></span> <span class='ocrx_word' id='word_1_869' title='bbox 3277 4603 3400 4657; x_wconf 83' lang='lat' dir='ltr'><strong><em>Non</em></strong></span> <span class='ocrx_word' id='word_1_870' title='bbox 3424 4604 3595 4658; x_wconf 78' lang='lat' dir='ltr'><strong><em>inveni</em></strong></span> <span class='ocrx_word' id='word_1_871' title='bbox 3623 4614 3741 4658; x_wconf 80' lang='lat' dir='ltr'><strong><em>tau-</em></strong></span> 
     </span>
    </p>
   </div>
   <div class='ocr_carea' id='block_1_106' title="bbox 2151 4696 3737 4774">
    <p class='ocr_par' dir='ltr' id='par_1_106' title="bbox 2151 4696 3737 4774">
     <span class='ocr_line' id='line_1_110' title="bbox 2151 4696 3737 4774; baseline -0.006 -15"><span class='ocrx_word' id='word_1_872' title='bbox 2151 4715 2254 4759; x_wconf 85' lang='lat' dir='ltr'><strong><em>tam</em></strong></span> <span class='ocrx_word' id='word_1_873' title='bbox 2275 4704 2429 4774; x_wconf 80' lang='lat' dir='ltr'><strong><em>ﬁdem</em></strong></span> <span class='ocrx_word' id='word_1_874' title='bbox 2452 4720 2470 4756; x_wconf 92' lang='lat'><strong><em>:</em></strong></span> <span class='ocrx_word' id='word_1_875' title='bbox 2495 4702 2722 4756; x_wconf 91' lang='lat' dir='ltr'><strong><em>similem</em></strong></span> <span class='ocrx_word' id='word_1_876' title='bbox 2749 4715 2914 4771; x_wconf 88' lang='lat' dir='ltr'><strong><em>grano</em></strong></span> <span class='ocrx_word' id='word_1_877' title='bbox 2941 4698 3140 4766; x_wconf 89' lang='lat' dir='ltr'><strong><em>sinapis</em></strong></span> <span class='ocrx_word' id='word_1_878' title='bbox 3159 4738 3174 4762; x_wconf 88' lang='lat'><strong><em>,</em></strong></span> <span class='ocrx_word' id='word_1_879' title='bbox 3203 4705 3403 4767; x_wconf 86' lang='lat' dir='ltr'><strong><em>quanto</em></strong></span> <span class='ocrx_word' id='word_1_880' title='bbox 3426 4696 3702 4750; x_wconf 76' lang='lat' dir='ltr'><strong><em>minutiori</em></strong></span> <span class='ocrx_word' id='word_1_881' title='bbox 3718 4737 3737 4764; x_wconf 91' lang='lat'><strong><em>,</em></strong></span> 
     </span>
    </p>
   </div>
   <div class='ocr_carea' id='block_1_107' title="bbox 2153 4785 3742 4857">
    <p class='ocr_par' dir='ltr' id='par_1_107' title="bbox 2153 4785 3742 4857">
     <span class='ocr_line' id='line_1_111' title="bbox 2153 4785 3742 4857; baseline -0.008 -7"><span class='ocrx_word' id='word_1_882' title='bbox 2153 4803 2298 4850; x_wconf 88' lang='lat' dir='ltr'><strong><em>tanto</em></strong></span> <span class='ocrx_word' id='word_1_883' title='bbox 2339 4790 2667 4849; x_wconf 79' lang='lat' dir='ltr'><strong><em>ferventiori.</em></strong></span> <span class='ocrx_word' id='word_1_884' title='bbox 2709 4789 2981 4844; x_wconf 88' lang='lat' dir='ltr'><strong><em>lnserebat</em></strong></span> <span class='ocrx_word' id='word_1_885' title='bbox 3020 4801 3147 4857; x_wconf 87' lang='lat' dir='ltr'><strong><em>ergo</em></strong></span> <span class='ocrx_word' id='word_1_886' title='bbox 3167 4786 3276 4856; x_wconf 88' lang='lat' dir='ltr'><strong><em>jam</em></strong></span> <span class='ocrx_word' id='word_1_887' title='bbox 3305 4786 3562 4841; x_wconf 85' lang='lat' dir='ltr'><strong><em>Dominus</em></strong></span> <span class='ocrx_word' id='word_1_888' title='bbox 3592 4785 3742 4839; x_wconf 75' lang='lat' dir='ltr'><strong><em>olea-</em></strong></span> 
     </span>
    </p>
   </div>
   <div class='ocr_carea' id='block_1_108' title="bbox 2153 4877 3744 4948">
    <p class='ocr_par' dir='ltr' id='par_1_108' title="bbox 2153 4877 3744 4948">
     <span class='ocr_line' id='line_1_112' title="bbox 2153 4877 3744 4948; baseline -0.008 -6"><span class='ocrx_word' id='word_1_889' title='bbox 2153 4896 2321 4942; x_wconf 89' lang='lat' dir='ltr'><strong><em>strum</em></strong></span> <span class='ocrx_word' id='word_1_890' title='bbox 2373 4885 2424 4939; x_wconf 92' lang='lat' dir='ltr'><strong><em>in</em></strong></span> <span class='ocrx_word' id='word_1_891' title='bbox 2466 4883 2624 4937; x_wconf 71' lang='lat' dir='ltr'><strong><em>oliva.</em></strong></span> <span class='ocrx_word' id='word_1_892' title='bbox 2651 4877 2800 4936; x_wconf 86' lang='lat' dir='ltr'><strong><em>Tunc</em></strong></span> <span class='ocrx_word' id='word_1_893' title='bbox 2829 4879 2934 4937; x_wconf 84' lang='lat' dir='ltr'><strong><em>hoc</em></strong></span> <span class='ocrx_word' id='word_1_894' title='bbox 2963 4879 3218 4944; x_wconf 84' lang='lat' dir='ltr'><strong><em>faciebat,</em></strong></span> <span class='ocrx_word' id='word_1_895' title='bbox 3244 4878 3458 4948; x_wconf 58' lang='lat' dir='ltr'><strong><em>creando</em></strong></span> <span class='ocrx_word' id='word_1_896' title='bbox 3484 4879 3705 4934; x_wconf 81' lang='lat' dir='ltr'><strong><em>dicebat</em></strong></span> <span class='ocrx_word' id='word_1_897' title='bbox 3723 4917 3744 4942; x_wconf 93' lang='lat'><strong><em>,</em></strong></span> 
     </span>
    </p>
   </div>
   <div class='ocr_carea' id='block_1_109' title="bbox 2153 4967 3668 5040">
    <p class='ocr_par' dir='ltr' id='par_1_109' title="bbox 2153 4967 3668 5040">
     <span class='ocr_line' id='line_1_113' title="bbox 2153 4967 3668 5040; baseline -0.006 -9"><span class='ocrx_word' id='word_1_898' title='bbox 2153 4977 2310 5031; x_wconf 79' lang='lat' dir='ltr'><strong><em>Amen</em></strong></span> <span class='ocrx_word' id='word_1_899' title='bbox 2339 4976 2451 5029; x_wconf 84' lang='lat' dir='ltr'><strong><em>dico</em></strong></span> <span class='ocrx_word' id='word_1_900' title='bbox 2481 4975 2646 5040; x_wconf 82' lang='lat' dir='ltr'><strong><em>vobis,</em></strong></span> <span class='ocrx_word' id='word_1_901' title='bbox 2678 4989 2777 5026; x_wconf 90' lang='lat' dir='ltr'><strong><em>non</em></strong></span> <span class='ocrx_word' id='word_1_902' title='bbox 2807 4972 2973 5026; x_wconf 83' lang='lat' dir='ltr'><strong><em>inveni</em></strong></span> <span class='ocrx_word' id='word_1_903' title='bbox 3001 4981 3192 5024; x_wconf 83' lang='lat' dir='ltr'><strong><em>tantam</em></strong></span> <span class='ocrx_word' id='word_1_904' title='bbox 3217 4971 3371 5039; x_wconf 68' lang='lat' dir='ltr'><strong><em>[idem</em></strong></span> <span class='ocrx_word' id='word_1_905' title='bbox 3399 4971 3452 5022; x_wconf 89' lang='lat' dir='ltr'><strong><em>in</em></strong></span> <span class='ocrx_word' id='word_1_906' title='bbox 3475 4967 3668 5025; x_wconf 81' lang='lat' dir='ltr'><strong><em>Israel.</em></strong></span> 
     </span>
    </p>
   </div>
   <div class='ocr_carea' id='block_1_110' title="bbox 2225 5063 3746 5132">
    <p class='ocr_par' dir='ltr' id='par_1_110' title="bbox 2225 5063 3746 5132">
     <span class='ocr_line' id='line_1_114' title="bbox 2225 5063 3746 5132; baseline -0.005 -8"><span class='ocrx_word' id='word_1_907' title='bbox 2225 5066 2446 5124; x_wconf 80' lang='lat' dir='ltr'><strong>CAPUT</strong></span> <span class='ocrx_word' id='word_1_908' title='bbox 2476 5065 2655 5119; x_wconf 77' lang='lat' dir='ltr'><strong><em>lX.-—</em></strong></span> <span class='ocrx_word' id='word_1_909' title='bbox 2675 5065 2761 5119; x_wconf 77' lang='lat' dir='ltr'><strong><em>l3.</em></strong></span> <span class='ocrx_word' id='word_1_910' title='bbox 2791 5063 3031 5117; x_wconf 78' lang='lat' dir='ltr'><strong><em>Cornelia</em></strong></span> <span class='ocrx_word' id='word_1_911' title='bbox 3066 5063 3119 5116; x_wconf 89' lang='lat' dir='ltr'><strong><em>in</em></strong></span> <span class='ocrx_word' id='word_1_912' title='bbox 3161 5079 3315 5132; x_wconf 87' lang='lat' dir='ltr'><strong><em>regno</em></strong></span> <span class='ocrx_word' id='word_1_913' title='bbox 3359 5063 3599 5116; x_wconf 65' lang='lat' dir='ltr'><strong><em>caelorum</em></strong></span> <span class='ocrx_word' id='word_1_914' title='bbox 3637 5078 3746 5116; x_wconf 77' lang='lat' dir='ltr'><strong><em>non</em></strong></span> 
     </span>
    </p>
   </div>
   <div class='ocr_carea' id='block_1_111' title="bbox 2156 5151 3749 5228">
    <p class='ocr_par' dir='ltr' id='par_1_111' title="bbox 2156 5151 3749 5228">
     <span class='ocr_line' id='line_1_115' title="bbox 2156 5151 3749 5228; baseline -0.004 -15"><span class='ocrx_word' id='word_1_915' title='bbox 2156 5156 2506 5228; x_wconf 74' lang='lat' dir='ltr'><strong><em>exspectanda.</em></strong></span> <span class='ocrx_word' id='word_1_916' title='bbox 2523 5154 2724 5208; x_wconf 66' lang='lat' dir='ltr'><strong><em>Divitias</em></strong></span> <span class='ocrx_word' id='word_1_917' title='bbox 2736 5154 2818 5206; x_wconf 81' lang='lat' dir='ltr'><strong><em>hic</em></strong></span> <span class='ocrx_word' id='word_1_918' title='bbox 2837 5163 3186 5224; x_wconf 82' lang='lat' dir='ltr'><strong><em>argumentum</em></strong></span> <span class='ocrx_word' id='word_1_919' title='bbox 3206 5152 3514 5222; x_wconf 67' lang='lat' dir='ltr'><strong><em>indigentia.</em></strong></span> <span class='ocrx_word' id='word_1_920' title='bbox 3528 5151 3749 5206; x_wconf 70' lang='lat' dir='ltr'><strong><em>Sonitus</em></strong></span> 
     </span>
    </p>
   </div>
   <div class='ocr_carea' id='block_1_112' title="bbox 2158 5244 3752 5320">
    <p class='ocr_par' dir='ltr' id='par_1_112' title="bbox 2158 5244 3752 5320">
     <span class='ocr_line' id='line_1_116' title="bbox 2158 5244 3752 5320; baseline -0.003 -17"><span class='ocrx_word' id='word_1_921' title='bbox 2158 5251 2313 5320; x_wconf 81' lang='lat' dir='ltr'><strong><em>hujus</em></strong></span> <span class='ocrx_word' id='word_1_922' title='bbox 2335 5251 2448 5303; x_wconf 79' lang='lat' dir='ltr'><strong><em>vita:</em></strong></span> <span class='ocrx_word' id='word_1_923' title='bbox 2491 5246 2644 5318; x_wconf 83' lang='lat' dir='ltr'><strong><em>longa</em></strong></span> <span class='ocrx_word' id='word_1_924' title='bbox 2694 5246 2960 5317; x_wconf 65' lang='lat' dir='ltr'><strong><em>aegritudo.</em></strong></span> <span class='ocrx_word' id='word_1_925' title='bbox 3019 5245 3255 5314; x_wconf 89' lang='lat' dir='ltr'><strong><em>Denique</em></strong></span> <span class='ocrx_word' id='word_1_926' title='bbox 3319 5244 3438 5298; x_wconf 80' lang='lat' dir='ltr'><strong><em>vide</em></strong></span> <span class='ocrx_word' id='word_1_927' title='bbox 3470 5244 3616 5315; x_wconf 75' lang='lat' dir='ltr'><strong><em>quod</em></strong></span> <span class='ocrx_word' id='word_1_928' title='bbox 3659 5259 3752 5298; x_wconf 83' lang='lat' dir='ltr'><strong><em>se-</em></strong></span> 
     </span>
    </p>
   </div>
   <div class='ocr_carea' id='block_1_113' title="bbox 2159 5335 3753 5411">
    <p class='ocr_par' dir='ltr' id='par_1_113' title="bbox 2159 5335 3753 5411">
     <span class='ocr_line' id='line_1_117' title="bbox 2159 5335 3753 5411; baseline -0.004 -17"><span class='ocrx_word' id='word_1_929' title='bbox 2159 5341 2355 5411; x_wconf 87' lang='lat' dir='ltr'><strong><em>quitur.</em></strong></span> <span class='ocrx_word' id='word_1_930' title='bbox 2380 5337 2503 5392; x_wconf 81' lang='lat' dir='ltr'><strong><em>ldco</em></strong></span> <span class='ocrx_word' id='word_1_931' title='bbox 2541 5338 2654 5392; x_wconf 87' lang='lat' dir='ltr'><strong><em>dico</em></strong></span> <span class='ocrx_word' id='word_1_932' title='bbox 2683 5337 2816 5391; x_wconf 85' lang='lat' dir='ltr'><strong><em>vobis</em></strong></span> <span class='ocrx_word' id='word_1_933' title='bbox 2840 5335 2862 5409; x_wconf 91' lang='lat'>(</span> <span class='ocrx_word' id='word_1_934' title='bbox 2885 5337 3004 5407; x_wconf 83' lang='lat' dir='ltr'><strong><em>quia</em></strong></span> <span class='ocrx_word' id='word_1_935' title='bbox 3031 5353 3131 5390; x_wconf 80' lang='lat' dir='ltr'><strong><em>non</em></strong></span> <span class='ocrx_word' id='word_1_936' title='bbox 3155 5336 3319 5389; x_wconf 84' lang='lat' dir='ltr'><strong><em>inveni</em></strong></span> <span class='ocrx_word' id='word_1_937' title='bbox 3358 5346 3552 5388; x_wconf 76' lang='lat' dir='ltr'><strong><em>tantam</em></strong></span> <span class='ocrx_word' id='word_1_938' title='bbox 3593 5335 3753 5404; x_wconf 74' lang='lat' dir='ltr'><strong><em>ﬁdens</em></strong></span> 
     </span>
    </p>
   </div>
   <div class='ocr_carea' id='block_1_114' title="bbox 2159 5425 3750 5496">
    <p class='ocr_par' dir='ltr' id='par_1_114' title="bbox 2159 5425 3750 5496">
     <span class='ocr_line' id='line_1_118' title="bbox 2159 5425 3750 5496; baseline -0.003 -11"><span class='ocrx_word' id='word_1_939' title='bbox 2159 5431 2213 5485; x_wconf 89' lang='lat' dir='ltr'><strong><em>in</em></strong></span> <span class='ocrx_word' id='word_1_940' title='bbox 2243 5430 2488 5493; x_wconf 87' lang='lat' dir='ltr'><strong><em>Israel,id</em></strong></span> <span class='ocrx_word' id='word_1_941' title='bbox 2519 5438 2626 5492; x_wconf 88' lang='lat' dir='ltr'><strong><em>est,</em></strong></span> <span class='ocrx_word' id='word_1_942' title='bbox 2656 5437 2854 5482; x_wconf 88' lang='lat' dir='ltr'><strong><em>tantam</em></strong></span> <span class='ocrx_word' id='word_1_943' title='bbox 2883 5443 3002 5481; x_wconf 88' lang='lat' dir='ltr'><strong><em>cum</em></strong></span> <span class='ocrx_word' id='word_1_944' title='bbox 3033 5427 3134 5481; x_wconf 87' lang='lat' dir='ltr'><strong><em>tide</em></strong></span> <span class='ocrx_word' id='word_1_945' title='bbox 3165 5426 3516 5482; x_wconf 76' lang='lat' dir='ltr'><strong><em>humilitatem</em></strong></span> <span class='ocrx_word' id='word_1_946' title='bbox 3543 5426 3585 5496; x_wconf 79' lang='lat' dir='ltr'><strong><em>)z</em></strong></span> <span class='ocrx_word' id='word_1_947' title='bbox 3615 5425 3750 5482; x_wconf 77' lang='lat' dir='ltr'><strong><em>Ideo</em></strong></span> 
     </span>
    </p>
   </div>
   <div class='ocr_carea' id='block_1_115' title="bbox 2162 5517 3756 5590">
    <p class='ocr_par' dir='ltr' id='par_1_115' title="bbox 2162 5517 3756 5590">
     <span class='ocr_line' id='line_1_119' title="bbox 2162 5517 3756 5590; baseline 0 -16"><span class='ocrx_word' id='word_1_948' title='bbox 2162 5521 2274 5574; x_wconf 86' lang='lat' dir='ltr'><strong><em>dico</em></strong></span> <span class='ocrx_word' id='word_1_949' title='bbox 2298 5519 2452 5584; x_wconf 84' lang='lat' dir='ltr'><strong><em>vobis,</em></strong></span> <span class='ocrx_word' id='word_1_950' title='bbox 2477 5521 2591 5590; x_wconf 87' lang='lat' dir='ltr'><strong><em>quia</em></strong></span> <span class='ocrx_word' id='word_1_951' title='bbox 2619 5519 2762 5572; x_wconf 88' lang='lat' dir='ltr'><strong><em>multi</em></strong></span> <span class='ocrx_word' id='word_1_952' title='bbox 2790 5517 2852 5571; x_wconf 78' lang='lat' dir='ltr'><strong><em>ab</em></strong></span> <span class='ocrx_word' id='word_1_953' title='bbox 2879 5519 3067 5572; x_wconf 81' lang='lat' dir='ltr'><strong><em>oriente</em></strong></span> <span class='ocrx_word' id='word_1_954' title='bbox 3089 5528 3135 5571; x_wconf 83' lang='lat' dir='ltr'><strong><em>et</em></strong></span> <span class='ocrx_word' id='word_1_955' title='bbox 3159 5518 3415 5572; x_wconf 80' lang='lat' dir='ltr'><strong><em>occidente</em></strong></span> <span class='ocrx_word' id='word_1_956' title='bbox 3433 5519 3678 5586; x_wconf 74' lang='lat' dir='ltr'><strong><em>venient,</em></strong></span> <span class='ocrx_word' id='word_1_957' title='bbox 3705 5529 3756 5574; x_wconf 84' lang='lat' dir='ltr'><strong><em>et</em></strong></span> 
     </span>
    </p>
   </div>
   <div class='ocr_carea' id='block_1_116' title="bbox 2223 5736 3563 5802">
    <p class='ocr_par' dir='ltr' id='par_1_116' title="bbox 2223 5736 3563 5802">
     <span class='ocr_line' id='line_1_120' title="bbox 2223 5736 3563 5802; baseline -0.001 -14"><span class='ocrx_word' id='word_1_958' title='bbox 2223 5738 2239 5769; x_wconf 84' lang='grc'>¹</span> <span class='ocrx_word' id='word_1_959' title='bbox 2265 5737 2348 5790; x_wconf 88' lang='lat' dir='ltr'><strong><em>Sic</em></strong></span> <span class='ocrx_word' id='word_1_960' title='bbox 2370 5748 2446 5790; x_wconf 82' lang='lat' dir='ltr'><strong><em>ns.</em></strong></span> <span class='ocrx_word' id='word_1_961' title='bbox 2485 5738 2561 5788; x_wconf 83' lang='lat' dir='ltr'><strong><em>Pb.</em></strong></span> <span class='ocrx_word' id='word_1_962' title='bbox 2602 5747 2657 5789; x_wconf 72' lang='lat' dir='ltr'><strong><em>At</em></strong></span> <span class='ocrx_word' id='word_1_963' title='bbox 2703 5739 2851 5797; x_wconf 82' lang='lat' dir='ltr'><strong><em>editi,</em></strong></span> <span class='ocrx_word' id='word_1_964' title='bbox 2883 5736 3010 5796; x_wconf 84' lang='lat' dir='ltr'><strong><em>quod</em></strong></span> <span class='ocrx_word' id='word_1_965' title='bbox 3043 5741 3242 5798; x_wconf 67' lang='lat' dir='ltr'><strong><em>appara</em></strong></span> <span class='ocrx_word' id='word_1_966' title='bbox 3287 5744 3563 5802; x_wconf 80' lang='lat' dir='ltr'><strong><em>acceperat.</em></strong></span> 
     </span>
    </p>
   </div>
  </div>
