3922 6192
267 327 364 384 189
1645 334 1876 392 SEBJIO
1911 336 2193 395 LXXVIII.

257 441 550 496 recumbent
573 459 690 498 cum
721 444 974 500 Abraham
994 456 1037 502 et
1060 446 1211 504 Isaac
1233 459 1280 504 et
1299 449 1459 507 Iacob
1489 454 1542 508 in
1577 471 1731 526 regno
1754 472 1849 511 cte-

257 532 420 585 lorum
442 531 656 604 (Matth.
688 552 800 602 vttt,
829 538 884 604 5,
910 539 1020 609 Η).
1047 538 1372 609 Recumbent,
1405 544 1606 615 inquit,
1636 551 1848 618 requie-

255 633 424 677 scent.
465 623 584 679 Non
630 627 778 682 enim
814 629 1074 686 debemus
1103 633 1207 686 illic
1233 636 1473 690 carnales
1495 639 1681 708 epulas
1709 641 1851 711 cogi-

258 722 398 781 tare,
427 726 520 770 aut
560 718 764 790 aliquid
811 722 914 775 tale
941 723 991 776 in
1025 723 1114 777 illo
1141 741 1308 797 regno
1349 731 1761 800 concupiscere,
1793 741 1852 787 ut

257 822 361 860 non
409 809 534 863 vitia
584 821 854 868 mutemus
901 815 1222 884 virtutibus,
1273 819 1366 874 sed
1414 821 1536 876 vitia
1583 838 1851 893 suppona-

258 913 375 952 mus
417 900 457 951 ί.
501 901 666 956 Aliud
699 913 783 958 est
807 904 946 958 enim
965 941 980 970 ,
1009 905 1316 964 desiderare
1342 927 1562 982 regnum
1592 914 1848 969 etelorum

258 997 472 1058 propter
496 994 815 1061 sapientiam
845 1003 902 1049 et
928 996 1090 1051 vitam
1120 1007 1409 1066 aeternam;
1436 1003 1601 1071 aliud,
1633 1013 1850 1074 propter

256 1079 565 1137 felicitatem
594 1092 862 1140 terrenam
882 1129 898 1149 ,
931 1089 1083 1157 quasi
1109 1089 1221 1145 illic
1248 1091 1541 1150 habeamus
1565 1111 1684 1150 eam
1713 1111 1849 1166 opu-

256 1171 537 1227 lentiorem
575 1185 738 1244 atque
763 1177 1041 1247 majorem.
1073 1182 1128 1235 Si
1157 1181 1374 1239 divitem
1404 1195 1455 1240 te
1481 1186 1533 1240 in
1565 1186 1657 1243 illo
1683 1203 1849 1259 regno

254 1259 489 1318 futurum
517 1273 692 1334 putas,
714 1269 1056 1337 cupiditatem
1081 1286 1188 1328 non
1214 1284 1478 1344 amputas,
1511 1277 1606 1332 sed
1635 1288 1807 1334 mutas
1831 1296 1845 1333 :

253 1364 308 1409 et
337 1345 519 1412 tamen
544 1357 694 1412 dives
718 1361 827 1414 eris
851 1403 867 1428 ,
913 1371 968 1416 et
1014 1365 1224 1419 nonnisi
1255 1366 1363 1422 illic
1385 1367 1533 1423 dives
1557 1370 1682 1424 eris.
1713 1370 1845 1425 Nam

250 1445 344 1501 hic
396 1448 680 1518 indigentia
730 1461 818 1505 tua
863 1454 1063 1524 colligit
1107 1456 1357 1525 plurima.
1395 1459 1574 1526 Quare
1618 1462 1844 1517 multum

250 1535 456 1592 habent
497 1538 722 1595 divites?
765 1541 897 1608 Quia
942 1546 1164 1600 multum
1219 1549 1476 1620 indigent.
1505 1551 1670 1622 Major
1711 1552 1846 1609 indi-

246 1628 427 1698 gentia
469 1632 623 1699 quasi
661 1633 895 1702 majores
941 1647 1215 1706 comparat
1258 1639 1706 1698 facultateszillic
1733 1645 1843 1714 ipsa

249 1718 540 1789 indigentia
589 1725 868 1779 morietur.
899 1727 1050 1782 Tunc
1095 1745 1223 1785 vere
1267 1731 1417 1788 dives
1458 1735 1599 1799 eris,
1631 1737 1844 1806 quando

247 1811 442 1867 nullius
492 1813 738 1885 indigens
784 1817 909 1872 eris.
952 1818 1066 1874 Non
1091 1821 1232 1874 enim
1262 1831 1315 1876 tu
1344 1823 1512 1889 dives,
1544 1837 1597 1880 et
1623 1828 1844 1898 angelus

246 1918 470 1973 pauper,
503 1907 596 1974 qui
624 1922 728 1962 non
759 1907 919 1965 habet
941 1914 1186 1979 jumenta
1208 1923 1260 1968 et
1283 1915 1478 1970 rbedas
1503 1925 1560 1971 et
1588 1918 1837 1975 familias.

246 1997 460 2062 Quare?
491 1998 627 2067 Quia
671 2016 777 2055 non
823 2002 1059 2072 indiget:
1083 2006 1206 2074 quia
1235 2016 1432 2076 quanto
1459 2007 1664 2077 fortior,
1692 2020 1842 2068 tanto

248 2091 421 2144 minus
437 2091 672 2160 indigus.
692 2092 832 2162 Ergo
851 2095 922 2148 ibi
937 2095 1154 2164 divitim,
1174 2106 1228 2152 et
1252 2114 1390 2154 vera:
1411 2101 1626 2157 divitiae.
1647 2104 1842 2173 Epulas

249 2189 403 2234 terrae
419 2179 583 2250 hujus
595 2197 704 2236 non
723 2183 794 2237 ibi
810 2185 1029 2255 cogites.
1044 2186 1228 2255 Epulas
1245 2188 1383 2243 enim
1397 2198 1554 2246 terrm
1572 2192 1727 2262 hujus
1738 2209 1845 2248 me-

245 2270 547 2326 dicamenta
559 2273 867 2342 quotidiana
885 2277 1355 2347 sunt;aagritudini
1383 2281 1592 2335 cuidam
1621 2292 1838 2350 nostrm,

247 2375 364 2414 cum
377 2377 481 2429 qua
499 2363 793 2431 nascimur,
809 2367 1107 2421 necessaria
1122 2379 1264 2423 sunt.
1281 2370 1669 2440 :Egritudinem
1683 2376 1838 2430 istam

245 2455 404 2508 sentit
415 2455 682 2524 quisquis,
696 2471 819 2510 cum
834 2456 961 2512 hora
973 2458 1245 2515 reficiendi
1264 2463 1550 2518 transierit.
1560 2465 1650 2519 \‘is
1661 2465 1842 2521 videre

245 2552 438 2614 quanta
484 2545 750 2615 aegritudo
795 2547 864 2600 sit
905 2548 1033 2614 ista,
1063 2559 1120 2603 ut
1149 2560 1398 2621 tanquam
1441 2563 1597 2609 acuta
1639 2556 1836 2624 febris,

245 2647 443 2705 septem
469 2635 668 2691 diebus
697 2639 888 2692 necet?
912 2639 990 2694 Ne
1013 2649 1066 2694 te
1092 2656 1282 2698 sanum
1313 2656 1486 2711 putes.
1508 2645 1719 2702 Sanitas
1742 2649 1840 2702 im-

248 2729 542 2783 mortalitas
569 2729 693 2783 erit.
741 2729 876 2784 Nam
923 2732 1036 2786 haec
1083 2733 1235 2804 longa
1281 2737 1542 2806 agritudo
1577 2747 1679 2793 est.
1707 2740 1838 2810 Quia

243 2820 570 2888 quotidianis
593 2819 998 2876 medicamentis
1026 2823 1180 2878 fulcis
1200 2826 1443 2881 morbum
1471 2836 1649 2896 tuum;
1677 2845 1838 2887 sanus

247 2913 335 2966 tibi
367 2928 490 2968 esse
517 2913 718 2968 videris
745 2932 758 2968 :
785 2913 1007 2970 detrahe
1032 2917 1442 2989 medicamenta,
1470 2931 1525 2976 et
1562 2922 1682 2979 vide
1710 2923 1836 2994 quid

247 3015 414 3072 potes.

311 3096 545 3152 CAPUT
570 3096 720 3151 X.—-
735 3099 824 3155 Il.
847 3098 1102 3155 Moriendi
1123 3104 1387 3159 necessitas
1409 3107 1472 3160 ab
1499 3107 1608 3178 ipso
1636 3120 1834 3166 exortu.

253 3184 380 3239 Vera
432 3187 665 3252 sanitas,
700 3188 1075 3244 immortalitas.
1112 3191 1242 3246 Nam
1288 3209 1353 3248 ex
1401 3211 1505 3265 quo
1547 3199 1832 3268 nascimur,

245 3293 465 3333 necesse
490 3287 580 3334 est
603 3288 662 3333 ut
689 3281 998 3335 moriamur.
1036 3283 1248 3338 Morbus
1279 3285 1363 3340 hic
1391 3302 1607 3345 necesse
1654 3301 1735 3346 est
1779 3301 1836 3347 ut

243 3369 308 3423 ad
333 3379 566 3426 mortem
599 3372 872 3441 perducat.
903 3374 1062 3429 Certe
1090 3377 1281 3431 medici
1310 3381 1524 3448 quando
1551 3397 1723 3452 :egros
1753 3385 1834 3438 in-

244 3464 505 3532 spiciunt,
541 3464 652 3520 hoc
679 3463 878 3518 dicunt.
903 3465 1061 3521 Verbi
1087 3467 1253 3537 gratia
1274 3510 1286 3531 ,
1317 3469 1551 3541 hydrops
1576 3483 1661 3528 est
1705 3475 1827 3540 iste,

242 3557 501 3609 moritur:
528 3556 616 3610 hic
645 3558 865 3611 morbus
910 3573 1014 3611 non
1055 3571 1226 3628 potest
1253 3564 1452 3616 curari.
1487 3565 1832 3636 Elephantin-

242 3662 330 3701 sus
368 3656 487 3713 est;
539 3663 640 3703 nec
681 3649 898 3704 morbus
941 3651 1042 3704 iste
1083 3654 1256 3706 curari
1302 3663 1495 3724 potest.
1529 3657 1830 3715 l’hthisicus

241 3751 346 3804 est;
377 3742 498 3810 quis
528 3741 631 3796 hoc
660 3742 845 3796 curat?
891 3743 1121 3800 Necesse
1163 3755 1245 3801 est
1286 3757 1343 3801 ut
1383 3761 1587 3818 pereat,
1616 3769 1832 3809 necesse

238 3843 320 3886 est
360 3844 418 3886 ut
460 3836 740 3889 moriatur.
765 3836 903 3891 Ecce
927 3836 1034 3906 jam
1066 3838 1197 3894 dixit
1229 3841 1500 3908 medicus,
1529 3843 1830 3903 Phlhisicus

238 3934 339 3990 est,
370 3942 478 3979 non
503 3934 684 3996 potest
712 3926 812 3980 nisi
843 3928 1138 3996 moriatur;
1169 3939 1224 3984 et
1255 3939 1429 3987 tamen
1461 3935 1747 4005 aliquando
1778 3949 1830 3992 et

239 4014 479 4085 hydrops
512 4032 618 4070 non
647 4017 767 4072 inde
799 4021 1043 4084 moritur,
1073 4029 1126 4074 et
1150 4021 1547 4091 elephantiosus
1571 4043 1675 4081 non
1708 4028 1830 4085 inde

236 4109 488 4180 moritur,
536 4117 590 4161 et
635 4108 933 4176 phthisicus
970 4125 1076 4165 non
1119 4112 1240 4168 inde
1275 4116 1533 4170 moritur:
1563 4129 1615 4172 et
1655 4131 1827 4176 tamen

235 4214 462 4254 necesse
489 4208 572 4254 est
599 4209 660 4254 ut
686 4201 925 4272 quisquis
965 4213 1119 4259 natus
1159 4205 1353 4272 fuerit,
1387 4208 1510 4264 inde
1552 4212 1826 4267 moriatur.

233 4290 463 4344 Moritur
504 4293 658 4355 inde,
690 4309 796 4347 non
841 4303 1014 4363 potest
1058 4296 1230 4351 aliter.
1263 4297 1373 4352 Iloe
1420 4309 1472 4354 et
1515 4301 1750 4358 medicus
1779 4312 1831 4359 ct

235 4385 525 4454 imperitus
554 4388 859 4454 pronuntiat
885 4406 898 4441 :
923 4387 1016 4443 sed
1047 4398 1100 4444 et
1129 4391 1174 4444 si
1203 4392 1400 4446 tardius
1420 4394 1661 4463 moritur,
1686 4414 1832 4451 num-

235 4475 365 4543 quid
421 4475 544 4529 ideo
590 4490 698 4529 non
755 4477 1011 4531 moritur?
1058 4478 1280 4544 Quando
1333 4497 1460 4552 ergo
1520 4499 1643 4538 vera
1689 4489 1830 4542 sani-

235 4577 318 4621 tas
346 4608 361 4632 ,
411 4567 513 4620 nisi
563 4565 774 4636 quando
823 4583 948 4623 vera
987 4570 1386 4638 immortalitas,
1435 4574 1477 4628 si
1531 4588 1658 4644 ergo
1705 4593 1827 4632 vera

235 4658 640 4725 immortalitas,
686 4659 828 4712 nulla
882 4661 1169 4730 corruptio,
1225 4662 1366 4715 nulla
1419 4660 1672 4731 defectio,
1703 4667 1828 4736 quid

234 4747 350 4802 illic
402 4747 672 4801 alimentis
719 4739 854 4817 opus
898 4750 1048 4803 erit?
1115 4751 1253 4820 Ergo
1305 4767 1426 4806 cum
1467 4755 1618 4810 audis
1646 4798 1661 4822 ,
1721 4757 1827 4812 Re-

232 4840 476 4892 cumbent
510 4855 622 4891 cum
641 4837 896 4892 Abraham
917 4850 961 4894 et
981 4840 1134 4895 Isaac
1166 4850 1212 4895 et
1243 4841 1402 4897 Iacob
1423 4846 1478 4909 ’ς
1523 4862 1626 4900 non
1675 4862 1828 4916 pares

230 4943 512 4994 ventrem,
530 4930 622 4984 sed
645 4939 901 4984 mentem.
925 4930 1239 5000 Impleberis
1263 4933 1330 4988 ibi
1355 4951 1367 4987 :
1393 4944 1447 4989 et
1469 4935 1580 5004 ipse
1610 4937 1830 4993 interior

230 5031 434 5074 venter
475 5019 633 5074 habet
673 5021 824 5076 cibos
870 5037 1014 5076 suos.
1048 5023 1350 5079 Secundum
1389 5027 1545 5081 istum
1589 5039 1827 5085 ventrem

229 5112 459 5176 dicitur,
492 5110 635 5165 Beati
663 5113 752 5182 qui
782 5115 1001 5167 esuriant
1021 5125 1067 5168 et
1088 5115 1260 5169 sitiunt
1276 5119 1530 5186 justitiam
1550 5161 1565 5185 ,
1589 5124 1827 5190 quoniam

229 5205 336 5272 ipsi
371 5204 733 5258 saturabsntur
762 5202 872 5277 (Id.
901 5220 956 5273 v,
983 5205 1064 5277 6).
1098 5207 1160 5262 Et
1184 5223 1307 5262 vere
1342 5210 1738 5281 saturabuntur,
1772 5223 1829 5269 ut

232 5310 348 5347 non
384 5295 640 5348 esuriant.

311 5386 408 5439 l5.
451 5385 601 5438 Romi
641 5386 900 5441 naturales
930 5388 1291 5456 prteciduntur,
1323 5391 1560 5447 inseritur
1587 5395 1823 5464 oleaster,

228 5493 416 5544 quare.
433 5475 705 5532 lnserebat
723 5492 849 5549 ergo
865 5478 972 5548 jam
998 5478 1284 5535 oleastrum
1305 5483 1578 5552 Dominus,
1603 5501 1724 5541 cum
1745 5489 1829 5544 di-

297 5614 318 5681 :
346 5611 484 5681 rem,
512 5608 790 5681 subdarum.
821 5617 876 5681 st
909 5610 1328 5681 Pbimareonensis
1352 5623 1453 5681 ius,
1490 5631 1826 5681 mpponamus.

292 5666 318 5738 ξ
357 5669 539 5733 λιίιιιιοι
559 5671 637 5738 hic
657 5684 830 5719 versus
853 5673 901 5720 in
925 5674 1056 5734 prius
1077 5675 1218 5726 editis
1238 5679 1398 5728 omissi
1418 5666 1827 5738 redimuntur};

213 5731 248 5781 Γ
257 5731 466 5783 ltiuta‘i‘t
473 5734 626 5780 mensi
649 5739 731 5781 IIS.

470 5818 740 5880 PsTnOt..
790 5814 1145 5885 XXXVIII.

3429 359 3534 414 £90

1957 459 2135 523 cebat,
2168 459 2220 513 Μ
2227 459 2320 514 ulti
2337 461 2400 514 ab
2439 464 2626 518 oriente
2653 473 2701 520 et
2736 469 2986 526 occidente
3016 475 3225 541 uenient,
3253 484 3302 530 et
3336 491 3536 535 recnm-
3605 521 3608 523 -

1956 549 2072 602 bent
2099 567 2213 603 cum
2243 551 2496 607 Abraham
2521 566 2568 609 et
2587 555 2739 611 Isaac
2757 569 2806 613 et
2827 560 2985 616 Iacob
3010 565 3062 617 in
3086 581 3240 636 regno
3261 567 3499 624 calorum
3515 613 3527 635 ι
3555 555 3558 558 ’

1958 639 2013 694 id
2043 650 2157 705 est,
2191 644 2490 701 inserentur
2517 649 2566 701 in
2599 649 2757 705 oliva.
2787 653 2954 724 I-lujus
2980 657 3122 711 enim
3150 661 3301 715 olivae
3329 663 3536 720 radices

1956 742 2108 799 sunt,
2138 736 2404 792 Abraham
2445 751 2499 794 et
2529 741 2675 797 Isaac
2699 753 2754 798 et
2785 745 2950 802 Jaeob
2973 766 2984 802 :
3009 751 3106 818 ﬁlii
3146 763 3315 807 autem
3360 760 3532 827 regni,

1957 825 2060 881 hoc
2088 839 2172 884 est
2205 829 2375 886 Judtei
2407 833 2700 904 increduli,
2727 839 2868 892 ibunt
2905 841 2956 894 in
2999 845 3226 900 tenebras
3267 825 3534 905 exteriores

1957 921 1974 987 (
1997 921 2182 976 Matth.
2234 942 2362 992 vnt,
2395 926 2518 999 12).
2567 931 2925 988 Praecidentur
2968 938 3102 990 rami
3146 942 3447 1007 naturales,
3475 955 3534 997 ut

1955 1012 2219 1068 inseratur
2242 1017 2490 1073 oleaster.
2520 1019 2623 1075 Sed
2661 1023 2801 1077 unde
2845 1026 2978 1080 rami
3017 1031 3284 1084 naturales
3318 1035 3531 1101 praecidi

1954 1115 2294 1171 meruerunt,
2329 1109 2429 1164 nisi
2455 1114 2742 1182 superbia?
2767 1113 2918 1171 Unde
2954 1117 3186 1174 oleaster
3206 1120 3396 1190 inseri,
3429 1125 3529 1179 nisi

1955 1195 2286 1254 humilitate?
2315 1199 2467 1255 Unde
2493 1214 2544 1256 et
2575 1203 2673 1258 ista
2715 1206 2903 1261 mulier
2924 1207 3088 1274 dixit,
3129 1209 3211 1263 Ita
3231 1253 3244 1277 ,
3277 1212 3492 1268 Domina
3513 1232 3532 1267 :

1953 1302 2070 1338 nant
2100 1298 2146 1342 et
2169 1305 2316 1344 canes
2343 1292 2498 1346 edunt
2527 1296 2591 1346 de
2617 1296 2760 1349 micis
2787 1313 2900 1368 quis
2917 1300 3104 1353 cadunt
3132 1301 3196 1354 de
3231 1319 3400 1357 mensa
3433 1306 3528 1359 do-

1952 1377 2206 1433 minorum
2223 1397 2449 1435 suorum.
2487 1385 2554 1438 Et
2576 1385 2698 1440 inde
2733 1388 2914 1456 audit,
2943 1390 2989 1444 0
3019 1393 3218 1460 mulier,
3250 1411 3435 1467 magna
3456 1411 3530 1453 est

1952 1468 2077 1535 fides
2101 1479 2188 1523 tua
2200 1471 2222 1524 !
2245 1471 2335 1526 Sic
2354 1483 2407 1528 et
2437 1474 2526 1529 ille
2557 1474 2845 1532 Centurio:
2872 1478 2992 1533 Non
3019 1496 3132 1535 sum
3160 1484 3343 1553 dignus
3367 1495 3421 1538 ut
3439 1489 3530 1540 sub

1952 1569 2134 1615 lectum
2159 1579 2322 1618 meum
2345 1566 2519 1621 intres.
2543 1569 2700 1623 Amen
2725 1571 2838 1626 dico
2863 1575 3002 1628 vobis
3021 1591 3122 1630 non
3154 1579 3320 1632 inveni
3337 1589 3528 1632 tantum

1951 1653 2102 1720 ﬁdem
2121 1656 2172 1708 in
2191 1655 2372 1711 Israel.
2408 1659 2678 1716 Discamus
2699 1703 2713 1727 ,
2745 1673 2836 1718 aut
2863 1674 3135 1722 teneamus
3155 1667 3524 1724 humilitatem.

1949 1743 2005 1796 Si
2057 1745 2290 1800 nondum
2337 1747 2628 1815 habemus,
2653 1751 2920 1808 discamus
2958 1774 2972 1809 :
3013 1756 3057 1810 si
3101 1757 3390 1831 habemus,
3422 1774 3526 1812 non

1947 1837 2271 1894 amittamus.
2299 1838 2352 1893 Si
2383 1841 2614 1895 nondum
2636 1843 2892 1900 habemus
2912 1884 2926 1911 ,
2959 1845 3281 1913 habeamus,
3313 1859 3369 1902 ut
3389 1850 3528 1903 inst--

1948 1941 2131 1981 ramur
2154 1944 2166 1980 :
2191 1929 2233 1982 si
2256 1929 2365 1998 jam
2397 1930 2651 1986 habemus
2671 1975 2685 2000 ,
2721 1945 3026 2001 teneamus,
3059 1954 3126 1992 ne
3158 1940 3521 2007 pr:rcitlamnr.

2403 2038 2631 2097 SERMO
2654 2043 2946 2099 Lxxvnt-
2968 2045 3061 2118 (a).

1947 2145 2024 2202 De
2047 2150 2205 2203 verbis
2230 2150 2485 2223 Evangelii
2513 2154 2770 2222 Matt/uei,
2803 2175 2916 2227 cap.
2942 2175 3045 2212 xvtt
3063 2202 3077 2225 ,
3108 2163 3127 2214 l
3152 2163 3200 2214 «8
3221 2206 3234 2226 ,
3261 2163 3384 2216 Post
3406 2163 3521 2218 dies

2020 2254 2112 2293 sex
2143 2244 2423 2311 assumpsit
2451 2244 2604 2300 Jesus
2623 2247 2865 2316 Petrum,
2894 2260 2947 2304 et
2965 2244 3218 2306 Jacobutn
3241 2296 3254 2321 ,
3286 2265 3338 2309 et
3365 2253 3524 2310 Joan-

2018 2345 2138 2385 nem
2171 2333 2387 2388 fratrem
2410 2334 2525 2404 ejus
2541 2378 2555 2401 ,
2582 2346 2672 2390 etc.

2021 2441 2069 2495 I.
2107 2442 2338 2514 Regnum
2363 2445 2565 2503 Christi.
2611 2450 2934 2520 lnspicienda
2979 2455 3128 2510 nobis
3155 2467 3207 2511 et
3253 2460 3522 2513 tractanda

1945 2542 2058 2600 est,
2121 2534 2449 2604 charissimi,
2513 2539 2644 2595 visio
2711 2541 2843 2609 ista,
2901 2560 3057 2613 quam
3120 2546 3377 2604 Dominus
3432 2551 3524 2605 de-

1946 2627 2260 2682 monstravit
2288 2628 2338 2682 in
2366 2640 2562 2685 monte.
2609 2632 2720 2701 Ipsa
2756 2644 2838 2688 est
2876 2636 3014 2690 enim
3052 2636 3119 2690 de
3149 2654 3250 2708 qua
3277 2641 3481 2696 dixerat
3507 2661 3522 2698 :

1945 2715 2104 2770 Amen
2131 2717 2244 2772 dico
2271 2719 2406 2774 vobis
2425 2761 2439 2785 ,
2470 2711 2586 2790 quia
2611 2732 2726 2776 sunt
2757 2724 2838 2776 hic
2870 2727 3075 2795 quidam
3100 2729 3162 2783 (le
3189 2731 3523 2787 circumstan-

1944 2806 2102 2872 tibus,
2126 2809 2212 2878 qui
2238 2826 2338 2862 non
2361 2812 2630 2881 gustabunt
2659 2824 2865 2868 mortem
2889 2857 2903 2882 ,
2927 2817 3085 2872 donec
3111 2819 3307 2874 videant
3331 2821 3522 2875 Filium

1943 2899 2156 2952 hominis
2173 2900 2224 2954 in
2242 2917 2394 2971 regno
2411 2919 2502 2956 suo
2523 2903 2728 2974 (Matth.
2751 2921 2862 2973 xw,
2892 2908 3008 2978 ‘28).
3038 2909 3162 2965 lude
3182 2913 3343 2981 cmpit
3367 2913 3524 2970 lectio

1941 3002 2058 3058 qua:
2087 2991 2304 3045 recitata
2340 3001 2438 3046 est.
2482 2992 2616 3047 Dum
2651 2995 2744 3049 hoc
2766 2997 3002 3066 dixisset,
3027 3011 3138 3069 post
3175 3003 3280 3057 dies
3316 3021 3405 3058 sea:
3439 3023 3519 3058 as-

1939 3081 2150 3151 sumpsit
2178 3091 2278 3136 tres
2305 3083 2606 3153 discipulos,
2631 3085 2844 3142 Petrum
2866 3133 2879 3154 ,
2909 3090 3162 3148 Joannem
3181 3107 3227 3149 et
3249 3095 3518 3161 locabunt.

1941 3180 1985 3223 et
2006 3172 2229 3225 ascendit
2247 3173 2299 3226 in
2323 3185 2560 3229 montem.
2577 3177 2685 3246 Ipsi
2709 3187 2816 3236 tres
2838 3193 2988 3237 erant
3011 3186 3224 3254 quidam
3246 3189 3313 3244 de
3334 3191 3523 3260 quibus

1939 3260 2179 3328 dixerat,
2213 3262 2347 3317 Sunt
2371 3266 2451 3319 hic
2473 3269 2676 3338 quidam
2717 3273 2803 3342 qui
2842 3289 2941 3326 non
2971 3277 3237 3346 gustabunt
3274 3293 3481 3337 mortem
3505 3326 3518 3338 .

1939 3353 2095 3406 donec
2120 3355 2316 3410 videant
2339 3355 2386 3409 F
2388 3358 2530 3412 ilium
2553 3361 2766 3418 hominis
2790 3365 2844 3418 in
2882 3383 3034 3437 regno
3059 3387 3172 3423 suo.
3203 3372 3317 3428 Non
3361 3390 3518 3442 parva

1938 3448 2160 3514 qurestio
2185 3458 2287 3502 est.
2313 3449 2494 3518 Neque
2523 3453 2662 3508 enim
2694 3455 2780 3510 ille
2802 3473 2976 3527 mens,
3003 3475 3220 3530 regnum
3241 3472 3354 3518 erat
3373 3480 3518 3520 cont-

1937 3536 2281 3604 prehensum.
2306 3540 2442 3606 Quid
2470 3552 2552 3598 est
2591 3561 2745 3600 mons
2785 3548 2834 3602 ei
2874 3551 2962 3617 qui
3008 3552 3242 3618 possidet
3287 3557 3518 3611 ccelum?

1937 3626 2091 3693 Quod
2135 3643 2240 3683 non
2280 3631 2450 3684 solum
2496 3633 2750 3702 legimus,
2797 3639 2889 3691 sed
2937 3641 3094 3694 etiam
3132 3645 3300 3700 oculis
3342 3649 3520 3704 cordis

1937 3719 2166 3788 quodam
2209 3723 2368 3777 modo
2399 3725 2660 3781 videmus.
2708 3728 2944 3799 Itegnnm
2988 3749 3140 3788 suum
3186 3737 3346 3804 dicit,
3374 3743 3516 3811 quod

1935 3813 2114 3867 multis
2132 3813 2260 3869 locis
2283 3816 2511 3885 appellat
2530 3833 2748 3888 regnum
2774 3822 3053 3878 caelorum.
3079 3826 3317 3896 Reginum
3337 3839 3516 3887 autem

1935 3905 2192 3960 caelorum
2221 3915 2303 3960 est
2330 3922 2549 3977 regnum
2589 3921 2912 3967 sanctorum.
2940 3914 3064 3971 Coeli
3100 3920 3241 3974 enim
3282 3936 3518 3977 enat-rant

1935 3995 2148 4063 gloriam
2175 3995 2289 4050 Dei.
2323 3996 2397 4050 De
2422 3999 2613 4068 quibus
2641 4002 2793 4057 caelis
2831 4005 3028 4060 dictum
3067 4019 3148 4063 est
3186 4015 3440 4068 continuo
3466 4017 3516 4070 in

1937 4086 2170 4151 Psalmo,
2203 4087 2325 4142 Non
2349 4099 2461 4143 sunt
2488 4090 2700 4163 loquela
2723 4111 2879 4162 neque
2897 4113 3166 4168 sermones,
3185 4119 3397 4172 quorum
3418 4124 3520 4161 non

1936 4175 2211 4230 audiantur
2251 4194 2394 4232 voces
2431 4197 2619 4234 eorum.
2653 4181 2718 4238 In
2759 4202 2956 4240 omnem
2993 4197 3176 4244 terram
3217 4196 3336 4248 exiit
3363 4213 3519 4252 sonus

1936 4285 2128 4335 eorum,
2158 4279 2204 4323 et
2224 4271 2277 4324 in
2315 4272 2441 4338 lines
2467 4273 2597 4328 orbis
2622 4284 2766 4330 terrm
2791 4277 2936 4332 verba
2958 4296 3128 4334 eorum
3154 4283 3322 4356 (Psal.
3357 4304 3482 4344 xvm
3499 4333 3514 4356 ,

1936 4361 1990 4424 4,
2024 4370 2072 4414 et
2114 4362 2191 4429 5).
2218 4361 2469 4430 Quorum,
2503 4367 2602 4421 nisi
2631 4370 2924 4427 caelorum?
2951 4374 3092 4445 Ergo
3119 4380 3513 4449 Apostolorum,

1935 4461 1990 4505 et
2015 4453 2255 4506 omnium
2279 4455 2426 4509 verbi
2463 4456 2552 4511 Dei
2587 4458 2816 4514 fidelium
2847 4465 3270 4531 praedicatorum.
3305 4474 3518 4546 Regna-

1934 4542 2067 4596 bunt
2087 4544 2205 4598 cmli
2236 4561 2355 4598 cum
2380 4562 2446 4601 eo
2474 4549 2560 4617 qui
2593 4549 2718 4605 fecit
2752 4553 2943 4612 caelos.
2969 4559 3079 4614 lloc
3119 4571 3179 4618 ut
3203 4542 3516 4624 ostendere-

1937 4644 2038 4699 tur,
2073 4637 2245 4693 videte
2268 4639 2394 4708 quid
2421 4639 2617 4696 factum
2643 4653 2744 4699 est.

2004 4727 2058 4781 2.
2099 4727 2382 4786 Βοηιὶηὶσω
2419 4735 2875 4806 transﬁgurationis
2910 4744 3176 4814 allegoria.
3219 4749 3516 4808 Vestimenta

1935 4819 2141 4874 Christi.
2195 4822 2448 4878 Dominus
2493 4825 2605 4894 ipse
2655 4827 2809 4884 Jesus
2840 4835 3166 4902 resplenduit
3210 4841 3346 4896 sicut
3394 4845 3511 4909 sol;

1934 4911 2248 4966 vestimenta
2271 4914 2385 4981 ejus
2410 4913 2547 4969 facta
2588 4927 2711 4972 sunt
2755 4922 2978 4976 candida
3018 4926 3154 4980 sicut
3198 4930 3288 4982 nix
3317 4940 3407 4986 :et
3431 4933 3512 4986 lo-

1933 5006 2228 5074 quebantur
2264 5022 2384 5061 cum
2427 5024 2492 5063 co
2527 5010 2732 5080 Moyses
2769 5024 2822 5068 et
2863 5016 3023 5072 Elias.
3068 5019 3186 5088 Ipse
3207 5021 3364 5078 Jesus
3391 5028 3514 5094 qni-

1933 5097 2084 5164 dem,
2111 5099 2224 5168 ipse
2252 5101 2520 5168 splenduit
2554 5105 2689 5160 sicut
2717 5109 2797 5161 sol
2816 5151 2831 5172 ,
2861 5123 2920 5165 se
2949 5111 3127 5167 lumen
3157 5128 3277 5171 esse
3306 5118 3511 5190 signiti-

1933 5204 2062 5243 cans
2097 5190 2238 5260 quod
2277 5191 2538 5248 illuminat
2573 5211 2786 5251 omnem
2825 5198 3090 5257 hominem
3129 5206 3428 5265 venientem
3457 5213 3509 5268 in

1936 5272 2078 5328 hunc
2106 5275 2360 5329 tnundum
2389 5276 2580 5347 (Joan.
2611 5295 2661 5344 t,
2693 5281 2778 5349 9).
2806 5282 2958 5351 Quod
2985 5298 3069 5342 est
3109 5289 3208 5345 iste
3235 5293 3314 5350 sol
3343 5299 3513 5352 oculis

1934 5367 2107 5420 carnis
2126 5407 2142 5431 ,
2173 5366 2272 5423 hoc
2301 5367 2387 5423 ille
2413 5369 2582 5424 oculis
2619 5372 2794 5428 cordis
2820 5391 2832 5426 :
2855 5384 2908 5431 et
2934 5378 3075 5446 quod
3101 5380 3200 5436 iste
3229 5386 3509 5454 carnibus,

1937 5456 2038 5511 hoc
2077 5457 2168 5512 ille
2209 5459 2478 5515 cordibus.
2513 5462 2832 5520 Vestimenta
2872 5477 3048 5524 autem
3094 5472 3238 5542 ejus,
3268 5474 3509 5534 Ecclesia

1997 5665 2014 5684 "
2059 5673 2308 5719 Correetus
2331 5679 2405 5720 est
2429 5673 2486 5720 ad
2509 5687 2548 5721 r.
2569 5688 2660 5725 rm.
2685 5689 2731 5725 v.
2759 5684 2861 5728 nov.

1993 5751 2064 5810 (rt)
2092 5749 2216 5799 Alias
2265 5752 2328 5802 de
2351 5757 2559 5805 Diversis
2581 5757 2658 5808 69.

2839 5845 3070 5922 {.S'eize.
