3954 6186
291 357 395 415 691

294 469 430 541 ejus.
460 466 784 526 Vestimenta
826 461 967 516 enim
997 459 1097 514 nisi
1137 457 1205 512 ab
1243 453 1424 511 induto
1466 452 1862 516 contineantur,

260 549 268 557 ’
297 539 512 619 cadunt.
545 556 742 614 ﬂorum
771 551 1202 607 vestimentorum
1231 543 1472 616 quaedam
1496 541 1651 614 quasi
1687 539 1868 594 novis-

299 661 432 714 sima
458 653 662 710 fimbria
690 649 884 706 Paulus
912 645 1030 702 fuit.
1075 645 1192 714 ipse
1227 641 1368 697 enim
1407 639 1568 702 dicit,
1599 635 1711 708 Ego
1737 634 1869 689 enim

295 764 407 803 sum
429 744 667 800 minimus
694 739 1047 812 Apostolorum
1074 734 1117 808 (1
1138 732 1257 791 Cor.
1285 748 1372 797 xv,
1399 730 1458 801 9)
1483 745 1498 783 :
1523 738 1576 784 et
1601 728 1704 781 alio
1730 725 1867 789 loco,

295 837 408 908 Ego
428 851 541 894 sum
563 831 859 890 novissimus
877 826 1251 899 Apostolorum.
1277 822 1336 878 lu
1361 821 1675 878 vestimento
1693 827 1870 872 autem

297 907 504 992 funbria
537 934 623 982 est
658 923 943 980 novissima
989 929 1044 974 et
1077 917 1313 976 minima.
1341 910 1570 973 Proinde
1609 909 1746 968 sicut
1782 907 1870 964 illa

296 1020 486 1076 mulier
519 1031 641 1088 qute
684 1012 956 1084 sanguinis
999 1010 1197 1065 fluxum
1247 1004 1561 1076 patiebatur,
1594 1010 1729 1056 tacta
1770 998 1872 1055 Deo

297 1111 425 1170 mini
453 1108 690 1175 fimbria,
727 1105 867 1161 salva
900 1103 1034 1157 facta
1059 1108 1142 1156 est
1170 1097 1316 1171 (Luo'.
1349 1111 1472 1161 vm,
1503 1091 1597 1164 44)
1627 1090 1739 1149 :sic
1764 1089 1870 1148 Ee-

294 1202 456 1259 clesia
477 1215 596 1272 qua:
631 1213 699 1254 ex
728 1194 983 1253 Gentibus
1017 1190 1194 1254 venit,
1226 1186 1394 1244 Paulo
1421 1181 1742 1255 praedicante
1767 1179 1873 1272 sal-

295 1303 415 1349 vata
439 1267 542 1348 est.
582 1287 718 1356 Quid
748 1287 938 1342 mirum
981 1283 1026 1337 si
1067 1277 1407 1350 percandida
1447 1276 1758 1329 vestimenta
1799 1267 1874 1324 si-

294 1393 485 1455 gnatur
512 1378 782 1444 Ecclesia,
810 1391 928 1442 cum
969 1372 1194 1429 audiatis
1236 1369 1422 1426 Isaiam
1450 1363 1762 1436 prophetam
1788 1359 1872 1414 di-

296 1485 533 1539 centem,
565 1471 696 1526 Etsi
723 1469 907 1542 fuerint
945 1473 1150 1536 peccata
1176 1471 1337 1520 vestra
1374 1461 1497 1516 sicut
1533 1455 1834 1526 phomicium
1854 1491 1870 1519 ,

298 1579 536 1639 tauquam
557 1564 717 1620 niuem
737 1560 977 1617 dealbabo
997 1556 1152 1628 (Isai.
1179 1571 1226 1620 ι,
1251 1551 1376 1624 18)2
1398 1550 1609 1621 Moyses
1634 1556 1690 1639 et
1711 1545 1872 1639 Elius,

297 1659 350 1716 id
375 1635 476 1722 est,
498 1656 608 1714 Lex
630 1663 684 1710 et
703 1651 980 1720 Propheta:
1003 1645 1131 1717 quid
1159 1645 1351 1706 valent,
1375 1641 1476 1695 nisi
1502 1653 1624 1694 eum
1653 1635 1875 1694 Domino

296 1747 696 1818 colloquantur?
721 1743 832 1800 Nisi
859 1740 1082 1799 Domino
1120 1735 1436 1807 perhibeant
1477 1727 1834 1790 testimonium
1857 1765 1872 1790 .

297 1841 418 1910 quis
449 1839 588 1909 leget
605 1835 832 1907 Legem?
859 1834 980 1903 quis
1005 1825 1338 1899 Prophetas?
1365 1824 1550 1880 Videte
1574 1836 1732 1892 quam
1754 1819 1876 1874 bre-

299 1933 436 1988 riter
463 1929 566 1986 hoc
596 1925 880 1998 Apostolus
906 1923 979 1976 ait
1005 1937 1018 1974 :
1053 1920 1151 1973 l’cr
1171 1918 1353 1988 Legem
1377 1915 1508 1970 enim
1525 1910 1742 1983 cognitio
1761 1923 1876 1978 perv.

298 2023 588 2078 animum:
625 2027 792 2072 autem
829 2015 936 2068 sine
974 2011 1136 2082 Lege,
1177 2009 1377 2079 justitia
1415 2005 1510 2060 Dei
1554 2003 1876 2073 manifestata

299 2123 408 2177 est;
435 2125 560 2166 ecce
585 2109 662 2164 sol
694 2125 704 2160 :
731 2105 993 2173 testiﬁcata
1019 2118 1050 2154 a
1078 2101 1207 2171 Lege
1232 2107 1276 2154 ct
1304 2095 1571 2164 Prophetis
1593 2091 1765 2163 (Rom.
1789 2105 1872 2153 ut,

298 2203 370 2258 20
391 2245 406 2269 ,
437 2199 529 2272 21)
553 2218 567 2264 ;
599 2213 724 2254 ecce
753 2193 1025 2264 splendor.

375 2293 430 2347 '5.
475 2289 615 2344 Petri
656 2296 842 2342 votum.
906 2281 1064 2363 Vide;
1133 2279 1234 2334 hoc
1279 2277 1495 2340 Petrus,
1551 2285 1606 2331 et
1652 2275 1877 2327 humana

300 2384 512 2453 sapiens
535 2390 783 2449 tanquam
821 2375 980 2428 homo
1003 2389 1016 2424 :
1041 2370 1286 2453 Domine,
1319 2368 1502 2421 bonum
1532 2374 1604 2420 est
1623 2406 1636 2430 ,
1671 2364 1835 2433 inquit
1860 2404 1874 2428 ,

304 2451 396 2528 nos
437 2471 517 2524 hic
560 2484 688 2524 esse.
723 2463 960 2520 Tuidium
991 2451 1288 2531 patiebatur
1328 2475 1357 2510 a
1401 2456 1579 2519 turba,
1612 2454 1881 2508 invenerat

301 2560 638 2620 solitudinem
691 2554 917 2615 montis;
972 2551 1044 2606 ibi
1099 2548 1328 2603 habebat
1377 2545 1641 2600 Christum
1691 2556 1879 2611 panem

301 2651 514 2708 mentis.
543 2643 739 2715 thuid
767 2641 890 2697 inde
915 2638 1216 2696 discederet
1238 2635 1305 2690 ad
1332 2636 1544 2689 labores
1569 2641 1622 2687 et
1644 2631 1876 2696 dolores,

302 2743 504 2798 habens
544 2738 597 2792 in
627 2736 791 2790 Deum
821 2741 1034 2788 sanctos
1059 2740 1268 2784 amores
1287 2769 1302 2791 ,
1331 2735 1386 2780 et
1413 2723 1532 2779 ideo
1562 2725 1728 2777 bonos
1763 2735 1881 2774 mo-

301 2832 428 2888 res?
452 2831 594 2885 Bene
610 2825 711 2882 sibi
737 2822 946 2878 volebat
973 2833 1093 2875 esse
1119 2835 1132 2871 :
1157 2819 1293 2872 unde
1324 2824 1376 2870 et
1400 2813 1643 2884 adjunxit
1663 2854 1676 2876 ,
1705 2811 1767 2866 Si
1786 2811 1877 2876 vis,

305 2921 548 2988 faciamus
573 2918 654 2972 hic
682 2914 780 2968 tria
806 2909 1160 2967 tabernacula:
1185 2907 1273 2961 tibi
1301 2921 1487 2972 unum,
1512 2903 1676 2974 Moysi
1703 2919 1878 2968 unum,

302 3021 349 3065 et
376 3010 506 3064 Elia
531 3023 706 3062 unum.
739 3002 818 3059 Ad
854 3001 968 3056 haec
995 2997 1250 3053 Dominus
1289 2994 1422 3049 nihil
1449 2992 1722 3062 respondit
1745 3009 1758 3044 :
1788 2989 1882 3045 sed

306 3114 483 3158 tamen
511 3100 670 3156 Petro
697 3107 1010 3165 responsum
1039 3099 1142 3145 est.
1183 3089 1307 3143 llaec
1333 3087 1475 3141 enim
1502 3100 1568 3140 eo
1598 3084 1844 3154 loquente
1863 3124 1878 3149 ,

307 3192 475 3248 nubes
501 3187 672 3245 lucida
701 3185 874 3253 venit,
901 3191 957 3237 et
996 3179 1331 3237 obumbravit
1355 3191 1466 3233 eos.
1497 3175 1592 3230 llle
1614 3173 1885 3244 qumrebat

308 3285 407 3338 tria
449 3276 830 3337 tabernacula:
863 3273 1015 3330 nobis
1057 3286 1220 3328 unum
1265 3283 1417 3336 esse,
1444 3266 1582 3338 quod
1622 3267 1883 3320 humanus

305 3387 494 3431 sensus
533 3368 773 3427 dividere
813 3364 1088 3435 cupiebat,
1116 3374 1428 3431 responsum
1471 3358 1690 3413 cmleste
1731 3370 1884 3411 mon-

310 3463 519 3520 stravit.
556 3459 782 3516 Verhum
813 3454 906 3510 Dei
939 3453 1210 3514 Christus,
1239 3450 1467 3504 Verbum
1498 3447 1590 3502 Dei
1618 3447 1668 3501 in
1706 3446 1878 3516 Lege,

311 3555 544 3612 Verbum
573 3553 626 3606 in
656 3547 956 3618 Prophetis.
983 3544 1148 3613 Quid,
1183 3543 1366 3606 i’etrc,
1396 3540 1586 3609 qua-ris
1614 3537 1884 3592 dividere?

310 3646 470 3713 Magis
499 3654 547 3697 te
573 3648 782 3712 oportet
811 3637 1119 3705 adiungere.
1153 3631 1275 3686 Tria
1314 3631 1507 3700 quaeris
1534 3646 1546 3681 :
1573 3628 1808 3697 intelligo
1831 3635 1885 3682 et

310 3752 492 3792 unum.

384 3831 437 3884 4.
478 3826 584 3882 Vsa:
611 3823 674 3879 de
696 3821 839 3876 nube.
873 3815 1151 3871 Prostratio
1178 3811 1558 3882 discipulorum.
1587 3809 1736 3864 Nube
1758 3822 1886 3878 ergo

312 3919 662 3975 obumbrante
711 3925 926 3972 omnes,
975 3915 1030 3961 et
1066 3904 1294 3975 quodam
1338 3900 1497 3956 modo
1537 3901 1615 3954 eis
1663 3899 1886 3953 faciente

314 4025 476 4067 unum
504 4003 928 4064 tabernaculum,
958 3997 1136 4054 sonuit
1175 4005 1230 4050 et
1257 4009 1356 4047 vox
1387 3993 1453 4046 de
1482 3991 1622 4046 nube
1658 3989 1840 4045 dicens
1869 4007 1884 4043 :

315 4095 415 4152 llic
439 4103 512 4148 est
532 4089 580 4146 [τ’
582 4090 698 4144 ilius
724 4103 860 4142 meus
883 4083 1110 4138 dilectus.
1135 4078 1210 4135 lbi
1233 4086 1343 4136 erat
1367 4075 1592 4146 Moyses,
1612 4073 1680 4129 ibi
1702 4072 1847 4127 Elius
1870 4089 1883 4124 :

317 4203 425 4244 non
453 4195 536 4244 est
575 4183 801 4244 dictum,
828 4177 893 4234 lli
936 4182 1060 4231 sunt
1097 4172 1191 4228 ﬁlii
1219 4171 1324 4227 mei
1369 4168 1568 4224 dilecti.
1613 4164 1764 4220 Aliud
1806 4174 1887 4218 est

315 4279 456 4336 enim
503 4274 729 4336 Unicus,
763 4267 904 4326 aliud
949 4264 1202 4334 adoplali.
1254 4261 1345 4318 llic
1395 4255 1882 4322 commendabatur,

316 4369 458 4424 unde
480 4365 589 4424 Lex
622 4372 674 4419 et
700 4359 968 4432 propheta:
1004 4354 1382 4426 gloriabantur.
1414 4349 1514 4403 llic
1540 4357 1644 4414 est,
1685 4346 1884 4416 inquit,

321 4459 365 4514 ιν
369 4459 484 4514 ilius
509 4471 646 4510 meus
671 4452 898 4514 dilectus,
918 4449 970 4501 in
992 4462 1090 4513 quo
1110 4444 1231 4501 mihi
1258 4444 1378 4498 bene
1395 4440 1675 4510 complacui
1689 4457 1705 4501 ;
1721 4439 1890 4509 ipsum

317 4550 508 4607 audite.
530 4544 663 4613 Quia
678 4550 729 4600 et
755 4542 808 4596 in
833 4535 1114 4608 Prophetis
1142 4534 1312 4604 ipsum
1334 4529 1577 4594 audistis,
1598 4539 1652 4585 ct
1677 4529 1732 4585 in
1748 4529 1890 4599 Lege

319 4643 494 4711 ipsum
515 4632 756 4690 audistis.
773 4632 839 4687 Et
859 4628 950 4684 ubi
975 4640 1078 4681 non
1102 4625 1272 4695 ipsum
1290 4619 1542 4680 audistis?
1562 4619 1671 4675 Hoc
1685 4619 1887 4684 audito,

317 4733 394 4790 illi
421 4728 728 4788 ceciderunt
753 4725 804 4780 in
837 4732 1054 4778 terram.
1083 4717 1202 4774 iam
1225 4716 1619 4771 demonstrator
1641 4711 1812 4772 nobis.
1837 4712 1888 4764 in

323 4819 560 4880 Ecclesia
585 4831 805 4888 regnum
835 4812 948 4870 Dei.
978 4808 1076 4865 Hie
1113 4807 1366 4862 Dominus
1384 4846 1399 4870 ,
1431 4803 1514 4859 hic
1542 4802 1650 4860 Lex
1679 4811 1734 4858 et
1764 4801 1892 4858 Pro-

319 4914 523 4986 phette:
547 4909 639 4974 sed
662 4906 914 4963 Dominus
931 4911 1176 4970 tauquam
1194 4899 1443 4957 Dominus
1462 4912 1474 4945 :
1497 4894 1602 4952 Lex
1622 4894 1675 4952 in
1689 4893 1890 4964 Moyse,

323 4985 605 5076 Prophetia
633 5000 684 5056 in
711 4997 858 5062 Elia;
885 4992 976 5050 sed
1009 4992 1107 5062 ipsi
1150 5000 1396 5060 tamtuam
1434 4985 1608 5053 servi,
1645 4995 1889 5054 tanquam

319 5094 569 5154 ministri.
598 5090 700 5166 lpsi
723 5099 968 5159 tanquam
990 5099 1144 5142 vasa:
1172 5083 1283 5152 ipse
1310 5091 1557 5151 tanquam
1589 5079 1724 5134 fons.
1748 5077 1892 5148 Moy-

319 5203 407 5250 ses
434 5195 489 5244 et
518 5183 795 5258 Propheta:
831 5176 1078 5234 dicebant
1120 5183 1174 5230 et
1220 5172 1523 5230 scribebant
1548 5184 1564 5223 :
1588 5169 1680 5228 sed
1707 5168 1774 5226 de
1803 5169 1891 5222 illo

321 5276 672 5348 implebantur
691 5268 900 5342 quando
929 5265 1240 5323 fundebant.

389 5370 441 5426 ὅ.
476 5361 853 5436 Discipulorum
880 5356 1076 5412 erectio.
1109 5356 1264 5412 Solus
1285 5353 1434 5410 Jrsus
1459 5352 1632 5407 erectis
1668 5352 1729 5405 iis
1760 5351 1892 5409 vide-

321 5474 419 5516 tur.
471 5457 745 5515 Prcmium
779 5451 920 5510 nobis
941 5447 1242 5522 mantissam
1283 5445 1389 5516 ipsc
1435 5441 1595 5500 Deus.
1641 5443 1896 5499 Dominus

322 5565 499 5609 autem
526 5550 761 5622 porrexit
785 5558 999 5602 manum
1021 5583 1037 5610 ,
1068 5549 1121 5598 et
1144 5539 1389 5596 excitavit
1411 5537 1669 5608 iacentes.
1696 5535 1894 5591 Deinde

328 5645 576 5700 nemiuem
619 5641 875 5702 viderunt,
907 5635 1005 5690 nisi
1045 5634 1207 5688 solum
1245 5629 1446 5692 ,Jcsum.
1487 5627 1623 5696 Quid
1668 5627 1766 5683 sibi
1797 5626 1896 5681 hoc

326 5734 469 5790 Vult?
503 5731 757 5793 Audistis,
782 5743 901 5782 cum
934 5728 1220 5798 Apostolus
1263 5725 1543 5796 legeretur,
1591 5722 1710 5791 quia
1757 5722 1892 5774 ride-

1522 339 1579 393 S.
1620 331 1978 393 AUGUSTI?“
2017 331 2312 389 EPISCOPI

3445 323 3556 380 492

1973 463 2082 501 mus
2103 462 2240 503 nunc
2269 461 2355 517 per
2375 443 2632 513 speculum
2669 443 2719 496 in
2746 442 3044 512 inaugurato,
3077 448 3194 492 tunc
3232 447 3396 492 autem
3419 442 3556 510 facit

1971 541 2038 596 od
2063 541 2263 610 (diem.
2308 537 2374 592 Et
2412 538 2604 606 linguai
2643 534 3066 599 evacuabuutur,
3095 530 3307 606 quando
3345 533 3556 588 venerit

1973 630 2099 684 illud
2141 626 2282 698 quod
2326 627 2483 681 modo
2511 639 2788 695 speramus
2827 632 2881 677 et
2917 621 3186 676 credimus
3213 619 3392 690 (lCor.
3425 637 3553 685 sui,

1975 720 2071 787 l2,
2099 719 2161 782 8,
2193 717 2274 790 9).
2301 715 2454 784 Quod
2497 716 2571 771 illi
2599 730 2726 785 ergo
2753 713 2820 768 ad
2847 723 3040 769 terram
3079 710 3418 778 ceciderunt,
3450 713 3557 766 hoc

1972 809 2418 879 significaverunt,
2437 805 2577 876 quod
2597 806 2854 860 morimur
2877 803 3033 873 :quia
3055 803 3253 858 dictum
3276 812 3358 856 est
3381 804 3553 868 carni,

1977 901 2131 958 Terra
2149 917 2202 956 es
2219 940 2235 965 ,
2263 899 2381 954 etin
2406 908 2592 952 terram
2618 897 2712 952 ibis
2735 897 2885 968 (Gen.
2917 912 3008 962 ιιι,
3043 894 3155 968 lii).
3177 895 3399 962 Quando
3426 911 3561 950 vero

1925 997 1935 1008 ‘
1973 1005 2069 1048 eos
2089 991 2341 1047 Dominus
2369 989 2570 1053 erexit,
2601 988 3042 1042 resurrectionem
3063 986 3397 1057 signiﬁcavit.
3428 988 3562 1042 Post

1974 1081 2416 1138 resurrectionem
2443 1080 2625 1151 utquid
2663 1079 2756 1134 tibi
2791 1078 2938 1136 Lex?
2966 1079 3155 1149 utquid
3191 1079 3284 1134 tibi
3314 1079 3558 1148 Prophe-

1975 1175 2082 1230 tia?
2109 1173 2232 1228 Ideo
2251 1188 2354 1226 non
2383 1181 2602 1242 apparet
2621 1172 2762 1226 Elias
2781 1185 2932 1237 ,‘non
2957 1179 3176 1240 apparet
3200 1171 3425 1242 Moyses.
3451 1171 3563 1225 ile-

1976 1274 2153 1321 manel
2179 1265 2272 1320 tibi
2293 1304 2310 1330 ,
2342 1262 2407 1321 In
2432 1264 2678 1333 principio
2697 1272 2802 1317 erat
2835 1261 3085 1326 Verbum,
3119 1273 3164 1315 et
3210 1260 3422 1316 Verbum
3445 1274 3561 1316 «at

1975 1357 2114 1427 apud
2145 1356 2336 1420 Deum,
2365 1364 2415 1410 et
2455 1354 2594 1410 Deus
2633 1365 2740 1408 erat
2787 1354 3005 1408 Verbum
3044 1353 3222 1426 (Joan.
3253 1371 3306 1416 ε,
3341 1356 3413 1424 1).
3443 1355 3558 1409 Rc-

1978 1459 2159 1503 tnanet
2183 1448 2309 1510 tibi,
2338 1457 2395 1502 ut
2419 1447 2488 1501 sit
2526 1447 2664 1502 Deus
2693 1448 2866 1502 omnia
2896 1447 2950 1500 in
2975 1447 3219 1500 (minibus
3243 1446 3288 1518 (1
3317 1445 3430 1500 Cor.
3464 1461 3558 1509 xv,

1975 1538 2091 1610 28).
2123 1538 2195 1592 lbi
2221 1539 2326 1593 erit
2349 1539 2590 1608 Moyses;
2613 1537 2706 1591 sed
2729 1537 2837 1606 jam
2865 1554 2968 1591 non
2997 1537 3126 1591 Lex.
3153 1538 3456 1592 Videbimus
3481 1539 3561 1591 ibi

1977 1638 2030 1686 et
2058 1628 2256 1694 Eliam;
2279 1629 2371 1683 sed
2399 1629 2508 1699 jam
2539 1645 2644 1683 non
2675 1628 3008 1698 prophetam.
3038 1628 3144 1682 Lex
3173 1629 3314 1683 enim
3340 1638 3394 1684 et
3421 1630 3562 1684 Pro-

1978 1723 2150 1792 pheta:
2181 1723 2542 1778 testimonium
2571 1721 2951 1791 perhibuerunt
2975 1721 3186 1776 Christo
3205 1763 3219 1786 ,
3247 1722 3367 1791 quia
3396 1738 3567 1790 opor-

1975 1819 2114 1872 teret
2145 1827 2266 1867 eum
2306 1815 2446 1882 pati,
2476 1820 2531 1866 et
2555 1811 2640 1867 die
2669 1811 2820 1865 tertia
2845 1825 3127 1880 resurgere
3155 1826 3183 1862 a
3217 1811 3468 1877 mortuis,
3499 1821 3564 1865 et

1979 1903 2172 1959 intrare
2201 1903 2252 1957 in
2276 1902 2496 1973 gloriam
2517 1917 2666 1956 suam
2691 1901 2840 1974 (Luc.
2864 1916 3014 1967 xxiv,
3041 1901 3252 1971 μου).
3285 1900 3380 1958 Ubi
3400 1915 3562 1956 com-

1977 1995 2150 2064 pietur
2193 1994 2320 2077 illud
2362 1993 2501 2063 quod
2548 1994 2658 2049 suis
2700 1991 3040 2050 dilectaribus
3066 1992 3428 2060 'repromisit:
3457 1990 3565 2056 Qui

1979 2085 2143 2155 diligit
2171 2101 2281 2147 tne,
2309 2083 2548 2154 diligatur
2577 2100 2606 2135 α
2630 2081 2787 2136 Putre
2827 2098 2933 2135 meo
2951 2121 2968 2148 ,
2991 2090 3035 2135 et
3061 2098 3151 2151 ego
3183 2082 3392 2151 diligant
3416 2099 3560 2134 eum.

1979 2176 2046 2230 Et
2072 2175 2220 2244 quasi
2249 2175 2534 2240 diceretur,
2557 2173 2686 2240 Quia
2713 2173 2900 2242 diliges
2925 2188 3047 2232 eum
3071 2213 3084 2237 ,
3116 2173 3240 2240 quid
3274 2173 3346 2228 illi
3373 2172 3565 2226 dabis?

1985 2266 2048 2321 Et
2072 2266 2330 2322 ostendam
2373 2283 2450 2320 me
2484 2267 2652 2334 ipsum
2695 2265 2770 2318 illi
2803 2263 2982 2334 (Joau.
3023 2280 3130 2328 xw,
3173 2263 3287 2334 ει).
3314 2265 3562 2335 Magnum

1979 2357 2206 2424 donum,
2238 2372 2424 2427 magna
2453 2357 2754 2427 promissio.
2785 2355 2900 2409 Non
2929 2354 3020 2408 tibi
3051 2363 3227 2408 servat
3259 2355 3396 2408 Deus
3423 2370 3564 2423 pra--

1982 2447 2144 2502 mium
2175 2446 2386 2515 aliquod
2415 2461 2568 2502 suum
2593 2463 2607 2498 :
2631 2444 2726 2500 sed
2751 2459 2808 2499 se
2829 2445 3021 2514 ipsum.
3047 2446 3219 2499 Avare
3237 2484 3250 2504 ,
3277 2460 3442 2511 quare
3463 2445 3561 2496 tibi

1983 2554 2086 2592 non
2123 2539 2317 2594 sufficit
2358 2538 2499 2608 quod
2536 2537 2782 2592 Christus
2825 2537 3121 2607 promittit?
3147 2536 3227 2590 'l'u
3267 2537 3415 2592 dives
3461 2537 3565 2594 tibi

1981 2628 2212 2694 videris;
2240 2638 2296 2686 et
2342 2628 2386 2684 si
2437 2629 2604 2684 Deum
2655 2643 2760 2684 non
2805 2627 2998 2692 habes,
3027 2625 3151 2696 quid
3203 2626 3400 2682 habes?
3424 2627 3569 2684 alter

1984 2734 2216 2792 pauper;
2241 2727 2296 2774 et
2319 2719 2364 2776 si
2395 2720 2558 2774 Deum
2588 2718 2775 2782 habet,
2797 2717 2925 2788 quid
2953 2733 3058 2771 non
3082 2715 3278 2771 habet?

2054 2811 2107 2865 6.
2139 2810 2365 2866 Aliorum
2394 2811 2623 2866 curanda
2661 2810 2802 2864 salus
2854 2825 2917 2863 ex
2961 2809 3220 2862 charitate.
3264 2808 3563 2874 Descende.

1985 2901 2180 2957 Petre:
2213 2902 2546 2972 requiescere
2594 2893 2847 2971 cupiebas
2898 2900 2950 2954 in
3000 2908 3209 2964 monte,
3257 2899 3564 2965 descende,

1985 2991 2212 3062 prtedica
2233 2992 2451 3046 verbum
2467 3032 2482 3057 ,
2515 2991 2650 3045 insta
2675 2999 3003 3059 opportune,
3029 2990 3348 3058 importune,
3374 3004 3568 3060 argue,

1985 3082 2219 3150 hortare,
2249 3083 2482 3152 increpa,
2509 3097 2635 3137 eum
2659 3082 2803 3136 omni
2831 3080 3228 3151 longanimitate
3250 3087 3306 3135 et
3323 3079 3567 3135 doctrina

1985 3172 2054 3244 (ll
2079 3171 2212 3227 Tim.
2245 3188 2316 3236 tv,
2355 3171 2686 3246 2).Labora,
2716 3170 2951 3238 desuda,
2993 3179 3180 3240 patere
3224 3170 3396 3240 aliqua
3453 3179 3571 3225 tor-

1987 3270 2165 3317 menta
2195 3279 2208 3316 :
2239 3272 2296 3318 ut
2320 3261 2460 3334 quod
2487 3263 2538 3317 in
2561 3261 2798 3318 candidis
2827 3260 3158 3318 vestimentis
3181 3260 3387 3316 Domini
3408 3261 3573 3316 inte].

1985 3351 2182 3424 ligitur,
2213 3367 2308 3423 per
2351 3351 2634 3409 candorem
2663 3361 2716 3407 et
2743 3350 3188 3422 pulchritudinem
3232 3360 3394 3406 rectae
3429 3366 3572 3422 ope-

1987 3443 2206 3498 rationis
2235 3443 2287 3497 in
2317 3441 2574 3497 charitate
2609 3441 2901 3510 possideas.
2930 3440 2990 3496 ln
3028 3440 3182 3496 laude
3205 3443 3345 3496 enim
3384 3440 3568 3497 chari-

1989 3537 2143 3604 tatis,
2199 3551 2318 3590 cum
2370 3535 2657 3604 Apostolus
2709 3534 3003 3604 legeretur.
3059 3535 3383 3599 audivimus,
3441 3534 3570 3588 Non

1986 3627 2163 3696 «παίει-ξι
2181 3641 2294 3694 qua:
2313 3642 2405 3679 sua
2423 3635 2537 3681 sunt
2561 3623 2603 3696 (1
2625 3622 2745 3680 Cor.
2772 3641 2886 3691 xui,
2908 3624 2984 3696 5).
3011 3624 3129 3678 Non
3147 3625 3324 3690 queri!
3342 3642 3451 3695 qua
3467 3641 3570 3679 sua

1987 3725 2138 3780 sunt;
2163 3718 2412 3786 quoniam
2439 3714 2602 3770 donat
2638 3730 2758 3785 quae
2788 3715 3042 3785 possidet.
3071 3715 3190 3770 Alio
3217 3715 3333 3770 loco
3360 3716 3571 3784 pericu-

1990 3804 2157 3861 losius
2205 3804 2402 3860 dictum
2452 3813 2568 3870 est,
2609 3805 2654 3858 si
2703 3820 2810 3860 non
2860 3805 3205 3860 intellexeris.
3259 3803 3564 3860 Secundum

1988 3895 2129 3949 enim
2152 3897 2318 3966 ipsam
2337 3896 2650 3950 charitatem
2679 3894 2989 3966 pra-cipiens
3010 3895 3294 3965 Apostolus
3321 3894 3571 3949 ﬁdelibus

1991 3987 2242 4043 membris
2271 3987 2498 4050 Christi,
2527 3987 2600 4040 ait
2627 4004 2641 4040 :
2669 3985 2834 4040 Nemo
2873 3987 3007 4057 quod
3048 4003 3195 4040 suum
3231 3996 3302 4041 est
3339 3997 3566 4057 φαειναί,

1990 4081 2078 4136 sed
2104 4079 2239 4151 quod
2281 4080 2486 4134 alterius
2530 4089 2620 4134 est.
2663 4079 2893 4137 Avaritia
2931 4093 3157 4147 namque
3202 4076 3305 4132 hoc
3347 4078 3564 4142 audito,

1992 4171 2200 4226 fraudes
2227 4179 2408 4241 parat,
2442 4179 2498 4223 ut
2525 4171 2578 4224 in
2606 4172 2816 4239 negotio
2848 4168 2994 4238 quasi
3027 4169 3255 4223 alienum
3281 4183 3566 4238 quierens,

1991 4262 2216 4333 aliquem
2243 4260 2647 4322 circumveniat,
2676 4267 2729 4314 et
2755 4268 2957 4329 qumrat
2987 4273 3089 4312 non
3115 4272 3290 4323 suum,
3318 4257 3410 4311 sed
3434 4259 3571 4312 alie-

1993 4365 2138 4406 num.
2169 4350 2484 4419 Compescat
2525 4362 2584 4403 se
2624 4347 2874 4411 avaritia,
2903 4345 3154 4416 procedat
3191 4347 3392 4416 justitia
3422 4363 3437 4399 :
3464 4361 3567 4399 au-

1992 4442 2296 4512 diamus,‘et
2329 4437 2698 4508 intelligamus.
2731 4437 2986 4492 Charitati
3028 4437 3226 4494 dictum
3253 4446 3368 4501 est,
3398 4435 3575 4490 Nemo

1992 4533 2127 4603 quod
2149 4549 2295 4588 suum
2323 4541 2394 4586 est
2437 4538 2655 4599 quwrat,
2680 4528 2768 4585 sed
2809 4528 2944 4595 quod
2985 4529 3212 4584 alterius.
3248 4529 3438 4584 Verum
3471 4537 3528 4582 tu
3547 4569 3569 4593 ,

1993 4641 2184 4694 avare,
2213 4626 2257 4682 si
2288 4625 2505 4681 resistas
2524 4665 2538 4690 ,
2569 4633 2624 4680 et
2649 4624 2816 4694 magis
2852 4623 2919 4678 ad
2952 4623 3054 4678 hoc
3079 4633 3400 4694 praeceptum
3422 4624 3569 4678 redi-

1993 4719 2105 4789 gis,
2133 4728 2188 4772 ut
2213 4718 2444 4772 alienum
2469 4716 2844 4785 concupiscas;
2877 4714 3038 4784 perde
3077 4726 3244 4769 tuum.
3282 4713 3386 4770 Sed
3431 4731 3568 4783 quo-

1995 4810 2154 4867 modo
2181 4820 2231 4868 te
2260 4809 2417 4874 novi,
2444 4808 2644 4863 habere
2682 4807 2762 4862 vis
2787 4814 2842 4861 et
2868 4814 3012 4862 tuum
3040 4815 3094 4861 ct
3119 4806 3366 4864 alienum.
3400 4805 3569 4860 Frau-

1993 4900 2115 4958 dem
2159 4901 2319 4963 facis,
2365 4908 2421 4953 ut
2473 4898 2668 4952 habeas
2711 4896 2978 4952 alienum:
3006 4896 3196 4950 furtum
3247 4907 3464 4968 patere,
3512 4907 3572 4950 ut

1994 4991 2183 5063 perdas
2209 5001 2355 5046 tuum
2375 5032 2388 5056 ,
2420 4989 2534 5044 Non
2559 4989 2638 5042 vis
2667 5001 2907 5057 quaerere
2943 4996 3119 5052 tuum,
3149 4988 3242 5041 sed
3270 4987 3412 5042 tollis
3432 4986 3567 5040 alie-

1997 5098 2142 5140 num.
2169 5081 2320 5151 Quod
2346 5081 2389 5134 si
2434 5079 2560 5133 facis
2581 5121 2596 5144 ,
2625 5093 2730 5132 non
2773 5077 2900 5132 facis
2927 5078 3081 5131 bene.
3119 5075 3292 5141 Audi,
3321 5093 3354 5131 ο
3379 5091 3570 5141 avare,

1996 5173 2581 5242 auscultazApostolus
2631 5170 2721 5226 tibi
2767 5169 2873 5224 alio
2917 5169 3036 5224 loco
3077 5169 3313 5237 apertius
3353 5168 3574 5238 exponit

1999 5267 2100 5322 hoc
2121 5263 2258 5334 quod
2283 5262 2446 5329 dixit,
2476 5259 2641 5314 Nemo
2664 5258 2798 5329 quod
2817 5267 3055 5318 summost
3078 5268 3271 5326 quwrat
3287 5298 3302 5319 ,
3329 5257 3415 5310 sed
3437 5257 3572 5325 quod

1998 5356 2223 5411 alterius.
2249 5353 2336 5410 Ait
2363 5351 2434 5407 de
2459 5366 2518 5408 se
2545 5351 2659 5420 ipso
2683 5365 2696 5402 :
2730 5348 2838 5418 Ego
2859 5357 3025 5402 autem
3053 5363 3152 5401 non
3177 5363 3405 5418 querens
3436 5346 3572 5416 quod

1998 5443 2122 5499 mihi
2149 5443 2271 5497 utile
2295 5451 2402 5507 est,
2432 5439 2520 5496 sed
2540 5439 2673 5506 quod
2699 5436 2900 5501 multis,
2925 5445 2980 5490 ut
3009 5435 3137 5490 salvi
3160 5437 3259 5492 siut
3287 5435 3328 5506 (Ι
3353 5434 3469 5490 Cor.
3497 5449 3531 5489 ι
3554 5475 3570 5497 ,

1996 5538 2066 5593 Ἡ
2087 5579 2101 5604 ,
2133 5536 2242 5604 '53).
2284 5535 2394 5590 Hoc
2423 5533 2608 5588 Petrus
2638 5531 2870 5585 nondum
2901 5528 3219 5600 intelligebat
3239 5569 3258 5594 ,
3278 5526 3490 5598 quando
3521 5527 3578 5582 in

2001 5637 2180 5684 monte
2204 5612 2382 5680 vivere
2410 5637 2528 5678 cum
2557 5619 2769 5675 Christo
2804 5617 3158 5675 desiderabat.
3201 5617 3456 5672 Servabat
3478 5615 3573 5670 tibi

2004 5720 2101 5772 hoc
2124 5759 2136 5781 ,
2167 5717 2318 5771 Petrc
2339 5756 2355 5780 ,
2383 5721 2501 5784 post
2546 5718 2791 5765 mortem.
2839 5708 2986 5764 Nunc
3029 5717 3204 5763 autem
3251 5709 3364 5779 ipse
3405 5707 3571 5762 dicit:
