3922 6192
373 478 459 537 nis
503 476 646 534 enim
688 475 793 530 vita
838 471 937 527 ista
988 473 1205 532 nostra,
1245 458 1628 526 intlrmitas;et
1654 459 1808 529 longa
1835 454 1943 513 vita

374 572 506 629 nihil
527 566 668 625 aliud
695 578 856 636 quam
879 562 1038 632 longa
1063 558 1534 625 inﬁrmitastputa
1574 564 1704 622 ergo
1748 560 1802 606 te
1851 548 1951 605 sub

372 661 583 722 medico
600 664 879 728 aegrotare.
914 650 1204 708 Delectavit
1224 656 1520 712 recentem,
1543 640 1830 700 delectavit
1859 655 1952 710 po-

372 766 487 811 tum
507 751 615 806 vini
640 753 1107 818 usuris-repetere
1147 756 1178 795 a
1217 738 1446 796 medico.
1488 734 1612 804 Non
1651 729 1954 803 prohiberis

368 855 577 920 petere,
605 857 671 898 ne
696 842 834 897 forte
860 852 964 893 non
994 835 1089 892 tibi
1115 839 1326 895 noceat,
1353 837 1409 885 et
1435 825 1684 920 expediat
1720 823 1813 920 tibi
1855 835 1950 920 ac:

370 910 571 1009 cipere.
602 932 721 989 Noli
747 929 993 987 dubitare
1018 935 1199 994 petere
1226 940 1239 977 :
1268 928 1409 993 pete,
1424 917 1539 1009 noli
1555 913 1791 1009 mactari
1813 928 1829 978 ;
1854 910 1951 1009 sed

370 1000 550 1085 si'non
576 1021 868 1094 acceperis,
895 1018 1004 1074 noli
1031 1011 1351 1072 contristari.
1376 1008 1432 1066 Si
1471 1008 1574 1063 hoc
1596 1006 1696 1061 sub
1735 1000 1952 1094 homine

374 1116 585 1174 medico
604 1092 780 1170 carnis
813 1120 949 1175 tute;
974 1114 1172 1177 quanto
1201 1101 1371 1172 magis
1392 1098 1513 1155 sub
1560 1096 1677 1153 Deo
1721 1092 1947 1159 medico,

372 1216 634 1270 creatore,
656 1209 963 1273 reparatore
989 1205 1045 1252 et
1069 1195 1245 1251 carnis
1269 1199 1325 1246 et
1344 1188 1537 1244 animm
1560 1184 1706 1240 tum?

447 1301 503 1356 5.
547 1293 784 1350 Orandsts
824 1289 985 1357 Deus,
1026 1296 1079 1343 ut
1113 1301 1146 1339 a
1178 1283 1311 1339 vitiis
1343 1288 1505 1336 sanet.
1529 1274 1778 1338 Proinde,
1816 1277 1952 1342 ιῖιιο-

375 1389 519 1446 niam
548 1388 601 1442 in
632 1384 741 1438 hoc
756 1379 993 1451 capitulo
1018 1375 1273 1432 Dominus
1298 1370 1367 1426 ad
1390 1369 1687 1425 orationem
1713 1364 1954 1418 hortatus

376 1489 481 1543 est,
508 1476 600 1534 ubi
625 1474 780 1540 dixit,
810 1470 1030 1540 Propter
1050 1462 1458 1521 istcrsdttlitatem
1483 1467 1704 1514 vestram
1724 1469 1830 1507 non
1859 1467 1955 1522 po-

376 1571 540 1626 tuistis
564 1568 660 1622 hoc
687 1562 993 1619 daemonium
1014 1558 1195 1629 ciicere
1216 1571 1238 1610 :
1262 1552 1332 1609 ad
1344 1551 1641 1609 orationem
1663 1546 1809 1602 enim
1826 1545 1954 1598 hor-

376 1673 519 1719 tatus
545 1660 621 1715 sic
646 1654 927 1720 conclusit,
959 1650 1071 1706 Hoc
1096 1664 1254 1719 genus
1284 1662 1384 1700 non
1423 1642 1641 1714 eiicitur,
1690 1638 1791 1692 nisi
1817 1636 1960 1707 jejst.

271 1789 280 1798 ι
376 1755 475 1808 uiis
494 1761 541 1807 et
559 1747 887 1806 orationibus.
914 1743 971 1799 Si
1000 1749 1119 1797 orat
1143 1738 1326 1802 homo,
1345 1745 1405 1790 ut
1426 1732 1605 1804 eiiciat
1632 1726 1957 1785 dannonium

376 1844 644 1905 alienum;
678 1845 876 1908 quanto
910 1833 1079 1902 uagis
1116 1838 1174 1885 ιιι
1217 1828 1393 1897 eiiciat
1435 1823 1713 1878 avaritiam
1756 1817 1953 1874 suam?

376 1941 575 2005 quanto
601 1929 787 1999 magis,
834 1934 893 1980 ut
924 1922 1101 1993 eiiciat
1133 1916 1478 1975 vinolentiam
1529 1911 1714 1983 suam?
1756 1916 1959 2005 quanto

378 2003 567 2096 magis,
596 2031 655 2078 ut
679 2020 858 2092 eiiciat
882 2014 1142 2073 luxuriam
1175 2009 1366 2068 suam?
1406 2015 1605 2077 quanto
1650 2003 1860 2096 magis,
1905 2007 1960 2055 ut

379 2093 555 2191 eiiciat
573 2111 960 2179 immunditiam
991 2105 1180 2164 suam?
1206 2103 1416 2171 Quanta
1443 2107 1590 2191 sunt
1622 2096 1677 2150 in
1720 2093 1958 2159 homine,

379 2189 498 2283 quae
515 2209 560 2265 si
590 2200 1064 2278 perseveraverint,
1084 2212 1205 2269 non.
1219 2192 1507 2283 admittunt
1528 2189 1595 2244 ad
1612 2197 1959 2283 regnum-cce-

381 2274 554 2358 torum
567 2274 842 2363 iVVidete,
875 2291 1102 2355 fratres,
1153 2281 1424 2357 quomodo
1457 2287 1673 2350 rogatur
1712 2274 1962 2343 medicus

381 2409 480 2466 pro
496 2391 668 2448 salute
688 2382 998 2456 temporali,
1020 2375 1288 2449 quomodo
1316 2374 1363 2428 si
1387 2372 1664 2466 quisquam
1685 2366 1962 2466 desperate

382 2457 623 2553 a-grotet,
655 2473 911 2546 numquid
940 2468 1293 2543 pudetillum,
1324 2470 1417 2518 aut
1442 2462 1585 2531 piget
1612 2457 1816 2513 homini

382 2548 480 2631 des
504 2582 725 2635 tenere,
773 2563 1098 2636 peritissimo
1139 2557 1406 2613 archiatro
1451 2552 1698 2622 lacrymis
1746 2548 1965 2618 vestigia

386 2660 601 2720 lavare?
628 2660 699 2714 Et
725 2656 873 2728 quid,
904 2654 950 2708 si
979 2651 1177 2708 dixerit
1203 2648 1254 2705 ei
1280 2645 1516 2703 medicus
1548 2662 1561 2698 :
1601 2641 1786 2697 Sanari
1812 2639 1966 2694 aliter

384 2769 492 2812 non
514 2760 684 2823 potes,
705 2747 815 2811 nisi
856 2754 917 2801 te
944 2744 1196 2814 ligarem,
1221 2738 1507 2801 atlussero,
1548 2733 1813 2790 sccuero?
1854 2730 1965 2786 Re-

384 2842 611 2915 Spondct
641 2858 653 2895 :
678 2834 951 2907 Facquod
977 2832 1092 2897 vis,
1124 2838 1326 2886 tantum
1355 2840 1484 2880 sana
1511 2839 1616 2880 me.
1646 2823 1856 2915 Quanto
1880 2835 1969 2874 ar-

385 2914 517 2992 dore
540 2931 807 2991 desiderat
830 2921 1337 2999 paucorttm‘dierum
1359 2931 1639 2988 vapoream
1662 2914 1962 2980 sanitatem,

390 3037 448 3082 ιιι
475 3040 573 3097 pro
592 3023 680 3078 illa
699 3032 753 3077 et
773 3018 923 3089 ligari
953 3015 1098 3082 velit,
1127 3021 1183 3068 et
1205 3008 1398 3075 secari,
1420 3017 1476 3063 ct
1501 3006 1603 3070 uri,
1634 3012 1688 3097 et
1711 3001 1967 3097 custodiri

388 3134 456 3173 ne
477 3094 766 3171 manducet
793 3108 932 3181 quod
959 3106 1219 3169 delectat,
1253 3116 1319 3157 ne
1348 3101 1492 3155 bibat
1514 3095 1667 3168 quod
1716 3094 1966 3157 delectat,

387 3224 487 3265 nec
505 3205 716 3278 quando
743 3199 1019 3259 delectat?
1045 3197 1235 3253 Totum
1269 3192 1481 3263 patitur,
1525 3199 1578 3245 ut
1622 3188 1794 3245 serius
1848 3200 1969 3278 mo-

386 3277 556 3355 riatur
585 3313 599 3350 :
627 3305 681 3352 et
703 3310 811 3351 nun
841 3293 951 3346 vult
977 3301 1141 3360 pauca
1185 3285 1293 3356 pati
1315 3324 1331 3350 ,
1363 3290 1422 3338 ut
1469 3294 1736 3350 nunquam
1768 3277 1969 3333 moria-t

390 3389 507 3446 tur!
534 3387 590 3442 Si
613 3386 706 3441 tibi
723 3386 866 3441 dicat
896 3382 1056 3446 Deus,
1088 3378 1177 3448 qui
1194 3373 1433 3432 caelestis
1454 3380 1541 3429 est
1558 3385 1721 3440 super
1740 3384 1839 3425 uos
1858 3383 1971 3429 me-

382 3481 539 3536 dicus
569 3495 583 3533 :
611 3477 691 3532 Tu
715 3473 892 3530 sanari
919 3471 1038 3527 vis?
1066 3469 1194 3540 quid
1218 3466 1455 3524 dicturus
1481 3478 1562 3529 es,
1589 3460 1714 3529 nisi,
1745 3458 1970 3517 Saliari?

388 3572 551 3629 Forte
572 3584 680 3625 non
706 3566 860 3633 dicis,
884 3562 1008 3635 quia
1031 3575 1219 3618 sanum
1241 3566 1296 3614 te
1339 3564 1492 3627 putas
1511 3595 1527 3621 ,
1561 3553 1664 3609 hoc
1704 3559 1788 3609 est
1827 3549 1970 3622 quod

390 3663 541 3734 prius
568 3668 815 3731 ωενοιωο
949 3745 957 3747 _
1289 3738 1342 3747 __
1389 3738 1443 3747 _,
1638 3734 1667 3747 η

459 3755 515 3808 4.
554 3751 895 3822 Ερνοιονιιιιι
923 3745 1024 3800 duo
1049 3757 1252 3815 genere.
1278 3738 1509 3796 Christus
1536 3734 1758 3791 medicus
1799 3748 1972 3788 omnes

390 3853 605 3916 a'grotos
652 3839 857 3895 invenit.
902 3835 1035 3891 Nam
1082 3833 1129 3887 si
1179 3831 1314 3886 duos
1354 3836 1584 3899 aegrotos
1647 3825 1968 3916 constituas;

390 3915 555 3991 unum
581 3933 668 4004 qui
689 3928 866 3987 ﬂendo
891 3925 1159 3983 medicum
1186 3930 1355 3992 roget,
1383 3920 1605 3974 alterum
1628 3917 1716 3987 qui
1745 3917 1797 3971 in
1825 3915 1972 3984 aegris

393 4027 577 4084 tudine
599 4039 692 4080 sua
716 4063 734 4089 ,
759 4029 939 4077 mente
978 4015 1224 4089 perdita,
1274 4011 1493 4067 irrideat
1540 4008 1835 4072 medicum;
1883 4006 1973 4061 ille

391 4135 543 4191 spem
571 4115 831 4188 promittit
856 4111 1025 4175 ﬂenti,
1047 4107 1250 4181 plangit
1289 4103 1569 4160 ridentem.
1611 4102 1788 4168 Quare
1810 4139 1826 4167 ,
1871 4098 1970 4154 uisi

391 4214 517 4285 quia
546 4219 694 4268 tanto
721 4204 1069 4278 periculosius
1106 4205 1344 4272 a‘grotat,
1376 4204 1629 4268 quantum
1672 4207 1732 4249 se
1783 4205 1970 4285 sanum

393 4282 583 4378 putat?
606 4303 697 4360 Sic
726 4307 881 4357 erant
930 4304 987 4352 et
1023 4290 1330 4350 ludati..Ad
1372 4298 1601 4378 aegrotos
1631 4285 1775 4378 venit
1819 4282 1974 4378 Chri-

393 4374 529 4461 stus,
560 4406 748 4448 omnes
775 4397 1007 4457 argrotos
1048 4382 1267 4438 invenit.
1314 4379 1480 4433 Nemo
1504 4377 1602 4431 sibi
1655 4375 1724 4431 dc
1746 4374 1973 4430 sanitate

393 4485 713 4546 blandiatur,
754 4493 829 4532 ne
858 4472 1128 4531 renuntiet
1166 4470 1234 4525 ad
1281 4469 1427 4523 illum
1460 4466 1725 4522 medicus.
1774 4465 1972 4520 Omnes

393 4581 622 4645 ψει-οισι
673 4566 907 4631 invenit;
946 4561 1241 4632 apostolica
1293 4557 1556 4614 sententia
1594 4564 1682 4610 est
1721 4572 1736 4610 :
1787 4553 1973 4610 Omnes

394 4667 526 4722 enim
553 4665 896 4736 peccaverunt,
931 4664 978 4709 ct
1002 4661 1148 4725 egeat
1194 4649 1356 4722 gloria
1389 4647 1490 4702 .Dsi
1536 4646 1715 4717 (Rom.
1747 4661 1825 4709 ιιι,
1854 4647 1970 4716 25).

395 4760 526 4815 Cum
552 4768 679 4824 ergo
702 4765 891 4807 omnes
919 4745 1208 4804 invenisset
1227 4751 1477 4814 azgrolos,
1505 4739 1611 4795 duo
1630 4752 1826 4809 genera
1846 4737 1972 4794 ,ιυρ-

394 4858 521 4907 runt
540 4853 881 4919 :egrotorum.
910 4839 1012 4896 Alii
1035 4832 1407 4893 veniebantad
1429 4831 1714 4894 medicum,
1747 4830 1974 4885 inhaere-

395 4937 777 4999 hantChristo.
814 4930 1126 4990 audiebant.
1175 4924 1540 4987 honorabant,
1592 4922 1971 4994 sequebantur,

395 5029 860 5089 convertebantur.
891 5023 985 5079 Ille
1005 5019 1300 5091 accipiebat
1326 5031 1514 5072 omnes
1548 5017 1666 5072 sine
1693 5015 1797 5071 ullo
1822 5014 1973 5069 fasti-

395 5126 485 5182 dio
509 5129 812 5186 sanaturus,
840 5117 931 5188 qui
951 5114 1117 5188 gratis
1146 5112 1401 5176 sanabat,
1442 5111 1563 5180 quia
1590 5109 1975 5179 omnipotentis

396 5217 638 5273 curabat.
662 5212 796 5268 Cum
820 5223 953 5280 ergo
974 5206 1270 5275 susciperet
1295 5217 1410 5267 eos,
1448 5210 1504 5256 et
1530 5200 1836 5271 adiungeret

396 5303 681 5368 sanandos,
709 5300 784 5356 illi
803 5297 1219 5354 exsultaverunt.
1250 5290 1405 5346 Aliud
1435 5305 1561 5345 vero
1583 5305 1752 5361 genus
1802 5305 1975 5361 aegro-

397 5408 590 5461 torum,
636 5391 727 5464 qui
749 5390 858 5460 iam
881 5382 1193 5458 aegritudine
1217 5380 1507 5450 iniquitatis
1535 5389 1769 5436 montem
1793 5380 1973 5451 perdi-

397 5485 607 5549 derant,
633 5492 691 5538 et
710 5496 769 5537 se
794 5485 1053 5549 a‘grotarc
1083 5471 1421 5536 nesciebant;
1464 5470 1847 5527 insultaverunt
1873 5472 1967 5538 illi,

399 5573 519 5641 quia
546 5570 874 5642 suscipiebat
895 5575 1149 5639 aegrotos,
1172 5571 1227 5619 et
1253 5560 1499 5617 dixerunt
1519 5559 1794 5632 discipulis
1817 5562 1932 5633 eius
1957 5581 1970 5617 :

401 5664 536 5720 Ecce
560 5663 724 5733 qualis
749 5670 821 5717 est
840 5660 1077 5732 magister
1094 5664 1270 5721 vester,
1294 5654 1382 5724 qui
1405 5669 1518 5707 cum
1547 5654 1889 5723 peccatoribus
1924 5665 1975 5709 ct

402 5754 681 5827 publicanis
699 5752 987 5807 mansissent.
1018 5748 1186 5805 Etille
1208 5745 1299 5818 qui
1339 5755 1557 5804 noverat
1598 5745 1722 5818 quid
1764 5755 1963 5815 essent,

1602 344 1661 403 S.
1699 340 2066 404 AUGUSTI!“
2106 343 2403 402 EPISCOPI

3529 345 3649 402 £96

2054 466 2115 515 ,et
2134 458 2225 528 qui
2250 459 2489 523 essent’,
2539 457 2814 527 respondit
2856 458 2962 514 illis
3005 475 3019 513 :
3052 457 3173 513 Non
3216 466 3291 513 est
3330 474 3459 530 opus
3492 462 3647 515 sanis

2056 549 2298 615 medicus,
2326 550 2416 603 sed
2441 548 2573 603 male
2596 548 2913 604 habentibus.
2947 548 3015 604 Et
3041 549 3272 604 ostendit
3292 550 3397 605 illis
3433 553 3521 621 qui
3544 566 3646 607 cs-

2054 649 2175 696 sent
2196 640 2334 707 sani,
2367 647 2419 694 et
2443 640 2531 709 qui
2557 648 2874 710 aegrotantes
2901 656 2916 694 :
2941 639 3065 694 Non
3082 640 3213 706 veni,
3240 640 3430 710 inquit,
3457 656 3643 695 τοίω-ι

2046 731 2236 801 justas,
2264 732 2353 786 sed
2382 742 2666 802 peccatores
2700 730 2909 803 (Matth.
2940 747 2996 786 rx
3019 772 3034 796 ,
3086 732 3292 803 11-15).
3344 731 3403 788 Si
3442 747 3638 802 pecca-

2054 829 2222 888 tores,
2253 821 2445 892 inquit,
2472 822 2540 880 ad
2560 838 2647 879 me
2671 839 2774 879 non
2803 823 3082 890 accedunt,
3122 839 3286 894 quare
3310 824 3471 879 veni?
3506 840 3643 895 pro-

2054 923 2174 984 pter
2192 926 2329 984 quos
2353 913 2512 968 veni?
2536 914 2593 969 Si
2618 929 2805 969 omnes
2827 916 2941 968 sani
2961 924 3105 980 sunt,
3135 930 3299 985 quare
3325 923 3505 970 tantus
3525 930 3644 970 me-

2054 1003 2205 1062 dicus
2225 1006 2294 1063 de
2321 1007 2460 1062 caelo
2481 1006 2796 1061 descendit?
2824 1022 2988 1077 quare
3013 1007 3168 1062 nobis
3190 1008 3638 1064 medicamentum

2056 1110 2164 1152 non
2191 1096 2258 1152 de
2285 1096 2518 1153 armario
2541 1111 2659 1163 suo,
2686 1095 2781 1153 sed
2802 1096 2869 1153 de
2889 1099 3146 1168 sanguine
3190 1113 3288 1153 suo
3315 1098 3474 1154 fecit?
3497 1099 3641 1170 Ergo

2058 1188 2188 1244 illud
2213 1204 2381 1260 genus
2402 1198 2721 1260 aegrotorum
2747 1190 2839 1260 qui
2868 1189 3048 1245 mitius
3074 1190 3423 1260 mgrotabant,
3456 1192 3549 1262 qui
3579 1207 3641 1247 se

2058 1290 2319 1350 aegrotare
2336 1281 2655 1349 sentiebant,
2678 1289 2735 1337 ut
2765 1291 3115 1349 sanarentur,
3146 1283 3352 1338 medico
3393 1283 3640 1340 cohaere—

2059 1369 2204 1424 bant.
2231 1368 2313 1424 illi
2345 1381 2523 1425 autem
2554 1369 2643 1441 qui
2666 1370 3015 1440 periculosius
3041 1371 3394 1442 :egrotabant,
3426 1372 3639 1428 medico

2059 1460 2402 1528 insultabant,
2433 1472 2662 1533 aegrotos
2690 1461 3168 1519 calumniabanlut‘.
3213 1464 3293 1519 Ad
3337 1468 3638 1520 extremum

2058 1566 2165 1622 quo
2195 1553 2453 1622 processit
2473 1551 2751 1623 phrenesis
2778 1553 3055 1624 ipsorum?
3085 1554 3152 1610 Ut
3194 1555 3457 1609 medicum
3490 1566 3642 1611 tene-

2061 1651 2202 1711 rent,
2232 1643 2481 1713 ligarent,
2505 1642 2866 1713 ﬂagellarent,
2899 1643 3068 1714 Spinis
3104 1654 3450 1711 coronarent,
3498 1645 3643 1716 ligno

2061 1734 2466 1803 suSpenderent,
2487 1748 2648 1789 cruce
2666 1742 2938 1791 necarent.
2958 1734 3095 1801 Quid
3113 1735 3357 1790 miraris?
3379 1735 3642 1791 Medicum

2062 1825 2255 1883 occidit
2296 1834 2525 1897 :egrotus
2567 1842 2582 1881 :
2627 1825 2722 1882 sed
2743 1843 2865 1882 eunt
2901 1826 3138 1883 medicus
3178 1828 3387 1884 occisus
3431 1829 3645 1885 sanavit

2064 1915 2454 1987 pltrencticum.

2132 2009 2188 2064 5.
2218 2008 2332 2074 Quo
2356 2010 2575 2066 remedio
2600 2026 2690 2081 per
2719 2008 2973 2066 Christum
3010 2012 3174 2065 sanati
3211 2012 3406 2083 (egroti.
3449 2011 3648 2066 Merci-

2064 2117 2286 2156 tttontunt
2314 2103 2525 2158 caeleste.
2552 2102 2729 2157 Oratio
2752 2100 2938 2157 Christi
2980 2119 3073 2175 pro
3100 2104 3484 2170 cruciﬁaort‘bus
3516 2105 3647 2158 suis.

2066 2191 2244 2247 Primo
2307 2193 2449 2249 enim
2504 2208 2609 2248 non
2656 2192 2975 2248 obliviscaris
3036 2193 3090 2248 in
3151 2208 3309 2249 cruce
3357 2210 3647 2266 personant

2066 2299 2254 2351 suam,
2304 2294 2359 2341 et
2392 2284 2766 2342 demonstrans
2812 2285 2965 2340 nobis
3008 2286 3316 2355 patientiam
3365 2303 3542 2353 suam,
3592 2298 3650 2344 et

2067 2376 2370 2446 exemplum
2406 2376 2649 2446 praebens
2690 2376 2939 2447 diligendi
2985 2377 3229 2433 inimicos
3278 2387 3525 2444 nostros;
3570 2380 3653 2434 vi-

2068 2464 2201 2521 dens
2221 2465 2770 2525 eoscircumfremere
2792 2507 2808 2532 ,
2847 2467 2938 2538 qui
2989 2477 3211 2524 noverat
3251 2468 3496 2524 morbum
3521 2469 3651 2525 illo~

2068 2570 2214 2621 rum,
2245 2556 2369 2625 quia
2394 2554 2666 2621 medicus,
2692 2556 2783 2626 qui
2811 2565 3030 2611 noverat
3073 2558 3375 2628 phronesim
3432 2559 3486 2613 in
3542 2575 3653 2630 qua

2069 2653 2301 2701 utentem
2352 2645 2727 2715 perdiderant,
2772 2647 3027 2703 continuo
3072 2647 3138 2702 ad
3185 2648 3438 2725 Patrem:
3470 2648 3652 2716 Pater,

2069 2735 2269 2806 ignosce
2296 2736 2415 2801 illis,
2445 2737 2565 2807 quia
2592 2738 2816 2791 nesciunt
2833 2739 2953 2809 quid
2966 2738 3328 2810 facitmt.(Luc.
3354 2757 3506 2808 χχιιι,
3535 2743 3651 2813 54).

2072 2826 2275 2882 Putatis
2294 2837 2505 2895 autem,
2538 2828 2662 2898 quia
2718 2844 2824 2884 non
2880 2829 2957 2885 illi
3004 2830 3174 2885 Judaei
3222 2833 3435 2902 maligni
3461 2845 3654 2899 erant,

2071 2917 2457 2985 swvi,cruenti
2483 2959 2500 2986 ,
2532 2919 2842 2985 turbulenti,
2873 2920 3071 2978 inimici
3103 2921 3241 2977 Filio
3286 2924 3420 2979 Dei?
3449 2925 3657 2982 Putatis

2070 3010 2193 3079 quia
2223 3010 2434 3065 vacavit
2468 3026 2568 3067 vox
2620 3011 2741 3079 illa,
2776 3023 2833 3073 et
2848 3012 3025 3070 inanis
3052 3014 3192 3071 fuit:
3231 3016 3403 3084 Pater,
3451 3019 3660 3090 ignosce

2071 3102 2211 3167 illis,
2258 3104 2378 3173 quia
2433 3106 2657 3164 nesciunt
2707 3106 2832 3177 quid
2882 3107 3114 3175 faciunt?
3165 3107 3364 3165 Omnes
3404 3111 3657 3179 videbat,

2072 3192 2167 3248 sed
2189 3208 2315 3248 suos
2360 3194 2587 3250 futuros
2623 3196 2696 3251 ibi
2742 3199 3116 3269 cognoseebat.
3150 3201 3384 3271 Denique
3413 3212 3660 3258 mortuus

2072 3292 2154 3340 est
2170 3325 2186 3351 ,
2210 3285 2333 3355 quia
2354 3284 2433 3339 sic
2456 3286 2788 3355 expediebat,
2814 3296 2874 3344 ut
2901 3300 3074 3346 morte
3096 3306 3191 3347 sua
3216 3291 3488 3347 occideret
3506 3309 3661 3348 mor-

2073 3382 2204 3430 tem.
2228 3372 2473 3431 Mortuus
2493 3384 2576 3431 est
2603 3376 2768 3443 Deus,
2802 3388 2860 3435 ut
2894 3381 3257 3449 compensatio
3299 3382 3450 3436 ﬁeret
3490 3384 3660 3439 cmic-

2072 3465 2170 3523 stis
2187 3466 2460 3536 cuiusdam
2481 3468 2845 3536 mercimonii,
2872 3486 2940 3525 ne
2968 3480 3196 3526 mortem
3228 3470 3432 3527 videret
3466 3473 3654 3529 homo.

2074 3556 2215 3613 Deus
2233 3558 2375 3613 enim
2404 3556 2645 3613 Christus
2664 3599 2679 3622 ,
2710 3558 2805 3614 sed
2854 3575 2960 3615 non
2991 3561 3061 3616 ibi
3092 3570 3344 3617 mortuus
3368 3563 3459 3617 ubi
3492 3562 3656 3620 Deus.

2076 3647 2221 3705 Idem
2245 3649 2387 3707 enim
2417 3650 2586 3714 Deus,
2632 3650 2770 3707 idem
2800 3650 2961 3707 homo
2989 3670 3001 3705 :
3027 3668 3165 3708 unus
3192 3654 3349 3709 enim
3372 3654 3657 3721 Christus,

2075 3738 2218 3799 Deus
2240 3748 2296 3794 et
2323 3741 2502 3795 homo.
2532 3739 2705 3795 llomo
2743 3750 3046 3810 assumptus
3076 3750 3208 3807 est,
3262 3753 3320 3798 ut
3361 3744 3419 3797 in
3463 3745 3660 3800 melius

2073 3840 2422 3898 mutat-clune,
2455 3845 2560 3885 non
2592 3830 2756 3885 Deum
2783 3830 2849 3885 ad
2862 3831 3124 3889 deteriora
3150 3834 3393 3888 ιιθιυιθδὶι.
3421 3834 3657 3889 Assumo

2075 3922 2182 3992 psit
2205 3923 2349 3978 enim
2377 3921 2519 3991 quod
2548 3936 2652 3977 non
2670 3930 2804 3987 erat,
2837 3936 2941 3977 non
2971 3923 3148 3978 amisit
3175 3923 3316 3993 quod
3342 3935 3478 3980 erat.
3510 3926 3647 3982 Cum

2075 4027 2204 4083 ergo
2231 4012 2370 4068 Deus
2394 4018 2536 4067 esset
2562 4020 2616 4067 et
2644 4011 2834 4076 homo,
2865 4012 3052 4068 volens
3090 4029 3186 4067 nos
3218 4016 3395 4070 vivere
3431 4015 3502 4070 de
3530 4031 3655 4082 suo,

2076 4113 2318 4159 mortuus
2338 4113 2420 4160 est
2461 4103 2529 4159 de
2574 4114 2778 4160 nostro.
2823 4104 2974 4161 Unde
3014 4105 3154 4159 enim
3202 4106 3315 4175 ipse
3359 4117 3665 4163 moreretur

2078 4211 2184 4251 non
2210 4194 2436 4250 habebat
2459 4213 2473 4247 :
2497 4194 2591 4250 sed
2619 4210 2717 4253 nec
2741 4210 2837 4251 nos
2853 4195 2994 4250 unde
3015 4196 3333 4251 viveremus.
3349 4195 3486 4262 Quid
3510 4198 3662 4253 cuius

2076 4289 2167 4343 ille
2194 4295 2327 4354 crat,
2360 4288 2448 4357 qui
2495 4302 2600 4342 non
2628 4286 2857 4342 habebat
2885 4285 3021 4341 unde
3052 4287 3386 4341 moreretur?
3417 4287 3485 4341 In
3513 4289 3665 4357 prin.

2074 4381 2207 4449 cipio
2243 4391 2350 4433 erat
2408 4378 2654 4445 Verbum;
2700 4388 2745 4432 et
2793 4378 3005 4432 Verbum
3044 4392 3153 4432 erat
3198 4377 3338 4447 apud
3383 4378 3565 4447 Deum,
3613 4391 3663 4434 et

2075 4472 2214 4528 Deus
2242 4483 2348 4528 erat
2387 4471 2620 4527 Verbum.
2648 4471 2834 4537 Quarre
2854 4471 2921 4526 de
2944 4471 3051 4525 Deo
3073 4469 3215 4525 unde
3240 4471 3514 4539 moriatur,
3545 4488 3662 4529 non

2076 4565 2332 4619 invenies.
2361 4562 2467 4618 Nos
2496 4572 2670 4616 autern
2701 4562 2975 4625 morimur,
3000 4560 3088 4630 qui
3118 4574 3308 4616 sumus
3350 4576 3498 4628 caro,
3527 4578 3665 4633 pec-

2075 4656 2178 4710 cati
2212 4668 2427 4709 earnem
2456 4662 2671 4724 portans
2700 4651 2860 4705 homo
2889 4654 2931 4704 ¹.
2970 4651 3251 4706 Peccatum
3287 4667 3469 4721 quaere
3516 4653 3667 4709 unde

2074 4747 2252 4811 vivat,
2283 4761 2388 4800 non
2416 4744 2595 4799 habet.
2625 4742 2733 4799 Nec
2760 4742 2849 4798 ille
2875 4758 3003 4813 ergo
3047 4743 3219 4812 potuit
3262 4742 3457 4797 habere
3504 4758 3665 4797 mor-

2076 4847 2184 4894 tem
2206 4838 2273 4893 de
2287 4852 2405 4905 suo,
2437 4852 2536 4892 nec
2556 4851 2656 4892 nos
2676 4835 2837 4891 vitam
2878 4835 2945 4890 de
2974 4844 3161 4892 nostro
3192 4854 3205 4889 :
3236 4836 3329 4893 sed
3360 4852 3458 4891 nos
3487 4837 3662 4893 vitam

2076 4929 2145 4987 de
2166 4929 2331 5001 ipsius
2349 4971 2363 4992 ,
2392 4928 2480 4985 ille
2505 4938 2730 4986 mortem
2759 4926 2828 4997 de
2855 4936 3057 4985 nostro.
3086 4928 3272 4995 Qualia
3302 4931 3669 4989 eotnmercial

2077 5021 2198 5094 quid
2221 5021 2400 5083 dedit,
2426 5028 2480 5074 et
2510 5020 2638 5090 quid
2673 5018 2913 5089 accepit?
2954 5019 3252 5077 Mercautes
3292 5020 3539 5078 homines
3566 5037 3669 5087 νοτ

2078 5113 2312 5170 niuntad
2338 5112 2686 5179 commercia,
2716 5111 2781 5166 ad
2813 5127 2901 5166 res
2927 5111 3227 5167 mutandas.
3275 5111 3407 5167 Nam
3437 5113 3670 5182 antiqua

2076 5205 2392 5264 commercia
2418 5219 2594 5258 rerum
2622 5202 2845 5257 mutatio
2871 5202 2985 5256 fuit.
3017 5202 3184 5256 Dabat
3213 5204 3371 5261 homo
3398 5204 3541 5272 quod
3567 5201 3668 5259 ha-

2077 5296 2234 5353 bebat
2255 5339 2270 5364 ,
2298 5304 2353 5351 et
2407 5293 2704 5364 accipiebat
2736 5292 2879 5363 quod
2919 5308 3023 5347 non
3072 5292 3315 5348 habebat.
3344 5291 3502 5348 Verbi
3532 5309 3667 5364 gra-

2081 5388 2185 5454 tia,
2226 5386 2451 5442 habebat
2498 5385 2762 5452 triticum,
2804 5382 2900 5440 sed
2947 5382 3206 5463 hordeum
3242 5400 3350 5440 non
3395 5384 3673 5455 habebat;

2078 5480 2218 5537 alter
2239 5479 2496 5535 hordeum
2526 5477 2793 5546 habebat,
2846 5484 2901 5532 et
2951 5476 3188 5533 triticum
3233 5491 3339 5532 non
3388 5477 3626 5534 habebat
3653 5497 3672 5534 :

2084 5692 2091 5697 η
2142 5639 2159 5671 ι
2183 5636 2481 5687 colbertinus
2501 5641 2606 5694 Its,
2627 5633 2748 5697 quid
2768 5640 2907 5697 esset.

2024 5722 2041 5732 ο
2084 5694 2091 5697 ⁷
2140 5701 2162 5732 ί
2184 5705 2323 5761 Forte
2361 5694 2758 5761 legendum_'sic,
2777 5696 2862 5761 qui
2886 5707 3049 5748 sum
3082 5707 3198 5746 caro
3216 5694 3398 5759 ρει·ωὲ
3422 5706 3677 5750 :m

2080 5767 2272 5820 portans
2293 5757 2436 5810 homo
2451 5758 2650 5824 peccati,
2681 5765 2775 5809 etc.
