3922 6192
237 383 328 439 ‘97
1493 395 1496 398 ’
1578 367 1812 426 SERMO
1847 369 2058 430 LXXX.

235 495 378 549 dabat
396 491 481 545 ille
503 489 722 544 triticum
740 485 879 556 quod
907 483 1155 551 habebat,
1199 481 1492 554 accipiebat
1522 481 1780 538 hordeum

235 583 358 656 quod
387 597 491 636 non
523 579 762 634 habebat.
790 576 984 644 Quanti
1015 584 1128 631 erat
1156 585 1214 630 ut
1250 577 1422 645 major
1449 575 1600 645 copia
1625 576 1783 630 vilem

235 673 440 744 speciem
467 667 872 737 compensaret?
898 667 1038 722 Ecce
1065 681 1194 736 ergo
1211 667 1348 720 alius
1374 665 1466 720 dat
1495 665 1778 732 hordeum,

237 775 284 818 ut
305 761 516 830 accipiat
539 759 766 813 triticum
797 775 811 812 :
848 766 1171 827 postremum
1201 755 1336 810 alius
1359 754 1454 809 dat
1489 755 1782 824 plumbum,

237 863 284 909 ιι
303 853 508 920 accipiat
537 856 844 919 argentum;
874 846 968 902 sed
994 847 1213 901 multum
1239 845 1329 900 dat
1351 847 1625 916 plumbum
1657 861 1787 901 con-

238 955 302 999 tra
338 956 515 1013 parum
556 947 872 1010 argentum:
901 938 1038 992 alius
1073 936 1166 991 dat
1213 937 1420 1002 lanam,
1465 946 1522 991 ut
1559 937 1784 1007 accipiat

237 1043 429 1090 vestem.
471 1031 540 1085 Et
577 1031 693 1100 quis
739 1037 1017 1084 enumerat
1041 1027 1255 1080 omnia?
1276 1027 1475 1082 Tamen
1506 1043 1666 1083 nemo
1691 1028 1782 1082 dat

239 1128 391 1190 vitam,
417 1133 472 1178 ut
493 1124 718 1194 accipiat
736 1131 982 1176 mortem.
1013 1121 1127 1176 Non
1156 1135 1282 1191 ergo
1307 1136 1410 1175 vox
1437 1121 1624 1176 medici
1649 1136 1780 1190 pcn-

241 1216 390 1273 dentis
409 1217 457 1268 in
479 1214 620 1281 ligno
649 1212 821 1267 inanis
845 1211 960 1266 fuit.
992 1211 1062 1267 Ut
1083 1211 1223 1266 enim
1244 1219 1544 1265 moreretur
1566 1225 1660 1280 pro
1683 1226 1781 1266 no-

232 1311 330 1376 bis,
359 1309 470 1379 quia
513 1307 744 1361 Verbum
784 1305 919 1359 mori
967 1319 1072 1358 non
1121 1311 1355 1372 poterat,
1405 1301 1618 1356 Verbum
1661 1319 1780 1357 caro

232 1405 399 1472 factum
416 1407 498 1466 est,
519 1406 565 1450 et
585 1397 826 1450 habitavit
844 1397 896 1449 in
909 1395 1053 1449 nobis
1074 1393 1246 1464 (Joan.
1264 1409 1300 1460 t,
1323 1393 1375 1458 ‘l,
1395 1392 1504 1462 η).
1523 1392 1780 1464 Pependit

229 1495 276 1548 in
297 1508 457 1559 cruce,
484 1489 576 1546 sed
602 1491 658 1544 in
684 1503 862 1544 carne.
895 1486 971 1541 lbi
1007 1486 1184 1540 vilitas
1203 1526 1219 1553 ,
1256 1497 1413 1556 quam
1439 1492 1777 1553 contempse-

227 1583 503 1641 runtJudaai
534 1601 548 1638 :
583 1582 654 1637 ibi
681 1580 913 1637 cbaritas
934 1621 948 1645 ,
995 1593 1092 1648 per
1114 1591 1273 1647 quam
1299 1575 1506 1630 liberati
1533 1582 1656 1628 sunt
1679 1573 1776 1628 Ju-

226 1677 328 1732 daei.
355 1676 449 1731 Pro
481 1674 613 1746 ipsis
637 1673 776 1729 enim
807 1671 1008 1726 dictum
1050 1677 1166 1738 est,
1203 1668 1375 1732 Pater,
1405 1668 1606 1739 ignosce
1643 1667 1772 1734 illis,

225 1769 322 1839 quia
347 1751 563 1821 nesciunt
591 1763 714 1835 quid
743 1763 938 1834 faciunt
961 1759 1112 1836 (Luc,
1142 1775 1290 1824 χχιιι,
1317 1757 1430 1829 54).
1459 1757 1524 1812 Et
1551 1772 1655 1813 non
1683 1771 1777 1812 va-

225 1861 341 1916 cavit
363 1873 455 1914 vox
481 1857 594 1912 illa.
625 1855 861 1911 Mortuus
884 1861 1000 1920 est,
1042 1851 1279 1923 sepultus
1303 1859 1413 1918 est,
1448 1849 1772 1916 resurrexit;

225 1950 350 2007 factis
375 1948 716 2021 quadraginta
745 1945 933 2000 diebus
959 1958 1078 1999 cum
1107 1940 1380 2011 discipulis
1421 1941 1549 2005 suis,
1581 1953 1774 1995 ascen-

225 2042 288 2098 dit
304 2043 350 2096 in
375 2041 587 2106 calum,
619 2038 766 2092 misit
794 2035 1052 2106 Spiritum
1088 2040 1329 2088 sanctum
1361 2033 1414 2086 in
1439 2046 1531 2088 eos
1565 2031 1653 2101 qui
1676 2045 1772 2086 ex-

226 2131 494 2202 spectabant
514 2128 863 2200 promissum.
891 2125 970 2179 llli
1009 2131 1228 2194 accepto
1245 2122 1442 2193 Spiritu
1461 2130 1644 2178 sancto
1671 2123 1773 2177 im-

227 2223 326 2292 pleti
344 2231 472 2289 sunt,
489 2229 545 2276 et
571 2226 850 2290 coeperunt
873 2215 1014 2287 loqui
1039 2213 1231 2285 linguis
1255 2212 1490 2268 omnium
1515 2213 1767 2282 gentium.

226 2316 345 2372 Tunc
376 2315 536 2371 Judaei
591 2315 683 2385 qui
715 2311 966 2375 aderant,
1012 2314 1419 2377 expavescentes
1463 2305 1516 2359 in
1558 2305 1772 2360 nomine

225 2407 384 2462 Christi
409 2406 553 2476 loqui
575 2403 828 2460 omnibus
849 2399 1042 2471 linguis
1058 2398 1300 2454 homines
1323 2395 1532 2460 idiotas,
1555 2394 1774 2464 imperi-

226 2507 306 2566 tos,
335 2513 454 2570 quos
478 2499 627 2553 inter
650 2511 710 2552 se
731 2494 956 2550 nutritas
976 2499 1230 2547 noverant
1257 2489 1310 2544 in
1333 2488 1507 2558 lingua
1529 2503 1651 2552 una,
1679 2502 1773 2542 ex-

225 2599 440 2657 paverunt
468 2607 482 2643 :
510 2587 661 2643 unde
687 2587 788 2641 hoc
815 2598 1005 2640 munus
1031 2589 1174 2639 esset
1187 2579 1347 2636 Petro
1365 2581 1616 2650 loquente
1637 2578 1772 2633 didi-

225 2690 392 2736 cerunt.
411 2679 499 2736 llle
521 2679 633 2734 hoc
658 2677 894 2744 donavit,
912 2675 1001 2746 qui
1028 2674 1080 2729 in
1106 2674 1250 2743 ligno
1265 2669 1535 2742 pependit.
1557 2669 1647 2725 ille
1669 2669 1772 2725 hoc

224 2772 416 2839 donavit,
438 2773 528 2843 qui
549 2769 746 2826 irrisus
765 2777 848 2824 est
865 2765 1104 2837 pendens
1117 2764 1174 2818 in
1186 2763 1348 2833 ligno,
1363 2769 1421 2816 ut
1438 2761 1586 2816 daret
1599 2759 1769 2831 Spiri-

225 2873 310 2920 tum
322 2855 548 2920 sanctum
565 2863 761 2918 sedens
778 2861 831 2915 in
843 2859 1000 2915 caelo.
1014 2856 1329 2921 Audierant,
1351 2853 1685 2910 crediderunt
1696 2851 1770 2908 illi

223 2955 460 3027 dequibus
502 2955 751 3018 dixerat,
804 2950 974 3014 Pater,
1019 2949 1221 3018 ignosce
1237 2945 1374 3010 illis,
1401 2945 1519 3016 quia
1547 2944 1772 2998 nesciunt

223 3048 320 3115 quid
342 3050 543 3119 faciunt.
590 3043 962 3107 Crediderunt,
991 3039 1242 3109 baptizati
1290 3045 1443 3104 sunt,
1487 3043 1646 3106 atque
1689 3042 1772 3090 est

225 3137 330 3193 facta
355 3137 650 3197 conversio.
678 3135 808 3203 Quae
850 3130 1169 3189 conversio?
1202 3128 1525 3199 Sanguinem
1552 3126 1767 3194 Christi,

224 3242 347 3297 quem
363 3229 645 3284 sazvientes
670 3224 938 3289 fuderunt,
971 3220 1252 3277 credentes
1268 3218 1535 3273 biberunt.

278 3317 322 3372 6.
350 3319 516 3372 Oratio
555 3318 613 3370 in
649 3317 766 3369 vita:
800 3313 954 3382 hujus
989 3310 1239 3382 periculis.
1281 3309 1420 3379 Ergo
1467 3315 1527 3362 ut
1563 3321 1770 3363 sermo-

223 3421 321 3463 nem
336 3417 573 3464 nostrum
603 3404 748 3462 unde
775 3403 1035 3474 coepimus
1074 3400 1491 3466 concludamus,
1534 3413 1766 3467 oremus,

223 3507 268 3553 et
287 3499 342 3555 de
363 3501 460 3556 Deo
487 3511 882 3571 praesumamus
906 3513 920 3548 :
954 3495 1194 3550 vivamus
1219 3491 1486 3562 quomodo
1508 3490 1684 3563 jubet,
1715 3500 1771 3547 et

224 3591 588 3649 nbititubamns
614 3591 669 3646 in
712 3590 826 3660 ipsa
859 3589 998 3653 vita,
1046 3587 1220 3656 ipsum
1258 3585 1596 3648 invocemus,
1631 3597 1768 3654 quo-

224 3684 350 3738 modo
376 3685 518 3739 illum
549 3683 934 3737 invocaverunt
959 3677 1201 3748 discipuli
1223 3675 1462 3731 dicentes
1483 3715 1499 3740 ,
1527 3673 1766 3742 Domine,

220 3793 326 3847 auge
345 3777 475 3831 nobis
497 3777 656 3846 ﬁdem
684 3771 833 3847 (Luc.
863 3786 990 3838 xm,
1014 3769 1090 3840 5).
1109 3769 1174 3823 Et
1200 3767 1388 3822 Petrus
1409 3765 1765 3836 praesumpsit,

224 3869 505 3925 ettitubavit
532 3885 547 3921 :
578 3881 679 3922 nec
705 3875 879 3920 tamen
907 3869 1244 3932 contemptus
1281 3874 1488 3915 mersus
1521 3865 1638 3925 est,
1674 3859 1768 3913 sed

217 3958 481 4015 sublevatus
495 3968 553 4014 et
565 3964 772 4014 erectus
787 3963 885 4011 est.
903 3954 1108 4009 Etenim
1122 3951 1261 4022 quod
1276 3948 1768 4022 prtesumpsitmnde

219 4048 341 4102 erat?
355 4049 462 4104 Non
480 4049 553 4104 de
575 4061 672 4102 suo
688 4054 803 4100 erat
826 4063 840 4100 :
858 4044 926 4100 de
940 4042 1149 4098 Domini
1163 4050 1295 4096 erat.
1315 4039 1596 4108 Quomodo
1612 4041 1634 4092 ἱ)
1655 4038 1766 4094 Do-

216 4138 341 4203 mine,
362 4141 401 4193 si
418 4149 469 4194 tu
489 4137 699 4208 es,jube
715 4151 792 4189 me
810 4135 973 4189 venire
991 4133 1060 4186 ad
1073 4143 1121 4187 te
1137 4147 1496 4203 superﬂuam.
1510 4130 1766 4186 Ambula-

216 4223 292 4280 bat
313 4229 439 4283 enim
462 4228 722 4284 Dominus
743 4239 901 4294 super
918 4238 1100 4293 aquas.
1126 4221 1186 4278 Si
1207 4231 1262 4275 tu
1282 4221 1489 4291 es,jube
1507 4236 1586 4275 me
1602 4221 1768 4274 venire

215 4315 272 4367 ad
289 4325 485 4386 temper
505 4332 716 4388 aquam.
739 4315 862 4371 Scio
886 4315 1026 4368 enim
1047 4312 1168 4382 quia
1195 4312 1241 4366 si
1267 4319 1321 4366 tu
1347 4326 1425 4376 es,
1447 4310 1666 4381 jubeset
1687 4310 1764 4366 fit.

215 4403 458 4474 Etilleait,
490 4406 641 4461 Veni.
664 4404 946 4460 Descendit
962 4403 1012 4457 in
1033 4403 1172 4456 illius
1191 4401 1444 4471 jussione,
1467 4409 1522 4456 et
1539 4400 1767 4470 trepida-

216 4495 278 4550 vit
289 4497 334 4551 in
349 4514 437 4552 sua
454 4495 986 4552 inlirmitateJamen
1000 4493 1212 4564 quando
1224 4492 1519 4563 trepidavit,
1539 4492 1604 4547 ad
1618 4493 1766 4548 illum

214 4588 524 4652 exclamavit,
553 4586 791 4652 Domine,
815 4585 1002 4656 inquit,
1031 4583 1184 4637 libera
1203 4599 1301 4637 me.
1335 4583 1484 4638 Tunc
1513 4584 1767 4639 Dominus

215 4682 359 4734 tenuit
385 4681 456 4736 illi
479 4696 718 4747 manum,
738 4688 792 4734 et
807 4677 970 4734 dixit:
992 4675 1211 4730 Modica
1229 4676 1367 4746 ﬁdei,
1389 4692 1542 4746 quare
1565 4677 1766 4730 dubita-

211 4769 300 4822 sti?
354 4771 466 4841 Ipse
515 4771 788 4836 invitavit,
839 4769 954 4838 ipse
1002 4776 1285 4822 nutantem
1341 4774 1397 4821 et
1452 4766 1763 4822 titubantem

211 4857 434 4917 liberavit
459 4862 672 4934 (Matth.
699 4875 809 4927 xxv,
833 4857 1029 4928 25-51)
1059 4875 1073 4912 :
1099 4867 1154 4911 ut
1178 4857 1486 4926 impleretur
1522 4857 1661 4926 quod
1687 4856 1768 4912 di-

209 4955 335 5006 ctum
363 4963 444 5010 est
465 4954 516 5007 in
546 4952 760 5007 Psalmo
782 4991 800 5019 ,
829 4950 891 5006 Si
914 4948 1157 5015 dicebam,
1185 4947 1356 5002 Motus
1377 4956 1449 5002 est
1481 4963 1567 5018 pes
1594 4963 1766 5014 meus;

209 5043 532 5099 misericordia
548 5054 652 5111 tua,
670 5043 904 5109 Domine,
919 5042 1190 5112 adjuoabat
1212 5057 1288 5095 nte
1303 5039 1472 5112 (Pent.
1485 5056 1629 5108 ιοιιι,
1650 5042 1764 5111 18).

270 5135 317 5188 7.
335 5136 585 5206 Dare/icio
625 5135 920 5206 temporalia
958 5145 1006 5188 et
1037 5143 1224 5188 Merita
1253 5133 1502 5204 quomodo
1535 5133 1764 5202 petenda.

210 5221 312 5279 Duo
335 5241 460 5297 ergo
491 5242 687 5298 genera
724 5225 1098 5282 beneﬁciorum
1142 5233 1296 5289 sunt,
1349 5223 1658 5293 temporalia
1711 5232 1768 5278 et

207 5322 411 5371 aeterna.
443 5317 776 5389 Temporalia
827 5326 955 5372 sunt
1000 5317 1174 5381 salus,
1218 5315 1532 5381 substantia,
1575 5314 1765 5382 honor,

207 5406 370 5468 amici.
399 5406 604 5474 domus,
630 5408 742 5473 lilii,
761 5423 914 5472 uxor,
941 5415 996 5462 et
1013 5416 1204 5460 caetera
1224 5407 1345 5459 vita:
1367 5403 1522 5474 hujus
1546 5403 1632 5459 ubi
1655 5419 1769 5474 per-

207 5497 515 5565 egrinamur.
544 5499 812 5555 Ponamus
838 5513 937 5554 nos
979 5513 1105 5568 ergo
1130 5497 1182 5551 in
1205 5497 1411 5552 stabulo
1435 5497 1556 5550 vitae
1588 5496 1764 5566 hujus,

207 5589 347 5656 quasi
394 5591 660 5662 peregrini
717 5591 1018 5658 transituri,
1070 5606 1176 5645 non
1236 5589 1385 5660 quasi
1433 5604 1769 5659 possessores

208 5683 454 5738 mansuri.
479 5683 702 5740 Eterna
747 5698 878 5739 vero
901 5682 1158 5739 beneﬁcia
1197 5689 1350 5749 sunt,
1399 5682 1626 5754 primum
1656 5681 1768 5752 ipsa

207 5772 304 5826 vita
357 5784 573 5844 tetcrna,
616 5776 945 5848 incorruptio
985 5783 1040 5832 et
1082 5772 1448 5831 immortalitas
1491 5773 1668 5829 carnis
1712 5787 1768 5829 et

3362 387 3463 446 498

1889 487 2109 558 animat,
2141 493 2366 549 societas
2402 494 2716 566 Angelorum
2738 540 2752 566 ,
2781 499 2967 554 civitas
2991 499 3227 555 cmlestis
3251 540 3265 565 ,
3293 499 3462 570 digni.

1890 585 1973 634 tas
2006 579 2345 652 indeliclens,
2386 585 2546 642 Pater
2567 598 2620 642 et
2654 591 2820 658 patria
2840 633 2854 656 ,
2884 591 2973 646 ille
3011 592 3126 646 sine
3153 579 3345 654 morte,
3373 592 3462 646 illa

1888 671 2005 726 sine
2033 671 2209 729 hoste.
2249 675 2373 732 Hmc
2402 677 2655 734 beneficia
2693 690 2804 734 toto
2839 683 3029 736 ardore
3074 681 3461 749 desideremus,

1888 763 2031 816 omni
2055 767 2450 832 perseverantia
2478 777 2739 837 petamus,
2772 785 2874 826 non
2901 786 3146 828 sermone
3164 773 3343 842 longo,
3367 773 3459 829 sed

1889 860 2024 911 teste
2065 857 2284 926 gemitu.
2336 860 2666 916 Desiderium
2693 877 2908 932 semper
2941 873 3091 930 orat,
3143 864 3244 919 etsi
3281 865 3460 934 lingua

1887 952 2078 1002 taceat.
2125 947 2180 1003 Si
2217 964 2430 1020 seraper
2463 951 2757 1018 desideras,
2793 968 3006 1023 semper
3050 969 3191 1011 oras.
3232 955 3457 1024 Quando

1885 1035 2136 1093 dormitat
2175 1040 2388 1096 oratio?
2425 1041 2648 1110 Quando
2683 1043 2926 1113 friguerit
2948 1046 3287 1102 desiderium.
3314 1047 3457 1116 Ergo

1885 1126 1972 1181 illa
2008 1129 2266 1185 beneﬁcia
2298 1132 2618 1200 sempiterna
2646 1141 2752 1188 tota
2796 1133 3046 1190 aviditate
3086 1136 3410 1205 postulemus
3433 1176 3452 1201 ,

1883 1216 1969 1270 illa
1999 1217 2135 1272 bona
2167 1228 2276 1273 tota
2299 1220 2594 1277 intentione
2609 1239 2908 1292 qumramus
2929 1266 2947 1292 ,
2978 1225 3065 1279 illa
3097 1226 3236 1281 bona
3277 1227 3456 1281 securi

1882 1313 2148 1375 petamus.
2170 1309 2394 1364 Habenti
2419 1311 2561 1366 enim
2593 1313 2681 1367 illa
2707 1314 2842 1368 bona
2867 1323 3109 1383 prosunt,
3132 1315 3322 1371 obesse
3346 1331 3452 1371 non

1881 1405 2123 1464 possunt.
2175 1398 2508 1468 Temporalia
2561 1417 2688 1458 vero
2730 1403 2828 1458 ista
2873 1404 3156 1475 aliquando
3199 1417 3450 1476 prosunt,

1880 1487 2162 1556 aliquando
2205 1489 2418 1546 obsunt.
2447 1493 2624 1548 Multis
2665 1495 2864 1564 profuit
2904 1507 3211 1566 paupertas,
3252 1507 3305 1552 et
3348 1514 3456 1552 no-

1880 1588 2105 1633 cuerunt
2131 1579 2328 1636 divitiae
2354 1599 2368 1635 :
2400 1583 2579 1638 multis
2600 1584 2796 1652 profuit
2819 1585 3020 1656 privata
3041 1587 3165 1651 vita,
3194 1597 3250 1643 et
3269 1593 3452 1644 nocuit

1879 1667 2017 1723 altus
2037 1669 2228 1725 honor.
2254 1671 2324 1726 Et
2345 1672 2538 1728 iterum
2554 1675 2816 1745 aliquibus
2843 1677 3038 1747 profuit
3058 1680 3303 1748 pecunia,
3329 1697 3449 1748 pro-

1879 1755 1981 1812 fuit
2005 1758 2267 1829 dignitas;
2313 1761 2452 1818 bene
2504 1765 2773 1821 utentibus
2825 1767 3231 1836 profuitzmale
3269 1778 3446 1824 autem

1878 1849 2143 1904 utentibus
2165 1865 2270 1906 non
2291 1851 2466 1907 ablata
2491 1854 2612 1922 plus
2634 1856 2832 1910 nocuit.
2861 1857 2940 1910 Ae
2965 1873 3059 1926 per
3078 1857 3199 1922 hoc,
3231 1859 3446 1923 fratres.

1877 1947 2117 2009 petamus
2137 1948 2193 1996 et
2217 1941 2314 1996 ista
2338 1945 2646 2012 temporalia
2675 1945 2968 2010 moderate,
3013 1948 3189 2003 securi
3238 1949 3360 2018 quia
3400 1950 3446 2005 si

1875 2031 2182 2100 accipimus,
2208 2033 2297 2089 ille
2315 2033 2408 2089 dat
2430 2037 2517 2104 qui
2539 2035 2686 2090 novit
2710 2037 2836 2106 quid
2864 2037 3018 2094 nobis
3053 2038 3322 2107 expediat.
3348 2039 3460 2094 Pe.

1875 2122 2006 2187 tisti,
2029 2137 2135 2178 non
2157 2133 2240 2180 est
2271 2125 2363 2179 tibi
2389 2125 2569 2180 datum
2599 2127 2738 2196 quod
2767 2129 3015 2197 petebas?
3043 2129 3214 2184 Crede
3247 2131 3398 2184 .Patri
3420 2171 3438 2195 ,

1876 2213 1966 2282 qui
1994 2213 2039 2268 si
2072 2212 2165 2268 tibi
2191 2213 2498 2283 expediret,
2547 2215 2700 2272 daret
2725 2217 2840 2272 tibi.
2871 2217 3012 2272 Ecce
3043 2217 3112 2272 de
3141 2225 3194 2273 te
3223 2219 3339 2288 ipso
3363 2221 3442 2276 lac

1877 2302 1969 2358 tibi
2011 2304 2392 2374 conjecturam.
2419 2305 2599 2372 Qualis
2622 2316 2706 2362 est
2737 2307 2880 2363 enim
2901 2306 3041 2377 apud
3073 2315 3128 2364 te
3153 2307 3288 2364 (ilius
3320 2319 3442 2365 tuus

1875 2399 2122 2456 nesciens
2158 2415 2246 2456 res
2269 2399 2544 2466 humanas,
2567 2400 2688 2456 talis
2711 2415 2770 2457 es
2794 2412 2849 2457 et
2892 2411 2948 2457 tu
2990 2401 3132 2471 apud
3159 2402 3441 2458 Dominum

1875 2492 2123 2548 nesciens
2149 2507 2238 2548 res
2263 2491 2490 2548 divinas.
2538 2493 2677 2549 Ecce
2715 2503 2840 2550 ante
2891 2503 2944 2550 te
2989 2494 3128 2550 lilius
3171 2504 3291 2550 tuus
3335 2505 3444 2550 tota

1863 2582 1962 2638 ‘die
2006 2583 2254 2653 plorans,
2308 2592 2368 2639 ut
2407 2583 2504 2640 des
2548 2585 2625 2639 illi
2671 2584 2923 2652 cultrum,
2955 2586 3007 2641 id
3053 2594 3136 2641 est
3167 2585 3442 2656 gladium:

1875 2687 2036 2744 negas
2069 2681 2124 2729 te
2146 2673 2292 2740 dare,
2320 2687 2427 2729 non
2455 2674 2571 2742 das,
2609 2674 2906 2730 contemnis
2934 2674 3172 2744 ﬂentem,
3200 2691 3268 2732 ne
3295 2676 3447 2745 plan-

1873 2778 1969 2834 gas
1987 2765 2326 2821 morientem.
2347 2765 2544 2832 Ploret,
2567 2765 2762 2838 afﬂigat
2782 2781 2862 2834 se,
2889 2767 3102 2822 collidat
3119 2783 3198 2835 se,
3223 2776 3279 2822 ut
3301 2769 3444 2824 leves

1874 2870 1996 2912 eum
2027 2857 2081 2911 in
2125 2871 2318 2927 equum
2343 2874 2357 2911 :
2387 2872 2491 2912 non
2532 2858 2679 2926 iacis,
2710 2859 2832 2929 quia
2860 2873 2966 2913 non
3005 2868 3182 2929 potest
3215 2875 3335 2916 eum
3363 2877 3446 2914 re-

1873 2961 1999 3016 gere
2009 2949 2032 3012 ';
2064 2946 2224 3002 elidet
2252 2957 2306 3003 et
2323 2947 2526 3004 occidet
2543 2948 2708 3003 illum.
2737 2948 2832 3003 Cui
2857 2963 3018 3020 negas
3036 2958 3258 3020 partem,
3278 2959 3445 3005 totum

1874 3039 1946 3094 illi
1969 3055 2170 3095 servas.
2197 3038 2304 3096 Sed
2329 3050 2386 3095 ut
2408 3049 2635 3110 crescat,
2663 3049 2718 3096 et
2741 3048 2906 3096 totum
2936 3043 3203 3112 possideat
3229 3055 3444 3107 secure,

1873 3146 1979 3187 non
2011 3131 2104 3186 das
2132 3133 2207 3187 illi
2233 3133 2496 3189 modicum
2517 3133 2893 3204 periculosum.

1941 3221 1997 3277 8.
2018 3221 2268 3292 Tempora
2279 3223 2417 3277 mala
2428 3223 2575 3290 unde,
2595 3232 2641 3277 et
2655 3222 2905 3294 quomodo
2940 3222 3167 3294 ferenda.
3189 3222 3446 3280 Ideodici-

1872 3331 2011 3380 mus,
2032 3314 2242 3382 fratres,
2266 3323 2416 3372 orate
2435 3324 2686 3386 quantum
2711 3315 2952 3386 potestis.
2979 3314 3264 3370 Abundant
3281 3318 3437 3380 mala,

1873 3416 1928 3462 et
1957 3408 2096 3464 Deus
2117 3407 2279 3462 voluit
2298 3415 2355 3462 ut
2381 3406 2711 3462 abundarent
2732 3405 2891 3460 mala.
2920 3404 3132 3461 Utinam
3154 3421 3260 3460 non
3276 3407 3444 3461 abun.

1873 3499 2062 3554 darent
2085 3499 2235 3564 mali,
2275 3506 2454 3553 etnon
2483 3496 2814 3553 abundarent
2837 3495 2994 3550 mala.
3021 3495 3154 3550 Mala
3181 3503 3439 3564 tempora,

1872 3587 2138 3645 laboriosa
2151 3598 2406 3658 tempora,
2427 3587 2528 3641 hoc
2547 3587 2728 3641 dicunt
2739 3585 3000 3640 homines.
3023 3585 3163 3640 Bene
3181 3586 3442 3651 vivamus,

1873 3686 1927 3732 ct
1952 3677 2091 3734 bona
2133 3684 2260 3733 sunt
2304 3687 2562 3746 tempora.
2589 3674 2698 3728 Nos
2734 3688 2920 3729 sumus
2946 3683 3182 3744 tempora
3214 3689 3229 3726 :
3260 3676 3446 3744 quales

1873 3783 2086 3834 sumus,
2117 3767 2239 3822 talia
2283 3775 2407 3822 sunt
2430 3776 2706 3835 tempora.
2753 3763 2861 3820 Sed
2899 3764 3027 3836 quid
3053 3764 3305 3820 facimus?
3329 3765 3443 3820 Non

1875 3873 2154 3930 possumus
2199 3857 2264 3912 ad
2289 3856 2485 3912 bonam
2513 3855 2674 3910 vitam
2703 3861 3014 3911 convertere
3056 3854 3443 3911 multitudinem

1874 3947 2182 4006 hominum?
2209 3947 2369 4003 Pauci
2387 3945 2478 4018 qui
2497 3945 2715 4001 audiunt
2735 3945 2871 4001 bene
2891 3946 3104 4000 vivant:
3133 3946 3283 4015 pauci
3308 3945 3445 4000 bene

1871 4043 2110 4097 viventes
2132 4041 2328 4096 multos
2354 4039 2488 4094 male
2513 4038 2753 4094 viventes
2779 4036 2970 4093 ferant.
3001 4037 3176 4094 Grana
3201 4047 3321 4092 sunt
3338 4079 3352 4102 ,
3389 4039 3445 4092 in

1873 4145 1996 4186 area
2018 4140 2143 4186 sunt
2169 4148 2182 4184 :
2207 4130 2386 4200 paleas
2429 4143 2608 4184 secum
2655 4127 2706 4182 in
2733 4141 2854 4181 arca
2889 4126 3084 4182 habere
3109 4136 3359 4197 possunt,
3389 4128 3443 4180 in

1872 4223 2068 4278 horreo
2095 4237 2202 4278 non
2229 4219 2519 4276 habebunt.
2545 4219 2744 4274 Ferant
2761 4218 2901 4289 quod
2921 4219 3127 4284 nolunt,
3150 4227 3207 4273 ut
3233 4219 3445 4274 veniant

1870 4315 1938 4370 ad
1984 4314 2124 4385 quod
2169 4313 2371 4369 volunt.
2417 4312 2593 4380 Quare
2636 4311 3112 4366 contristamur'et
3157 4325 3435 4367 causamur

1876 4408 2080 4462 Deum?
2109 4406 2393 4461 Abundant
2432 4405 2569 4460 mala
2615 4404 2669 4458 in
2715 4403 2914 4459 mundo
2937 4444 2952 4471 ,
2981 4415 3041 4459 ut
3083 4419 3189 4459 non
3235 4413 3443 4458 ametur

1872 4498 2121 4554 mundus.
2150 4497 2322 4568 Magni
2365 4496 2464 4552 viri
2489 4537 2504 4562 ,
2535 4495 2719 4552 ﬁdeles
2746 4496 2949 4563 sancti,
2977 4496 3066 4566 qui
3109 4504 3443 4565 contempse-

1868 4599 1992 4646 runt
2038 4589 2292 4644 mundum
2332 4589 2630 4659 speciosum
2654 4605 2668 4641 :
2691 4602 2790 4642 nos
2837 4601 2944 4642 non
2988 4599 3268 4657 possumus
3312 4602 3444 4642 con-

1873 4689 2111 4737 temnere
2140 4695 2241 4736 nec
2283 4679 2504 4736 itedum.
2535 4679 2701 4734 Malus
2725 4687 2806 4734 est
2832 4678 3061 4735 mundus
3082 4719 3098 4746 ,
3128 4693 3256 4735 ecce
3275 4679 3445 4735 malus

1869 4783 1981 4840 est,
2007 4782 2062 4829 et
2089 4773 2170 4829 sic
2190 4780 2415 4840 amatur,
2441 4772 2591 4842 quasi
2617 4771 2791 4826 bonus
2815 4780 2972 4827 esset.
3005 4771 3142 4837 Quid
3162 4779 3246 4826 est
3268 4780 3442 4826 autem

1870 4866 2044 4921 malus
2084 4864 2356 4919 mundus?
2401 4863 2517 4918 Non
2565 4863 2709 4918 enim
2755 4863 2952 4916 malum
2995 4871 3082 4918 est
3133 4864 3365 4930 caelum,
3391 4872 3447 4917 et

1873 4965 2032 5022 terra,
2059 4965 2114 5010 et
2137 4970 2308 5024 aquae,
2330 4963 2385 5008 et
2405 4968 2468 5008 ea
2491 4969 2607 5023 quae
2628 4960 2752 5007 sunt
2774 4953 2828 5007 in
2847 4953 2945 5017 eis,
2969 4955 3163 5020 pisces,
3191 4953 3441 5018 volatilia,

1869 5047 2113 5100 arbores.
2159 5043 2348 5099 Omnia
2396 5043 2495 5096 ista
2543 5043 2678 5097 bona
2726 5051 2850 5097 sunt
2882 5059 2896 5096 :
2927 5041 3020 5096 sed
3063 5042 3258 5096 malum
3289 5058 3443 5096 mun-

1870 5137 1996 5193 dum
2027 5135 2150 5190 mali
2177 5133 2421 5189 homines
2446 5132 2662 5186 faciunt.
2703 5131 2806 5187 Sed
2845 5131 3092 5201 quoniam
3123 5147 3309 5188 carere
3336 5149 3442 5188 non

1873 5242 2155 5301 possumus
2184 5227 2337 5281 Inalis
2379 5224 2681 5282 hominibus
2700 5263 2715 5288 ,
2743 5221 2992 5293 quamdiu
3021 5222 3277 5290 vivimus,
3309 5223 3446 5279 sicut

1872 5324 2004 5390 dixi,
2030 5322 2098 5377 ad
2129 5320 2408 5377 Dominum
2434 5318 2602 5373 Deum
2633 5324 2870 5372 nostrum
2897 5330 3200 5387 gemamus;
3229 5323 3284 5370 et
3307 5317 3444 5371 mala

1873 5415 2134 5477 feramus,
2181 5421 2240 5466 ut
2281 5409 2348 5466 ad
2393 5410 2530 5466 bona
2569 5409 2961 5479 perveniamus.
3007 5404 3446 5460 Patremfamilias

1877 5521 1980 5560 non
2026 5501 2504 5573 reprehendamus;
2536 5498 2729 5553 charus
2755 5505 2836 5551 est
2859 5497 3021 5551 enim.
3054 5495 3170 5563 Ipse
3196 5512 3292 5551 nos
3320 5510 3441 5565 por-

1875 5604 1984 5663 tat,
2018 5610 2121 5650 non
2166 5608 2260 5647 nos
2303 5589 2470 5644 illum.
2501 5588 2660 5644 Novit
2697 5585 3141 5657 quemadmodum
3184 5588 3440 5655 gubernet

1833 5739 1849 5748 .
1874 5687 2016 5759 quod
2057 5683 2219 5742 fecit:
2248 5683 2330 5740 [ac
2352 5679 2493 5753 quod
2530 5679 2716 5752 jussit,
2742 5687 2796 5735 et
2819 5692 2970 5751 spera
3009 5677 3146 5750 quod
3180 5680 3426 5750 pronus“,
