3922 6192
217 468 349 527 cn'un
392 466 645 537 superbis
685 465 902 530 resistit,
942 464 1227 519 naualibus
1249 469 1426 516 autem
1454 457 1795 530 datgratiatn

224 557 417 633 (Jacobi
454 570 537 623 tv,
572 556 654 626 θ).
702 555 844 625 Ergo
885 552 1138 626 quidquid
1187 552 1311 608 boni
1356 551 1520 617 lacis,
1563 562 1669 605 non
1701 548 1797 603 tibi

223 648 413 720 placeat
456 644 559 701 ηιει
598 646 781 700 Deus:
812 640 1066 716 quidquid
1110 642 1234 698 mali
1280 640 1515 713 pateris,
1555 652 1662 695 non
1701 637 1795 694 tibi

221 740 491 813 duplicent
532 738 696 794 Deus.
726 736 865 807 Quid
902 734 1088 807 plura?
1117 735 1229 790 Hoc
1257 734 1373 803 fac,
1400 741 1455 788 et
1478 733 1646 787 vives.
1677 730 1793 785 Non

225 844 271 889 ts
303 831 668 887 absorbebunt
710 829 828 884 dies
864 828 1111 899 maﬁgni;
1151 826 1349 883 evades
1373 825 1391 859 ¹
1419 822 1559 896 quod
1596 822 1801 878 dictum

224 935 316 991 est,
352 923 445 980 Va
468 923 665 977 mando
692 919 1054 977 euocandum.
1080 919 1183 977 Cui
1207 917 1407 974 mundo
1431 917 1574 973 enim
1607 913 1699 972 Va:
1732 914 1801 968 ab

223 1013 491 1077 mandatis,
521 1013 632 1069 nisi
651 1013 721 1069 de
744 1026 852 1083 quo
878 1012 1075 1067 dictum
1100 1019 1201 1074 est,
1226 1004 1295 1064 Et
1318 1007 1537 1062 mundus
1560 1021 1674 1061 eam
1694 1018 1799 1059 non

226 1107 443 1175 cognouit
469 1104 651 1176 (locu.
679 1119 720 1170 ι,
757 1103 868 1176 i=0)?
886 1102 1004 1159 Non
1035 1086 1111 1158 illi
1128 1099 1353 1169 mundo,
1378 1098 1449 1157 de
1472 1113 1578 1170 quo
1598 1098 1801 1153 dictum

231 1207 331 1263 est,
384 1196 527 1251 Deus
565 1202 677 1250 erat
708 1196 761 1250 in
801 1193 1002 1251 Christo
1040 1193 1282 1249 arandum
1325 1190 1655 1247 reconcilians
1703 1188 1801 1243 sibi

227 1286 300 1358 (ll
322 1285 444 1342 Ger.
471 1298 527 1354 γ,
560 1284 671 1358 l9).
700 1282 925 1341 Mundus
943 1284 1146 1353 malus,
1157 1281 1387 1339 mundus
1410 1281 1580 1336 bonus
1606 1296 1620 1333 :
1643 1292 1797 1334 mun-

224 1379 320 1432 dus
347 1378 540 1444 malus,
566 1388 756 1433 omnes
775 1378 829 1432 in
851 1376 1049 1437 mundo
1076 1375 1235 1442 mali;
1263 1382 1319 1430 et
1349 1372 1583 1429 mundus
1598 1371 1792 1438 bonus,

225 1482 413 1525 enim
436 1469 488 1525 in
514 1468 719 1525 mundo
756 1469 895 1529 boni.
934 1468 1086 1525 Sicut
1123 1467 1444 1523 attendimus
1488 1466 1801 1536 plerumque

226 1574 422 1632 apum.
460 1558 659 1616 Plenus
693 1569 777 1616 est
814 1572 943 1632 ager
975 1560 1077 1617 iste
1120 1577 1137 1615 :
1172 1575 1280 1631 quo
1327 1557 1541 1613 fructu?
1576 1552 1795 1611 Tritico.

228 1649 457 1723 itemque
477 1652 729 1721 dicimus,
761 1660 816 1709 et
857 1666 1040 1708 verum
1069 1651 1321 1719 dicimus,
1349 1650 1544 1707 Plenus
1567 1657 1650 1705 est
1672 1643 1801 1719 ager

228 1744 318 1798 iste
342 1743 516 1813 palea.
560 1744 737 1799 Arbor
761 1752 844 1799 est
860 1786 879 1813 ,
926 1744 1081 1816 plena
1099 1751 1209 1816 Aest
1234 1737 1427 1799 fructu.
1452 1741 1603 1796 Alter
1628 1740 1797 1808 dicit,

229 1808 376 1891 Mena
400 1845 490 1891 est
518 1834 681 1891 foliis.
706 1834 774 1892 Et
915 1808 1064 1903 dicit,
1091 1808 1253 1891 plena
1277 1842 1360 1890 est
1394 1833 1587 1900 fructu,
1615 1845 1799 1888 verum

224 1928 339 1982 dicit
366 1945 381 1981 :
413 1936 473 1982 et
499 1928 591 1997 qui
618 1927 767 1993 dicit,
794 1927 954 1984 Plena
993 1936 1077 1983 est
1113 1926 1273 1994 loliis,
1300 1940 1484 1981 verum
1507 1923 1654 1980 dicit.
1689 1922 1799 1979 Nec

228 2018 495 2085 plenitudo
520 2017 768 2074 foliorum
795 2017 1015 2075 abstulit
1052 2016 1243 2074 fructui
1273 2017 1468 2084 locum,
1495 2030 1596 2072 nec
1624 2014 1799 2085 pleni-

229 2109 635 2165 tudol'ntctuum
652 2105 861 2167 turbam
882 2111 1085 2182 expulit
1101 2105 1365 2166 foliorum.
1392 2109 1626 2180 Utroque
1645 2109 1799 2179 plena

226 2212 301 2253 est
322 2215 338 2253 :
364 2199 465 2255 sed
487 2199 634 2254 aliud
659 2198 851 2270 qurerit
868 2208 1082 2267 ventus,
1108 2199 1253 2255 aliud
1277 2200 1449 2254 cultor
1472 2197 1692 2268 colligit.
1710 2195 1801 2252 Sic

229 2303 363 2357 ergo,
394 2302 523 2345 eum
549 2290 725 2354 audis,
752 2289 844 2346 Vc
863 2292 1052 2345 mundo
1074 2290 1139 2344 ab
1162 2286 1436 2356 scandatis,
1460 2289 1566 2345 noli
1589 2288 1795 2355 terreri;

229 2380 378 2452 dilige
406 2380 587 2452 legem
618 2382 733 2448 Dei,
762 2397 872 2438 non
900 2383 995 2438 tibi
1023 2382 1126 2438 erit
1151 2382 1482 2438 scandalum.

285 2473 335 2528 ι.
386 2472 710 2529 Suadela»!
764 2476 828 2528 ab
865 2474 1030 2541 oculo,
1064 2490 1101 2527 α
1129 2488 1282 2528 Manu
1327 2482 1375 2527 et
1426 2488 1457 2525 a
1499 2472 1641 2544 pede.
1687 2471 1801 2527 Sed

227 2565 448 2621 scaturit
472 2581 631 2630 uxor,
677 2567 859 2620 nescio
892 2565 1017 2636 quid
1060 2565 1183 2620 mali
1232 2563 1575 2635 persuadens.
1618 2563 1801 2634 Diligis

226 2671 351 2722 eain,
391 2655 538 2710 sicut
569 2659 785 2725 oportet
825 2655 969 2725 diligi
1011 2668 1278 2710 uxorem:
1310 2655 1607 2711 membrum
1652 2663 1799 2709 tuum

226 2755 315 2802 est.
354 2744 472 2803 Sed
514 2747 563 2801 si
605 2746 782 2801 oculus
818 2756 936 2801 tuus
973 2745 1285 2800 scandalizat
1312 2755 1389 2811 te,
1427 2743 1473 2799 si
1509 2756 1690 2798 manus
1714 2748 1802 2797 tua

226 2839 533 2891 undatim
550 2846 616 2903 te,
645 2838 692 2891 si
714 2854 803 2908 pes
826 2845 940 2891 tuus
966 2835 1277 2891 scandalizat
1312 2845 1391 2902 te,
1418 2834 1578 2890 modo
1607 2833 1800 2890 audisti

228 2930 602 3001 Evangelium,
652 2938 863 3000 amputa
892 2971 907 2996 ,
951 2928 1143 3000 projice
1178 2927 1267 2982 abs
1303 2940 1370 2982 te.
1410 2926 1657 2998 Quisquis
1706 2927 1801 2983 tibi

225 3027 415 3081 cimus
442 3028 531 3082 est
553 3066 569 3091 ,
615 3024 856 3095 quisquis
901 3022 994 3079 tibi
1038 3034 1134 3092 pro
1176 3032 1369 3094 magno
1397 3020 1621 3077 habetur
1643 3036 1674 3076 a
1702 3030 1752 3076 te
1779 3060 1798 3089 ,

227 3116 421 3170 tamdiu
444 3128 668 3184 magnus
684 3115 754 3168 sit
773 3114 816 3181 ’,
841 3113 1039 3168 tamdiu
1060 3113 1311 3168 dilectum
1334 3112 1629 3168 membrum
1654 3121 1798 3168 tuum

227 3206 304 3270 sit,
329 3206 592 3277 quamdiu
616 3214 736 3262 non
774 3205 998 3274 coeperit
1036 3204 1416 3268 scandalizare,
1456 3203 1509 3261 id
1539 3214 1643 3270 est,
1675 3204 1803 3259 mali

228 3299 421 3370 alituid
442 3298 691 3355 suadere.
722 3299 916 3354 Audite
934 3298 1058 3368 quia
1080 3296 1183 3354 hoc
1202 3306 1283 3352 est
1305 3295 1635 3353 scandalum.
1655 3294 1801 3352 Con-

224 3392 487 3446 stitaimus
515 3390 820 3461 exemplum
866 3389 933 3443 de
975 3388 1078 3444 Job
1123 3399 1178 3444 et
1212 3403 1374 3442 uxore
1416 3387 1534 3458 ejus
1561 3406 1575 3443 :
1607 3386 1702 3444 sed
1728 3386 1801 3443 ibi

227 3497 319 3535 non
354 3490 451 3537 est
475 3481 808 3536 nominatum
852 3479 1178 3534 seandalum.
1223 3479 1361 3534 Audi
1407 3477 1795 3550 Evangelium:

227 3572 480 3627 liominus
517 3585 643 3627 cum
672 3572 738 3626 de
778 3572 1025 3641 passione
1071 3585 1165 3626 sua
1214 3569 1557 3640 pnndicaret,
1609 3568 1802 3652 Petrus

225 3665 370 3734 erepit
418 3662 493 3717 illi
533 3661 761 3717 suadere
799 3673 867 3717 ne
904 3669 1188 3731 pateretur.
1221 3659 1352 3715 Redi
1380 3670 1536 3725 retro,
1559 3669 1797 3729 satanas,

222 3754 513 3807 nudatum
552 3754 681 3808 mihi
725 3767 798 3808 es.
850 3754 1073 3808 Prorsus
1118 3753 1299 3808 docuit
1328 3760 1381 3807 te
1409 3750 1683 3820 Dominus,
1709 3753 1803 3824 qui

224 3842 309 3897 tibi
332 3842 545 3900 viwendi
562 3842 867 3915 exemplum
891 3843 1135 3913 prmbuit,
1157 3850 1211 3899 et
1230 3841 1355 3914 quid
1380 3842 1451 3896 sit
1470 3842 1799 3910 scandalum,

224 3936 569 4007 «quomodo
592 3945 845 3992 caveatur
883 3935 1213 3990 Scandalum.
1261 3936 1360 3991 Cui
1398 3935 1608 3991 dixerat
1643 3936 1801 4007 paulo

223 4037 359 4093 ante,
380 4026 579 4082 Beatus
596 4042 669 4092 cs,
700 4024 881 4081 Simon
898 4024 1170 4080 Bar-lona
1196 4025 1410 4097 (Matth.
1440 4043 1547 4095 xvi,
1570 4022 1657 4092 23',
1683 4024 1799 4097 i7),

225 4116 530 4173 ostenderat
555 4116 709 4171 illum
733 4116 1032 4171 membrum
1067 4128 1222 4172 soum
1262 4132 1401 4173 esse.
1429 4118 1499 4172 At
1523 4117 1611 4173 ubi
1639 4115 1802 4188 coepit

223 4210 523 4264 scandahim
553 4223 706 4275 esse,
752 4206 993 4279 praicidit
1035 4209 1330 4265 membrum
1361 4227 1374 4261 :
1403 4208 1588 4265 refecit
1626 4218 1798 4265 mem:

224 4298 370 4353 lmun
391 4338 417 4364 ν
462 4299 709 4369 reposuit
747 4298 1045 4354 membrum
1078 4299 1172 4371 (a).
1204 4298 1520 4354 Scandalum
1549 4314 1677 4372 ergo
1707 4298 1798 4357 tibi

222 4390 307 4446 ille
326 4391 455 4458 erit,
483 4391 577 4462 qui
605 4390 699 4445 tibi
724 4390 850 4445 mali
877 4390 1076 4461 aliquid
1105 4390 1331 4447 suadere
1358 4391 1599 4462 coeperit.
1628 4388 1697 4446 Et
1720 4393 1801 4448 in-

221 4481 398 4535 tendat
422 4480 671 4536 Charitas
698 4488 875 4535 vestra
908 4498 920 4533 :
954 4480 1012 4535 lit
1050 4481 1153 4536 hoc
1190 4482 1519 4553 plerumque,
1548 4497 1656 4540 non
1680 4500 1796 4539 ma-

220 4571 523 4639 levolentia,
553 4571 649 4627 sed
681 4584 928 4642 perversa
959 4572 1346 4629 benevolentia.
1378 4573 1535 4632 Videt
1568 4575 1712 4633 enim
1747 4582 1799 4635 ιε

217 4662 420 4717 amicus
445 4672 589 4729 tuus,
622 4663 713 4733 qni
743 4671 795 4716 te
817 4660 1004 4733 diligit,
1031 4664 1371 4735 vicissimque
1389 4680 1419 4719 a
1446 4674 1500 4721 te
1526 4665 1793 4739 diligitur,
1837 4709 1859 4728 ρ

218 4760 367 4820 pater
390 4762 537 4821 tuus,
567 4752 739 4808 frater
759 4759 906 4821 tuus,
928 4751 1071 4808 illitis
1097 4763 1237 4821 tuus,
1266 4755 1458 4826 conjux
1500 4764 1589 4812 tua
1609 4799 1627 4825 ,
1657 4751 1817 4816 videt’

217 4851 273 4899 te
296 4846 350 4899 in
377 4846 630 4913 malo,.et
667 4844 781 4900 vult
816 4853 873 4900 te
908 4842 1084 4902 facere
1119 4848 1333 4902 malum.
1371 4848 1506 4915 Quid
1530 4858 1631 4915 cst,
1656 4850 1800 4907 videt

215 4944 269 4992 te
292 4939 349 4992 in
374 4937 552 4993 male?
597 4936 755 4994 Videt
798 4946 852 4994 te
884 4938 938 4993 in
984 4938 1163 5010 aliqua
1187 4955 1451 5010 pressura.
1485 4940 1794 5001 Pressarani

214 5027 386 5097 mam
409 5036 627 5099 propter
648 5027 907 5099 iustitiam
936 5028 1155 5085 lbrsitan
1182 5030 1378 5104 pateris
1408 5050 1424 5088 :
1454 5032 1571 5089 ideo
1600 5037 1797 5105 pateris

212 5130 543 5186 mum,
570 5118 699 5190 quia
740 5132 847 5174 non
870 5118 953 5174 vis
984 5119 1165 5175 dicere
1192 5119 1381 5189 falsum
1410 5123 1791 5182 testimonium.

212 5207 375 5267 ‘erbi
418 5212 587 5282 gratia
631 5208 877 5268 dixerim.
922 5213 1213 5268 Abundant
1247 5217 1509 5287 exempla,
1547 5219 1671 5292 quia
1708 5219 1803 5277 γω,

209 5302 407 5358 mdo
432 5304 495 5358 alt
512 5302 786 5360 scmdalis.
811 5294 973 5373 Ecce,
1002 5304 1152 5361 verbi
1175 5305 1365 5377 gratia,
1392 5319 1580 5379 potens
1604 5312 1813 5384 aliquis.

206 5394 407 5466 quas":
434 5411 463 5450 a
501 5407 573 5465 te,
616 5400 836 5467 propter
859 5396 1091 5466 pradam
1118 5412 1290 5465 suam,
1314 5409 1531 5472 propter
1552 5403 1794 5475 rapinam

207 5494 366 5540 suam
394 5527 413 5552 ,
436 5486 792 5542 ministerium
823 5485 940 5542 falsi
971 5487 1277 5545 testimonii.
1303 5483 1478 5563 Negas
1504 5501 1558 5548 tu
1588 5511 1602 5548 :
1629 5510 1793 5568 negas

208 5594 665 5714 ⁸ὦ,ιιέηξιιιιιεινιὶιιι)
683 5570 796 5656 Its...
815 5603 914 5648 Non
942 5603 988 5649 te
1024 5596 1304 5653 obsorbeam
1326 5599 1431 5657 dies
1450 5602 1650 5672 maligni
1679 5619 1789 5658 eva-

264 5715 1161 5836 Zamnoi‘m'i‘iégaW’
1181 5723 1286 5787 πάθ’

1554 330 1784 394 ΒΕΜΙΟ
1822 332 2053 391 LXXXI.

1900 451 2113 518 falsum,
2163 465 2234 511 ne
2279 466 2439 524 neges
2484 466 2688 511 verum.
2738 456 2820 512 Ne
2862 457 3043 514 Multis
3087 460 3358 524 item.
3392 459 3483 515 ille

1901 543 2167 610 irascitur,
2188 551 2378 614 potens
2401 554 2502 612 est,
2528 548 2740 616 prcutit.
2768 549 2990 605 Accedit
3009 550 3231 618 arnicas,
3250 551 3345 621 qui
3369 566 3479 606 non

1901 633 2013 688 Vult
2050 641 2101 688 te
2138 644 2257 690 esse
2298 634 2355 689 in
2397 650 2641 705 pressura
2662 677 2678 703 ,
2705 653 2812 694 non
2838 639 2948 694 vult
2974 650 3026 695 te
3048 648 3170 696 esse
3209 652 3265 696 te
3292 642 3478 697 ante:

1902 723 2052 797 Rogo
2082 734 2155 793 te,
2202 725 2284 781 fac
2329 727 2474 797 quod
2511 729 2603 784 tibi
2647 729 2874 798 dicitur;
2905 733 3031 803 quid
3063 746 3314 802 magnum
3351 736 3481 790 est!

1899 815 2016 871 iam
2046 815 2183 871 forte
2202 818 2469 887 quomodo
2491 829 2545 873 et
2569 820 2794 877 Satanas
2843 822 3088 887 Domino.
3121 822 3381 894 Scriptum
3409 834 3486 879 est

1904 906 1968 960 de
1994 915 2059 971 te,
2094 907 2212 976 quia
2237 907 2450 980 Angelis
2466 911 2571 965 suis
2595 912 2853 967 mandavit
2878 913 2945 967 dc
2971 923 3018 967 te
3034 955 3047 978 ,
3077 931 3139 970 ne
3157 913 3391 982 offendas
3414 916 3483 970 ad

1902 993 2120 1065 aspidem
2147 996 2485 1067 pedemtuum
2508 998 2719 1070 (Hau/1.
2748 1017 2822 1069 ιν,
2854 1001 2935 1075 6).
2965 1003 3125 1060 Forte
3144 1015 3201 1062 et
3224 1007 3323 1062 iste
3343 1006 3484 1062 ami-

1901 1101 1997 1142 cus
2021 1095 2161 1153 tuus,
2193 1087 2315 1158 quia
2344 1088 2485 1145 videt
2525 1097 2577 1146 te
2616 1090 2993 1160 christianum,
3022 1094 3090 1155 de
3118 1096 3234 1166 lege
3255 1096 3353 1152 tibi.
3373 1096 3484 1157 vult

1903 1176 2244 1246 persuadere,
2271 1177 2413 1248 quod
2456 1188 2606 1250 putat
2648 1190 2700 1237 te
2742 1181 2940 1239 debere
2979 1184 3173 1241 facere.
3204 1185 3309 1241 Fac
3338 1187 3483 1258 quod

1902 1264 2049 1321 dicit.
2071 1266 2242 1334 Quid?
2271 1268 2382 1324 lioc
2401 1270 2542 1340 quod
2571 1271 2683 1326 vult
2703 1272 2792 1328 ille
2821 1273 2861 1327 ί.
2892 1272 2999 1331 Sed
3020 1274 3356 1335 mendacium
3379 1286 3480 1340 est.

1904 1353 2096 1411 falsum
2125 1366 2227 1413 est.
2268 1357 2382 1413 Non
2431 1358 2624 1430 legisti,
2669 1360 2847 1419 Omnis
2888 1364 3038 1418 homo
3064 1364 3281 1421 merulas:
3308 1364 3481 1439 (Psal.

1902 1461 2025 1513 ειν,
2058 1448 2186 1518 ll)?
2207 1448 2322 1505 iam
2351 1449 2448 1506 iste
2471 1452 2781 1509 scandalum
2825 1464 2926 1510 est.
2969 1456 3184 1512 Amicus
3209 1465 3292 1513 est
3311 1499 3326 1522 ,
3354 1458 3484 1529 quid

1904 1537 2137 1597 facturus
2164 1554 2225 1595 es
2245 1539 2268 1594 ?
2289 1539 2484 1596 Oculus
2505 1551 2606 1610 est,
2637 1559 2828 1600 manus
2850 1555 2933 1603 est
2960 1562 2975 1600 :
3018 1546 3261 1617 Amputa.
3280 1557 3326 1601 et
3364 1565 3485 1619 pro-
3530 1580 3537 1587 -

1893 1629 2002 1700 ,ἤιε
2024 1630 2114 1685 abs
2159 1640 2224 1685 te.
2268 1632 2411 1700 Quid
2446 1642 2564 1700 est,
2585 1634 2823 1706 Amputa,
2852 1646 2897 1691 et
2923 1639 3111 1708 proﬁce
3137 1639 3229 1693 abs
3251 1639 3340 1695 te?
3364 1639 3484 1698 Noli

1901 1721 2220 1778 consentire.
2235 1721 2346 1777 Hoc
2356 1722 2636 1793 signiﬁcat,
2656 1724 2901 1797 Amputa,
2913 1737 2961 1781 et
2972 1729 3160 1799 proﬁce
3183 1727 3272 1782 abs
3291 1737 3357 1795 te,
3377 1728 3484 1784 noli

1902 1811 2227 1866 consentire.
2268 1811 2504 1869 Membra
2532 1815 2671 1869 enim
2717 1825 2901 1871 nostra
2939 1819 2993 1872 in
3030 1832 3257 1888 corpore
3300 1827 3487 1874 nostro

1902 1902 2253 1957 consensione
2299 1901 2500 1958 iaciunt
2549 1904 2838 1973 unitatem,
2876 1908 3231 1964 consensione
3261 1909 3485 1973 vivunt.

1903 1991 2255 2048 consensione
2280 1991 2510 2049 invicem
2534 2004 2946 2052 connectuntur.
2974 1996 3077 2053 Ubi
3101 1997 3385 2066 dissensio,
3414 1997 3489 2056 ibi

1904 2081 2122 2137 morbus
2151 2092 2244 2138 aut
2270 2083 2465 2139 vulnus
2500 2093 2603 2140 est.
2652 2087 2793 2157 Ergo
2829 2087 3129 2143 membrum
3166 2097 3313 2144 tuum
3355 2099 3438 2145 est
3468 2105 3484 2144 :

1904 2171 2094 2243 diliges
2121 2188 2265 2229 eum.
2292 2172 2399 2229 Sed
2428 2174 2750 2233 scandalizat
2779 2185 2865 2242 te;
2900 2177 3118 2248 Antpttla
3143 2194 3278 2244 eum,
3300 2189 3349 2233 et
3369 2195 3489 2248 τινος

1896 2262 2001 2333 jice
2020 2262 2109 2317 abs
2132 2270 2200 2317 te.
2228 2262 2348 2318 Noli
2380 2265 2714 2332 consentire;
2752 2275 2937 2324 averte
2972 2268 3124 2323 illum
3165 2269 3234 2325 ab
3269 2269 3487 2327 auribus

1908 2352 2031 2417 tuis,
2064 2351 2202 2409 forte
2230 2363 2499 2411 correctus
2529 2355 2717 2411 rediet.
3174 2362 3179 2367 ’

1974 2443 2366 2502 5.]!cndaciuut
2405 2446 2577 2502 divina
2615 2449 2721 2520 lege
2737 2449 2964 2504 vetitum.
2996 2447 3485 2517 Quomodofactu-

1907 2550 1998 2590 rus
2025 2552 2084 2591 es
2107 2535 2209 2591 ltoc
2252 2536 2394 2606 quod
2417 2536 2556 2603 dico,
2590 2546 2977 2609 amputaturus,
3002 2546 3060 2595 et
3083 2538 3406 2609 obiecturus,
3435 2551 3489 2597 et

1905 2642 1970 2683 eo
2011 2626 2237 2684 fortasse
2278 2631 2668 2686 correcturus?
2716 2628 2996 2698 Quomodo
3044 2630 3283 2688 facturus
3307 2648 3385 2697 es,
3408 2648 3490 2689 re-

1904 2719 2124 2790 aponde.
2148 2720 2224 2776 De
2243 2719 2383 2791 Lege
2406 2720 2576 2777 voluit
2597 2721 2826 2780 suadere
2845 2723 3201 2780 mendacium.
3231 2724 3321 2780 Ille
3343 2724 3488 2781 enim

1905 2811 2001 2879 ait,
2041 2811 2155 2867 Dic.
2187 2812 2252 2867 Et
2274 2810 2411 2869 forte
2439 2828 2545 2869 non
2570 2828 2733 2870 ausus
2772 2824 2856 2870 est
2903 2815 3105 2884 dicere,
3154 2815 3248 2872 Dic
3273 2815 3491 2872 menda-

1904 2903 2083 2957 cium:
2110 2902 2203 2958 sed
2250 2902 2349 2969 sic,
2378 2904 2473 2960 Dic
2499 2904 2640 2976 quod
2666 2890 2797 2960 vult.
2828 2905 2909 2961 Tu
2935 2906 3089 2974 dicis,
3135 2905 3244 2963 Sed
3268 2906 3488 2965 menda.

1903 2992 2043 3051 cium
2066 3000 2166 3048 est.
2198 2993 2265 3049 Et
2290 2994 2399 3061 ille,
2426 3002 2483 3049 ut
2510 3004 2751 3063 excuset,
2776 2995 2955 3051 (inanis
2981 2997 3132 3052 homo
3152 2998 3391 3053 incudm.
3416 2997 3486 3055 Et

1905 3092 1960 3139 tu
1989 3091 2195 3150 contra,
2234 3084 2416 3152 frater,
2470 3084 2542 3141 0s
2590 3087 2726 3159 quod
2750 3088 3010 3153 mentitur,
3036 3089 3218 3143 occidit
3265 3090 3489 3144 animant

1906 3174 1923 3244 (
1956 3174 2087 3246 Sap.
2117 3191 2154 3242 ι,
2185 3175 2294 3248 il).
2328 3177 2575 3244 Attende,
2618 3192 2725 3234 non
2749 3191 2830 3235 est
2857 3179 2977 3237 leve
3010 3180 3150 3252 quod
3179 3182 3396 3249 audisti,
3419 3182 3489 3238 οι

1863 3260 1878 3282 ‘
1905 3268 2040 3335 quod
2062 3268 2319 3337 mtitur,
2348 3270 2531 3325 occidit
2555 3261 2799 3325 animant.
2826 3270 2964 3340 Quid
2998 3272 3133 3329 mibi
3156 3271 3280 3329 facit
3306 3273 3485 3331 inimi-

1904 3374 2001 3416 cus
2028 3361 2127 3418 iste
2164 3372 2377 3433 potens,
2406 3363 2496 3433 qui
2523 3378 2607 3418 me
2628 3365 2842 3434 premit,
2862 3366 2987 3436 quia
3004 3366 3282 3422 miseraris
3295 3381 3400 3430 me,
3436 3375 3486 3424 et

1905 3452 2118 3508 miseret
2141 3453 2458 3509 conditionis
2479 3454 2531 3509 in
2559 3457 2703 3522 me',
2730 3464 2784 3512 et
2803 3471 2913 3511 non
2937 3457 3016 3512 vis
3034 3472 3123 3513 me
3145 3472 3264 3513 esse
3289 3457 3343 3511 in
3367 3472 3485 3512 ma-

1905 3540 1997 3600 lo:
2041 3557 2161 3597 cum
2209 3542 2339 3597 velis
2369 3558 2453 3597 mc
2474 3558 2594 3599 esse
2622 3545 2856 3600 malum?
2884 3545 3023 3614 Quid
3066 3546 3200 3601 milii
3241 3546 3366 3601 facit
3393 3562 3486 3618 po—

1907 3638 2024 3688 tcns
2073 3631 2173 3688 iste
2199 3631 2223 3686 i
2250 3631 2389 3699 Quid
2434 3634 2666 3703 premit?
2696 3635 2951 3692 Carnem.
2979 3638 3203 3707 Corpus,
3228 3637 3362 3694 dicis
3406 3647 3483 3706 tu,

1906 3720 2131 3790 premit:
2154 3720 2274 3778 dico
2300 3737 2419 3793 ego,
2437 3724 2671 3794 perimit.
2699 3725 2907 3795 Quanto
2935 3728 3117 3784 mitius
3140 3743 3348 3785 tnecum
3375 3733 3486 3803 agit

1905 3810 2013 3875 ille,
2042 3826 2200 3881 quam
2225 3823 2325 3883 ego
2353 3812 2397 3866 si
2422 3814 2677 3870 mentitus
2713 3814 2904 3871 luero?
2942 3815 3036 3873 ille
3060 3818 3250 3875 occidit
3271 3830 3484 3881 carnem

1905 3914 2110 3958 meam:
2140 3918 2241 3975 ego
2263 3904 2455 3960 occido
2469 3905 2700 3961 animam
2727 3922 2922 3963 mm.
2946 3907 3114 3965 iratus
3137 3919 3324 3980 potens
3345 3910 3485 3970 occi-

1904 3992 1980 4048 dit
2002 4008 2196 4065 corpus
2227 4012 2240 4048 :
2274 3994 2345 4049 0s
2364 3996 2768 4066 quodmeutitur,
2795 4000 2979 4055 occidit
3007 4001 3252 4057 anintam.
3279 4002 3485 4074 Corpus

1903 4084 2137 4151 occidit;
2174 4087 2494 4142 moriturum
2519 4096 2652 4154 erat,
2686 4090 2786 4144 etsi
2817 4105 2925 4146 neu
2948 4092 3327 4150 occideretur:
3363 4096 3481 4151 ani-

1902 4187 2045 4231 mum
2088 4190 2217 4231 vero
2259 4192 2422 4247 quam
2468 4193 2572 4234 non
2596 4180 2792 4236 occidit
2828 4181 3101 4252 iniquitas,
3141 4184 3196 4240 in
3225 4195 3483 4243 teternum

1903 4266 2099 4338 excipit
2137 4268 2354 4325 veritas.
2389 4269 2551 4326 Serva
2580 4286 2710 4342 ergo
2727 4272 2869 4343 quod
2892 4287 3111 4331 servare
3134 4285 3287 4346 potes
3314 4295 3328 4331 :
3358 4293 3481 4349 per~

1902 4365 1986 4411 eat
2014 4356 2154 4428 quod
2179 4357 2496 4430 quandoque
2539 4361 2851 4430 periturum.
2879 4372 2980 4417 est.
3026 4364 3405 4435 Respondisti;
3432 4378 3485 4425 et

1903 4451 2079 4501 tamen
2106 4446 2283 4503 (tumis
2302 4449 2453 4504 homo
2477 4450 2697 4507 mendax
2716 4444 2827 4507 non
2848 4453 3074 4510 solvisti.
3101 4455 3385 4527 Responde
3410 4460 3483 4516 illi

1900 4545 1956 4594 et
1972 4537 2039 4593 ad
2064 4537 2188 4607 hoc,
2218 4555 2287 4594 ne
2312 4541 2555 4598 videatur
2581 4543 2680 4599 sibi
2707 4543 2904 4615 aliquid
2930 4544 3135 4604 dixisse
3149 4548 3217 4604 ad
3244 4550 3483 4607 suaden-

1903 4629 2031 4687 dum
2053 4632 2410 4701 memmium,
2442 4635 2887 4694 testimoniumde
2909 4637 3051 4710 Lege
3073 4640 3368 4711 proferens,
3392 4660 3481 4701 ur-

1899 4736 2030 4792 gens
2061 4722 2200 4780 tede
2226 4723 2368 4794 Lege
2411 4736 2603 4781 contra
2643 4726 2861 4798 μεθείη.
2916 4730 2973 4784 in
3001 4718 3143 4802 Lege
3177 4734 3320 4789 enim
3347 4734 3478 4791 scri-

1901 4822 2052 4884 ptum
2097 4822 2202 4883 est,
2250 4814 2467 4871 Falsum
2513 4817 2876 4874 Testimonium
2914 4836 2983 4873 ne
3031 4822 3171 4877 dicas
3198 4824 3217 4892 (
3245 4823 3399 4880 Deut.
3426 4842 3478 4891 v,

1897 4904 1969 4961 20
1996 4905 2019 4977 )
2050 4922 2063 4960 :
2093 4905 2225 4962 et-in
2252 4905 2393 4976 Lege
2422 4908 2681 4977 scriptum
2704 4918 2810 4975 est,
2840 4908 3021 4966 Omnis
3059 4914 3209 4967 homo
3232 4914 3472 4970 mendae.

1897 4994 2127 5066 Respice
2155 4996 2221 5051 ad
2248 4996 2377 5053 illud
2402 4998 2545 5069 quod
2573 5001 2732 5070 paulo
2760 5011 2885 5056 ante
2910 5004 3237 5071 continendi,
3264 5005 3477 5075 quando

1899 5086 2079 5141 mitem
2108 5085 2375 5143 hominem
2420 5089 2595 5144 verbis
2635 5090 2833 5160 quibus
2857 5092 3025 5160 potui,
3056 5094 3354 5151 terminavi.
3384 5095 3479 5153 Iti-

1901 5175 1966 5230 tis
1989 5184 2103 5240 est,
2118 5177 2211 5231 cui
2233 5176 2284 5230 in
2305 5178 2553 5233 ominibus
2580 5188 2701 5249 quae;
2725 5179 2865 5236 bene
2884 5179 3032 5245 facit,
3057 5197 3167 5238 non
3188 5184 3365 5255 placet
3392 5187 3476 5242 ni-

1898 5265 1942 5320 si
1972 5265 2112 5320 Deus
2140 5281 2159 5332 ;
2191 5265 2243 5319 in
2273 5267 2518 5322 omnibus
2545 5284 2664 5340 qua:
2689 5269 2826 5325 male
2853 5272 3068 5341 patitur,
3100 5287 3202 5328 non
3233 5273 3482 5349 displicet

1898 5355 2055 5413 Deos.
2090 5354 2200 5412 iloc
2217 5366 2345 5429 ergo
2380 5359 2429 5414 ci
2456 5360 2744 5430 responde,
2774 5361 2863 5433 qui
2889 5361 3036 5429 dicit,
3058 5363 3303 5431 Mentire,
3334 5367 3456 5439 quia

2173 5454 2273 5512 est,
2300 5448 2649 5506 Omnisltonte
2666 5450 2887 5506 mendas:
2905 5467 2925 5506 :
2956 5451 3071 5507 Non
3085 5454 3336 5522 mentior,
3350 5457 3475 5529 quia

1897 5539 2152 5610 scriptum
2177 5548 2287 5608 est,
2319 5539 2388 5596 Os
2421 5542 2557 5612 quod
2579 5543 2833 5612 mentitur,
2865 5543 3049 5599 occidit
3093 5546 3332 5603 animum.
3358 5545 3475 5607 Non

1958 5668 2263 5746 ξλεεειιτιρφε
2283 5671 2665 5746 ειηᾳοῐδεηὶιιυε
2682 5681 2763 5725 Ms.
2795 5684 2849 5727 At
2871 5678 3026 5740 sum,
3055 5690 3165 5741 .l‘uc,
3190 5680 3308 5745 (prid
3326 5684 3349 5735 ζ’
3377 5686 3466 5746 dic,

1892 5729 2010 5793 quid
2029 5728 2157 5793 ῃωε
2180 5733 2309 5793 quod
2328 5733 2425 5785 ille.

1957 5793 1977 5824 ³
1999 5790 2299 5844 Cclbertinus
2321 5797 2419 5859 $5.,
2448 5803 2492 5846 et
2510 5795 2887 5875 misericordiam
2910 5798 3045 5864 ponis
3063 5801 3112 5854 in
3136 5818 3227 5856 me.
