3922 6192
304 464 555 529 utentior,
580 463 702 533 quia
728 459 982 530 scriptum
1018 462 1122 519 est,
1154 452 1344 507 Perdet
1365 463 1537 505 omnes
1554 445 1639 515 qui
1655 443 1866 533 loquun-

305 568 388 613 tur
407 531 724 610 mendacium
744 552 764 620 (
791 549 937 605 Psal.
964 562 1020 614 v,
1049 547 1082 601 ’ἲ
1102 545 1142 616 ).
1170 543 1285 599 Non
1305 539 1553 601 mentior,
1593 535 1719 605 quia
1741 531 1872 586 scri-

305 658 453 719 ptum
477 652 580 710 est,
614 640 824 695 Falsum
864 637 1199 694 testimonium
1216 650 1317 689 non
1345 632 1502 687 dices.
1532 627 1727 696 Urgent
1751 622 1877 680 licet

304 714 566 807 pressuris
613 744 829 788 carnem
872 743 1047 783 meam
1094 726 1180 781 cui
1230 722 1483 794 displiceo
1508 719 1562 774 in
1601 714 1871 772 veritate;

304 827 463 883 audio
491 824 773 881 Dominum
801 836 1000 884 meum,
1047 817 1223 873 Nolite
1270 813 1442 871 timere
1476 827 1559 867 eos
1584 809 1669 881 qui
1694 819 1877 875 corpus

306 916 540 972 occidunt
568 914 588 986 (
613 914 798 969 Matth.
825 929 881 978 ι,
907 910 978 967 28
1000 909 1042 982 ).

384 1028 441 1084 6.
496 1025 736 1080 Homines
781 1031 956 1095 agam,
998 1036 1101 1075 non
1146 1027 1201 1074 ut
1242 1015 1500 1078 homines,
1545 1008 1633 1064 sed
1679 1015 1734 1062 ut

314 1118 430 1172 Dei.
478 1115 759 1184 Quomodo
798 1094 925 1185 ergo
962 1110 1137 1167 omnis
1185 1108 1347 1162 homo
1371 1100 1633 1159 mendax?
1674 1098 1756 1152 An
1774 1094 1882 1149 for-

310 1217 365 1265 te
398 1226 504 1285 non
532 1224 591 1266 es
616 1207 823 1264 homo?
851 1204 1134 1276 Responde
1175 1201 1299 1267 cito,
1328 1205 1386 1254 et
1403 1208 1608 1257 verum,
1637 1191 1702 1245 Et
1722 1190 1881 1242 homo

262 1292 267 1301 ’
312 1318 420 1359 non
444 1282 571 1365 ‘sim,
600 1317 668 1356 ne
690 1299 917 1355 mendax
936 1297 1057 1353 sim.
1086 1293 1272 1350 Videte
1299 1289 1439 1345 enim
1472 1304 1485 1339 :
1522 1283 1660 1337 Deus
1677 1280 1737 1334 de
1757 1277 1883 1332 ctelo

313 1394 571 1465 prospexit
611 1408 761 1462 super
780 1389 915 1456 ﬁlios
940 1387 1217 1451 hominum,
1248 1391 1299 1436 ut
1329 1379 1513 1435 videret
1541 1377 1583 1429 si
1603 1382 1674 1427 est
1695 1369 1885 1465 intelli:

314 1456 446 1554 'gens'
484 1492 529 1536 et
559 1456 816 1552 requirens
860 1479 1041 1532 Deum.
1084 1472 1268 1529 Omnes
1314 1467 1704 1528 declinaverunt,
1734 1456 1885 1514 simul

311 1572 516 1627 inutiles
543 1571 665 1643 facti
693 1579 806 1624 sunt
835 1584 973 1621 :non
998 1573 1071 1621 est
1094 1564 1180 1633 qui
1220 1561 1373 1633 faciat
1421 1556 1627 1619 bonum,
1667 1565 1769 1604 non
1813 1556 1887 1602 est

312 1680 469 1733 usque
509 1636 577 1716 ad
619 1676 777 1714 unum
807 1656 990 1730 (Psal.
1019 1669 1133 1720 xm,
1162 1652 1219 1716 2,
1259 1647 1351 1721 δ).
1380 1639 1752 1733 Quare?Qnia
1785 1636 1887 1733 lilii

314 1727 593 1809 hominum
638 1765 757 1807 esse
802 1727 1104 1804 voluerunt.
1139 1743 1207 1801 Ut
1245 1748 1421 1795 autem
1451 1751 1544 1792 eos
1581 1733 1649 1787 ab
1677 1727 1889 1785 hisini-

313 1845 599 1915 quitatibus
624 1842 850 1908 tolleret,
880 1839 1184 1901 redimeret,
1197 1838 1430 1897 curaret,
1459 1832 1689 1887 sanaret,
1716 1828 1891 1875 muta-

314 1909 398 1992 ret
443 1936 577 1990 ﬁlios
620 1932 912 1994 hominum,
961 1927 1110 1983 dedit
1154 1925 1234 1980 eis
1285 1927 1600 1993 potestatem
1631 1914 1767 1969 ﬁlios
1793 1909 1889 1965 Dei

314 2031 432 2085 ﬁeri
465 2027 662 2099 (Joon.
683 2041 719 2090 ι,
754 2024 823 2079 12
845 2022 889 2093 ).
911 2020 1047 2089 Quid
1064 2031 1191 2089 ergo
1230 2013 1460 2071 mirum?
1491 2008 1741 2064 Homines
1767 2017 1890 2099 era-

315 2121 405 2184 tis,
436 2118 480 2173 si
508 2115 668 2172 cratis
696 2115 785 2169 ﬁlii
829 2113 1101 2167 hominum
1133 2125 1147 2162 :
1176 2119 1363 2162 omnes
1408 2100 1659 2156 homines
1706 2093 1887 2155 eratis,

316 2209 602 2266 mendaces
623 2206 783 2262 eratis
809 2222 824 2271 ;
854 2205 1026 2259 omnis
1054 2200 1195 2256 enim
1212 2196 1374 2251 homo
1399 2190 1647 2247 mendax.
1678 2181 1894 2240 Accedit

316 2301 467 2356 vobis
481 2298 647 2370 gratia
675 2296 789 2360 Dei,
809 2293 953 2350 dedit
972 2290 1121 2346 vobis
1147 2293 1464 2359 potestatem
1482 2280 1619 2335 ﬁlios
1641 2275 1732 2331 Dei
1752 2272 1889 2327 ﬁeri.

320 2368 512 2447 Audite
529 2405 711 2445 vocem
739 2390 911 2444 Patris
938 2385 1041 2440 mei
1069 2381 1317 2444 dicentis,
1348 2376 1458 2449 Ego
1490 2375 1618 2437 dixi,
1643 2370 1728 2424 Dii
1756 2368 1890 2434 estis,

318 2492 365 2538 et
385 2484 481 2552 filii
500 2481 745 2536 Altissimi
767 2494 937 2533 oncnes
961 2477 979 2547 (
1011 2470 1150 2528 Prol.
1179 2487 1357 2532 LXXXI,
1380 2470 1413 2522 6
1445 2468 1486 2537 ).
1509 2464 1768 2533 Quoniam
1797 2459 1889 2552 ho-

320 2550 491 2627 mines
505 2571 594 2625 ﬁlii
612 2569 906 2632 hominum,
925 2566 973 2620 si
994 2579 1097 2620 non
1123 2563 1212 2616 ﬁlii
1240 2557 1519 2622 Altissimi,
1539 2550 1851 2609 mendaccs‘
1874 2566 1890 2615 ;

321 2662 442 2730 quia
471 2659 644 2714 omnis
664 2657 823 2710 homo
847 2652 1092 2709 mendax.
1126 2647 1180 2706 Si
1200 2649 1290 2703 ﬁlii
1308 2647 1425 2711 Dei,
1452 2645 1495 2698 si
1515 2642 1681 2714 gratia
1707 2638 1894 2696 Salva-

322 2728 454 2805 toris
503 2746 784 2816 redempti,
829 2746 874 2800 si
913 2743 1154 2814 pretioso
1182 2737 1438 2809 sanguine
1484 2731 1795 2803 comparati,
1847 2728 1894 2785 si

322 2858 459 2912 atina
486 2849 541 2896 ct
596 2839 797 2908 Spiritu
842 2835 1032 2897 renati,
1062 2833 1106 2888 si
1136 2832 1203 2887 ad
1241 2828 1600 2885 hmreditatcm
1630 2823 1894 2879 enatorum

324 2909 708 3003 ιηέςειιεειιπειιι,
752 2928 935 2997 utique
966 2924 1058 2979 ﬁlii
1087 2923 1201 2978 Dei.
1247 2920 1389 2990 Ergo
1424 2918 1535 2988 jam
1582 2915 1654 2969 an
1680 2915 1724 2968 s.
1755 2909 1897 3003 Quid

324 2999 392 3077 ad
413 3032 463 3077 te
479 3021 588 3076 vult
605 3018 934 3075 mendacium
952 3016 978 3069 ?
1006 3012 1171 3068 Adam
1188 3011 1329 3067 enim
1355 3022 1516 3078 purus
1540 3006 1724 3069 homo,
1744 2999 1901 3056 Chri-

325 3123 441 3168 stus
465 3114 624 3167 homo
651 3111 809 3176 Deus,
836 3115 1045 3162 creator
1067 3104 1242 3160 omnis
1263 3108 1521 3157 creaturae
1541 3098 1699 3152 Deus.
1730 3093 1899 3148 Adam

328 3205 509 3267 homo,
536 3202 782 3256 Christus
819 3199 978 3253 homo
1020 3195 1283 3251 mediator
1328 3191 1443 3253 Dei,
1495 3188 1667 3244 Filius
1714 3183 1901 3239 unicus

333 3293 526 3361 Patris,
578 3292 718 3346 Deus
759 3289 945 3344 homo.
983 3288 1122 3342 Ecce
1168 3293 1223 3339 tu
1250 3284 1406 3353 longe
1437 3295 1468 3335 a
1499 3280 1608 3333 Deo
1636 3276 1817 3340 homo,
1836 3281 1892 3327 et

332 3386 478 3439 Deus
521 3395 731 3437 sursum
762 3380 919 3449 longe
943 3378 1009 3433 ab
1040 3375 1291 3430 homine:
1331 3373 1385 3428 in
1437 3369 1612 3424 medio
1640 3382 1701 3421 se
1729 3364 1904 3434 posuit

337 3475 482 3529 Deus
529 3472 710 3526 homo.
760 3471 1003 3540 Agnosco
1057 3466 1364 3530 Christum,
1409 3470 1586 3531 ctper
1635 3456 1904 3513 hominem

333 3564 563 3623 ascende
578 3563 644 3618 ad
667 3564 854 3618 Deum.

402 3657 456 3710 7.
492 3654 815 3726 Paganorum
851 3650 1146 3706 scandalum
1188 3663 1251 3703 ea:
1288 3643 1533 3717 pressaris
1558 3638 1751 3696 mundi.
1788 3638 1905 3694 iam

334 3762 465 3817 ergo
505 3745 752 3811 correcti,
799 3743 927 3799 etsi
980 3740 1179 3811 aliquid
1203 3739 1427 3808 egimus,
1483 3734 1661 3797 mites,
1718 3738 1908 3785 tenea-

334 3851 456 3892 mus
518 3833 939 3891 indeclinabilem
1006 3828 1421 3885 confessionem.
1500 3823 1787 3893 Diligamus
1833 3818 1911 3873 lo—

336 3944 458 3999 gem
489 3928 602 3993 Dei,
628 3933 687 3981 ut
705 3923 991 3980 evadamus
1012 3920 1151 3992 quod
1171 3918 1370 3974 dictum
1395 3922 1495 3970 est.
1529 3911 1621 3966 νω
1643 3909 1830 3965 mundo
1848 3907 1913 3960 ob

340 4019 614 4075 scandulis.
667 4016 974 4087 Loquamnr
1015 4010 1215 4082 aliquid
1258 4010 1331 4065 de
1373 4003 1672 4068 scandulis,
1723 4000 1913 4071 quibus

341 4109 571 4166 tnundus
595 4109 785 4179 plenus
808 4115 910 4172 est,
939 4112 988 4160 et
1010 4100 1278 4174 quomodo
1303 4097 1647 4154 crebrescant
1685 4088 1913 4146 scanda-

348 4206 420 4270 la,
463 4202 735 4257 abundent
772 4212 1052 4270 pressurm.
1110 4194 1354 4249 Vastatur
1394 4187 1643 4252 mundus,
1683 4183 1917 4240 ealeatur

347 4295 601 4351 torcular.
622 4294 738 4358 Eia,
770 4289 1080 4353 christiano,
1106 4286 1325 4342 caeleste
1344 4294 1582 4353 germen,
1614 4273 1912 4347 peregrinis

345 4399 403 4439 ιιι
435 4393 598 4446 terra,
628 4379 719 4450 qui
761 4379 1026 4434 civitatem
1054 4374 1107 4428 in
1131 4374 1269 4429 cmlo
1293 4368 1548 4441 quaeritis,
1578 4366 1669 4436 qui
1692 4362 1911 4434 Angelis

345 4473 545 4527 sanctis
594 4468 786 4525 sociari
816 4464 1151 4528 desideratis,
1185 4459 1460 4529 intelligite
1487 4470 1583 4512 vos
1609 4455 1687 4510 sic
1711 4453 1920 4508 venisse

348 4569 405 4615 ut
445 4556 750 4614 discedatis.
780 4552 1039 4609 Transitis
1094 4565 1191 4621 per
1235 4546 1512 4613 mundum,
1556 4551 1810 4600 conantes
1850 4541 1920 4597 ad

346 4666 470 4706 eum
495 4649 584 4720 qui
598 4646 799 4703 creavit
826 4643 1101 4700 mundum.
1120 4641 1236 4697 Non
1255 4653 1355 4695 vos
1382 4635 1691 4709 perturbent
1713 4644 1920 4691 amato-

349 4758 437 4798 res
467 4739 671 4809 mundi,
698 4738 793 4809 qui
818 4737 1000 4791 volunt
1025 4734 1079 4789 in
1099 4733 1295 4789 mundo
1335 4744 1638 4794 remanere,
1676 4737 1731 4783 et
1754 4727 1924 4783 velint

350 4832 540 4899 nolint,
589 4838 846 4899 coguntur
894 4825 1123 4897 migrare
1156 4841 1170 4879 :
1201 4837 1306 4879 non
1355 4835 1454 4877 vos
1495 4819 1783 4889 decipiant,
1814 4833 1922 4873 non

348 4923 621 4980 seducunt.
654 4920 930 4975 Pressura:
977 4918 1095 4971 ista:
1138 4929 1246 4970 non
1298 4920 1424 4967 sunt
1464 4908 1734 4967 scandala.
1784 4907 1922 4963 Justi

349 5023 543 5080 estote,
572 5021 627 5068 et
646 5008 1055 5067 exercitationes
1072 5014 1248 5062 erunt.
1270 5000 1564 5058 Tribulatio
1592 4999 1734 5054 venit
1752 5016 1765 5052 :
1781 4996 1923 5061 quod

350 5108 582 5164 volueris
617 5106 741 5172 erit,
764 5112 856 5159 aut
887 5099 1217 5166 exercitatio,
1257 5106 1350 5152 aut
1389 5093 1679 5151 damnatio.
1703 5091 1922 5158 Qualem

351 5211 407 5256 te
426 5198 711 5263 invenerit,
731 5196 854 5251 talis
877 5194 998 5250 erit.
1031 5189 1324 5248 Tribulatio
1345 5187 1480 5257 ignis
1496 5196 1578 5241 est
1613 5202 1626 5238 :
1657 5198 1844 5238 aurum
1867 5191 1923 5238 te

414 5351 429 5378 ¹
457 5346 543 5395 Ubi
566 5356 655 5394 nos
669 5356 732 5391 ex
746 5340 1017 5392 Colberttno
1028 5343 1187 5387 veteri
1206 5333 1391 5393 codice,

350 5387 1057 5469 cumi'éiniWEété-zsis
1078 5398 1231 5469 habet
1241 5387 1414 5469 sirm-3'
1431 5387 1926 5469 έῑέἐίίλείμὲξὲξηίωοτὲ·

350 5450 882 5524 urna
904 5450 999 5527 ﬁlii
1027 5450 1281 5509 ιιοηιιηκητ·
1273 5490 1289 5517 ,
1308 5450 1407 5505 non
1426 5451 1518 5517 ﬁlii
1536 5450 1776 5510 item,
1800 5460 1928 5501 mett-

352 5529 516 5578 daces.
539 5526 670 5578 actia.
697 5533 791 5577 etc.
1386 5573 1413 5578 _,
1519 5575 1528 5578 _
1570 5574 1580 5578 ,
1821 5572 1832 5578 -
1893 5572 1905 5578 -

388 5543 516 5590 aces,
539 5540 670 5591 quia,
697 5540 791 5577 etc.

414 5533 892 5651 ξὲἓιιῖῗῗνςῗῗιιάί-
915 5580 1200 5651 mendum
1214 5588 1310 5651 9W
1324 5572 1926 5651 Colbertieiseensajvﬁv

353 5651 435 5717 qui
447 5633 603 5712 13511—18
616 5633 731 5717 {abii
746 5633 895 5717 habet
909 5647 980 5695 sic
999 5658 1028 5717 ε.
1042 5645 1197 5717 ddunt
1211 5633 1780 5717 (totitohlmf‘ﬁrisfgﬁ

361 5697 502 5768 itaut,
524 5697 708 5759 creo-tor
728 5706 889 5768 omnis,
900 5710 1136 5768 creatura;
1159 5711 1309 5768 Mus.
1329 5699 1479 5748 Adam
1501 5697 1654 5757 hama,
1674 5698 1810 5768 homo
1830 5709 1928 5749 me-

356 5760 512 5827 diator
536 5770 625 5825 Dei
644 5768 788 5819 titius
812 5766 977 5818 unicus
1000 5763 1157 5817 Patris
1180 5762 1270 5821 Dei
1290 5760 1444 5813 homo.
1469 5768 1606 5825 Ecce,
1639 5764 1748 5817 etc.,

1498 332 1560 388 5.
1604 318 1960 385 Αυοιιειιιιι
2000 318 2299 381 EPISCOPI

3447 311 3559 371 5οι

1985 436 2184 493 invenit
2202 436 2245 499 2‘
2265 434 2452 493 sordes
2473 434 2606 490 tollit
2626 452 2639 489 :
2667 436 2869 506 paleam
2903 446 2956 494 te
2973 437 3211 495 invenit?
3237 439 3292 495 in
3314 442 3559 501 cinerem

1977 524 2163 582 vertit.
2193 526 2332 597 Ergo
2354 540 2614 595 pressurae
2633 541 2750 596 qua:
2768 527 3062 595 abundant,
3102 545 3208 585 non
3245 542 3372 587 sunt
3396 548 3558 589 scan-

1977 615 2127 672 dala.
2154 614 2259 671 Sed
2281 631 2398 684 qua:
2427 625 2550 670 sunt
2573 616 2864 675 scamnis?
2902 618 3222 677 Locutiones
3257 621 3385 688 illae,
3424 640 3558 681 ver-

1979 707 2046 763 ba
2076 707 2188 772 illa,
2218 707 2409 777 quibus
2429 707 2580 763 nobis
2604 707 2796 764 dicitur
2826 728 2840 767 :
2866 710 3008 765 Ecce
3032 711 3163 781 quid
3189 713 3384 770 faciunt
3420 724 3562 772 terna

1984 812 2115 868 pora
2145 797 2455 863 christiana,
2484 814 2609 854 ecce
2652 815 2769 869 quae
2816 810 2941 857 sunt
3000 803 3271 859 scamlala.
3316 806 3403 861 Ad
3446 807 3561 863 hoc

1982 888 2126 943 enim
2156 888 2248 943 tibi
2264 887 2481 957 dicitur,
2504 898 2561 943 ut
2588 899 2668 956 tu,
2687 892 2731 945 si
2759 908 2906 948 amas
2927 894 3204 962 mundum,
3219 897 3571 968 blasphean

1983 980 2273 1037 Christum.
2299 983 2367 1039 Et
2389 982 2516 1041 dicit
2546 982 2638 1039 tibi
2665 982 2767 1039 hoc
2797 985 3002 1043 amicus
3033 994 3179 1055 tuus,
3205 965 3559 1047 consiliarius

1987 1077 2106 1126 tuus
2138 1090 2154 1126 :
2189 1086 2313 1142 ergo
2331 1072 2516 1128 oculus
2533 1084 2671 1130 tuus.
2694 1073 2835 1128 Dicit
2868 1075 2962 1130 tibi
2983 1075 3086 1131 hoc
3126 1078 3368 1134 minister
3400 1092 3555 1148 tuus,

1985 1163 2322 1230 cooperarius
2351 1170 2471 1217 tuus
2495 1179 2508 1215 :
2540 1178 2668 1232 ergo
2683 1179 2870 1221 manus
2897 1174 3003 1221 tua.
3034 1167 3167 1222 Dicit
3195 1169 3287 1224 tibi
3316 1170 3417 1226 hoc
3437 1171 3563 1227 for-

1988 1260 2041 1305 te
2058 1252 2147 1321 qui
2168 1258 2219 1305 te
2244 1261 2523 1315 sustentat,
2551 1254 2640 1323 qui
2666 1262 2717 1308 te
2733 1254 2800 1311 ab
2826 1253 3123 1313 humilitate
3150 1266 3362 1315 terrena
3385 1262 3567 1318 suble-

1988 1350 2077 1394 vat
2104 1358 2118 1394 :
2151 1355 2278 1411 ergo
2295 1356 2388 1410 pes
2415 1350 2553 1397 tuus.
2583 1341 2773 1412 Abjice,
2791 1353 3022 1419 autputa,
3046 1349 3237 1419 proﬁce
3260 1347 3348 1404 alis
3368 1360 3435 1414 te,
3464 1367 3569 1406 no-

1989 1430 2024 1485 li
2053 1434 2373 1489 consentire.
2395 1433 2677 1503 Responde
2703 1418 2930 1500 talibus;
2965 1440 3232 1508 quomodo
3268 1445 3568 1510 responde-

1991 1522 2082 1581 bat
2106 1523 2216 1589 ille,
2249 1523 2331 1579 cui
2358 1525 2674 1580 suadebatur
2695 1525 2883 1583 falsum
2906 1530 3287 1599 testiinonium.
3316 1535 3570 1605 Respon-

1992 1611 2079 1680 de,
2112 1620 2167 1668 ct
2194 1623 2245 1667 tu
2278 1630 2290 1667 :
2324 1613 2411 1669 dic
2433 1614 2635 1671 homini
2664 1615 2865 1673 dicenti
2908 1619 3023 1686 tibi,
3049 1620 3191 1677 Ecce
3230 1626 3574 1693 temporibus

1991 1704 2294 1761 christianis
2323 1714 2486 1761 tanta:
2538 1723 2802 1778 pressura:
2852 1721 3000 1781 sunt,
3030 1723 3268 1769 vastatur
3300 1719 3569 1775 mundus:

1993 1795 2255 1864 responde
2297 1805 2373 1862 tu,
2396 1795 2510 1855 Hoc
2537 1797 2990 1872 mihi-antequam
3020 1805 3278 1874 eveniret,
3316 1809 3572 1879 praedixit

1993 1883 2269 1949 Christus._

2062 1979 2116 2035 8.
2158 1979 2417 2035 Pressurte
2472 1980 2748 2051 deﬁcientis
2814 1985 2990 2041 mundi
3049 1988 3319 2059 praedicta.
3394 1990 3581 2058 Quare

1994 2070 2136 2129 enim
2175 2071 2441 2127 turbaris?
2480 2073 2753 2131 Pressuris
2788 2079 2970 2135 mundi
3013 2080 3252 2136 turbatur
3276 2097 3370 2139 cor
3398 2094 3576 2153 tuum,

1995 2162 2261 2232 quomodo
2285 2164 2432 2220 navis
2452 2165 2561 2230 illa,
2589 2165 2677 2221 ubi
2696 2165 2992 2224 dormiebat
3007 2169 3266 2227 Christus.
3290 2173 3429 2231 Ecce
3452 2191 3581 2245 quas

1996 2268 2154 2311 causa
2183 2262 2283 2322 est,
2310 2254 2471 2311 homo
2496 2257 2729 2324 cordate,
2761 2269 2819 2314 ut
2838 2260 3077 2318 turbetur
3102 2279 3197 2320 cor
3225 2274 3371 2321 tuum
3400 2286 3415 2320 :
3446 2284 3581 2325 ecce

1995 2361 2115 2415 qua:
2142 2361 2299 2402 causa
2329 2357 2430 2403 cst.
2458 2348 2615 2404 Navis
2640 2350 2760 2416 ista,
2787 2352 2959 2422 inqua
2982 2353 3223 2413 Christus
3239 2360 3460 2425 dormit,
3482 2377 3581 2416 cos

1996 2446 2079 2495 est
2101 2437 2188 2491 ubi
2216 2437 2346 2495 ﬁdes
2372 2438 2584 2497 dormit.
2616 2442 2750 2509 Quid
2775 2444 2917 2498 enim
2939 2446 3031 2502 tibi
3054 2448 3177 2504 novi
3199 2450 3411 2517 dicitur,
3434 2454 3583 2507 chri-

1997 2525 2208 2581 stiane?
2233 2527 2355 2597 quid
2385 2528 2524 2583 enim
2548 2528 2639 2584 tibi
2660 2532 2781 2585 novi
2807 2532 3039 2590 diciuu?
3067 2537 3417 2609 Temporibus
3435 2542 3583 2598 chri-

1998 2615 2183 2672 Stisnis
2202 2626 2434 2672 vastatur
2454 2620 2703 2687 mundus,
2727 2621 2905 2679 deﬁcit
2924 2626 3168 2683 mundus.
3190 2629 3311 2685 Non
3331 2632 3423 2687 tibi
3445 2634 3586 2688 dixit

1998 2706 2254 2763 Dominus
2276 2717 2415 2774 tuus,
2444 2709 2748 2769 VaSIahitur
2771 2715 3035 2771 mundus?
3062 2718 3177 2775 Non
3203 2722 3294 2777 tibi
3319 2723 3454 2779 dixit
3476 2725 3584 2780 Dee

2001 2797 2175 2852 minus
2199 2806 2338 2864 tuus,
2368 2798 2587 2855 Deﬁciet
2611 2803 2871 2858 mundus?
2899 2805 3073 2873 Quare
3091 2810 3345 2867 audebas
3360 2815 3583 2883 quando

2001 2888 2435 2957 promittebatur,
2467 2899 2520 2945 et
2559 2891 2789 2949 turbaris
2827 2897 3040 2966 quando
3078 2901 3409 2971 completur?
3440 2905 3583 2975 Ergo

2001 2983 2289 3048 tempestas
2316 2979 2471 3033 saevit
2509 2979 2563 3035 in
2591 2995 2685 3036 cor
2711 2990 2857 3038 tuum
2888 3002 2903 3036 :
2930 2999 3058 3043 cave
3084 2989 3413 3062 naufragium
3432 3033 3451 3060 ,
3479 3010 3552 3050 ex
3578 3028 3585 3031 ~

2001 3067 2104 3123 cita
2120 3065 2406 3123 Christum.
2429 3068 2687 3138 Habitare,
2712 3071 2879 3143 inquit
2895 3074 3197 3145 Apostolus,
3216 3076 3471 3136 Christum
3484 3101 3585 3153 per

2004 3158 2155 3226 ﬁdem
2174 3159 2224 3212 in
2242 3159 2475 3214 cordibus
2498 3162 2669 3215 vestris
2694 3161 2907 3234 (Ephes.
2932 3181 3009 3232 ιιι,
3040 3166 3150 3239 l7).
3181 3168 3284 3224 Per
3306 3171 3462 3226 ﬁdem
3487 3174 3588 3228 hae

2004 3246 2135 3302 bitat
2163 3248 2215 3302 in
2244 3255 2295 3303 te
2315 3247 2571 3305 Christus.
2602 3249 2757 3307 Fides
2777 3268 3030 3323 praesens,
3062 3272 3295 3326 prtescns
3319 3271 3401 3318 est
3420 3260 3587 3320 Chri-

2005 3346 2154 3392 stus:
2179 3337 2309 3392 ﬁdes
2331 3338 2569 3410 vigilans,
2594 3341 2817 3411 vigilans
2840 3354 2921 3400 est
2940 3341 3181 3404 Christus
3206 3366 3219 3403 :
3245 3350 3373 3407 ﬁdes
3395 3354 3593 3420 oblita,

2006 3426 2276 3483 dormiens
2308 3436 2390 3483 est
2421 3427 2682 3487 Christus.
2715 3431 2958 3490 Exeitare
2975 3476 2991 3501 ,
3019 3450 3353 3495 commovere
3376 3443 3390 3472 ²
3411 3482 3430 3508 ,
3458 3443 3587 3499 dic:

2010 3516 2244 3585 Domine,
2273 3519 2491 3590 perimus
2520 3519 2729 3593 (Matth.
2752 3540 2863 3589 vttt,
2886 3525 3070 3599 94-26)
3093 3529 3105 3583 !
3135 3529 3273 3587 Ecce
3290 3547 3405 3601 qua:
3432 3536 3594 3592 nobis

2010 3606 2191 3697 dicunt
2217 3610 2411 3683 Pagani
2444 3629 2456 3665 :
2488 3627 2605 3682 quae
2645 3614 2799 3670 nobis
2825 3616 3037 3686 dicunt,
3067 3622 3213 3691 quod
3238 3633 3320 3679 est
3348 3628 3595 3697 gravius,

2012 3698 2134 3752 mali
2163 3696 2466 3756 Christiani.
2506 3701 2774 3775 Exsurge,
2804 3706 3053 3778 Domine,
3080 3713 3332 3782 perimus.
3362 3696 3598 3789 Evigilet

2013 3789 2146 3846 ﬁdes
2172 3799 2288 3860 tua,
2335 3793 2517 3866 incipit
2559 3796 2650 3851 tibi
2698 3798 2838 3869 loqui
2882 3799 3143 3860 Christus.
3194 3807 3328 3876 Quid
3373 3821 3597 3880 pertur-

2013 3884 2193 3940 baris?
2238 3885 2361 3942 limo
2429 3889 2606 3942 omnia
2645 3891 2863 3962 praedixi
2905 3895 3019 3950 tibi.
3066 3896 3192 3955 Ideo
3236 3899 3490 3970 praedixi,
3539 3914 3599 3960 ut

2015 3989 2137 4029 cum
2160 3975 2431 4032 venissent
2455 3978 2592 4032 mala
2611 4020 2627 4046 ,
2654 3995 2897 4049 sperares
2921 3984 3058 4040 bona
3076 4027 3093 4053 ,
3119 3997 3179 4044 ut
3204 4004 3311 4046 non
3335 3991 3606 4051 deﬁcere:

2017 4063 2105 4168 in.
2142 4064 2334 4168 malis.-
2372 4067 2576 4122 Miraris
2617 4071 2739 4140 quia
2810 4073 2990 4131 deﬁcit
3062 4079 3289 4135 mundus
3322 4082 3346 4135 ἲ
3397 4085 3602 4140 mirare

2017 4158 2140 4226 quia
2186 4158 2360 4212 senuit
2414 4160 2661 4216 mundus.
2699 4162 2869 4219 Homo
2893 4168 3043 4235 est',
3094 4172 3352 4239 nascitur,
3376 4177 3601 4244 crescit.

2019 4248 2265 4306 scnescit.
2294 4249 2533 4319 Querelze
2581 4253 2758 4307 multa:
2786 4255 2836 4309 in
2858 4267 3070 4313 senecta
3102 4277 3116 4313 :
3161 4263 3341 4328 tussis,
3385 4265 3600 4334 pituita,

2020 4338 2298 4413 lippitudo,
2330 4341 2636 4411 anxietudo,
2659 4343 2923 4401 lassitudo
2948 4349 3103 4405 inest.
3126 4352 3265 4423 Ergo
3296 4357 3475 4410 senuit
3502 4356 3603 4413 ho-

2021 4445 2149 4497 mo;
2193 4433 2425 4502 querelis
2450 4435 2636 4504 plenus
2659 4445 2778 4491 est:
2811 4440 2986 4496 senuit
3027 4443 3255 4500 mundus
3282 4461 3299 4511 ;
3331 4449 3605 4515 presseris

2022 4520 2210 4599 plenus
2239 4530 2342 4577 est.
2371 4523 2563 4580 Parum
2606 4527 2696 4581 tibi
2724 4530 2969 4598 praestitit
2996 4533 3159 4599 Deus,
3188 4537 3310 4605 quia
3340 4538 3396 4593 in
3444 4554 3605 4597 sene-

2022 4622 2166 4670 ctute
2203 4616 2385 4672 mundi
2428 4617 2573 4674 misit
2598 4619 2688 4674 tibi
2720 4620 3007 4692 Christum,
3051 4635 3111 4680 ut
3134 4636 3261 4683 tunc
3290 4639 3342 4684 te
3370 4630 3605 4697 reﬁciat,

2024 4706 2238 4778 quando
2283 4717 2473 4764 cuncta
2511 4709 2800 4767 deﬁciunt?
2831 4713 3014 4771 Nescis
3042 4715 3145 4773 hoc
3192 4720 3526 4790 signiﬁcasse
3546 4725 3609 4780 in

2024 4797 2226 4852 semine
2252 4797 2525 4855 Abrahae?
2560 4798 2691 4857 Nam
2718 4818 2902 4859 semen
2930 4804 3157 4863 Abrahae
3195 4809 3270 4863 ait
3287 4811 3610 4881 Apostolus,

2024 4888 2158 4965 quod
2185 4896 2256 4943 est
2286 4888 2528 4947 Christus.
2562 4889 2684 4946 Non
2699 4893 2839 4963 dicit,
2869 4894 2936 4949 Et
2960 4898 3250 4968 seminibus,
3272 4911 3517 4974 tanquam
3552 4908 3614 4963 iss

2025 4976 2345 5065 multis;sed
2393 4990 2629 5052 tanquam
2654 4982 2707 5037 in
2749 5001 2870 5051 uno,
2914 4985 2978 5040 Et
3002 4988 3179 5044 sentiui
3206 4999 3313 5058 tuo,
3354 4995 3491 5062 quod
3531 5007 3617 5051 est

2027 5067 2253 5125 Christus
2282 5069 2301 5141 (
2323 5069 2490 5124 Galat.
2520 5087 2596 5137 ιιι,
2630 5072 2695 5126 16
2719 5077 2768 5144 ).
2798 5074 2920 5131 Ideo
2939 5076 3055 5131 seni
3098 5078 3324 5136 Abrahae
3341 5090 3501 5139 natus
3522 5098 3623 5143 est

2033 5159 2204 5226 ﬁlius,
2233 5161 2354 5231 quia
2380 5170 2496 5219 erat
2536 5162 2715 5233 utique
2739 5164 2980 5222 Christus
3008 5168 3059 5222 in
3090 5169 3255 5240 ipsius
3283 5174 3470 5228 mundi
3518 5192 3619 5232 se.

2030 5259 2242 5307 nectute
2261 5262 2534 5308 venturus.
2569 5252 2725 5310 Venit
2766 5270 2887 5311 cum
2913 5258 3094 5314 omnia
3120 5269 3537 5333 veterascerent,
3556 5279 3626 5328 et.

2032 5359 2226 5399 novum
2266 5351 2318 5399 te
2355 5344 2497 5400 fecit.
2539 5344 2648 5402 Res
2685 5346 2843 5415 facta,
2871 5363 2958 5404 res
2990 5350 3224 5419 condita,
3256 5368 3345 5409 res
3370 5356 3630 5423 peritura

2025 5435 2135 5505 jam
2158 5436 2410 5507 vergebat
2452 5438 2504 5491 in
2532 5452 2801 5493 occasum.
2826 5438 3054 5496 Necesse
3078 5449 3195 5495 erat
3223 5451 3281 5496 ut
3304 5444 3630 5513 abundaret

2030 5528 2297 5585 laboribus
2325 5547 2338 5583 :
2369 5530 2514 5585 venit
2537 5528 2626 5586 ille
2656 5538 2712 5586 et
2729 5531 2993 5587 consolari
3041 5540 3092 5588 te
3125 5532 3263 5590 inter
3288 5535 3533 5603 labores.
3562 5552 3635 5599 et

2095 5634 2112 5664 ⁸
2139 5640 2186 5683 tn
2208 5632 2477 5683 Colbcrtino
2498 5639 2600 5692 Ms,
2622 5646 2933 5685 commonere.

2095 5696 2115 5726 ²
2138 5695 2294 5768 sirm,
2318 5692 2433 5755 quia
2446 5694 2838 5768 senth
2863 5695 3068 5768 mundus
3100 5695 3243 5750 homo
3257 5709 3345 5768 est,
3374 5709 3481 5755 etc.
3508 5716 3627 5762 τοι
3643 5748 3655 5761 .

2032 5755 2259 5820 mundus,
2285 5768 2381 5807 non
2403 5757 2642 5821 repetitur
2670 5757 2722 5808 in
2754 5759 3104 5820 mantica-ilius.
3332 5757 3342 5768 '
