3922 6192
234 563 347 606 rere
370 546 509 603 velle
536 548 655 603 seni
680 548 902 614 mundo,
932 558 988 605 et
1015 549 1159 607 nolle
1188 550 1539 622 iuvenescere
1567 551 1619 605 in
1644 550 1806 615 Chri-

239 651 331 706 sto,
351 639 439 710 qui
495 639 589 694 tibi
619 638 751 695 dicit
780 657 795 694 :
823 639 969 696 Perit
992 640 1223 697 mundus
1241 684 1257 709 ,
1288 642 1524 698 senescit
1549 640 1802 706 mundus,

1627 341 1861 403 δεκωο
1884 343 2144 405 LXXXII.

234 455 535 531 promittere
561 456 658 513 tibi
687 455 740 511 iu
770 457 1150 528 sempiternum
1176 459 1430 530 quietem.
1479 460 1601 516 Noli
1620 458 1803 515 adhae-
1838 516 1849 533 κ

2787 413 2791 417 .
3382 366 3491 425 506

1912 458 2044 518 deos
2072 465 2089 496 ¹
2110 506 2126 532 ,
2158 467 2246 537 qui
2274 468 2586 527 colebantur
2608 471 2662 529 in
2690 473 2868 547 Troia.
2892 475 3163 535 inducitur
3184 496 3215 536 a
3244 490 3395 551 poeta
3412 486 3493 553 ip-

1912 571 2091 612 sorum
2121 558 2259 617 Juno
2285 562 2520 623 irascens
2548 566 2738 624 Aiacis
2765 579 2820 626 et
2847 570 3095 641 Troianis
3133 572 3455 645 fugientibus
3476 618 3493 643 ,

239 730 665 794 deiicitmundus,
697 730 900 787 laborat
915 730 1149 787 anhelitu
1174 733 1484 788 senectutis.
1502 729 1625 786 Noli
1651 731 1804 786 time-
1909 782 1915 791 ,

242 841 319 888 re.
358 822 701 879 renovabitur
765 824 1014 894 juventus
1067 833 1157 879 tua
1209 824 1351 879 sicut
1386 824 1578 894 aquilas
1608 820 1631 897 (
1656 821 1803 878 Psal.

242 915 489 984 cu,5).lI

301 1007 346 1063 9.
370 1006 700 1079 Pagnnornm
724 1009 780 1061 in
816 1007 1158 1063 Christianam
1182 1010 1472 1081 religionem
1493 1009 1709 1081 querela!
1743 1026 1807 1065 ea;

240 1098 489 1152 causam
516 1098 880 1165 Roma-Ecce,
917 1100 1106 1169 inquit,
1124 1101 1427 1156 citristianis
1476 1101 1805 1171 temporibus

244 1189 387 1265 Belua
414 1189 571 1258 perit.
614 1188 781 1243 Forte
804 1189 974 1244 Roma
1018 1206 1125 1246 non
1162 1193 1335 1261 perit:
1367 1191 1503 1248 forte
1540 1192 1805 1264 ﬂagellata

238 1287 341 1345 est,
365 1294 468 1333 non
486 1280 810 1349 interempta
834 1300 847 1336 :
870 1280 1007 1337 forte
1032 1283 1286 1353 castigata
1326 1291 1442 1350 est,
1470 1298 1579 1339 non
1607 1285 1801 1340 deleta.

236 1368 385 1425 Forte
420 1370 584 1425 Roma
608 1385 715 1425 non
744 1372 883 1441 perit
900 1413 917 1438 ,
949 1372 996 1429 si
1021 1372 1247 1450 Romani
1285 1389 1392 1429 non
1418 1383 1658 1444 pereant.
1686 1374 1803 1430 Non

233 1462 370 1517 cnim
409 1463 682 1532 peribunt,
732 1463 780 1518 si
823 1465 987 1521 Deum
1037 1465 1366 1520 laudabunt:
1406 1467 1653 1536 peribunt
1680 1509 1696 1535 ,
1756 1467 1802 1523 si

233 1550 681 1620 biaspbemabunt.
713 1553 884 1609 Roma
904 1554 1048 1609 cuitu
1078 1556 1207 1625 quid
1230 1566 1344 1624 est,
1384 1557 1489 1612 nisi
1526 1557 1754 1612 Romani
1780 1559 1804 1612 i

230 1641 335 1697 Non
375 1643 517 1699 enim
552 1643 623 1699 de
665 1644 930 1715 lapidibus
957 1654 1011 1701 et
1052 1646 1208 1716 lignis
1235 1647 1441 1716 agitur,
1472 1647 1542 1703 de
1575 1648 1804 1704 excelsis

232 1732 404 1789 insulis
431 1736 448 1767 ³
474 1745 529 1790 et
550 1736 895 1806 amplissimis
913 1738 1196 1793 moenibus.
1218 1738 1331 1794 Hoc
1355 1739 1435 1793 sic
1451 1747 1566 1794 erat
1584 1738 1800 1804 factum,

229 1835 281 1879 ut
305 1836 443 1882 esset
466 1826 759 1897 aliquando
778 1829 1091 1883 «ruiturum.
1128 1828 1300 1884 limite
1328 1845 1449 1885 cum
1476 1830 1799 1900 aedificaret,

231 1919 392 1987 posuit
430 1919 666 1991 lapidem
719 1934 881 1990 super
933 1921 1202 1991 lapidem;
1231 1932 1285 1977 et
1327 1922 1491 1977 homo
1517 1938 1638 1978 eum
1680 1923 1806 1979 des-

228 2019 446 2070 trueret.
475 2011 683 2078 expulit
710 2010 938 2081 lapidem
967 2026 999 2067 a
1045 2011 1239 2081 lapide.
1270 2013 1442 2069 llomo
1477 2013 1605 2069 illttd
1630 2013 1757 2069 fecit
1783 2055 1799 2081 ,

230 2100 374 2157 homo
399 2100 531 2156 illud
563 2101 843 2157 destruxit.
868 2102 1064 2172 injuria
1090 2103 1148 2159 fit
1172 2102 1356 2159 Roma:
1375 2146 1391 2170 ,
1420 2104 1543 2174 quia
1567 2104 1766 2160 dicitur
1783 2148 1799 2172 ,

230 2190 406 2245 Cadit?
429 2190 548 2246 Non
571 2192 758 2248 Romae
780 2234 796 2259 ,
824 2192 918 2250 sed
942 2194 1083 2250 forte
1128 2193 1319 2262 artiﬁci
1348 2193 1484 2265 ejus.
1528 2195 1801 2252 Conditori

230 2281 335 2350 eius
378 2281 604 2338 facimus
647 2284 929 2353 iniuriam,
979 2286 1102 2356 quia
1156 2286 1416 2352 dicimus,
1448 2287 1617 2343 Roma
1643 2290 1798 2359 ruit,

228 2388 369 2442 quam
392 2374 629 2429 condidit
656 2375 953 2431 Romulus?
975 2376 1200 2434 Mundus
1214 2393 1432 2436 arsurus
1457 2388 1539 2435 est
1564 2382 1616 2449 ²,
1641 2394 1800 2451 quem

232 2465 447 2521 condidit
488 2467 655 2523 Deus.
681 2467 790 2524 Sed
820 2484 921 2525 nec
946 2470 1089 2541 quod
1115 2470 1242 2528 fecit
1265 2472 1429 2527 homo
1452 2512 1469 2540 ,
1516 2471 1622 2528 ruit
1652 2514 1668 2541 ,
1698 2472 1803 2529 nisi

232 2561 423 2630 quando
439 2561 669 2617 voluerit
685 2563 826 2620 Deus
849 2582 864 2631 ;
892 2580 993 2622 nec
1018 2565 1159 2636 quod
1180 2565 1307 2624 fecit
1328 2568 1471 2624 Deus
1487 2607 1503 2636 ,
1535 2567 1675 2635 ruit,
1698 2567 1800 2623 nisi

237 2652 424 2720 (pando
469 2653 700 2709 voluerit
740 2654 902 2710 Deus.
943 2656 997 2712 Si
1041 2657 1184 2713 enim
1229 2657 1462 2715 hominis
1498 2673 1632 2728 opus
1688 2674 1800 2715 non

237 2743 520 2809 cadit,sine
569 2746 845 2803 voluntate
869 2749 999 2815 Dei,
1050 2765 1185 2821 opus
1231 2752 1323 2807 Dei
1363 2753 1578 2824 quando
1624 2762 1803 2824 potest

239 2827 404 2883 uidere
423 2844 519 2907 per
551 2830 881 2888 voluntatem
922 2833 1156 2893 hominis
1177 2837 1203 2890 ?
1233 2836 1433 2893 Tamen
1460 2846 1514 2893 et
1541 2838 1800 2893 mundum

243 2915 350 2973 fecit
374 2920 463 2974 tibi
496 2920 637 2976 Deus
663 2936 911 2979 casurum
939 2942 956 2991 ;
986 2934 1042 2981 et
1069 2925 1190 2982 ideo
1221 2935 1270 2983 te
1295 2928 1532 2984 condidit
1572 2928 1799 2984 moritu-

242 3024 345 3066 rutn
360 3013 400 3067 ³.
427 3011 541 3084 ipse
585 3015 748 3071 homo
774 3028 1147 3077 ornamentum
1185 3021 1446 3088 civitatis,
1499 3022 1613 3091 ipse
1637 3021 1801 3078 homo

244 3103 565 3175 iubabitator,
592 3116 771 3164 rector
788 3152 805 3178 ,
835 3111 1162 3181 gubernator
1180 3113 1409 3171 civitatis
1431 3158 1447 3182 ,
1469 3116 1550 3171 sic
1569 3116 1717 3172 venit
1741 3127 1802 3173 ut

245 3206 350 3263 eat,
383 3200 454 3255 sic
476 3209 560 3256 est
586 3210 742 3259 natus
770 3213 828 3258 ut
874 3205 1131 3260 moriatur
1153 3246 1169 3269 ,
1212 3206 1289 3262 sic
1317 3216 1401 3263 est
1444 3207 1714 3279 ingressus
1741 3217 1801 3265 ut

247 3295 466 3347 transeat.
491 3292 699 3349 leum
746 3303 802 3350 et
840 3304 979 3352 terra
1009 3297 1308 3353 transibunt
1358 3298 1581 3369 (Matth.
1631 3318 1797 3371 xxrv,

244 3380 325 3451 35)
353 3401 368 3437 :
390 3384 507 3453 quid
528 3400 660 3456 ergo
679 3386 873 3441 mirum
893 3429 908 3455 ,
933 3388 978 3442 si
999 3389 1281 3459 aliquando
1296 3390 1417 3447 finis
1440 3401 1522 3447 est
1547 3377 1745 3448 civitati
1775 3395 1800 3447 ?

246 3470 438 3530 Etfotte
461 3491 567 3532 non
592 3478 755 3533 modo
782 3477 902 3535 ﬁnis
926 3488 1011 3535 est
1033 3481 1231 3537 civitati
1265 3500 1279 3537 :
1311 3491 1488 3539 tamen
1517 3484 1799 3556 aliquando

246 3560 349 3618 ﬂuis
362 3566 455 3620 erit
476 3567 815 3625 civitati.Setl
837 3584 1004 3640 quare
1029 3571 1165 3629 inter
1183 3574 1440 3629 sacrificia
1465 3573 1795 3632 Christiano—

244 3668 347 3709 rum
371 3658 494 3725 perit
540 3658 753 3714 Roma?
777 3659 955 3728 Quare
983 3663 1122 3719 inter
1152 3664 1414 3721 sacrificia
1467 3666 1795 3735 Paganorum

242 3745 356 3832 arsit
376 3758 536 3803 mater
572 3749 692 3818 ejus
722 3750 920 3821 Troja?
968 3752 1084 3820 Dii,
1124 3753 1177 3808 iu
1217 3755 1410 3826 quibus
1456 3771 1603 3826 spem
1645 3773 1795 3812 suam

242 3833 441 3892 Romani
481 3850 809 3909 posuerunt,
833 3844 1051 3899 omnino
1080 3845 1303 3900 Romani
1347 3846 1457 3913 dii,
1506 3847 1560 3901 in
1607 3847 1798 3919 quibus

237 3940 372 3993 spem
390 3929 583 4000 .Pagani
611 3932 839 3989 Romani
868 3945 1186 4005 posuerunt,
1211 3937 1278 3993 ad
1300 3938 1522 3993 Romam
1557 3939 1797 3995 conden-

236 4019 343 4072 dam
367 4021 432 4077 de
454 4023 612 4092 Troja
641 4026 855 4081 incensa
899 4028 1278 4099 migraveruut.
1326 4031 1405 4085 Dii
1435 4032 1655 4086 Romani
1697 4033 1797 4102 ipsi

235 4108 428 4165 fuerunt
452 4113 622 4182 primo
653 4115 726 4170 dii
771 4116 1007 4186 Trojani.
1044 4120 1191 4176 Arsit
1223 4120 1381 4189 Troja
1403 4162 1416 4185 ,
1445 4122 1569 4177 tulit
1595 4122 1798 4179 )Eneas

231 4198 350 4256 deos
372 4201 618 4272 fugitivos
650 4224 664 4260 :
692 4206 804 4261 imo
833 4206 949 4263 tulit
975 4208 1105 4264 deos
1127 4209 1627 4280 fugiens‘stolidos.
1661 4212 1794 4267 Por-

230 4292 325 4346 tari
366 4296 504 4351 enim
542 4313 573 4351 a
602 4296 837 4367 fugiente
857 4309 1145 4368 potuerunt
1175 4319 1187 4355 :
1219 4301 1400 4374 fugere
1443 4304 1540 4373 ipsi
1570 4321 1676 4359 non
1705 4320 1797 4375 po-

230 4387 451 4440 tuerunt.
499 4386 714 4443 Etcum
746 4388 874 4459 ipsis
899 4390 1001 4445 diis
1042 4392 1261 4447 veniens
1309 4393 1361 4447 in
1406 4394 1627 4459 Italiam,
1673 4409 1794 4451 cum

227 4471 321 4527 diis
345 4475 487 4533 falsis
507 4478 750 4534 condidit
786 4480 1032 4535 Romam.
1080 4482 1319 4552 Longum
1347 4494 1428 4538 est
1451 4494 1640 4541 cit-tera
1670 4502 1796 4556 pcr-

227 4567 401 4634 scqui:
439 4567 673 4625 breviter
718 4578 903 4627 tamen
919 4572 1063 4642 quod
1103 4573 1337 4643 ipsorum
1380 4575 1573 4630 littera:
1599 4576 1797 4631 habent

229 4670 647 4718 commemorem.
679 4663 881 4718 Auctor
926 4664 1162 4735 ipsorum
1210 4667 1457 4723 omnibus
1507 4678 1664 4725 notus
1719 4672 1797 4727 sic

229 4747 481 4818 loquitur:
518 4773 538 4807 ι
573 4753 775 4812 Urbem
801 4756 1024 4812 Romam
1044 4801 1060 4824 ,
1092 4759 1229 4814 sicut
1255 4775 1355 4830 ego
1377 4762 1583 4831 accepi,
1612 4763 1797 4819 condi-

231 4856 255 4889 t
282 4841 403 4899 dere
426 4856 585 4916 atque
610 4846 848 4904 habuere
867 4849 1019 4905 initio
1036 4850 1253 4921 Troiani
1272 4893 1287 4918 ,
1315 4853 1404 4923 qui
1426 4896 1440 4916 ,
1462 4854 1632 4910 Enea
1661 4855 1797 4913 duce

228 4953 247 4985 ί
284 4939 500 5010 profugi.
518 4941 736 4998 sedibus
765 4942 981 5000 incertis
1007 4946 1334 5015 vagabantur
1352 4966 1372 4999 ι
1401 4947 1645 5019 (Sallust.
1660 4948 1792 5005 Bell.

221 5023 364 5082 Catil.
422 5047 535 5100 cap.
582 5032 667 5102 4.)
721 5032 999 5089 Habebam
1031 5050 1160 5106 ergo
1209 5038 1339 5092 deos
1406 5053 1618 5104 secum,
1663 5054 1795 5096 con-

219 5116 459 5177 diderunt
507 5122 738 5180 Romam
787 5125 843 5180 in
892 5125 1080 5195 Latio,
1110 5137 1400 5198 posuerunt
1442 5130 1512 5186 ibi
1541 5131 1797 5188 colendos

279 5275 435 5353 Lien-4
447 5278 585 5353 ἓίτειιο
790 5289 989 5353 estis};
1000 5280 1185 5353 ὑικιιίςρ
1201 5296 1312 5347 quae
1321 5285 1399 5336 hic
1409 5287 1798 5353 inmensu'iptis

215 5337 391 5409 exstat,
413 5337 471 5388 ad
493 5341 805 5409 s‘gnifieanda
823 5337 1019 5393 rediﬂcia
1036 5337 1297 5409 praecipua,
1321 5360 1431 5409 qua:
1449 5337 1798 5402 insularum'in:

209 5401 599 5493 :‘mia
609 5401 1061 5493 ﬁgam}
1082 5401 1550 5469 proni-io'murorum
1578 5414 1793 5493 ambitu,

270 5471 424 5522 atque
450 5471 580 5534 vicus
608 5471 856 5515 tabentis.
1208 5530 1213 5535 ι
1706 5471 1725 5493 ’
1779 5471 1789 5476 ⁷

270 5522 600 5632 ξ.
618 5532 729 5588 345.,
759 5537 961 5579 casurus
981 5533 1067 5580 est.
1093 5529 1208 5580 Hinc
1223 5530 1527 5582 colbertinus
1547 5544 1793 5601 corrupte,

271 5644 292 5674 ³
311 5644 389 5692 sic
403 5644 712 5712 (lolliginum
724 5655 811 5712 pls.
839 5654 891 5699 Αι
903 5650 1041 5699 sirm.
1061 5664 1074 5700 :
1105 5659 1275 5704 Trunca
1295 5654 1530 5706 mundum
1548 5655 1637 5709 tibi
1651 5672 1792 5712 casu-

206 5704 566 5782 "1”,
585 5716 693 5780 Ῥω
714 5709 872 5782 homo
898 5720 1014 5782 εις-ι
1026 5712 1214 5782 Omissis
1228 5704 1408 5782 verbis;
1416 5704 1465 5767 Et
1483 5704 1785 5782 meum.

266 5766 289 5805 ι
310 5775 447 5819 sum
481 5768 572 5820 hoc
606 5766 790 5822 iterum
832 5766 959 5837 loco,
978 5766 1230 5840 fugitivos;
1252 5778 1332 5829 ubi

2034 787 2161 853 Gens
2183 783 2369 859 inimica
2392 787 2508 837 πηιἸή
2531 790 2831 864 Tyrrhenum
2855 795 3047 857 navigat
3063 808 3246 860 :cquor,
3532 804 3547 872 ι

2035 841 2172 890 illum
2194 858 2243 890 in
2266 846 2446 890 italiam
2467 860 2666 890 mrtan
2688 863 2937 890 vmtmmm
2961 864 3166 890 unum.“
3184 873 3196 885 ο
3533 870 3547 890 ι

2073 846 2172 893 ium
2194 846 2243 894 in
2266 846 2447 911 italiam
2467 846 2666 911 portans
2688 855 2937 911 victosque
2961 846 3167 909 Feuatés
3183 846 3211 907 ἓν
3233 846 3246 860 ’
3532 846 3552 901 ί

2342 908 2559 977 (νίνρἱιη
2584 913 2789 975 ﬁniam,
2814 908 2898 965 lib.
2926 918 2971 979 1,
2994 930 3119 974 vers.
3141 921 3223 982 67,
3242 921 3344 985 68)

1910 1036 1963 1092 id
1984 1047 2067 1093 est
2089 1080 2104 1106 ,
2135 1040 2266 1097 deos
2310 1042 2485 1100 victos
2525 1055 2745 1115 portans
2774 1063 2952 1104 secum
2983 1051 3035 1106 iu
3085 1052 3311 1108 italiam.
3378 1055 3495 1110 .lam

1909 1129 2123 1197 quando
2144 1131 2219 1186 dii
2238 1132 2291 1187 in
2321 1134 2525 1190 italiam
2552 1138 2675 1192 victi
2703 1141 3051 1209 portabantur
3068 1185 3082 1208 ,
3112 1160 3310 1199 numen
3334 1157 3452 1201 erat
3474 1188 3490 1214 ,

1910 1233 1976 1273 an
2004 1235 2163 1277 omen
2186 1225 2207 1254 ²
2232 1224 2257 1277 ?
2286 1224 2498 1297 Diligite
2525 1243 2655 1299 ergo
2683 1230 2854 1302 legem
2886 1233 3015 1300 Dei,
3043 1243 3095 1289 et
3122 1251 3226 1289 non
3252 1237 3322 1289 sit
3347 1237 3497 1291 vobis

1909 1312 2236 1369 scandalum.
2269 1317 2539 1389 Rogamus
2563 1336 2658 1377 vos
2681 1366 2697 1391 ,
2751 1324 3094 1381 obsecramus
3123 1342 3218 1381 vos
3236 1369 3251 1387 .
3301 1328 3496 1382 exhor-

1909 1409 2087 1459 tamur
2120 1420 2252 1473 vos,
2282 1417 2455 1465 estote
2483 1412 2641 1466 mites
2666 1455 2682 1479 ,
2731 1415 3098 1485 compatimini
3131 1418 3451 1487 patientibus
3476 1459 3493 1484 ,

1907 1496 2161 1565 suscipite
2181 1497 2419 1554 infirmos
2439 1510 2526 1556 :et
2545 1503 2611 1556 in‘
2629 1504 2726 1558 ista
2743 1506 3023 1562 occasione
3047 1508 3333 1562 multorum
3364 1524 3490 1578 per-

1908 1586 2212 1655 egrinorum
2239 1630 2253 1654 ,
2301 1593 2567 1661 egentium
2592 1635 2607 1659 ,
2638 1595 2992 1652 laborantium
3009 1641 3024 1666 ,
3047 1600 3280 1655 abtuidet
3308 1601 3490 1670 hospi-

1907 1675 2084 1731 talitas
2109 1687 2282 1734 vestra
2302 1722 2317 1747 ,
2349 1682 2622 1739 abundent
2646 1685 2782 1742 bona
2810 1702 2971 1759 opera
2993 1698 3190 1746 vestra.
3214 1691 3368 1759 Quod
3403 1691 3493 1761 ju-

1907 1763 1999 1821 bet
2025 1766 2266 1826 Christus
2288 1812 2303 1835 ,
2337 1772 2532 1829 faciant
2559 1774 2883 1848 Christiani,
2910 1788 2965 1860 et
2994 1790 3197 1836 tantum
3225 1796 3324 1837 suo
3354 1783 3494 1838 malo

1907 1855 2279 1929 blaSphemant
2299 1863 2495 1934 Pagani
2528 1865 2568 1919 ⁸.

2353 1977 2586 2036 SERMO
2623 1981 2865 2040 Lxxxu
2895 1989 2913 2008 ·
2941 1985 3043 2057 (α).

1906 2060 1986 2119 De
2031 2066 2193 2122 verbis
2241 2067 2508 2143 Evangelii
2555 2074 2821 2143 Mattlnei,
2851 2095 2966 2149 cap.
2997 2095 3162 2144 xvut,
3211 2080 3276 2135 15
3311 2079 3406 2147 18,
3436 2081 3494 2137 Si

1979 2161 2278 2229 peccaverit
2304 2162 2357 2218 in
2399 2172 2450 2219 te
2493 2166 2659 2222 frater
2688 2178 2807 2223 tuus
2830 2211 2844 2235 ,
2874 2172 3084 2240 corripe
3124 2187 3243 2226 eum
3276 2173 3414 2229 inter
3444 2181 3494 2228 te

1977 2262 2032 2308 et
2066 2254 2239 2323 ipsum
2291 2256 2494 2325 solum,
2525 2270 2618 2315 elo.
2652 2259 2722 2315 Et
2765 2262 2827 2316 de
2852 2262 3009 2318 verbis
3036 2263 3355 2331 Salomonis,
3384 2266 3494 2320 Au-

1977 2360 2151 2402 nuens
2181 2349 2351 2403 oculis
2377 2365 2495 2405 cum
2527 2352 2681 2418 dolo,
2711 2357 2952 2425 congerit
2976 2354 3279 2411 hominibus
3299 2359 3495 2413 maesti-

1978 2438 2104 2495 tiam
2136 2459 2150 2497 :
2177 2440 2268 2511 qui
2298 2451 2473 2498 autem
2502 2445 2677 2513 arguit
2704 2446 2907 2514 palam,
2943 2463 3124 2517 pacem
3155 2446 3297 2503 facit.
3330 2445 3488 2503 Prov.

1977 2547 2092 2597 cap.
2123 2546 2189 2595 ιι,
2236 2530 2271 2599 ᾗ
2345 2532 2446 2600 10,
2473 2551 2574 2588 sec.
2604 2534 2758 2590 LXX
2779 2536 2878 2608 (b).

1977 2622 2200 2679 CAPUT
2218 2623 2502 2682 PRIMUM.
2525 2658 2595 2667 —
2614 2628 2664 2682 1.
2689 2627 2979 2683 Observatio
3010 2630 3215 2699 prtvvia.
3244 2629 3501 2695 Festuca,

1903 2716 2015 2783 ira;
2041 2716 2225 2784 trabes,
2252 2718 2445 2773 odium.
2477 2720 2739 2776 Admonet
2759 2736 2856 2777 nos
2877 2722 3131 2777 Dominus
3162 2732 3344 2779 noster
3382 2739 3489 2777 non

1904 2808 2170 2878 negligere
2191 2807 2416 2867 invicem
2436 2819 2620 2866 nostra
2644 2822 2855 2882 peccata
2877 2855 2893 2879 ,
2923 2828 3027 2869 non
3057 2814 3347 2885 qumrendo
3365 2813 3491 2885 quid

1904 2900 2264 2974 reprehendas
2282 2944 2298 2970 ,
2331 2904 2424 2960 sed
2453 2904 2683 2961 videndo
2703 2906 2829 2975 quid
2860 2908 3116 2977 corrigas.
3147 2907 3275 2977 Ejus
3296 2908 3492 2978 quippe

1904 2991 2036 3048 dixit
2061 3002 2274 3048 acutum
2301 2995 2515 3051 oculum
2544 2995 2610 3049 ad
2632 2996 2943 3066 ejiciendum
2970 2995 3227 3052 festucam
3251 2997 3316 3052 de
3338 2998 3493 3069 oculo

1900 3080 2082 3150 fratris
2106 3085 2223 3153 sui,
2252 3086 2339 3157 qui
2367 3088 2566 3142 trabem
2600 3086 2652 3141 iu
2679 3087 2834 3143 oculo
2862 3102 2961 3142 suo
3007 3104 3113 3142 non
3146 3088 3323 3143 habet.
3356 3087 3493 3155 Quid

1902 3182 2079 3230 autem
2102 3173 2203 3229 hoc
2224 3176 2324 3241 sit,
2352 3175 2589 3231 breviter
2610 3175 2821 3230 insinuo
2847 3175 3102 3232 Charitati
3123 3186 3332 3232 vestrm.
3365 3176 3495 3231 Fes-

1903 3276 2024 3323 tuca
2054 3268 2106 3323 in
2145 3269 2332 3333 oculo,
2369 3269 2444 3323 ira
2472 3278 2553 3325 est
2583 3288 2597 3324 :
2630 3270 2806 3325 trabes
2850 3271 2901 3325 in
2934 3271 3120 3337 oculo,
3166 3272 3349 3327 odium
3388 3280 3492 3327 est.

1902 3356 2126 3427 Quando
2150 3374 2277 3429 ergo
2307 3359 2395 3429 qui
2424 3359 2536 3414 odit
2572 3360 2919 3430 reprehendit
2947 3361 3262 3417 irascentem
3286 3400 3301 3426 ,
3331 3360 3495 3416 festu-

1901 3463 2017 3504 cam
2043 3449 2159 3505 vult
2181 3449 2247 3504 de
2268 3450 2422 3505 oculo
2448 3442 2625 3507 fratris
2654 3451 2737 3506 sui
2764 3451 2949 3507 tollere
2978 3469 2991 3504 :
3025 3450 3117 3506 sed
3144 3451 3294 3505 trabe
3325 3451 3496 3518 impe-

1901 3541 2084 3604 ditur,
2116 3557 2273 3611 quam
2304 3542 2418 3611 ipse
2461 3550 2638 3611 portat
2685 3544 2736 3596 iu
2783 3543 2940 3597 oculo
2987 3556 3084 3596 suo
3114 3540 3327 3613 (Matth.
3383 3556 3490 3608 vn,

1902 3630 2048 3704 5-5).
2077 3631 2302 3688 Festuca
2332 3631 2539 3685 initium
2586 3631 2751 3686 trabis
2776 3639 2875 3686 est.
2908 3631 3042 3685 Nam
3070 3630 3247 3685 trabes
3280 3629 3493 3699 quando

1901 3722 2169 3784 nascitur,
2218 3721 2367 3791 prius
2396 3720 2598 3775 festuca
2627 3730 2728 3776 est.
2759 3720 3000 3791 Rigando
3032 3720 3283 3775 festucam
3309 3761 3325 3784 ,
3371 3735 3493 3789 per-

1901 3810 2051 3867 ducis
2094 3810 2160 3865 ad
2188 3811 2389 3866 trabem
2424 3828 2436 3865 :
2466 3811 2657 3867 alendo
2695 3812 2829 3867 iram
2852 3813 3007 3867 malis
3050 3810 3442 3882 sus;iicionibus
3472 3853 3488 3877 ,

1902 3902 2149 3973 perducis
2168 3902 2237 3958 ad
2260 3902 2466 3958 odium.

1972 3993 2197 4051 CAPUT
2221 3993 2417 4050 Il.—2.
2448 3993 2724 4049 Peccatum
2748 3997 3007 4052 irascentis
3037 4014 3055 4050 :
3083 3997 3351 4051 crudelitas
3371 3997 3488 4049 odio

1902 4085 2148 4140 habentis.
2188 4085 2411 4141 Multum
2441 4096 2617 4142 autem
2648 4086 2870 4142 interest
2917 4087 3054 4141 inter
3079 4096 3349 4156 peccatum
3383 4086 3486 4141 ira-

1901 4178 2128 4241 scentis,
2157 4186 2212 4233 ct
2258 4176 2627 4233 crudelitatem
2673 4177 2795 4232 odio
2824 4177 3083 4233 habentis.
3116 4176 3246 4230 Nam
3276 4188 3329 4232 et
3365 4177 3486 4231 filiis

1902 4269 2098 4325 nostris
2147 4268 2675 4326 irascimurzodisse
2732 4269 3023 4339 filiosquis
3078 4270 3385 4324 invenitur?
3430 4269 3486 4324 lu

1902 4359 2034 4429 ipsis
2060 4373 2271 4429 quoque
2315 4358 2598 4427 pecoribus
2627 4367 2799 4413 mater
2827 4357 3111 4428 aliquando
3154 4357 3341 4413 bucula
3397 4375 3485 4433 stt-

1902 4458 2116 4520 gentem
2149 4449 2367 4504 vitulum
2394 4448 2553 4503 tzcdio
2585 4448 2815 4518 quodam
2853 4448 3045 4504 avertit
3084 4448 3318 4504 irascens
3351 4467 3363 4502 :
3392 4447 3484 4502 sed

1899 4543 2193 4600 visceribus
2220 4543 2557 4612 amplectitur
2603 4543 2809 4596 matris.
2852 4540 3011 4610 Quasi
3057 4541 3266 4596 ta-dium
3319 4540 3484 4603 facit,

1899 4650 2019 4690 cum
2048 4633 2325 4703 impingit:
2351 4632 2605 4703 quaeritur
2631 4631 2654 4663 ‘
2677 4642 2848 4689 tamen
2865 4675 2883 4699 ,
2904 4633 2949 4687 si
2975 4632 3144 4688 deest.
3166 4633 3274 4688 Nec
3298 4633 3485 4686 damus

1899 4728 2055 4783 aliter
2078 4726 2201 4781 filiis
2228 4725 2560 4796 disciplinam
2586 4767 2602 4793 ,
2636 4726 2736 4781 nisi
2766 4725 3091 4795 aliquantum
3126 4724 3403 4780 irascendo
3430 4732 3482 4779 et

1903 4815 2263 4887 indignando:
2298 4830 2397 4871 nec
2437 4823 2615 4869 tamen
2656 4814 2908 4869 daremus
2957 4812 3328 4883 disciplinam,
3382 4812 3482 4867 uisi

1901 4907 2149 4964 amando.
2180 4905 2361 4976 lisque
2387 4905 2523 4961 adeo
2546 4920 2652 4960 non
2681 4905 2858 4960 omnis
2884 4904 2976 4974 qui
3005 4905 3252 4959 irascitur
3274 4944 3290 4967 ,
3323 4904 3480 4968 odit;

1901 5009 1960 5056 ut
1986 4998 2271 5072 aliquando
2299 4998 2466 5068 magis
2490 4996 2668 5053 odisse
2692 4997 3039 5053 convincatur
3056 5037 3073 5063 ,
3099 4997 3143 5052 si
3169 5012 3276 5051 non
3302 4996 3484 5051 irasci-

1966 5156 1983 5188 ¹
2006 5153 2307 5215 Colbertinus
2325 5160 2431 5215 Ms,
2455 5151 2772 5205 condiderunt
2803 5160 2998 5202 Romam
3013 5190 3027 5214 ,
3063 5157 3110 5203 et
3142 5149 3485 5204 constituerunt

1901 5214 2363 5284 ibicolendosdeos.
2657 5280 2669 5284 _
2696 5275 2739 5284 μ
2949 5282 2964 5284 Α
3121 5276 3148 5284 __
3239 5274 3284 5284 η

1964 5282 1985 5312 ²
2008 5277 2282 5329 sirmondus
2312 5290 2325 5326 :
2360 5289 2532 5329 nomen
2564 5280 2669 5335 erat
2696 5275 2739 5295 ⁶’
2763 5288 2920 5327 omen.
2948 5276 3217 5325 ttesareitur
3239 5274 3316 5323 hic
3347 5273 3485 5326 locus

1900 5353 1993 5405 per
2007 5339 2331 5412 Coibertjnum
2350 5345 2433 5389 Ms.
3358 5394 3369 5406 ο

1964 5403 1988 5469 ξ
2008 5401 2139 5469 Apud
2159 5408 2317 5462 sum,
2340 5406 2386 5451 et
2401 5405 2685 5469 taumatia
2703 5398 2832 5451 malo
2847 5396 3171 5462 blaspltement
3187 5404 3384 5461 rugam.
3418 5402 3479 5445 tu.

1965 5414 1988 5435 ³
2008 5414 2139 5510 apud
2159 5414 2317 5462 suum,
2340 5414 2386 5451 et
2401 5414 2685 5469 taumatia
2703 5414 2721 5450 ι

1965 5463 2044 5536 f9
2064 5469 2346 5536 smmis:
2369 5468 2604 5536 ανξιεντ·
2711 5525 2721 5536 .

1963 5525 1981 5545 ‘
2006 5519 2157 5574 Serm.
2181 5523 2261 5583 8‘2,
2283 5519 2347 5574 83
2368 5519 2421 5575 et
2438 5524 2502 5573 84
2531 5524 2763 5574 recensiti
2792 5529 2903 5572 sunt
2934 5521 2992 5569 ad
3018 5527 3122 5570 tres
3162 5519 3230 5569 bn
3274 5526 3325 5569 et
3363 5532 3479 5582 qua-

1902 5594 2009 5637 tuor
2022 5585 2084 5635 cl.
2107 5585 2169 5636 ad
2189 5598 2236 5635 a.
2254 5587 2334 5636 ob.
2350 5585 2383 5635 f.
2410 5587 2459 5635 ﬂ.
2477 5599 2525 5648 g.
2547 5584 2607 5634 lr.
2627 5598 2691 5633 ιιι.
2712 5598 2785 5647 pr.
2804 5597 2896 5632 rm.
2916 5583 2995 5632 vd.
3020 5591 3122 5631 Am.
3145 5588 3220 5631 Er.
3242 5588 3342 5631 Par.
3366 5587 3479 5632 Lor.

1983 5666 2036 5724 a)
2059 5664 2202 5724 Alias,
2222 5665 2291 5716 de
2304 5666 2480 5716 Verbis
2500 5666 2681 5717 Domini
2708 5664 2782 5716 16.
2998 5692 3003 5699 -

1983 5680 2017 5716 a
2059 5665 2202 5724 Alias,
2222 5665 2291 5716 de
2304 5666 2480 5716 Verbis
2500 5666 2681 5717 Domini
2708 5665 2782 5716 16.
2998 5692 3003 5699 ι

1897 5665 2036 5841 ωεξίέ
2057 5728 2266 5781 meminit
2285 5727 2522 5809 Possidius
2542 5728 2593 5780 in
2615 5727 2842 5792 tndiculo,
2865 5739 2971 5809 cap.
2995 5725 3046 5793 8,
3071 5737 3123 5781 et
3150 5726 3314 5781 Florus
3338 5728 3483 5781 variis

2302 5868 2492 5900 ἰν-..ο
2590 5894 2627 5906 η,
