3954 6186
429 369 529 426 507

429 492 533 533 tur.
565 479 669 534 Fac
695 478 835 544 enim
870 489 1091 545 puerum
1115 471 1325 526 vehein
1351 485 1484 541 aqua
1516 469 1750 524 numinis
1779 467 1962 522 ludere
1983 508 1999 532 ,

311 581 318 588 '
360 625 364 627 ,
427 570 580 640 cujus
604 569 800 636 impetu
857 574 1038 636 pereat
1068 582 1080 619 :
1110 571 1166 619 tu
1207 563 1253 618 si
1275 563 1420 618 vides
1451 605 1466 629 ,
1494 569 1549 618 et
1590 562 1850 631 patienter
1878 572 2000 630 per-

428 660 592 712 mittis
616 698 630 719 ,
658 655 850 721 odisti;
887 665 971 710 tua
995 655 1240 725 patientia
1264 695 1279 719 ,
1311 653 1451 708 illius
1488 667 1636 706 mors
1662 663 1763 707 cst.
1789 650 2002 718 Quanto

428 749 615 803 melius
633 756 716 801 est
733 747 776 801 si
803 746 1047 802 irasceris
1062 755 1115 801 et
1133 745 1353 814 corrigis
1372 787 1386 812 ,
1410 759 1568 814 quam
1593 757 1697 797 non
1724 739 2003 796 irascendo

430 838 647 893 interire
670 837 970 907 permittis?
993 837 1182 892 Odium
1212 851 1339 906 ergo
1363 844 1485 888 ante
1523 834 1708 887 omnia
1728 831 2000 886 vitandum

427 941 545 994 est,
595 933 771 986 trabes
819 931 885 985 de
933 933 1086 986 oculo
1137 929 1392 1000 ejicienda
1431 938 1529 983 est.
1561 927 1780 987 Multum
1804 926 2001 996 quippe

425 1020 566 1074 aliud
615 1031 698 1076 est
722 1061 738 1084 ,
789 1021 1002 1090 quando
1046 1022 1268 1090 quisque
1295 1021 1534 1078 irascens
1573 1020 1626 1074 in
1649 1019 1827 1089 aliquo
1848 1017 2004 1073 verbi

426 1112 640 1166 modum
669 1111 915 1178 excedit,
953 1112 1098 1179 quod
1125 1123 1305 1180 postea
1354 1111 1528 1166 deleat
1573 1109 1906 1180 ponitendo;
1948 1117 2006 1162 et

425 1202 569 1257 aliud
599 1212 681 1258 est
700 1243 716 1268 ,
747 1216 961 1256 servare
986 1201 1204 1257 insidias
1233 1202 1468 1257 inclusas
1495 1201 1548 1254 in
1567 1199 1750 1255 eonle.
1780 1199 2000 1253 Multum

427 1301 699 1362 postremo
724 1292 948 1347 interest
973 1290 1116 1346 inter
1138 1292 1250 1346 haec
1281 1291 1435 1346 verba
1457 1289 1746 1359 Scriptum
1771 1329 1784 1351 .
1815 1287 2002 1342 Turba.

422 1394 502 1437 tus
527 1394 598 1438 est
627 1399 734 1454 pra
760 1384 837 1437 ira
877 1384 1051 1438 oculus
1080 1401 1216 1438 meus
1245 1383 1419 1454 (Prol.
1449 1400 1534 1448 γι,
1563 1383 1639 1454 8).
1663 1383 1748 1442 De
1789 1381 1880 1435 illo
1899 1395 2000 1434 aue

423 1483 528 1528 tem
568 1473 693 1544 quid
730 1474 928 1529 dictum
957 1475 1076 1530 est?
1103 1473 1200 1540 Qui
1242 1475 1348 1528 adit
1377 1478 1584 1544 fratrem
1621 1488 1810 1536 um,
1838 1470 2003 1524 homi—

420 1563 536 1618 cida
563 1575 634 1619 est
661 1565 679 1635 (
706 1565 724 1620 Ι
762 1565 920 1620 Ιοαη.
944 1582 1031 1632 tu,
1076 1567 1189 1636 15).
1221 1566 1440 1621 Multum
1469 1566 1686 1620 interest
1712 1564 1852 1618 inter
1887 1571 2000 1616 tur-

425 1654 603 1708 batum
653 1655 886 1722 oculum,
906 1665 960 1711 ct
982 1657 1318 1712 exstinctum.
1343 1655 1564 1711 Festuca
1597 1654 1797 1716 turbat,
1822 1651 2000 1707 trabes

418 1745 726 1813 exstinguit.

493 1836 546 1888 ὃ.
581 1834 766 1890 Odium
799 1838 845 1891 ei
865 1839 951 1907 qui
980 1837 1083 1891 odit
1111 1839 1310 1908 gravius
1329 1847 1498 1904 nocet,
1530 1853 1682 1907 quam
1706 1834 2001 1890 Μανίλιος

419 1939 549 1995 ergo
569 1929 797 1994 primum
826 1927 978 1982 nobis
1010 1929 1420 1998 persuadeamus
1440 1968 1454 1991 ,
1481 1937 1537 1983 ut
1561 1927 1700 1998 quod
1720 1927 1878 1982 hodie
1902 1926 1997 1981 ad-

420 2017 605 2070 moniti
630 2031 813 2072 sumus
837 2061 852 2084 ,
881 2017 1019 2073 bene
1056 2019 1230 2075 facere
1257 2029 1416 2090 atque
1443 2019 1664 2088 implere
1697 2019 1999 2090 possimus,

419 2116 543 2161 ante
569 2109 744 2161 omnia
772 2125 874 2162 non
903 2109 1100 2164 odisse.
1126 2110 1273 2164 Tunc
1299 2111 1440 2164 enim
1461 2109 1668 2180 quando
1690 2109 1868 2165 trabes
1895 2123 2000 2164 non

417 2209 500 2255 est
530 2201 580 2254 in
611 2202 765 2255 oculo
793 2211 883 2256 tuo
903 2243 916 2266 ,
951 2201 1098 2256 vides
1128 2211 1272 2258 recte
1297 2201 1551 2273 quidquid
1579 2200 1737 2256 fuerit
1763 2201 1818 2256 in
1846 2202 2000 2256 oculo

421 2293 597 2346 fratris
618 2295 724 2361 tui;
754 2304 808 2349 et
835 2294 940 2348 vim
972 2294 1188 2364 pateris,
1219 2293 1390 2350 donec
1414 2294 1598 2364 ejicias
1625 2294 1691 2350 de
1715 2293 1869 2348 oculo
1889 2293 1998 2348 fra-

419 2387 514 2441 tris
546 2387 619 2440 tui
641 2429 656 2452 ,
687 2387 829 2457 quod
869 2387 1019 2442 vides
1050 2403 1240 2442 nocere
1278 2389 1432 2443 oculo
1463 2387 1644 2442 fratris
1672 2388 1766 2441 tui.
1797 2385 1999 2441 Lumen

418 2475 558 2545 quod
581 2478 631 2531 in
659 2492 710 2531 te
738 2489 816 2532 est
837 2519 852 2545 ,
881 2493 985 2531 non
1017 2487 1068 2532 te
1099 2478 1355 2546 permittit
1391 2478 1660 2548 negligere
1686 2477 1864 2532 lumen
1893 2476 2000 2532 fra-

419 2569 514 2619 tris
545 2567 638 2621 tui.
666 2567 796 2620 Nam
839 2567 882 2622 si
913 2567 1104 2632 odisti,
1153 2577 1206 2622 et
1251 2569 1330 2620 vis
1379 2568 1684 2638 corripere,
1736 2567 2002 2637 quomodo

419 2655 673 2710 emendas
698 2655 875 2709 lumen
896 2697 910 2720 ,
939 2657 1027 2726 qui
1059 2657 1330 2726 perdidisti
1357 2658 1576 2712 lumen?
1600 2657 1740 2712 Dixit
1779 2657 1920 2713 enim
1949 2666 2003 2712 ct

420 2747 522 2802 hoc
568 2757 751 2816 aperte
791 2747 976 2802 eadem
1023 2748 1291 2817 Scriptura
1314 2792 1328 2817 ,
1361 2751 1444 2804 ubi
1475 2751 1728 2820 scriptum
1755 2758 1870 2818 est,
1904 2749 2003 2817 Qui

420 2837 526 2890 odit
547 2840 756 2909 fratrem
771 2855 916 2892 suum
937 2880 951 2902 ,
987 2838 1236 2892 homicida
1262 2849 1350 2893 est.
1381 2841 1480 2907 Qui
1509 2839 1634 2907 odit,
1663 2841 1864 2912 inquit,
1895 2844 2004 2911 fra-

421 2937 545 2982 trem
593 2945 776 2994 suum,
808 2927 1100 2983 intenebris
1127 2939 1199 2984 est
1243 2947 1398 3002 usque
1423 2930 1591 2983 adhuc
1638 2927 1744 3003 (Id.
1799 2947 1871 2994 Il,
1922 2928 1998 3003 9).

419 3018 611 3076 Odium
633 3064 647 3085 ,
681 3021 914 3076 tenebra:
942 3031 1082 3077 sunt.
1116 3022 1229 3076 Non
1258 3032 1429 3093 potest
1472 3032 1647 3076 autem
1687 3024 1798 3078 fieri
1831 3032 1886 3078 ut
1911 3025 2002 3094 qui

421 3109 536 3164 odit
577 3111 802 3166 alterum
823 3153 837 3173 ,
864 3128 966 3166 non
999 3113 1099 3167 sibi
1133 3112 1278 3182 prius
1306 3123 1512 3168 noceat.
1551 3114 1698 3168 Illum
1733 3115 1877 3169 enim
1907 3114 2044 3208 la:-/

421 3199 549 3254 dere
577 3212 799 3256 conatur
818 3203 1170 3267 extrinsecus,
1197 3219 1254 3258 se
1276 3213 1444 3258 vastat
1467 3204 1803 3260 intrinsecus.
1825 3204 2003 3274 Quan-

409 3298 533 3354 “tum
563 3301 737 3344 autem
769 3292 976 3346 animus
1007 3300 1185 3346 noster
1209 3309 1434 3364 corpore
1461 3294 1629 3364 major
1655 3303 1768 3359 est,
1799 3304 2000 3350 tantum

421 3379 470 3433 ci
495 3381 796 3448 prosuicere
821 3381 1074 3437 debemus
1098 3424 1111 3446 ,
1140 3398 1207 3437 ne
1233 3383 1346 3453 ipse
1368 3383 1606 3438 lmdatur.
1640 3385 1806 3440 Lmdit
1825 3395 2001 3441 autem

423 3471 656 3524 animum
683 3487 854 3536 suum,
887 3473 974 3541 qui
997 3472 1107 3526 odit
1133 3471 1379 3528 alterum.
1412 3474 1476 3529 Et
1514 3475 1638 3545 quid
1669 3475 1901 3531 facturus
1921 3486 2004 3534 est

422 3564 472 3616 ei
516 3578 673 3634 quem
705 3563 850 3618 odit?
870 3565 996 3634 quid
1025 3565 1295 3621 facturus?
1321 3565 1483 3621 Tollit
1506 3568 1782 3638 pecuniam
1805 3609 1818 3631 ,
1845 3584 2000 3622 num-

423 3653 549 3720 quid
597 3653 792 3708 fidcm?
841 3655 1008 3710 Laedit
1034 3655 1226 3710 famam
1247 3697 1262 3723 ,
1305 3657 1556 3728 numquid
1583 3657 2002 3713 conscientiam?

423 3745 685 3814 Quidquid
719 3756 908 3812 nocet,
953 3748 1246 3804 forinsecus
1276 3758 1432 3804 nocet
1463 3768 1476 3803 :
1508 3750 1606 3804 sibi
1633 3750 1850 3806 attende
1875 3749 2002 3820 quid

425 3846 632 3890 noceat.
666 3836 810 3891 lntus
840 3839 979 3893 enim
1007 3839 1107 3893 sibi
1140 3839 1253 3908 ipse
1279 3839 1521 3894 inimicus
1546 3849 1647 3903 est,
1677 3841 1762 3909 qui
1791 3839 1904 3894 odit
1927 3840 2004 3894 al-

425 3934 615 3979 terum.
645 3927 748 3981 Sed
781 3928 902 3996 quia
935 3945 1036 3982 non
1074 3933 1235 3983 sentit
1272 3929 1396 4000 quid
1431 3930 1529 3983 sibi
1564 3931 1687 3984 mali
1715 3928 1908 3996 faciat,
1950 3932 2002 3986 in

423 4017 646 4070 alterum
671 4017 823 4071 saivit
841 4058 855 4082 ,
881 4034 946 4072 eo
968 4018 1312 4088 periculosius
1343 4019 1524 4074 vivens
1545 4060 1558 4082 ,
1581 4036 1684 4089 quo
1713 4035 1816 4074 non
1845 4022 2005 4075 sentit

361 4119 370 4127 '
423 4105 548 4175 quid
593 4121 772 4160 secum
800 4107 924 4160 mali
943 4109 1091 4178 agit;
1121 4108 1241 4178 quia
1269 4116 1322 4162 et
1353 4108 1617 4162 saeviendo
1643 4124 1855 4163 sensum
1882 4126 2002 4180 per-

421 4195 575 4250 didit.
600 4195 806 4252 Sarvisti
837 4198 886 4250 in
917 4199 1184 4253 inimicum
1224 4208 1370 4253 tuum
1403 4217 1414 4253 :
1441 4208 1491 4255 te
1515 4199 1765 4254 saeviente
1791 4199 1879 4256 ille
1909 4217 2006 4255 nu-

423 4285 578 4340 datus
602 4297 712 4352 est,
744 4297 799 4342 tu
826 4289 1035 4358 iniquus
1064 4305 1144 4344 es.
1166 4290 1384 4345 Multum
1412 4280 1630 4346 interest
1657 4292 1791 4346 inter
1807 4293 2003 4348 nudum

425 4387 480 4431 et
517 4379 773 4447 iniquum.
807 4379 898 4434 llle
928 4379 1156 4450 perdidit
1195 4383 1493 4450 pecuniam,
1523 4392 1578 4436 tu
1623 4385 2000 4439 innocentiam.

424 4469 614 4534 Qua're
643 4470 764 4539 quis
805 4470 1014 4538 gravius
1037 4470 1288 4525 damnum
1320 4487 1600 4544 perpessus
1626 4483 1723 4528 est.
1759 4475 1850 4529 ille
1882 4492 2000 4545 per-

425 4559 557 4610 didit
584 4575 695 4613 rem
729 4559 1014 4628 perituram
1035 4602 1050 4626 ,
1086 4571 1140 4615 tu
1169 4563 1334 4617 factus
1352 4579 1410 4618 es
1437 4565 1720 4634 periturus.

497 4649 724 4704 CAPUT
759 4649 846 4704 Ill.
881 4679 952 4690 —
992 4653 1045 4706 4.
1081 4651 1192 4717 Quo
1233 4654 1402 4708 animo
1441 4658 1598 4725 frater
1637 4657 1998 4726 corripiendus.

435 4735 697 4793 Peccatum
735 4743 786 4795 in
826 4743 1074 4796 hominem
1099 4760 1199 4797 non
1232 4748 1661 4800 contemnendum.
1694 4747 1816 4803 ideo
1838 4750 2002 4806 (lebe-

429 4847 545 4884 mus
575 4833 801 4888 amaudo
842 4836 1147 4902 corripere;
1192 4851 1295 4891 non
1340 4839 1560 4894 nocendi
1589 4839 1837 4896 aviditate
1858 4883 1874 4909 ,
1908 4843 2001 4898 sed

425 4921 600 4976 studio
628 4925 945 4994 corrigendi.
977 4925 1133 4981 Tales
1171 4927 1214 4981 si
1248 4926 1532 4995 fuerimus,
1559 4931 1756 5000 Optime
1783 4930 2001 4988 facimus

422 5013 566 5083 quod
594 5013 750 5068 hodie
777 5015 1031 5070 admoniti
1054 5034 1234 5072 sumus
1267 5037 1278 5071 :
1318 5019 1378 5074 Si
1415 5021 1685 5090 peccaverit
1707 5022 1758 5076 in
1782 5031 1829 5076 te
1846 5023 2003 5092 frater

424 5115 570 5169 tuus,
593 5107 786 5175 corripe
805 5105 946 5160 illaut
967 5107 1095 5162 inter
1121 5117 1167 5162 te
1189 5119 1235 5162 et
1260 5109 1424 5179 ipsum
1450 5111 1632 5164 solum.
1658 5111 1832 5182 Quare
1854 5113 1999 5168 illum

423 5195 672 5263 corripis?
691 5195 821 5262 Quia
851 5205 901 5251 te
925 5196 1078 5251 doles
1099 5198 1140 5260 ί,
1161 5199 1300 5270 quod
1330 5201 1625 5267 peccaverit
1642 5201 1694 5255 in
1718 5203 1805 5256 te?
1825 5203 1997 5258 Absit.

425 5284 481 5338 Si
503 5302 684 5341 amore
713 5289 784 5341 tui
817 5288 866 5341 id
890 5287 1041 5353 facis,
1071 5289 1202 5344 nihil
1229 5289 1375 5346 facis.
1407 5291 1462 5346 Si
1483 5307 1665 5348 amore
1691 5294 1830 5349 illius
1851 5294 1998 5362 facis,

422 5376 622 5442 optime
664 5375 814 5432 facis.
864 5377 1104 5448 Denique
1126 5379 1184 5432 in.
1206 5379 1337 5449 ipsis
1375 5381 1552 5437 verbis
1576 5383 1818 5450 attende,
1850 5385 2000 5454 cujus

423 5481 607 5521 amore
636 5466 686 5522 id
715 5466 890 5524 facere
934 5469 1130 5526 debeas
1151 5511 1166 5538 ,
1199 5481 1372 5528 utrum
1403 5473 1476 5527 tui
1497 5514 1511 5538 ,
1542 5487 1608 5530 an
1646 5475 1808 5532 illius.
1851 5477 1920 5532 Si.
1954 5489 2002 5533 te

423 5557 672 5620 audierit,
713 5559 914 5628 inquit,
947 5561 1166 5616 tuantur
1197 5579 1248 5617 es
1282 5567 1486 5633 fratrem
1519 5572 1678 5619 tutum.
1709 5566 1851 5638 Ergo
1879 5585 2001 5639 pro-

427 5654 543 5712 pter
569 5647 710 5702 illum
744 5649 850 5715 fac,
884 5659 941 5706 ut
968 5651 1188 5709 lucraris
1215 5653 1382 5712 iﬂum.
1407 5655 1464 5712 Si
1491 5655 1730 5714 faciendo
1756 5657 1994 5728 humari“.

494 5742 505 5768 ί
532 5734 608 5783 Er.
631 5738 775 5796 Lugd.
803 5747 859 5789 et
875 5748 1016 5802 ven.,
1037 5743 1150 5804 quia
1168 5748 1220 5792 tu
1243 5743 1390 5796 dotes.
1457 5752 1507 5794 st.

1619 357 1675 412 S.
1718 351 2077 409 AllGllSTlNl
2122 350 2420 408 EPISCOPI

3588 357 3700 414 508

2108 465 2206 519 nisi
2250 465 2466 520 fecisses
2513 465 2760 535 perierat.
2801 467 2938 535 Quid
2981 475 3064 524 est
3110 483 3238 540 ergo
3271 469 3412 540 quod
3451 472 3699 544 plerique

2108 557 2351 614 homines
2398 558 2496 613 ista
2539 567 2751 628 peccata
2790 571 3171 629 contemnunt,
3213 572 3266 618 et
3305 561 3526 630 dicunt,
3551 566 3698 633 Quid

2107 663 2354 718 magnum
2377 644 2516 703 feci?
2538 649 2588 704 in
2615 650 2886 707 hominem
2911 652 3147 722 peccavi.
3183 652 3299 709 Noli
3325 666 3694 714 contemnere.

2109 738 2164 792 In
2210 738 2474 794 hominem
2505 741 2731 810 peccasti
2779 760 2791 795 :
2834 743 2921 798 vis
2952 758 3112 799 nosse
3150 745 3272 816 quia
3316 745 3368 800 in
3421 745 3696 805 hominem

2108 831 2373 900 peccando
2403 833 2624 901 peristi?
2649 833 2714 889 Si
2737 843 2786 890 te
2819 835 2909 890 ille
2938 837 2988 891 in
3016 853 3172 907 quem
3215 839 3445 907 peccasti
3467 882 3481 902 ,
3521 841 3696 896 corti-

2109 924 2279 992 puerit
2308 925 2445 978 inter
2475 934 2524 980 te
2552 935 2606 978 et
2632 926 2801 995 ipsum
2828 928 2996 981 solum
3017 970 3031 994 ,
3057 941 3108 983 et
3135 929 3366 985 audieris
3391 914 3540 986 ihum
3560 974 3586 998 ,.
3606 933 3694 988 lu-

2105 1022 2285 1068 cratus
2303 1022 2392 1069 est
2415 1023 2482 1070 te.
2515 1015 2649 1084 Quid
2680 1026 2792 1084 est,
2811 1017 3043 1073 lucratus
3067 1028 3148 1074 est
3174 1029 3259 1086 te;
3295 1022 3393 1075 nisi
3415 1022 3536 1092 quia
3563 1039 3692 1094 per-

2107 1105 2245 1160 ieras
2265 1148 2280 1172 ,
2308 1106 2352 1160 si
2408 1121 2512 1162 non
2539 1109 2832 1164 lucraretur
2871 1119 2921 1164 te
2940 1111 2982 1165 ἓν
3001 1111 3148 1167 Nam-
3173 1112 3232 1166 si:
3262 1127 3366 1168 non
3413 1115 3689 1183 perieras.

2104 1197 2371 1265 quomodo
2422 1206 2476 1252 te
2517 1198 2754 1252 lucratus
2797 1201 2920 1254 est?
2957 1199 3146 1254 Nemo
3171 1217 3300 1272 ergo
3341 1212 3697 1270 contemnat,

2105 1287 2315 1356 quando
2359 1298 2542 1356 peccat
2586 1289 2637 1343 in
2681 1289 2918 1344 fratrem.
2968 1289 3056 1345 Ait
3109 1292 3247 1346 enim
3295 1293 3522 1362 quodam
3569 1295 3702 1350 loco

2106 1379 2418 1446 Apostolus,
2456 1379 2554 1434 Sic
2571 1390 2739 1436 autem
2764 1382 3094 1452 peccantes‘in
3119 1387 3324 1452 fratres,
3349 1386 3692 1454 ctpcrcaticrs-

2106 1479 2178 1524 tes
2205 1472 2558 1525 conscientiam
2586 1489 2758 1526 eorum
2786 1474 3076 1542 infirmam,
3118 1475 3450 1529 iri-Christum
3475 1478 3702 1547 peccatis

2106 1562 2146 1635 (1
2173 1563 2290 1618 Cor.
2328 1581 2418 1618 vtu
2441 1605 2456 1627 ,
2487 1565 2574 1635 12)
2605 1583 2622 1619 :-
2657 1565 2776 1619 ideo
2819 1565 2941 1637 quia
2986 1565 3228 1620 membra
3265 1564 3462 1622 Christi
3499 1581 3702 1623 omnes-

2105 1653 2225 1707 facti
2256 1668 2459 1708 sumus.
2487 1653 2764 1720 Quomodo
2797 1669 2902 1708 non
2931 1668 3119 1724 peccas
3157 1654 3214 1709 in
3238 1653 3508 1711 Christum
3534 1698 3550 1725 ,
3596 1656 3705 1727 qui:

2104 1758 2291 1812 peccas
2321 1743 2374 1796 in
2405 1743 2700 1798 membrum
2725 1744 2962 1799 Christi?

2173 1832 2226 1887 5.
2271 1829 2440 1904 Hujus
2507 1834 2701 1904 peccati
2749 1835 3048 1888 remedium.
3097 1837 3264 1891 Nemo
3335 1851 3470 1907 ergo
3505 1835 3702 1902 dicat,

2103 1923 2222 1993 quia
2251 1939 2355 1978 non
2384 1925 2595 1994 peccavi
2618 1926 2669 1980 in
2704 1926 2891 1992 Deum,
2915 1927 3006 1982 sed
3035 1929 3245 1998 peccavi
3276 1930 3327 1983 in
3357 1928 3593 1995 fratrem,
3625 1929 3680 1982 in

2104 2015 2372 2070 hominem
2419 2017 2676 2086 peccavi:
2707 2017 2825 2072 leve
2865 2026 3139 2088 peccatum
3191 2028 3306 2086 est,
3354 2020 3437 2074 vel
3483 2020 3702 2074 nolimu-

2103 2115 2378 2175 peccatum
2421 2117 2520 2161 est.
2549 2107 2710 2163 Forte
2753 2108 2878 2163 inde
2914 2109 3068 2174 dicis,
3099 2108 3238 2164 Leve
3275 2118 3376 2175 est,
3420 2109 3540 2179 quia
3580 2108 3705 2164 citoa

2104 2206 2337 2252 curatur.
2372 2198 2687 2254 Peccasti-‘in
2721 2198 2934 2255 fratrem
2959 2217 2974 2253 :
3003 2199 3085 2255 fac
3111 2201 3259 2268 satis,
3291 2209 3345 2255 et
3363 2210 3577 2254 sanatus
3604 2215 3687 2254 es.

2109 2285 2226 2340 Cito
2259 2287 2426 2343 fecisti
2458 2288 2787 2345 mortiferam
2813 2305 2948 2355 rem,
2977 2290 3075 2346 sed
3098 2290 3388 2346 remedium
3411 2291 3517 2344 cito
3543 2289 3690 2344 inve.

2105 2377 2250 2431 nisti.
2281 2377 2411 2444 Quis
2455 2387 2694 2434 nostrum
2735 2389 2914 2451 speret
2942 2395 3160 2452 regnum
3191 2381 3468 2447 ctelorum,
3498 2380 3689 2436 intres

2107 2469 2230 2533 mei,
2261 2469 2472 2538 quando
2497 2469 2629 2525 dicit
2653 2470 3016 2542 Evangelium,
3048 2471 3147 2537 Qui
3175 2472 3360 2526 dixerit
3387 2473 3534 2543 fratri
3572 2488 3686 2531 suo.

2107 2556 2294 2625 Fatue,
2330 2574 2446 2614 reus
2486 2560 2581 2614 erit
2604 2561 2844 2631 geltcrtna
2881 2562 3050 2632 ignis?
3086 2562 3305 2632 lagons
3348 2572 3552 2627 terror;
3593 2563 3689 2618 sed

2105 2649 2226 2704 vide
2257 2651 2326 2704 ibi
2347 2651 2647 2707 remedium
2677 2672 2689 2707 :
2720 2654 2784 2709 Si
2798 2655 3038 2709 obtuleris
3057 2671 3238 2709 manus
3259 2666 3398 2709 tuum
3419 2657 3487 2708 ad
3505 2657 3698 2721 altare,

2105 2750 2152 2793 et
2180 2740 2251 2793 ibi
2281 2742 2574 2796 recordatus
2615 2743 2789 2815 fuerit,
2817 2746 2934 2816 quia
2967 2744 3125 2814 frater
3163 2755 3278 2798 tuus
3315 2745 3462 2799 habet
3497 2746 3704 2814 aliquid-

2104 2835 2368 2885 aduersunt
2397 2841 2478 2894 te;
2503 2832 2727 2903 retiaque
2751 2835 2820 2888 ibi
2849 2851 3032 2889 munus
3051 2844 3192 2888 tuam
3217 2843 3335 2889 ante
3359 2836 3536 2889 altare.
3571 2835 3687 2890 Non

2107 2923 2350 2978 irascitur
2370 2924 2510 2980 Deus
2537 2925 2658 2993 quia
2694 2921 2876 2981 differs
2902 2926 3176 2997 imponere
3199 2941 3393 2981 manus
3423 2937 3568 2981 tuum
3592 2945 3605 2979 :
3635 2935 3707 2983 te

2105 3013 2296 3082 quierit
2319 3013 2464 3068 Deus
2486 3015 2654 3086 magis
2673 3029 2828 3085 qmm
2857 3028 3047 3072 manus
3079 3025 3244 3072 tuum.
3270 3016 3397 3071 Nam
3419 3019 3466 3071 si
3492 3017 3703 3072 malum.

2104 3105 2339 3159 animum
2389 3119 2579 3176 gerens
2633 3107 2888 3164 adversus
2934 3109 3152 3164 fratrem
3200 3120 3368 3175 tuum,
3411 3111 3691 3167 adveneris

2104 3210 2226 3251 cum
2255 3213 2472 3254 munere
2487 3198 2554 3252 ad
2582 3200 2746 3254 Deum
2779 3212 2946 3266 tuum,
2979 3203 3264 3272 respondet
3289 3204 3379 3257 tibi
3406 3219 3420 3256 :
3448 3203 3531 3258 Tu
3558 3219 3682 3274 per—

2105 3287 2212 3352 isti,
2259 3288 2386 3341 mihi
2427 3288 2552 3358 quid
2590 3291 2851 3345 attulisti?
2878 3291 3052 3347 06ers
3091 3306 3288 3347 munus
3339 3304 3507 3360 tuum,
3547 3303 3602 3350 et
3632 3305 3704 3362 tu,

2107 3394 2212 3433 non
2252 3362 2314 3435 es
2338 3395 2526 3436 munus
2553 3380 2667 3437 Dei.
2700 3383 2823 3439 Plus
2847 3385 3037 3454 quaerit
3061 3383 3304 3440 Christus
3339 3400 3494 3455 quem
3535 3387 3689 3443 redeo

2108 3469 2205 3523 mit
2240 3471 2496 3540 muguine
2521 3487 2640 3538 suo,
2680 3488 2839 3544 quam
2870 3475 3009 3544 quod
3051 3484 3108 3530 tu
3136 3476 3380 3530 invenisti
3408 3477 3460 3530 in
3495 3476 3690 3533 horreo

2109 3569 2218 3614 tuo.
2243 3560 2381 3629 Ergo
2409 3561 2632 3633 relinque
2658 3563 2724 3617 ibi
2753 3581 2933 3619 munus
2961 3573 3102 3619 tuum
3128 3576 3246 3620 ante
3279 3567 3455 3632 altare,
3498 3577 3546 3622 c:
3569 3568 3694 3623 t-adc

2107 3650 2250 3719 prius
2279 3652 2590 3706 reconciliari
2615 3656 2762 3724 fratri
2784 3665 2867 3708 tuo
2885 3671 2904 3719 ,°
2921 3665 2970 3710 et
2997 3656 3070 3709 sic
3094 3657 3293 3711 veniens
3312 3655 3490 3723 offeres
3511 3671 3692 3713 manus

2107 3749 2247 3792 tuum
2295 3739 2506 3812 (Matth.
2549 3758 2602 3809 ν,
2642 3743 2859 3817 22-24).
2907 3744 3047 3800 Ecce
3089 3745 3180 3801 ille
3215 3756 3394 3801 reatus
3433 3746 3695 3822 gehennae

2105 3845 2264 3899 quam
2309 3831 2415 3886 cito
2459 3834 2666 3890 solutus
2709 3844 2810 3890 est.
2853 3835 3100 3891 Nondum
3142 3837 3534 3901 reconciliatus,
3573 3852 3692 3893 eras

2105 3921 2363 3992 gehennae
2412 3939 2536 3979 reus
2575 3928 3010 3996 :reconciliatus,
3057 3942 3277 3984 securus
3302 3928 3464 3983 oﬂers
3500 3943 3693 3984 mimus

2109 4021 2254 4067 tuum
2279 4013 2345 4068 ad
2375 4014 2567 4070 altare.
3499 4028 3506 4033 ’

2176 4105 2400 4161 CAPUT
2439 4105 2527 4162 IV.
2553 4107 2695 4164 —-6.
2740 4109 2874 4176 Quid
2913 4126 3062 4182 agerc
3109 4115 3302 4181 debeat,
3344 4118 3430 4185 qui
3453 4117 3704 4188 injuriam

2109 4212 2286 4264 passus
2344 4205 2437 4251 est.
2493 4197 2746 4255 Homines
2805 4210 2981 4256 autem
3043 4203 3227 4260 faciles
3274 4215 3397 4261 sunt
3431 4207 3497 4260 ad
3556 4208 3690 4263 irro-

2105 4287 2306 4356 gandas
2343 4287 2580 4356 injurias,
2636 4299 2690 4345 et
2736 4290 2980 4349 difficiles
3014 4295 3080 4349 ad
3124 4296 3461 4352 concordiam
3507 4299 3689 4370 requi-

2108 4377 2346 4432 rendam.
2397 4379 2546 4444 Pete,
2584 4381 2771 4450 inquit,
2803 4382 3012 4438 veniam
3051 4385 3118 4440 ab
3148 4388 3362 4442 homine
3399 4404 3557 4459 quem
3604 4390 3690 4444 of-

2108 4465 2343 4533 fendisti,
2385 4467 2452 4522 ab
2497 4470 2710 4526 homine
2751 4487 2907 4540 quem
2955 4473 3155 4531 laesisti.
3196 4475 3541 4546 Respondet:
3572 4479 3687 4533 Non

2107 4571 2192 4611 me
2221 4557 2525 4612 humiliabo.
2554 4557 2649 4614 Vel
2681 4561 2846 4615 Deum
2875 4570 3022 4617 tuum
3047 4564 3190 4632 audi,
3223 4566 3266 4620 si
3299 4563 3516 4622 fratrem
3540 4578 3705 4624 tuum-

2105 4649 2404 4703 contemnis
2429 4667 2442 4703 :
2466 4647 2566 4715 Qui
2591 4666 2646 4704 se
2668 4651 2917 4720 Itumiliat,
2939 4655 3240 4709 excitabitur
3264 4655 3411 4726 (Luc.
3444 4674 3552 4724 xlv,
3576 4660 3684 4732 11).

2107 4736 2224 4792 Non
2251 4740 2333 4794 vis
2371 4747 2422 4794 te
2462 4740 2744 4796 humiliore
2768 4745 2856 4813 qui
2897 4744 3176 4800 cecidisti?
3203 4746 3423 4802 Multum
3467 4750 3690 4805 interest

2107 4829 2247 4885 inter
2268 4845 2328 4886 se
2354 4831 2720 4888 humiliantem
2748 4842 2804 4888 et
2830 4835 3267 4905 interiacentem.
3299 4839 3414 4894 Jam
3435 4841 3600 4910 jaces,
3634 4847 3712 4898 et‘

2108 4919 2383 4977 humiliare
2405 4931 2457 4977 te
2480 4937 2586 4978 non
2608 4923 2723 4978 vis?
2748 4924 2892 4982 Bene
2914 4925 3140 4995 diceres,
3163 4928 3295 4984 Nolo
3323 4930 3686 4998 descendere;

2105 5012 2149 5068 si
2176 5013 2440 5068 noluisses
2463 5030 2636 5070 ruere.

2179 5105 2230 5158 7.
2271 5102 2417 5158 Idem
2475 5114 2722 5160 tractatur
2759 5117 3126 5179 argumentum.
3183 5110 3302 5167 Hoc
3345 5125 3473 5183 ergo
3527 5113 3687 5171 debet

2106 5192 2312 5260 facere,
2366 5195 2453 5265 qui
2500 5195 2624 5252 fecit
2675 5197 2939 5268 injuriam.
2981 5200 3080 5267 Qui
3123 5211 3300 5258 autem
3350 5219 3535 5274 passus
3581 5217 3678 5272 est,

2104 5285 2228 5354 quid
2267 5285 2464 5340 debet?
2496 5287 2654 5353 Quod
2705 5289 3001 5346 audivimus
3054 5291 3211 5348 hodie
3254 5310 3268 5347 :
3302 5293 3362 5350 Si
3413 5298 3695 5365 peccaverit

2117 5376 2169 5438 in
2201 5389 2246 5432 te
2289 5382 2443 5449 frater
2485 5389 2619 5448 tuus,
2659 5381 2856 5452 corripe
2893 5399 3008 5436 eum
3045 5385 3174 5438 inter
3223 5393 3272 5440 te
3311 5395 3357 5439 et
3402 5387 3572 5453 ipsum
3603 5403 3680 5442 ao-

2107 5465 2231 5520 tum.
2273 5467 2330 5523 Si
2373 5470 2689 5539 neglexeris.
2746 5471 2896 5541 pejor
2931 5487 3009 5527 es.
3064 5469 3156 5528 ille
3184 5474 3428 5546 injuriam
3460 5475 3605 5543 fecit,
3627 5488 3684 5536 et

2107 5559 2352 5629 injuriam
2383 5559 2622 5616 faciendo
2659 5563 2806 5632 gravi
2835 5577 2894 5618 se
2923 5564 3094 5634 ipsum
3125 5565 3343 5622 vulnere
3381 5569 3640 5637 percussit
3669 5587 3683 5623 :

2107 5661 2161 5706 tu
2184 5652 2378 5706 vulnus
2401 5650 2580 5708 fratris
2608 5655 2680 5708 tui
2704 5657 3043 5711 contemnis?
3067 5652 3144 5712 'l'u
3169 5673 3290 5714 eum
3317 5659 3462 5716 vides
3488 5661 3682 5730 perire.

2110 5743 2191 5798 vel
2223 5743 2443 5811 perisse,
2488 5755 2540 5801 et
2571 5747 2825 5816 ποειΙὶιὶδῖ
2857 5749 3009 5818 Pejor
3033 5762 3092 5805 es
3126 5751 3367 5820 tacendo,
3408 5768 3565 5822 quam
3596 5753 3684 5807 ille
