  <div class='ocr_page' id='page_1' title='image "/cluster/home/n/w/nwhite01/storage/ocr_20150623/38/hvd.32044096580600/260.png"; bbox 0 0 3922 6192; ppageno 0'>
   <div class='ocr_carea' id='block_1_1' title="bbox 219 347 325 403">
    <p class='ocr_par' dir='ltr' id='par_1_1' title="bbox 219 347 325 403">
     <span class='ocr_line' id='line_1_1' title="bbox 219 347 325 403; baseline 0 0"><span class='ocrx_word' id='word_1_1' title='bbox 219 347 325 403; x_wconf 69' lang='lat' dir='ltr'><strong>5E9</strong></span> 
     </span>
    </p>
   </div>
   <div class='ocr_carea' id='block_1_2' title="bbox 221 457 1800 530">
    <p class='ocr_par' dir='ltr' id='par_1_2' title="bbox 221 457 1800 530">
     <span class='ocr_line' id='line_1_2' title="bbox 221 457 1800 530; baseline -0.001 -15"><span class='ocrx_word' id='word_1_2' title='bbox 221 457 586 515; x_wconf 78' lang='lat' dir='ltr'><strong>conviciando.</strong></span> <span class='ocrx_word' id='word_1_3' title='bbox 611 457 838 526; x_wconf 64' lang='lat' dir='ltr'><strong>Qitnndo</strong></span> <span class='ocrx_word' id='word_1_4' title='bbox 875 474 1000 530; x_wconf 81' lang='lat' dir='ltr'><strong>ergo</strong></span> <span class='ocrx_word' id='word_1_5' title='bbox 1035 460 1088 514; x_wconf 87' lang='lat' dir='ltr'><strong>in</strong></span> <span class='ocrx_word' id='word_1_6' title='bbox 1115 474 1222 514; x_wconf 75' lang='lat' dir='ltr'><strong>nos</strong></span> <span class='ocrx_word' id='word_1_7' title='bbox 1241 460 1427 530; x_wconf 79' lang='lat' dir='ltr'><strong>aliquis</strong></span> <span class='ocrx_word' id='word_1_8' title='bbox 1454 468 1658 528; x_wconf 83' lang='lat' dir='ltr'><strong>peccat,</strong></span> <span class='ocrx_word' id='word_1_9' title='bbox 1701 458 1800 514; x_wconf 81' lang='lat' dir='ltr'><strong>ha-</strong></span> 
     </span>
    </p>
   </div>
   <div class='ocr_carea' id='block_1_3' title="bbox 223 550 1800 620">
    <p class='ocr_par' dir='ltr' id='par_1_3' title="bbox 223 550 1800 620">
     <span class='ocr_line' id='line_1_3' title="bbox 223 550 1800 620; baseline -0.001 -14"><span class='ocrx_word' id='word_1_10' title='bbox 223 550 440 606; x_wconf 81' lang='lat' dir='ltr'><strong>beamus</strong></span> <span class='ocrx_word' id='word_1_11' title='bbox 460 564 712 619; x_wconf 79' lang='lat' dir='ltr'><strong>magnam</strong></span> <span class='ocrx_word' id='word_1_12' title='bbox 739 565 945 618; x_wconf 79' lang='lat' dir='ltr'><strong>curam,</strong></span> <span class='ocrx_word' id='word_1_13' title='bbox 975 566 1082 606; x_wconf 88' lang='lat' dir='ltr'><strong>non</strong></span> <span class='ocrx_word' id='word_1_14' title='bbox 1117 567 1211 620; x_wconf 85' lang='lat' dir='ltr'><strong>pro</strong></span> <span class='ocrx_word' id='word_1_15' title='bbox 1241 550 1420 616; x_wconf 85' lang='lat' dir='ltr'><strong>nobis;</strong></span> <span class='ocrx_word' id='word_1_16' title='bbox 1460 565 1582 605; x_wconf 81' lang='lat' dir='ltr'><strong>nam</strong></span> <span class='ocrx_word' id='word_1_17' title='bbox 1609 550 1800 620; x_wconf 73' lang='lat' dir='ltr'><strong>glorio-</strong></span> 
     </span>
    </p>
   </div>
   <div class='ocr_carea' id='block_1_4' title="bbox 223 640 1798 712">
    <p class='ocr_par' dir='ltr' id='par_1_4' title="bbox 223 640 1798 712">
     <span class='ocr_line' id='line_1_4' title="bbox 223 640 1798 712; baseline 0 -16"><span class='ocrx_word' id='word_1_18' title='bbox 223 657 332 696; x_wconf 87' lang='lat' dir='ltr'><strong>sum</strong></span> <span class='ocrx_word' id='word_1_19' title='bbox 372 651 457 696; x_wconf 68' lang='lat' dir='ltr'><strong>at</strong></span> <span class='ocrx_word' id='word_1_20' title='bbox 491 640 720 712; x_wconf 84' lang='lat' dir='ltr'><strong>injurias</strong></span> <span class='ocrx_word' id='word_1_21' title='bbox 753 641 990 697; x_wconf 78' lang='lat' dir='ltr'><strong>oblivisci</strong></span> <span class='ocrx_word' id='word_1_22' title='bbox 1019 660 1032 694; x_wconf 92' lang='lat'>:</span> <span class='ocrx_word' id='word_1_23' title='bbox 1059 642 1155 696; x_wconf 85' lang='lat' dir='ltr'><strong>sed</strong></span> <span class='ocrx_word' id='word_1_24' title='bbox 1196 641 1509 698; x_wconf 83' lang='lat' dir='ltr'><strong>obliviscere</strong></span> <span class='ocrx_word' id='word_1_25' title='bbox 1554 640 1798 710; x_wconf 84' lang='lat' dir='ltr'><strong>injuriam</strong></span> 
     </span>
    </p>
   </div>
   <div class='ocr_carea' id='block_1_5' title="bbox 223 731 1799 802">
    <p class='ocr_par' dir='ltr' id='par_1_5' title="bbox 223 731 1799 802">
     <span class='ocr_line' id='line_1_5' title="bbox 223 731 1799 802; baseline -0.001 -15"><span class='ocrx_word' id='word_1_26' title='bbox 223 743 382 798; x_wconf 76' lang='lat' dir='ltr'><strong>tuam,</strong></span> <span class='ocrx_word' id='word_1_27' title='bbox 413 747 525 785; x_wconf 77' lang='lat' dir='ltr'><strong>non</strong></span> <span class='ocrx_word' id='word_1_28' title='bbox 554 731 749 788; x_wconf 80' lang='lat' dir='ltr'><strong>vulnus</strong></span> <span class='ocrx_word' id='word_1_29' title='bbox 786 731 964 787; x_wconf 87' lang='lat' dir='ltr'><strong>fratris</strong></span> <span class='ocrx_word' id='word_1_30' title='bbox 991 733 1086 786; x_wconf 86' lang='lat' dir='ltr'><strong>tui.</strong></span> <span class='ocrx_word' id='word_1_31' title='bbox 1124 733 1266 802; x_wconf 83' lang='lat' dir='ltr'><strong>Ergo</strong></span> <span class='ocrx_word' id='word_1_32' title='bbox 1305 733 1500 801; x_wconf 83' lang='lat' dir='ltr'><strong>corripe</strong></span> <span class='ocrx_word' id='word_1_33' title='bbox 1524 748 1639 785; x_wconf 89' lang='lat' dir='ltr'><strong>eum</strong></span> <span class='ocrx_word' id='word_1_34' title='bbox 1670 732 1799 785; x_wconf 86' lang='lat' dir='ltr'><strong>inter</strong></span> 
     </span>
    </p>
   </div>
   <div class='ocr_carea' id='block_1_6' title="bbox 223 821 1795 891">
    <p class='ocr_par' dir='ltr' id='par_1_6' title="bbox 223 821 1795 891">
     <span class='ocr_line' id='line_1_6' title="bbox 223 821 1795 891; baseline 0 -15"><span class='ocrx_word' id='word_1_35' title='bbox 223 833 266 876; x_wconf 88' lang='lat' dir='ltr'><strong>te</strong></span> <span class='ocrx_word' id='word_1_36' title='bbox 307 830 354 876; x_wconf 78' lang='lat' dir='ltr'><strong>et</strong></span> <span class='ocrx_word' id='word_1_37' title='bbox 393 821 570 891; x_wconf 75' lang='lat' dir='ltr'><strong>ipsum</strong></span> <span class='ocrx_word' id='word_1_38' title='bbox 611 821 796 887; x_wconf 79' lang='lat' dir='ltr'><strong>solum,</strong></span> <span class='ocrx_word' id='word_1_39' title='bbox 839 821 1120 876; x_wconf 85' lang='lat' dir='ltr'><strong>intendens</strong></span> <span class='ocrx_word' id='word_1_40' title='bbox 1156 823 1525 885; x_wconf 71' lang='lat' dir='ltr'><strong>correctioni‘,</strong></span> <span class='ocrx_word' id='word_1_41' title='bbox 1572 836 1795 890; x_wconf 82' lang='lat' dir='ltr'><strong>parcens</strong></span> 
     </span>
    </p>
   </div>
   <div class='ocr_carea' id='block_1_7' title="bbox 226 911 1792 984">
    <p class='ocr_par' dir='ltr' id='par_1_7' title="bbox 226 911 1792 984">
     <span class='ocr_line' id='line_1_7' title="bbox 226 911 1792 984; baseline 0.003 -19"><span class='ocrx_word' id='word_1_42' title='bbox 226 912 422 983; x_wconf 81' lang='lat' dir='ltr'><strong>pudori.</strong></span> <span class='ocrx_word' id='word_1_43' title='bbox 441 911 496 966; x_wconf 67' lang='grc' dir='ltr'><em>ε</em></span> <span class='ocrx_word' id='word_1_44' title='bbox 500 921 623 969; x_wconf 85' lang='lat' dir='ltr'><strong>orte</strong></span> <span class='ocrx_word' id='word_1_45' title='bbox 643 913 785 968; x_wconf 88' lang='lat' dir='ltr'><strong>enim</strong></span> <span class='ocrx_word' id='word_1_46' title='bbox 814 929 921 983; x_wconf 76' lang='lat' dir='ltr'><strong>pra:</strong></span> <span class='ocrx_word' id='word_1_47' title='bbox 948 913 1261 970; x_wconf 79' lang='lat' dir='ltr'><strong>verecundia</strong></span> <span class='ocrx_word' id='word_1_48' title='bbox 1300 914 1483 984; x_wconf 86' lang='lat' dir='ltr'><strong>incipit</strong></span> <span class='ocrx_word' id='word_1_49' title='bbox 1507 912 1792 970; x_wconf 78' lang='lat' dir='ltr'><strong>defendere</strong></span> 
     </span>
    </p>
   </div>
   <div class='ocr_carea' id='block_1_8' title="bbox 225 1005 1792 1074">
    <p class='ocr_par' dir='ltr' id='par_1_8' title="bbox 225 1005 1792 1074">
     <span class='ocr_line' id='line_1_8' title="bbox 225 1005 1792 1074; baseline 0.004 -18"><span class='ocrx_word' id='word_1_50' title='bbox 225 1011 488 1074; x_wconf 83' lang='lat' dir='ltr'><strong>peccatum</strong></span> <span class='ocrx_word' id='word_1_51' title='bbox 511 1018 692 1068; x_wconf 85' lang='lat' dir='ltr'><strong>suum,</strong></span> <span class='ocrx_word' id='word_1_52' title='bbox 719 1012 774 1058; x_wconf 89' lang='lat' dir='ltr'><strong>et</strong></span> <span class='ocrx_word' id='word_1_53' title='bbox 797 1019 954 1072; x_wconf 92' lang='lat' dir='ltr'><strong>quem</strong></span> <span class='ocrx_word' id='word_1_54' title='bbox 985 1005 1064 1058; x_wconf 86' lang='lat' dir='ltr'><strong>vis</strong></span> <span class='ocrx_word' id='word_1_55' title='bbox 1094 1006 1263 1060; x_wconf 81' lang='lat' dir='ltr'><strong>facere</strong></span> <span class='ocrx_word' id='word_1_56' title='bbox 1287 1006 1684 1072; x_wconf 87' lang='lat' dir='ltr'><strong>correctiorem,</strong></span> <span class='ocrx_word' id='word_1_57' title='bbox 1713 1006 1792 1062; x_wconf 87' lang='lat' dir='ltr'><strong>fa-</strong></span> 
     </span>
    </p>
   </div>
   <div class='ocr_carea' id='block_1_9' title="bbox 227 1091 1792 1166">
    <p class='ocr_par' dir='ltr' id='par_1_9' title="bbox 227 1091 1792 1166">
     <span class='ocr_line' id='line_1_9' title="bbox 227 1091 1792 1166; baseline 0.001 -18"><span class='ocrx_word' id='word_1_58' title='bbox 227 1093 296 1148; x_wconf 79' lang='lat' dir='ltr'><strong>cis</strong></span> <span class='ocrx_word' id='word_1_59' title='bbox 314 1091 576 1161; x_wconf 85' lang='lat' dir='ltr'><strong>pejorem.</strong></span> <span class='ocrx_word' id='word_1_60' title='bbox 606 1091 819 1162; x_wconf 78' lang='lat' dir='ltr'><strong>Corripe</strong></span> <span class='ocrx_word' id='word_1_61' title='bbox 840 1108 967 1162; x_wconf 83' lang='lat' dir='ltr'><strong>ergo</strong></span> <span class='ocrx_word' id='word_1_62' title='bbox 995 1110 1107 1148; x_wconf 82' lang='lat' dir='ltr'><strong>eum</strong></span> <span class='ocrx_word' id='word_1_63' title='bbox 1137 1094 1263 1150; x_wconf 79' lang='lat' dir='ltr'><strong>inter</strong></span> <span class='ocrx_word' id='word_1_64' title='bbox 1286 1105 1332 1150; x_wconf 85' lang='lat' dir='ltr'><strong>te</strong></span> <span class='ocrx_word' id='word_1_65' title='bbox 1352 1104 1398 1148; x_wconf 88' lang='lat' dir='ltr'><strong>et</strong></span> <span class='ocrx_word' id='word_1_66' title='bbox 1421 1096 1585 1166; x_wconf 85' lang='lat' dir='ltr'><strong>ipsum</strong></span> <span class='ocrx_word' id='word_1_67' title='bbox 1608 1097 1792 1150; x_wconf 77' lang='lat' dir='ltr'><strong>solum.</strong></span> 
     </span>
    </p>
   </div>
   <div class='ocr_carea' id='block_1_10' title="bbox 228 1183 1792 1258">
    <p class='ocr_par' dir='ltr' id='par_1_10' title="bbox 228 1183 1792 1258">
     <span class='ocr_line' id='line_1_10' title="bbox 228 1183 1792 1258; baseline 0.001 -18"><span class='ocrx_word' id='word_1_68' title='bbox 228 1183 282 1240; x_wconf 85' lang='lat' dir='ltr'><strong>Si</strong></span> <span class='ocrx_word' id='word_1_69' title='bbox 301 1193 348 1238; x_wconf 80' lang='lat' dir='ltr'><strong>te</strong></span> <span class='ocrx_word' id='word_1_70' title='bbox 364 1183 602 1250; x_wconf 81' lang='lat' dir='ltr'><strong>audierit,</strong></span> <span class='ocrx_word' id='word_1_71' title='bbox 638 1185 859 1239; x_wconf 82' lang='lat' dir='ltr'><strong>lucratus</strong></span> <span class='ocrx_word' id='word_1_72' title='bbox 879 1199 929 1238; x_wconf 86' lang='lat' dir='ltr'><strong>es</strong></span> <span class='ocrx_word' id='word_1_73' title='bbox 951 1186 1158 1257; x_wconf 89' lang='lat' dir='ltr'><strong>fratrem</strong></span> <span class='ocrx_word' id='word_1_74' title='bbox 1185 1195 1363 1241; x_wconf 85' lang='lat' dir='ltr'><strong>tuum:</strong></span> <span class='ocrx_word' id='word_1_75' title='bbox 1392 1191 1512 1255; x_wconf 87' lang='lat' dir='ltr'><strong>quia</strong></span> <span class='ocrx_word' id='word_1_76' title='bbox 1545 1188 1792 1258; x_wconf 79' lang='lat' dir='ltr'><strong>perierat,</strong></span> 
     </span>
    </p>
   </div>
   <div class='ocr_carea' id='block_1_11' title="bbox 225 1274 1795 1348">
    <p class='ocr_par' dir='ltr' id='par_1_11' title="bbox 225 1274 1795 1348">
     <span class='ocr_line' id='line_1_11' title="bbox 225 1274 1795 1348; baseline 0.003 -18"><span class='ocrx_word' id='word_1_77' title='bbox 225 1277 320 1331; x_wconf 82' lang='lat' dir='ltr'><strong>nisi</strong></span> <span class='ocrx_word' id='word_1_78' title='bbox 347 1274 573 1332; x_wconf 84' lang='lat' dir='ltr'><strong>faceres.</strong></span> <span class='ocrx_word' id='word_1_79' title='bbox 623 1276 686 1331; x_wconf 89' lang='lat' dir='ltr'><strong>Si</strong></span> <span class='ocrx_word' id='word_1_80' title='bbox 723 1287 1014 1338; x_wconf 84' lang='lat' dir='ltr'><strong>autemnon</strong></span> <span class='ocrx_word' id='word_1_81' title='bbox 1043 1287 1090 1333; x_wconf 88' lang='lat' dir='ltr'><strong>te</strong></span> <span class='ocrx_word' id='word_1_82' title='bbox 1117 1278 1351 1344; x_wconf 86' lang='lat' dir='ltr'><strong>audierit,</strong></span> <span class='ocrx_word' id='word_1_83' title='bbox 1386 1279 1437 1332; x_wconf 90' lang='lat' dir='ltr'><strong>id</strong></span> <span class='ocrx_word' id='word_1_84' title='bbox 1475 1288 1575 1345; x_wconf 88' lang='lat' dir='ltr'><strong>est,</strong></span> <span class='ocrx_word' id='word_1_85' title='bbox 1610 1294 1795 1348; x_wconf 87' lang='lat' dir='ltr'><strong>pecca-</strong></span> 
     </span>
    </p>
   </div>
   <div class='ocr_carea' id='block_1_12' title="bbox 225 1367 1796 1437">
    <p class='ocr_par' dir='ltr' id='par_1_12' title="bbox 225 1367 1796 1437">
     <span class='ocr_line' id='line_1_12' title="bbox 225 1367 1796 1437; baseline 0.003 -15"><span class='ocrx_word' id='word_1_86' title='bbox 225 1378 334 1422; x_wconf 78' lang='lat' dir='ltr'><strong>tum</strong></span> <span class='ocrx_word' id='word_1_87' title='bbox 349 1383 497 1422; x_wconf 89' lang='lat' dir='ltr'><strong>suum</strong></span> <span class='ocrx_word' id='word_1_88' title='bbox 519 1368 669 1437; x_wconf 88' lang='lat' dir='ltr'><strong>quasi</strong></span> <span class='ocrx_word' id='word_1_89' title='bbox 683 1367 942 1437; x_wconf 81' lang='lat' dir='ltr'><strong>justitiam</strong></span> <span class='ocrx_word' id='word_1_90' title='bbox 959 1368 1272 1436; x_wconf 84' lang='lat' dir='ltr'><strong>defenderit,</strong></span> <span class='ocrx_word' id='word_1_91' title='bbox 1295 1371 1474 1426; x_wconf 77' lang='lat' dir='ltr'><strong>adhibe</strong></span> <span class='ocrx_word' id='word_1_92' title='bbox 1491 1381 1650 1424; x_wconf 79' lang='lat' dir='ltr'><strong>tecum</strong></span> <span class='ocrx_word' id='word_1_93' title='bbox 1671 1371 1796 1426; x_wconf 88' lang='lat' dir='ltr'><strong>duos</strong></span> 
     </span>
    </p>
   </div>
   <div class='ocr_carea' id='block_1_13' title="bbox 224 1458 1797 1526">
    <p class='ocr_par' dir='ltr' id='par_1_13' title="bbox 224 1458 1797 1526">
     <span class='ocr_line' id='line_1_13' title="bbox 224 1458 1797 1526; baseline 0.003 -15"><span class='ocrx_word' id='word_1_94' title='bbox 224 1460 298 1512; x_wconf 78' lang='lat' dir='ltr'><strong>ul</strong></span> <span class='ocrx_word' id='word_1_95' title='bbox 328 1470 460 1524; x_wconf 84' lang='lat' dir='ltr'><strong>tres;</strong></span> <span class='ocrx_word' id='word_1_96' title='bbox 486 1459 601 1526; x_wconf 83' lang='lat' dir='ltr'><strong>quia</strong></span> <span class='ocrx_word' id='word_1_97' title='bbox 625 1459 678 1511; x_wconf 86' lang='lat' dir='ltr'><strong>in</strong></span> <span class='ocrx_word' id='word_1_98' title='bbox 703 1474 790 1512; x_wconf 86' lang='lat' dir='ltr'><strong>ore</strong></span> <span class='ocrx_word' id='word_1_99' title='bbox 807 1458 1023 1512; x_wconf 82' lang='lat' dir='ltr'><strong>duorum</strong></span> <span class='ocrx_word' id='word_1_100' title='bbox 1043 1460 1119 1514; x_wconf 82' lang='lat' dir='ltr'><strong>vel</strong></span> <span class='ocrx_word' id='word_1_101' title='bbox 1143 1461 1292 1514; x_wconf 82' lang='lat' dir='ltr'><strong>trium</strong></span> <span class='ocrx_word' id='word_1_102' title='bbox 1312 1463 1506 1516; x_wconf 77' lang='lat' dir='ltr'><strong>testium</strong></span> <span class='ocrx_word' id='word_1_103' title='bbox 1533 1471 1630 1516; x_wconf 92' lang='lat' dir='ltr'><strong>stat</strong></span> <span class='ocrx_word' id='word_1_104' title='bbox 1651 1478 1797 1516; x_wconf 86' lang='lat' dir='ltr'><strong>omne</strong></span> 
     </span>
    </p>
   </div>
   <div class='ocr_carea' id='block_1_14' title="bbox 222 1548 1796 1622">
    <p class='ocr_par' dir='ltr' id='par_1_14' title="bbox 222 1548 1796 1622">
     <span class='ocr_line' id='line_1_14' title="bbox 222 1548 1796 1622; baseline 0.003 -20"><span class='ocrx_word' id='word_1_105' title='bbox 222 1549 440 1602; x_wconf 82' lang='lat' dir='ltr'><strong>rerbum.</strong></span> <span class='ocrx_word' id='word_1_106' title='bbox 484 1548 546 1603; x_wconf 89' lang='lat' dir='ltr'><strong>Si</strong></span> <span class='ocrx_word' id='word_1_107' title='bbox 582 1565 673 1602; x_wconf 84' lang='lat' dir='ltr'><strong>nec</strong></span> <span class='ocrx_word' id='word_1_108' title='bbox 699 1549 837 1618; x_wconf 83' lang='lat' dir='ltr'><strong>ipsos</strong></span> <span class='ocrx_word' id='word_1_109' title='bbox 875 1549 1108 1616; x_wconf 76' lang='lat' dir='ltr'><strong>audierit,</strong></span> <span class='ocrx_word' id='word_1_110' title='bbox 1150 1553 1282 1622; x_wconf 88' lang='lat' dir='ltr'><strong>refer</strong></span> <span class='ocrx_word' id='word_1_111' title='bbox 1318 1553 1385 1604; x_wconf 88' lang='lat' dir='ltr'><strong>ad</strong></span> <span class='ocrx_word' id='word_1_112' title='bbox 1412 1550 1690 1606; x_wconf 81' lang='lat' dir='ltr'><strong>Ecclesium</strong></span> <span class='ocrx_word' id='word_1_113' title='bbox 1711 1568 1730 1606; x_wconf 87' lang='lat'><strong><em>:</em></strong></span> <span class='ocrx_word' id='word_1_114' title='bbox 1753 1553 1796 1606; x_wconf 96' lang='lat' dir='ltr'><strong>si</strong></span> 
     </span>
    </p>
   </div>
   <div class='ocr_carea' id='block_1_15' title="bbox 221 1640 1796 1715">
    <p class='ocr_par' dir='ltr' id='par_1_15' title="bbox 221 1640 1796 1715">
     <span class='ocr_line' id='line_1_15' title="bbox 221 1640 1796 1715; baseline 0.003 -21"><span class='ocrx_word' id='word_1_115' title='bbox 221 1657 306 1694; x_wconf 81' lang='lat' dir='ltr'><strong>uec</strong></span> <span class='ocrx_word' id='word_1_116' title='bbox 335 1640 610 1694; x_wconf 78' lang='lat' dir='ltr'><strong>Ecclesium</strong></span> <span class='ocrx_word' id='word_1_117' title='bbox 638 1641 872 1704; x_wconf 84' lang='lat' dir='ltr'><strong>audierit,</strong></span> <span class='ocrx_word' id='word_1_118' title='bbox 903 1642 966 1696; x_wconf 90' lang='lat' dir='ltr'><strong>sit</strong></span> <span class='ocrx_word' id='word_1_119' title='bbox 991 1642 1078 1696; x_wconf 90' lang='lat' dir='ltr'><strong>tibi</strong></span> <span class='ocrx_word' id='word_1_120' title='bbox 1107 1644 1234 1696; x_wconf 90' lang='lat' dir='ltr'><strong>sicut</strong></span> <span class='ocrx_word' id='word_1_121' title='bbox 1259 1644 1480 1698; x_wconf 85' lang='lat' dir='ltr'><strong>ethnicus</strong></span> <span class='ocrx_word' id='word_1_122' title='bbox 1500 1653 1547 1697; x_wconf 87' lang='lat' dir='ltr'><strong>et</strong></span> <span class='ocrx_word' id='word_1_123' title='bbox 1571 1644 1796 1715; x_wconf 85' lang='lat' dir='ltr'><strong>publica-</strong></span> 
     </span>
    </p>
   </div>
   <div class='ocr_carea' id='block_1_16' title="bbox 222 1731 1794 1803">
    <p class='ocr_par' dir='ltr' id='par_1_16' title="bbox 222 1731 1794 1803">
     <span class='ocr_line' id='line_1_16' title="bbox 222 1731 1794 1803; baseline 0.006 -20"><span class='ocrx_word' id='word_1_124' title='bbox 222 1749 330 1784; x_wconf 79' lang='lat' dir='ltr'><strong>nus.</strong></span> <span class='ocrx_word' id='word_1_125' title='bbox 357 1731 471 1785; x_wconf 82' lang='lat' dir='ltr'><strong>Noli</strong></span> <span class='ocrx_word' id='word_1_126' title='bbox 503 1732 654 1785; x_wconf 90' lang='lat' dir='ltr'><strong>illum</strong></span> <span class='ocrx_word' id='word_1_127' title='bbox 685 1732 940 1801; x_wconf 89' lang='lat' dir='ltr'><strong>deputare</strong></span> <span class='ocrx_word' id='word_1_128' title='bbox 958 1734 1070 1803; x_wconf 89' lang='lat' dir='ltr'><strong>jam</strong></span> <span class='ocrx_word' id='word_1_129' title='bbox 1097 1735 1149 1788; x_wconf 91' lang='lat' dir='ltr'><strong>in</strong></span> <span class='ocrx_word' id='word_1_130' title='bbox 1181 1750 1404 1790; x_wconf 85' lang='lat' dir='ltr'><strong>numero</strong></span> <span class='ocrx_word' id='word_1_131' title='bbox 1430 1735 1650 1790; x_wconf 79' lang='lat' dir='ltr'><strong>fratrum</strong></span> <span class='ocrx_word' id='word_1_132' title='bbox 1678 1744 1794 1791; x_wconf 88' lang='lat' dir='ltr'><strong>tuo-</strong></span> 
     </span>
    </p>
   </div>
   <div class='ocr_carea' id='block_1_17' title="bbox 222 1822 1792 1896">
    <p class='ocr_par' dir='ltr' id='par_1_17' title="bbox 222 1822 1792 1896">
     <span class='ocr_line' id='line_1_17' title="bbox 222 1822 1792 1896; baseline 0.004 -20"><span class='ocrx_word' id='word_1_133' title='bbox 222 1839 352 1877; x_wconf 89' lang='lat' dir='ltr'><strong>rum.</strong></span> <span class='ocrx_word' id='word_1_134' title='bbox 386 1822 499 1879; x_wconf 79' lang='lat' dir='ltr'><strong>Nec</strong></span> <span class='ocrx_word' id='word_1_135' title='bbox 525 1823 648 1878; x_wconf 89' lang='lat' dir='ltr'><strong>ideo</strong></span> <span class='ocrx_word' id='word_1_136' title='bbox 677 1833 853 1879; x_wconf 87' lang='lat' dir='ltr'><strong>tamen</strong></span> <span class='ocrx_word' id='word_1_137' title='bbox 883 1825 1023 1879; x_wconf 82' lang='lat' dir='ltr'><strong>salus</strong></span> <span class='ocrx_word' id='word_1_138' title='bbox 1052 1826 1167 1894; x_wconf 86' lang='lat' dir='ltr'><strong>ejus</strong></span> <span class='ocrx_word' id='word_1_139' title='bbox 1193 1826 1500 1896; x_wconf 80' lang='lat' dir='ltr'><strong>negligenda</strong></span> <span class='ocrx_word' id='word_1_140' title='bbox 1529 1837 1630 1881; x_wconf 91' lang='lat' dir='ltr'><strong>est.</strong></span> <span class='ocrx_word' id='word_1_141' title='bbox 1661 1826 1792 1882; x_wconf 84' lang='lat' dir='ltr'><strong>Nam</strong></span> 
     </span>
    </p>
   </div>
   <div class='ocr_carea' id='block_1_18' title="bbox 221 1912 1798 1987">
    <p class='ocr_par' dir='ltr' id='par_1_18' title="bbox 221 1912 1798 1987">
     <span class='ocr_line' id='line_1_18' title="bbox 221 1912 1798 1987; baseline 0.004 -21"><span class='ocrx_word' id='word_1_142' title='bbox 221 1923 266 1966; x_wconf 87' lang='lat' dir='ltr'><strong>et</strong></span> <span class='ocrx_word' id='word_1_143' title='bbox 296 1913 440 1981; x_wconf 89' lang='lat' dir='ltr'><strong>ipsos</strong></span> <span class='ocrx_word' id='word_1_144' title='bbox 496 1912 776 1980; x_wconf 79' lang='lat' dir='ltr'><strong>Ethnicos,</strong></span> <span class='ocrx_word' id='word_1_145' title='bbox 807 1914 857 1968; x_wconf 91' lang='lat' dir='ltr'><strong>id</strong></span> <span class='ocrx_word' id='word_1_146' title='bbox 884 1923 984 1981; x_wconf 83' lang='lat' dir='ltr'><strong>est,</strong></span> <span class='ocrx_word' id='word_1_147' title='bbox 1007 1913 1243 1970; x_wconf 87' lang='lat' dir='ltr'><strong>Gentiles</strong></span> <span class='ocrx_word' id='word_1_148' title='bbox 1270 1923 1324 1971; x_wconf 91' lang='lat' dir='ltr'><strong>et</strong></span> <span class='ocrx_word' id='word_1_149' title='bbox 1358 1915 1593 1987; x_wconf 84' lang='lat' dir='ltr'><strong>Paganos</strong></span> <span class='ocrx_word' id='word_1_150' title='bbox 1617 1917 1668 1970; x_wconf 91' lang='lat' dir='ltr'><strong>in</strong></span> <span class='ocrx_word' id='word_1_151' title='bbox 1701 1934 1798 1974; x_wconf 89' lang='lat' dir='ltr'><strong>nu-</strong></span> 
     </span>
    </p>
   </div>
   <div class='ocr_carea' id='block_1_19' title="bbox 221 2003 1792 2077">
    <p class='ocr_par' dir='ltr' id='par_1_19' title="bbox 221 2003 1792 2077">
     <span class='ocr_line' id='line_1_19' title="bbox 221 2003 1792 2077; baseline 0.005 -21"><span class='ocrx_word' id='word_1_152' title='bbox 221 2018 362 2057; x_wconf 82' lang='lat' dir='ltr'><strong>mero</strong></span> <span class='ocrx_word' id='word_1_153' title='bbox 407 2003 627 2074; x_wconf 86' lang='lat' dir='ltr'><strong>quidem</strong></span> <span class='ocrx_word' id='word_1_154' title='bbox 673 2003 898 2059; x_wconf 84' lang='lat' dir='ltr'><strong>fratrum</strong></span> <span class='ocrx_word' id='word_1_155' title='bbox 941 2021 1045 2060; x_wconf 91' lang='lat' dir='ltr'><strong>non</strong></span> <span class='ocrx_word' id='word_1_156' title='bbox 1089 2006 1434 2077; x_wconf 75' lang='lat' dir='ltr'><strong>deputamus;</strong></span> <span class='ocrx_word' id='word_1_157' title='bbox 1480 2008 1573 2064; x_wconf 88' lang='lat' dir='ltr'><strong>sed</strong></span> <span class='ocrx_word' id='word_1_158' title='bbox 1619 2018 1792 2064; x_wconf 89' lang='lat' dir='ltr'><strong>tamen</strong></span> 
     </span>
    </p>
   </div>
   <div class='ocr_carea' id='block_1_20' title="bbox 220 2095 1795 2172">
    <p class='ocr_par' dir='ltr' id='par_1_20' title="bbox 220 2095 1795 2172">
     <span class='ocr_line' id='line_1_20' title="bbox 220 2095 1795 2172; baseline 0.005 -24"><span class='ocrx_word' id='word_1_159' title='bbox 220 2109 394 2148; x_wconf 87' lang='lat' dir='ltr'><strong>eorum</strong></span> <span class='ocrx_word' id='word_1_160' title='bbox 429 2095 658 2150; x_wconf 85' lang='lat' dir='ltr'><strong>salutem</strong></span> <span class='ocrx_word' id='word_1_161' title='bbox 685 2103 898 2166; x_wconf 82' lang='lat' dir='ltr'><strong>semper</strong></span> <span class='ocrx_word' id='word_1_162' title='bbox 925 2097 1256 2168; x_wconf 89' lang='lat' dir='ltr'><strong>inquirimus.</strong></span> <span class='ocrx_word' id='word_1_163' title='bbox 1291 2099 1404 2154; x_wconf 80' lang='lat' dir='ltr'><strong>Hoc</strong></span> <span class='ocrx_word' id='word_1_164' title='bbox 1441 2116 1566 2172; x_wconf 81' lang='lat' dir='ltr'><strong>ergo</strong></span> <span class='ocrx_word' id='word_1_165' title='bbox 1593 2101 1795 2156; x_wconf 86' lang='lat' dir='ltr'><strong>audivi-</strong></span> 
     </span>
    </p>
   </div>
   <div class='ocr_carea' id='block_1_21' title="bbox 221 2186 1796 2262">
    <p class='ocr_par' dir='ltr' id='par_1_21' title="bbox 221 2186 1796 2262">
     <span class='ocr_line' id='line_1_21' title="bbox 221 2186 1796 2262; baseline 0.006 -23"><span class='ocrx_word' id='word_1_166' title='bbox 221 2201 332 2239; x_wconf 83' lang='lat' dir='ltr'><strong>mus</strong></span> <span class='ocrx_word' id='word_1_167' title='bbox 352 2186 636 2241; x_wconf 88' lang='lat' dir='ltr'><strong>Dominum</strong></span> <span class='ocrx_word' id='word_1_168' title='bbox 655 2188 724 2240; x_wconf 90' lang='lat' dir='ltr'><strong>ita</strong></span> <span class='ocrx_word' id='word_1_169' title='bbox 752 2197 1076 2254; x_wconf 87' lang='lat' dir='ltr'><strong>mouentem,</strong></span> <span class='ocrx_word' id='word_1_170' title='bbox 1100 2199 1152 2246; x_wconf 88' lang='lat' dir='ltr'><strong>et</strong></span> <span class='ocrx_word' id='word_1_171' title='bbox 1176 2199 1321 2245; x_wconf 87' lang='lat' dir='ltr'><strong>tanta</strong></span> <span class='ocrx_word' id='word_1_172' title='bbox 1345 2207 1470 2246; x_wconf 88' lang='lat' dir='ltr'><strong>cura</strong></span> <span class='ocrx_word' id='word_1_173' title='bbox 1493 2194 1796 2262; x_wconf 58' lang='lat' dir='ltr'><strong>prtecipienv</strong></span> 
     </span>
    </p>
   </div>
   <div class='ocr_carea' id='block_1_22' title="bbox 221 2275 1790 2347">
    <p class='ocr_par' dir='ltr' id='par_1_22' title="bbox 221 2275 1790 2347">
     <span class='ocr_line' id='line_1_22' title="bbox 221 2275 1790 2347; baseline 0.006 -18"><span class='ocrx_word' id='word_1_174' title='bbox 221 2285 338 2340; x_wconf 77' lang='lat' dir='ltr'><strong>tetu,</strong></span> <span class='ocrx_word' id='word_1_175' title='bbox 371 2287 428 2328; x_wconf 86' lang='lat' dir='ltr'><strong>ut</strong></span> <span class='ocrx_word' id='word_1_176' title='bbox 451 2277 616 2330; x_wconf 87' lang='lat' dir='ltr'><strong>etiam</strong></span> <span class='ocrx_word' id='word_1_177' title='bbox 641 2275 743 2331; x_wconf 90' lang='lat' dir='ltr'><strong>hoc</strong></span> <span class='ocrx_word' id='word_1_178' title='bbox 771 2277 987 2332; x_wconf 87' lang='lat' dir='ltr'><strong>adderet</strong></span> <span class='ocrx_word' id='word_1_179' title='bbox 1004 2279 1254 2333; x_wconf 91' lang='lat' dir='ltr'><strong>continuo</strong></span> <span class='ocrx_word' id='word_1_180' title='bbox 1279 2297 1291 2333; x_wconf 91' lang='lat'><strong>:</strong></span> <span class='ocrx_word' id='word_1_181' title='bbox 1316 2281 1474 2336; x_wconf 83' lang='lat' dir='ltr'><strong>Amen</strong></span> <span class='ocrx_word' id='word_1_182' title='bbox 1494 2283 1607 2336; x_wconf 84' lang='lat' dir='ltr'><strong>dico</strong></span> <span class='ocrx_word' id='word_1_183' title='bbox 1635 2283 1790 2347; x_wconf 84' lang='lat' dir='ltr'><strong>vobis,</strong></span> 
     </span>
    </p>
   </div>
   <div class='ocr_carea' id='block_1_23' title="bbox 219 2366 1795 2442">
    <p class='ocr_par' dir='ltr' id='par_1_23' title="bbox 219 2366 1795 2442">
     <span class='ocr_line' id='line_1_23' title="bbox 219 2366 1795 2442; baseline 0.006 -25"><span class='ocrx_word' id='word_1_184' title='bbox 219 2382 532 2436; x_wconf 63' lang='lat' dir='ltr'><strong>quacumque</strong></span> <span class='ocrx_word' id='word_1_185' title='bbox 564 2366 834 2437; x_wconf 84' lang='lat' dir='ltr'><strong>ligaveritis</strong></span> <span class='ocrx_word' id='word_1_186' title='bbox 869 2384 1022 2438; x_wconf 82' lang='lat' dir='ltr'><strong>super</strong></span> <span class='ocrx_word' id='word_1_187' title='bbox 1059 2376 1262 2435; x_wconf 82' lang='lat' dir='ltr'><strong>terram,</strong></span> <span class='ocrx_word' id='word_1_188' title='bbox 1304 2369 1459 2442; x_wconf 82' lang='lat' dir='ltr'><strong>ligata</strong></span> <span class='ocrx_word' id='word_1_189' title='bbox 1495 2382 1638 2425; x_wconf 84' lang='lat' dir='ltr'><strong>erunt</strong></span> <span class='ocrx_word' id='word_1_190' title='bbox 1670 2383 1715 2427; x_wconf 89' lang='lat' dir='ltr'><strong>et</strong></span> <span class='ocrx_word' id='word_1_191' title='bbox 1741 2373 1795 2427; x_wconf 83' lang='lat' dir='ltr'><strong>in</strong></span> 
     </span>
    </p>
   </div>
   <div class='ocr_carea' id='block_1_24' title="bbox 221 2456 1794 2528">
    <p class='ocr_par' dir='ltr' id='par_1_24' title="bbox 221 2456 1794 2528">
     <span class='ocr_line' id='line_1_24' title="bbox 221 2456 1794 2528; baseline 0.005 -20"><span class='ocrx_word' id='word_1_192' title='bbox 221 2456 360 2520; x_wconf 74' lang='lat' dir='ltr'><strong>calo;</strong></span> <span class='ocrx_word' id='word_1_193' title='bbox 386 2465 435 2509; x_wconf 90' lang='lat' dir='ltr'><strong>et</strong></span> <span class='ocrx_word' id='word_1_194' title='bbox 453 2472 781 2528; x_wconf 78' lang='lat' dir='ltr'><strong>qurccumque</strong></span> <span class='ocrx_word' id='word_1_195' title='bbox 808 2456 1051 2512; x_wconf 84' lang='lat' dir='ltr'><strong>solveritis</strong></span> <span class='ocrx_word' id='word_1_196' title='bbox 1070 2459 1122 2512; x_wconf 85' lang='lat' dir='ltr'><strong>in</strong></span> <span class='ocrx_word' id='word_1_197' title='bbox 1143 2469 1297 2527; x_wconf 89' lang='lat' dir='ltr'><strong>terra,</strong></span> <span class='ocrx_word' id='word_1_198' title='bbox 1320 2460 1484 2514; x_wconf 89' lang='lat' dir='ltr'><strong>soluta</strong></span> <span class='ocrx_word' id='word_1_199' title='bbox 1509 2472 1652 2515; x_wconf 84' lang='lat' dir='ltr'><strong>erunt</strong></span> <span class='ocrx_word' id='word_1_200' title='bbox 1671 2471 1716 2516; x_wconf 88' lang='lat' dir='ltr'><strong>et</strong></span> <span class='ocrx_word' id='word_1_201' title='bbox 1742 2463 1794 2516; x_wconf 85' lang='lat' dir='ltr'><strong>in</strong></span> 
     </span>
    </p>
   </div>
   <div class='ocr_carea' id='block_1_25' title="bbox 221 2545 1790 2621">
    <p class='ocr_par' dir='ltr' id='par_1_25' title="bbox 221 2545 1790 2621">
     <span class='ocr_line' id='line_1_25' title="bbox 221 2545 1790 2621; baseline 0.006 -23"><span class='ocrx_word' id='word_1_202' title='bbox 221 2545 354 2599; x_wconf 73' lang='lat' dir='ltr'><strong>calo.</strong></span> <span class='ocrx_word' id='word_1_203' title='bbox 374 2548 599 2616; x_wconf 72' lang='lat' dir='ltr'><strong>Ctepisti</strong></span> <span class='ocrx_word' id='word_1_204' title='bbox 634 2547 830 2602; x_wconf 85' lang='lat' dir='ltr'><strong>habere</strong></span> <span class='ocrx_word' id='word_1_205' title='bbox 858 2549 1073 2603; x_wconf 80' lang='lat' dir='ltr'><strong>fratrem</strong></span> <span class='ocrx_word' id='word_1_206' title='bbox 1104 2559 1248 2603; x_wconf 89' lang='lat' dir='ltr'><strong>tuum</strong></span> <span class='ocrx_word' id='word_1_207' title='bbox 1278 2560 1524 2620; x_wconf 83' lang='lat' dir='ltr'><strong>tanquam</strong></span> <span class='ocrx_word' id='word_1_208' title='bbox 1554 2552 1790 2621; x_wconf 88' lang='lat' dir='ltr'><strong>publica-</strong></span> 
     </span>
    </p>
   </div>
   <div class='ocr_carea' id='block_1_26' title="bbox 222 2639 1787 2714">
    <p class='ocr_par' dir='ltr' id='par_1_26' title="bbox 222 2639 1787 2714">
     <span class='ocr_line' id='line_1_26' title="bbox 222 2639 1787 2714; baseline 0.006 -23"><span class='ocrx_word' id='word_1_209' title='bbox 222 2654 354 2701; x_wconf 85' lang='lat' dir='ltr'><strong>num,</strong></span> <span class='ocrx_word' id='word_1_210' title='bbox 392 2639 527 2708; x_wconf 79' lang='lat' dir='ltr'><strong>ligas</strong></span> <span class='ocrx_word' id='word_1_211' title='bbox 561 2639 710 2693; x_wconf 87' lang='lat' dir='ltr'><strong>illum</strong></span> <span class='ocrx_word' id='word_1_212' title='bbox 753 2640 805 2693; x_wconf 91' lang='lat' dir='ltr'><strong>in</strong></span> <span class='ocrx_word' id='word_1_213' title='bbox 835 2648 970 2694; x_wconf 87' lang='lat' dir='ltr'><strong>terra</strong></span> <span class='ocrx_word' id='word_1_214' title='bbox 1000 2659 1013 2694; x_wconf 92' lang='lat'>:</span> <span class='ocrx_word' id='word_1_215' title='bbox 1043 2641 1135 2696; x_wconf 90' lang='lat' dir='ltr'><strong>sed</strong></span> <span class='ocrx_word' id='word_1_216' title='bbox 1163 2651 1223 2697; x_wconf 90' lang='lat' dir='ltr'><strong>ut</strong></span> <span class='ocrx_word' id='word_1_217' title='bbox 1238 2642 1381 2713; x_wconf 91' lang='lat' dir='ltr'><strong>juste</strong></span> <span class='ocrx_word' id='word_1_218' title='bbox 1406 2644 1610 2714; x_wconf 80' lang='lat' dir='ltr'><strong>alliges,</strong></span> <span class='ocrx_word' id='word_1_219' title='bbox 1649 2645 1787 2701; x_wconf 86' lang='lat' dir='ltr'><strong>vide.</strong></span> 
     </span>
    </p>
   </div>
   <div class='ocr_carea' id='block_1_27' title="bbox 221 2726 1790 2802">
    <p class='ocr_par' dir='ltr' id='par_1_27' title="bbox 221 2726 1790 2802">
     <span class='ocr_line' id='line_1_27' title="bbox 221 2726 1790 2802; baseline 0.008 -22"><span class='ocrx_word' id='word_1_220' title='bbox 221 2726 341 2781; x_wconf 66' lang='lat' dir='ltr'><strong>ﬁam</strong></span> <span class='ocrx_word' id='word_1_221' title='bbox 390 2728 587 2796; x_wconf 88' lang='lat' dir='ltr'><strong>injusta</strong></span> <span class='ocrx_word' id='word_1_222' title='bbox 617 2729 822 2784; x_wconf 90' lang='lat' dir='ltr'><strong>vincula</strong></span> <span class='ocrx_word' id='word_1_223' title='bbox 861 2729 1142 2802; x_wconf 86' lang='lat' dir='ltr'><strong>disrumpit</strong></span> <span class='ocrx_word' id='word_1_224' title='bbox 1163 2733 1387 2802; x_wconf 89' lang='lat' dir='ltr'><strong>justitia.</strong></span> <span class='ocrx_word' id='word_1_225' title='bbox 1434 2734 1565 2790; x_wconf 87' lang='lat' dir='ltr'><strong>Cum</strong></span> <span class='ocrx_word' id='word_1_226' title='bbox 1615 2748 1790 2792; x_wconf 89' lang='lat' dir='ltr'><strong>autem</strong></span> 
     </span>
    </p>
   </div>
   <div class='ocr_carea' id='block_1_28' title="bbox 221 2820 1792 2893">
    <p class='ocr_par' dir='ltr' id='par_1_28' title="bbox 221 2820 1792 2893">
     <span class='ocr_line' id='line_1_28' title="bbox 221 2820 1792 2893; baseline 0.01 -22"><span class='ocrx_word' id='word_1_227' title='bbox 221 2820 528 2883; x_wconf 70' lang='lat' dir='ltr'><strong>mrrexeris,</strong></span> <span class='ocrx_word' id='word_1_228' title='bbox 565 2830 621 2875; x_wconf 88' lang='lat' dir='ltr'><strong>et</strong></span> <span class='ocrx_word' id='word_1_229' title='bbox 658 2822 1065 2879; x_wconf 80' lang='lat' dir='ltr'><strong>coacordaveris</strong></span> <span class='ocrx_word' id='word_1_230' title='bbox 1090 2839 1210 2880; x_wconf 90' lang='lat' dir='ltr'><strong>cum</strong></span> <span class='ocrx_word' id='word_1_231' title='bbox 1243 2824 1406 2882; x_wconf 83' lang='lat' dir='ltr'><strong>fratre</strong></span> <span class='ocrx_word' id='word_1_232' title='bbox 1440 2835 1549 2893; x_wconf 90' lang='lat' dir='ltr'><strong>tuo,</strong></span> <span class='ocrx_word' id='word_1_233' title='bbox 1587 2830 1792 2886; x_wconf 75' lang='lat' dir='ltr'><strong>Solvisti</strong></span> 
     </span>
    </p>
   </div>
   <div class='ocr_carea' id='block_1_29' title="bbox 223 2909 1794 2984">
    <p class='ocr_par' dir='ltr' id='par_1_29' title="bbox 223 2909 1794 2984">
     <span class='ocr_line' id='line_1_29' title="bbox 223 2909 1794 2984; baseline 0.011 -24"><span class='ocrx_word' id='word_1_234' title='bbox 223 2909 352 2962; x_wconf 77' lang='lat' dir='ltr'><strong>illum</strong></span> <span class='ocrx_word' id='word_1_235' title='bbox 397 2911 450 2963; x_wconf 90' lang='lat' dir='ltr'><strong>in</strong></span> <span class='ocrx_word' id='word_1_236' title='bbox 481 2920 646 2966; x_wconf 78' lang='lat' dir='ltr'><strong>terra.</strong></span> <span class='ocrx_word' id='word_1_237' title='bbox 685 2909 817 2966; x_wconf 90' lang='lat' dir='ltr'><strong>Cum</strong></span> <span class='ocrx_word' id='word_1_238' title='bbox 856 2915 1077 2970; x_wconf 88' lang='lat' dir='ltr'><strong>solveris</strong></span> <span class='ocrx_word' id='word_1_239' title='bbox 1106 2915 1158 2968; x_wconf 92' lang='lat' dir='ltr'><strong>in</strong></span> <span class='ocrx_word' id='word_1_240' title='bbox 1187 2925 1347 2984; x_wconf 90' lang='lat' dir='ltr'><strong>terra,</strong></span> <span class='ocrx_word' id='word_1_241' title='bbox 1377 2921 1581 2974; x_wconf 92' lang='lat' dir='ltr'><strong>solutus</strong></span> <span class='ocrx_word' id='word_1_242' title='bbox 1609 2919 1712 2976; x_wconf 90' lang='lat' dir='ltr'><strong>erit</strong></span> <span class='ocrx_word' id='word_1_243' title='bbox 1738 2931 1794 2977; x_wconf 86' lang='lat' dir='ltr'><strong>et</strong></span> 
     </span>
    </p>
   </div>
   <div class='ocr_carea' id='block_1_30' title="bbox 221 2999 1792 3081">
    <p class='ocr_par' dir='ltr' id='par_1_30' title="bbox 221 2999 1792 3081">
     <span class='ocr_line' id='line_1_30' title="bbox 221 2999 1792 3081; baseline 0.011 -31"><span class='ocrx_word' id='word_1_244' title='bbox 221 2999 440 3053; x_wconf 70' lang='lat' dir='ltr'><strong>hicmlo.</strong></span> <span class='ocrx_word' id='word_1_245' title='bbox 468 2999 686 3055; x_wconf 79' lang='lat' dir='ltr'><strong>Multum</strong></span> <span class='ocrx_word' id='word_1_246' title='bbox 710 3013 951 3070; x_wconf 73' lang='lat' dir='ltr'><strong>praestas,</strong></span> <span class='ocrx_word' id='word_1_247' title='bbox 973 3019 1077 3058; x_wconf 91' lang='lat' dir='ltr'><strong>non</strong></span> <span class='ocrx_word' id='word_1_248' title='bbox 1106 3005 1219 3071; x_wconf 86' lang='lat' dir='ltr'><strong>tibi,</strong></span> <span class='ocrx_word' id='word_1_249' title='bbox 1248 3009 1340 3062; x_wconf 87' lang='lat' dir='ltr'><strong>sed</strong></span> <span class='ocrx_word' id='word_1_250' title='bbox 1368 3009 1476 3076; x_wconf 86' lang='lat' dir='ltr'><strong>illi;</strong></span> <span class='ocrx_word' id='word_1_251' title='bbox 1504 3012 1626 3081; x_wconf 89' lang='lat' dir='ltr'><strong>quia</strong></span> <span class='ocrx_word' id='word_1_252' title='bbox 1651 3013 1792 3068; x_wconf 89' lang='lat' dir='ltr'><strong>mul-</strong></span> 
     </span>
    </p>
   </div>
   <div class='ocr_carea' id='block_1_31' title="bbox 222 3091 1104 3159">
    <p class='ocr_par' dir='ltr' id='par_1_31' title="bbox 222 3091 1104 3159">
     <span class='ocr_line' id='line_1_31' title="bbox 222 3091 1104 3159; baseline 0.006 -16"><span class='ocrx_word' id='word_1_253' title='bbox 222 3099 316 3143; x_wconf 88' lang='lat' dir='ltr'><strong>tum</strong></span> <span class='ocrx_word' id='word_1_254' title='bbox 347 3091 552 3155; x_wconf 84' lang='lat' dir='ltr'><strong>nocuit,</strong></span> <span class='ocrx_word' id='word_1_255' title='bbox 582 3106 690 3146; x_wconf 85' lang='lat' dir='ltr'><strong>non</strong></span> <span class='ocrx_word' id='word_1_256' title='bbox 717 3092 834 3159; x_wconf 90' lang='lat' dir='ltr'><strong>tibi,</strong></span> <span class='ocrx_word' id='word_1_257' title='bbox 863 3093 956 3149; x_wconf 90' lang='lat' dir='ltr'><strong>sed</strong></span> <span class='ocrx_word' id='word_1_258' title='bbox 982 3095 1104 3150; x_wconf 87' lang='lat' dir='ltr'><strong>sibi.</strong></span> 
     </span>
    </p>
   </div>
   <div class='ocr_carea' id='block_1_32' title="bbox 277 3181 1782 3260">
    <p class='ocr_par' dir='ltr' id='par_1_32' title="bbox 277 3181 1782 3260">
     <span class='ocr_line' id='line_1_32' title="bbox 277 3181 1782 3260; baseline 0.009 -24"><span class='ocrx_word' id='word_1_259' title='bbox 277 3183 508 3238; x_wconf 75' lang='lat' dir='ltr'><strong>CAPUT</strong></span> <span class='ocrx_word' id='word_1_260' title='bbox 546 3181 611 3238; x_wconf 64' lang='grc' dir='ltr'><strong>Υ.</strong></span> <span class='ocrx_word' id='word_1_261' title='bbox 637 3214 709 3224; x_wconf 89' lang='grc'><strong><em>-</em></strong></span> <span class='ocrx_word' id='word_1_262' title='bbox 733 3184 786 3240; x_wconf 89' lang='grc'><strong>8.</strong></span> <span class='ocrx_word' id='word_1_263' title='bbox 814 3183 1120 3240; x_wconf 85' lang='lat' dir='ltr'><strong>Conciliatur</strong></span> <span class='ocrx_word' id='word_1_264' title='bbox 1141 3187 1473 3260; x_wconf 85' lang='lat' dir='ltr'><strong>Evangefium</strong></span> <span class='ocrx_word' id='word_1_265' title='bbox 1499 3208 1611 3245; x_wconf 88' lang='lat' dir='ltr'><strong>cum</strong></span> <span class='ocrx_word' id='word_1_266' title='bbox 1639 3193 1782 3249; x_wconf 86' lang='lat' dir='ltr'><strong>Salo-</strong></span> 
     </span>
    </p>
   </div>
   <div class='ocr_carea' id='block_1_33' title="bbox 221 3273 1791 3350">
    <p class='ocr_par' dir='ltr' id='par_1_33' title="bbox 221 3273 1791 3350">
     <span class='ocr_line' id='line_1_33' title="bbox 221 3273 1791 3350; baseline 0.01 -27"><span class='ocrx_word' id='word_1_267' title='bbox 221 3289 372 3327; x_wconf 77' lang='lat' dir='ltr'><strong>morte.</strong></span> <span class='ocrx_word' id='word_1_268' title='bbox 418 3273 542 3329; x_wconf 72' lang='lat' dir='ltr'><strong>Haec</strong></span> <span class='ocrx_word' id='word_1_269' title='bbox 582 3288 703 3328; x_wconf 92' lang='lat' dir='ltr'><strong>cum</strong></span> <span class='ocrx_word' id='word_1_270' title='bbox 743 3275 812 3328; x_wconf 88' lang='lat' dir='ltr'><strong>ita</strong></span> <span class='ocrx_word' id='word_1_271' title='bbox 855 3276 978 3340; x_wconf 92' lang='lat' dir='ltr'><strong>sint,</strong></span> <span class='ocrx_word' id='word_1_272' title='bbox 1033 3278 1154 3345; x_wconf 88' lang='lat' dir='ltr'><strong>quid</strong></span> <span class='ocrx_word' id='word_1_273' title='bbox 1209 3289 1290 3333; x_wconf 85' lang='lat' dir='ltr'><strong>est</strong></span> <span class='ocrx_word' id='word_1_274' title='bbox 1327 3280 1466 3350; x_wconf 87' lang='lat' dir='ltr'><strong>quod</strong></span> <span class='ocrx_word' id='word_1_275' title='bbox 1529 3283 1602 3336; x_wconf 91' lang='lat' dir='ltr'><strong>ait</strong></span> <span class='ocrx_word' id='word_1_276' title='bbox 1639 3283 1791 3338; x_wconf 90' lang='lat' dir='ltr'><strong>Salo-</strong></span> 
     </span>
    </p>
   </div>
   <div class='ocr_carea' id='block_1_34' title="bbox 220 3362 1787 3436">
    <p class='ocr_par' dir='ltr' id='par_1_34' title="bbox 220 3362 1787 3436">
     <span class='ocr_line' id='line_1_34' title="bbox 220 3362 1787 3436; baseline 0.007 -21"><span class='ocrx_word' id='word_1_277' title='bbox 220 3377 354 3428; x_wconf 83' lang='lat' dir='ltr'><strong>mon,</strong></span> <span class='ocrx_word' id='word_1_278' title='bbox 385 3363 528 3432; x_wconf 90' lang='lat' dir='ltr'><strong>quod</strong></span> <span class='ocrx_word' id='word_1_279' title='bbox 553 3362 712 3418; x_wconf 86' lang='lat' dir='ltr'><strong>hodie</strong></span> <span class='ocrx_word' id='word_1_280' title='bbox 737 3380 798 3418; x_wconf 80' lang='lat' dir='ltr'><strong>ex</strong></span> <span class='ocrx_word' id='word_1_281' title='bbox 822 3365 920 3419; x_wconf 87' lang='lat' dir='ltr'><strong>alia</strong></span> <span class='ocrx_word' id='word_1_282' title='bbox 944 3367 1170 3420; x_wconf 88' lang='lat' dir='ltr'><strong>lectione</strong></span> <span class='ocrx_word' id='word_1_283' title='bbox 1199 3369 1440 3436; x_wconf 89' lang='lat' dir='ltr'><strong>primitus</strong></span> <span class='ocrx_word' id='word_1_284' title='bbox 1460 3371 1787 3427; x_wconf 84' lang='lat' dir='ltr'><strong>audivimus:</strong></span> 
     </span>
    </p>
   </div>
   <div class='ocr_carea' id='block_1_35' title="bbox 221 3451 1793 3526">
    <p class='ocr_par' dir='ltr' id='par_1_35' title="bbox 221 3451 1793 3526">
     <span class='ocr_line' id='line_1_35' title="bbox 221 3451 1793 3526; baseline 0.009 -24"><span class='ocrx_word' id='word_1_285' title='bbox 221 3451 449 3504; x_wconf 68' lang='lat' dir='ltr'><strong>Annaeus</strong></span> <span class='ocrx_word' id='word_1_286' title='bbox 492 3452 652 3505; x_wconf 80' lang='lat' dir='ltr'><strong>oculis</strong></span> <span class='ocrx_word' id='word_1_287' title='bbox 685 3469 799 3506; x_wconf 79' lang='lat' dir='ltr'><strong>cum</strong></span> <span class='ocrx_word' id='word_1_288' title='bbox 845 3454 982 3520; x_wconf 83' lang='lat' dir='ltr'><strong>dolo,</strong></span> <span class='ocrx_word' id='word_1_289' title='bbox 1030 3456 1252 3526; x_wconf 82' lang='lat' dir='ltr'><strong>congerit</strong></span> <span class='ocrx_word' id='word_1_290' title='bbox 1289 3457 1570 3514; x_wconf 82' lang='lat' dir='ltr'><strong>hominibus</strong></span> <span class='ocrx_word' id='word_1_291' title='bbox 1610 3464 1793 3516; x_wconf 74' lang='lat' dir='ltr'><strong>moesti-</strong></span> 
     </span>
    </p>
   </div>
   <div class='ocr_carea' id='block_1_36' title="bbox 219 3544 1792 3623">
    <p class='ocr_par' dir='ltr' id='par_1_36' title="bbox 219 3544 1792 3623">
     <span class='ocr_line' id='line_1_36' title="bbox 219 3544 1792 3623; baseline 0.008 -28"><span class='ocrx_word' id='word_1_292' title='bbox 219 3544 326 3596; x_wconf 75' lang='lat' dir='ltr'><strong>tieru</strong></span> <span class='ocrx_word' id='word_1_293' title='bbox 349 3560 370 3597; x_wconf 91' lang='lat'><strong><em>:</em></strong></span> <span class='ocrx_word' id='word_1_294' title='bbox 397 3545 484 3612; x_wconf 82' lang='lat' dir='ltr'><strong>qui</strong></span> <span class='ocrx_word' id='word_1_295' title='bbox 509 3555 677 3598; x_wconf 79' lang='lat' dir='ltr'><strong>autent</strong></span> <span class='ocrx_word' id='word_1_296' title='bbox 714 3547 880 3616; x_wconf 84' lang='lat' dir='ltr'><strong>arguit</strong></span> <span class='ocrx_word' id='word_1_297' title='bbox 919 3547 1112 3613; x_wconf 84' lang='lat' dir='ltr'><strong>palam,</strong></span> <span class='ocrx_word' id='word_1_298' title='bbox 1159 3565 1329 3617; x_wconf 88' lang='lat' dir='ltr'><strong>pacem</strong></span> <span class='ocrx_word' id='word_1_299' title='bbox 1368 3550 1526 3620; x_wconf 77' lang='lat' dir='ltr'><strong>facit?</strong></span> <span class='ocrx_word' id='word_1_300' title='bbox 1566 3551 1622 3607; x_wconf 90' lang='lat' dir='ltr'><strong>Si</strong></span> <span class='ocrx_word' id='word_1_301' title='bbox 1665 3569 1792 3623; x_wconf 88' lang='lat' dir='ltr'><strong>ergo</strong></span> 
     </span>
    </p>
   </div>
   <div class='ocr_carea' id='block_1_37' title="bbox 218 3633 1793 3709">
    <p class='ocr_par' dir='ltr' id='par_1_37' title="bbox 218 3633 1793 3709">
     <span class='ocr_line' id='line_1_37' title="bbox 218 3633 1793 3709; baseline 0.008 -24"><span class='ocrx_word' id='word_1_302' title='bbox 218 3634 294 3698; x_wconf 74' lang='lat' dir='ltr'><strong>qui</strong></span> <span class='ocrx_word' id='word_1_303' title='bbox 314 3635 488 3704; x_wconf 77' lang='lat' dir='ltr'><strong>arguit</strong></span> <span class='ocrx_word' id='word_1_304' title='bbox 517 3633 710 3702; x_wconf 83' lang='lat' dir='ltr'><strong>palam,</strong></span> <span class='ocrx_word' id='word_1_305' title='bbox 735 3651 905 3705; x_wconf 88' lang='lat' dir='ltr'><strong>pacem</strong></span> <span class='ocrx_word' id='word_1_306' title='bbox 926 3637 1080 3705; x_wconf 88' lang='lat' dir='ltr'><strong>facit;</strong></span> <span class='ocrx_word' id='word_1_307' title='bbox 1107 3639 1395 3707; x_wconf 89' lang='lat' dir='ltr'><strong>quomodo,</strong></span> <span class='ocrx_word' id='word_1_308' title='bbox 1419 3639 1626 3709; x_wconf 77' lang='lat' dir='ltr'><strong>Corripe</strong></span> <span class='ocrx_word' id='word_1_309' title='bbox 1649 3643 1793 3697; x_wconf 87' lang='lat' dir='ltr'><strong>illum</strong></span> 
     </span>
    </p>
   </div>
   <div class='ocr_carea' id='block_1_38' title="bbox 219 3727 1790 3796">
    <p class='ocr_par' dir='ltr' id='par_1_38' title="bbox 219 3727 1790 3796">
     <span class='ocr_line' id='line_1_38' title="bbox 219 3727 1790 3796; baseline 0.006 -17"><span class='ocrx_word' id='word_1_310' title='bbox 219 3727 334 3779; x_wconf 81' lang='lat' dir='ltr'><strong>inter</strong></span> <span class='ocrx_word' id='word_1_311' title='bbox 361 3735 413 3778; x_wconf 83' lang='lat' dir='ltr'><strong>te</strong></span> <span class='ocrx_word' id='word_1_312' title='bbox 438 3735 483 3779; x_wconf 86' lang='lat' dir='ltr'><strong>et</strong></span> <span class='ocrx_word' id='word_1_313' title='bbox 511 3727 678 3796; x_wconf 86' lang='lat' dir='ltr'><strong>ipsum</strong></span> <span class='ocrx_word' id='word_1_314' title='bbox 702 3728 865 3781; x_wconf 87' lang='lat' dir='ltr'><strong>solum</strong></span> <span class='ocrx_word' id='word_1_315' title='bbox 883 3728 909 3780; x_wconf 78' lang='lat'><em>7</em></span> <span class='ocrx_word' id='word_1_316' title='bbox 935 3728 1268 3783; x_wconf 73' lang='lat' dir='ltr'><strong>bietuendum</strong></span> <span class='ocrx_word' id='word_1_317' title='bbox 1306 3740 1406 3795; x_wconf 84' lang='lat' dir='ltr'><strong>est,</strong></span> <span class='ocrx_word' id='word_1_318' title='bbox 1437 3747 1503 3788; x_wconf 89' lang='lat' dir='ltr'><strong>ue</strong></span> <span class='ocrx_word' id='word_1_319' title='bbox 1531 3733 1628 3787; x_wconf 86' lang='lat' dir='ltr'><strong>sibi</strong></span> <span class='ocrx_word' id='word_1_320' title='bbox 1659 3749 1790 3789; x_wconf 88' lang='lat' dir='ltr'><strong>con-</strong></span> 
     </span>
    </p>
   </div>
   <div class='ocr_carea' id='block_1_39' title="bbox 218 3809 1790 3884">
    <p class='ocr_par' dir='ltr' id='par_1_39' title="bbox 218 3809 1790 3884">
     <span class='ocr_line' id='line_1_39' title="bbox 218 3809 1790 3884; baseline 0.006 -21"><span class='ocrx_word' id='word_1_321' title='bbox 218 3811 370 3864; x_wconf 85' lang='lat' dir='ltr'><strong>traria</strong></span> <span class='ocrx_word' id='word_1_322' title='bbox 409 3811 515 3864; x_wconf 87' lang='lat' dir='ltr'><strong>siut</strong></span> <span class='ocrx_word' id='word_1_323' title='bbox 539 3819 802 3882; x_wconf 73' lang='lat' dir='ltr'><strong>prmcepta</strong></span> <span class='ocrx_word' id='word_1_324' title='bbox 829 3809 1026 3866; x_wconf 87' lang='lat' dir='ltr'><strong>divina.</strong></span> <span class='ocrx_word' id='word_1_325' title='bbox 1059 3812 1163 3867; x_wconf 88' lang='lat' dir='ltr'><strong>Sed</strong></span> <span class='ocrx_word' id='word_1_326' title='bbox 1195 3813 1544 3884; x_wconf 79' lang='lat' dir='ltr'><strong>intelligamus</strong></span> <span class='ocrx_word' id='word_1_327' title='bbox 1573 3831 1692 3872; x_wconf 88' lang='lat' dir='ltr'><strong>esse</strong></span> <span class='ocrx_word' id='word_1_328' title='bbox 1721 3818 1790 3872; x_wconf 90' lang='lat' dir='ltr'><strong>ibi</strong></span> 
     </span>
    </p>
   </div>
   <div class='ocr_carea' id='block_1_40' title="bbox 218 3902 1790 3977">
    <p class='ocr_par' dir='ltr' id='par_1_40' title="bbox 218 3902 1790 3977">
     <span class='ocr_line' id='line_1_40' title="bbox 218 3902 1790 3977; baseline 0.007 -23"><span class='ocrx_word' id='word_1_329' title='bbox 218 3913 472 3954; x_wconf 70' lang='lat' dir='ltr'><strong>amatam</strong></span> <span class='ocrx_word' id='word_1_330' title='bbox 486 3902 848 3968; x_wconf 83' lang='lat' dir='ltr'><strong>concordiam,</strong></span> <span class='ocrx_word' id='word_1_331' title='bbox 866 3918 970 3956; x_wconf 88' lang='lat' dir='ltr'><strong>non</strong></span> <span class='ocrx_word' id='word_1_332' title='bbox 985 3905 1427 3974; x_wconf 84' lang='lat' dir='ltr'><strong>quemadmodum</strong></span> <span class='ocrx_word' id='word_1_333' title='bbox 1445 3908 1658 3977; x_wconf 85' lang='lat' dir='ltr'><strong>quidam</strong></span> <span class='ocrx_word' id='word_1_334' title='bbox 1672 3910 1790 3964; x_wconf 88' lang='lat' dir='ltr'><strong>vani</strong></span> 
     </span>
    </p>
   </div>
   <div class='ocr_carea' id='block_1_41' title="bbox 219 3991 1790 4063">
    <p class='ocr_par' dir='ltr' id='par_1_41' title="bbox 219 3991 1790 4063">
     <span class='ocr_line' id='line_1_41' title="bbox 219 3991 1790 4063; baseline 0.008 -21"><span class='ocrx_word' id='word_1_335' title='bbox 219 3991 287 4062; x_wconf 65' lang='grc' dir='ltr'><em>ω</em></span> <span class='ocrx_word' id='word_1_336' title='bbox 317 3991 611 4061; x_wconf 82' lang='lat' dir='ltr'><strong>sapiamus,</strong></span> <span class='ocrx_word' id='word_1_337' title='bbox 661 3993 761 4062; x_wconf 82' lang='lat' dir='ltr'><strong>qui</strong></span> <span class='ocrx_word' id='word_1_338' title='bbox 803 4006 1043 4048; x_wconf 87' lang='lat' dir='ltr'><strong>errantes</strong></span> <span class='ocrx_word' id='word_1_339' title='bbox 1083 3995 1367 4063; x_wconf 85' lang='lat' dir='ltr'><strong>opinantur</strong></span> <span class='ocrx_word' id='word_1_340' title='bbox 1389 3999 1652 4054; x_wconf 88' lang='lat' dir='ltr'><strong>contraria</strong></span> <span class='ocrx_word' id='word_1_341' title='bbox 1692 4001 1790 4055; x_wconf 90' lang='lat' dir='ltr'><strong>sibi</strong></span> 
     </span>
    </p>
   </div>
   <div class='ocr_carea' id='block_1_42' title="bbox 216 4081 1793 4144">
    <p class='ocr_par' dir='ltr' id='par_1_42' title="bbox 216 4081 1793 4144">
     <span class='ocr_line' id='line_1_42' title="bbox 216 4081 1793 4144; baseline 0.005 -8"><span class='ocrx_word' id='word_1_342' title='bbox 216 4095 328 4136; x_wconf 80' lang='lat' dir='ltr'><strong>esse</strong></span> <span class='ocrx_word' id='word_1_343' title='bbox 354 4081 466 4136; x_wconf 87' lang='lat' dir='ltr'><strong>duo</strong></span> <span class='ocrx_word' id='word_1_344' title='bbox 489 4081 828 4136; x_wconf 79' lang='lat' dir='ltr'><strong>Testamenta</strong></span> <span class='ocrx_word' id='word_1_345' title='bbox 853 4083 906 4137; x_wconf 93' lang='lat' dir='ltr'><strong>in</strong></span> <span class='ocrx_word' id='word_1_346' title='bbox 931 4083 1105 4138; x_wconf 79' lang='lat' dir='ltr'><strong>Libris</strong></span> <span class='ocrx_word' id='word_1_347' title='bbox 1135 4085 1403 4140; x_wconf 86' lang='lat' dir='ltr'><strong>veteribus</strong></span> <span class='ocrx_word' id='word_1_348' title='bbox 1424 4096 1477 4141; x_wconf 88' lang='lat' dir='ltr'><strong>et</strong></span> <span class='ocrx_word' id='word_1_349' title='bbox 1505 4090 1655 4142; x_wconf 84' lang='lat' dir='ltr'><strong>novis</strong></span> <span class='ocrx_word' id='word_1_350' title='bbox 1689 4107 1700 4144; x_wconf 93' lang='lat'>:</span> <span class='ocrx_word' id='word_1_351' title='bbox 1734 4098 1793 4144; x_wconf 91' lang='lat' dir='ltr'><strong>ut</strong></span> 
     </span>
    </p>
   </div>
   <div class='ocr_carea' id='block_1_43' title="bbox 218 4170 1792 4245">
    <p class='ocr_par' dir='ltr' id='par_1_43' title="bbox 218 4170 1792 4245">
     <span class='ocr_line' id='line_1_43' title="bbox 218 4170 1792 4245; baseline 0.006 -21"><span class='ocrx_word' id='word_1_352' title='bbox 218 4170 330 4224; x_wconf 81' lang='lat' dir='ltr'><strong>ideo</strong></span> <span class='ocrx_word' id='word_1_353' title='bbox 363 4179 615 4240; x_wconf 77' lang='lat' dir='ltr'><strong>putemus</strong></span> <span class='ocrx_word' id='word_1_354' title='bbox 637 4172 738 4226; x_wconf 86' lang='lat' dir='ltr'><strong>hoc</strong></span> <span class='ocrx_word' id='word_1_355' title='bbox 761 4187 879 4227; x_wconf 87' lang='lat' dir='ltr'><strong>esse</strong></span> <span class='ocrx_word' id='word_1_356' title='bbox 902 4175 1249 4240; x_wconf 86' lang='lat' dir='ltr'><strong>contrarium,</strong></span> <span class='ocrx_word' id='word_1_357' title='bbox 1279 4177 1526 4245; x_wconf 87' lang='lat' dir='ltr'><strong>quoniam</strong></span> <span class='ocrx_word' id='word_1_358' title='bbox 1557 4178 1685 4232; x_wconf 87' lang='lat' dir='ltr'><strong>illud</strong></span> <span class='ocrx_word' id='word_1_359' title='bbox 1710 4188 1792 4233; x_wconf 88' lang='lat' dir='ltr'><strong>est</strong></span> 
     </span>
    </p>
   </div>
   <div class='ocr_carea' id='block_1_44' title="bbox 218 4260 1790 4338">
    <p class='ocr_par' dir='ltr' id='par_1_44' title="bbox 218 4260 1790 4338">
     <span class='ocr_line' id='line_1_44' title="bbox 218 4260 1790 4338; baseline 0.006 -25"><span class='ocrx_word' id='word_1_360' title='bbox 218 4260 265 4313; x_wconf 87' lang='lat' dir='ltr'><strong>iu</strong></span> <span class='ocrx_word' id='word_1_361' title='bbox 293 4260 598 4316; x_wconf 80' lang='lat' dir='ltr'><strong>Salomonis</strong></span> <span class='ocrx_word' id='word_1_362' title='bbox 625 4263 780 4330; x_wconf 87' lang='lat' dir='ltr'><strong>libro,</strong></span> <span class='ocrx_word' id='word_1_363' title='bbox 812 4264 910 4317; x_wconf 87' lang='lat' dir='ltr'><strong>hoc</strong></span> <span class='ocrx_word' id='word_1_364' title='bbox 939 4265 990 4318; x_wconf 92' lang='lat' dir='ltr'><strong>in</strong></span> <span class='ocrx_word' id='word_1_365' title='bbox 1022 4264 1324 4335; x_wconf 76' lang='lat' dir='ltr'><strong>Evangelia.</strong></span> <span class='ocrx_word' id='word_1_366' title='bbox 1358 4265 1414 4321; x_wconf 88' lang='lat' dir='ltr'><strong>Si</strong></span> <span class='ocrx_word' id='word_1_367' title='bbox 1433 4269 1574 4321; x_wconf 87' lang='lat' dir='ltr'><strong>enim</strong></span> <span class='ocrx_word' id='word_1_368' title='bbox 1602 4270 1790 4338; x_wconf 84' lang='lat' dir='ltr'><strong>aliquis</strong></span> 
     </span>
    </p>
   </div>
   <div class='ocr_carea' id='block_1_45' title="bbox 218 4350 1786 4425">
    <p class='ocr_par' dir='ltr' id='par_1_45' title="bbox 218 4350 1786 4425">
     <span class='ocr_line' id='line_1_45' title="bbox 218 4350 1786 4425; baseline 0.007 -22"><span class='ocrx_word' id='word_1_369' title='bbox 218 4350 492 4419; x_wconf 76' lang='lat' dir='ltr'><strong>imperitus</strong></span> <span class='ocrx_word' id='word_1_370' title='bbox 511 4361 568 4406; x_wconf 89' lang='lat' dir='ltr'><strong>et</strong></span> <span class='ocrx_word' id='word_1_371' title='bbox 589 4353 940 4407; x_wconf 84' lang='lat' dir='ltr'><strong>calumniator</strong></span> <span class='ocrx_word' id='word_1_372' title='bbox 959 4355 1254 4409; x_wconf 87' lang='lat' dir='ltr'><strong>divinarum</strong></span> <span class='ocrx_word' id='word_1_373' title='bbox 1281 4357 1672 4425; x_wconf 86' lang='lat' dir='ltr'><strong>Scripturarum</strong></span> <span class='ocrx_word' id='word_1_374' title='bbox 1703 4359 1786 4414; x_wconf 87' lang='lat' dir='ltr'><strong>di-</strong></span> 
     </span>
    </p>
   </div>
   <div class='ocr_carea' id='block_1_46' title="bbox 216 4443 1786 4508">
    <p class='ocr_par' dir='ltr' id='par_1_46' title="bbox 216 4443 1786 4508">
     <span class='ocr_line' id='line_1_46' title="bbox 216 4443 1786 4508; baseline 0.006 -14"><span class='ocrx_word' id='word_1_375' title='bbox 216 4453 381 4508; x_wconf 80' lang='lat' dir='ltr'><strong>ceret,</strong></span> <span class='ocrx_word' id='word_1_376' title='bbox 422 4443 561 4498; x_wconf 84' lang='lat' dir='ltr'><strong>Ecce</strong></span> <span class='ocrx_word' id='word_1_377' title='bbox 606 4443 695 4498; x_wconf 88' lang='lat' dir='ltr'><strong>ubi</strong></span> <span class='ocrx_word' id='word_1_378' title='bbox 741 4444 840 4500; x_wconf 84' lang='lat' dir='ltr'><strong>sibi</strong></span> <span class='ocrx_word' id='word_1_379' title='bbox 879 4445 1247 4500; x_wconf 84' lang='lat' dir='ltr'><strong>contradicunt</strong></span> <span class='ocrx_word' id='word_1_380' title='bbox 1287 4447 1390 4500; x_wconf 88' lang='lat' dir='ltr'><strong>duo</strong></span> <span class='ocrx_word' id='word_1_381' title='bbox 1423 4446 1786 4505; x_wconf 83' lang='lat' dir='ltr'><strong>Testamenta.</strong></span> 
     </span>
    </p>
   </div>
   <div class='ocr_carea' id='block_1_47' title="bbox 221 4530 1787 4606">
    <p class='ocr_par' dir='ltr' id='par_1_47' title="bbox 221 4530 1787 4606">
     <span class='ocr_line' id='line_1_47' title="bbox 221 4530 1787 4606; baseline 0.009 -24"><span class='ocrx_word' id='word_1_382' title='bbox 221 4530 474 4587; x_wconf 80' lang='lat' dir='ltr'><strong>Dominus</strong></span> <span class='ocrx_word' id='word_1_383' title='bbox 498 4533 645 4599; x_wconf 88' lang='lat' dir='ltr'><strong>dicit,</strong></span> <span class='ocrx_word' id='word_1_384' title='bbox 676 4532 883 4604; x_wconf 79' lang='lat' dir='ltr'><strong>Corripe</strong></span> <span class='ocrx_word' id='word_1_385' title='bbox 914 4534 1058 4587; x_wconf 76' lang='lat' dir='ltr'><strong>illuni</strong></span> <span class='ocrx_word' id='word_1_386' title='bbox 1097 4537 1228 4588; x_wconf 78' lang='lat' dir='ltr'><strong>inter</strong></span> <span class='ocrx_word' id='word_1_387' title='bbox 1265 4547 1312 4590; x_wconf 86' lang='lat' dir='ltr'><strong>te</strong></span> <span class='ocrx_word' id='word_1_388' title='bbox 1348 4546 1393 4590; x_wconf 86' lang='lat' dir='ltr'><strong>et</strong></span> <span class='ocrx_word' id='word_1_389' title='bbox 1419 4538 1580 4606; x_wconf 79' lang='lat' dir='ltr'><strong>ipsum</strong></span> <span class='ocrx_word' id='word_1_390' title='bbox 1604 4539 1787 4596; x_wconf 84' lang='lat' dir='ltr'><strong>solum.</strong></span> 
     </span>
    </p>
   </div>
   <div class='ocr_carea' id='block_1_48' title="bbox 217 4621 1792 4700">
    <p class='ocr_par' dir='ltr' id='par_1_48' title="bbox 217 4621 1792 4700">
     <span class='ocr_line' id='line_1_48' title="bbox 217 4621 1792 4700; baseline 0.006 -26"><span class='ocrx_word' id='word_1_391' title='bbox 217 4621 464 4676; x_wconf 84' lang='lat' dir='ltr'><strong>Salomon</strong></span> <span class='ocrx_word' id='word_1_392' title='bbox 509 4623 658 4690; x_wconf 88' lang='lat' dir='ltr'><strong>dicit,</strong></span> <span class='ocrx_word' id='word_1_393' title='bbox 709 4624 809 4687; x_wconf 84' lang='lat' dir='ltr'><strong>Qui</strong></span> <span class='ocrx_word' id='word_1_394' title='bbox 850 4625 1016 4694; x_wconf 85' lang='lat' dir='ltr'><strong>arguit</strong></span> <span class='ocrx_word' id='word_1_395' title='bbox 1055 4625 1247 4695; x_wconf 82' lang='lat' dir='ltr'><strong>palam,</strong></span> <span class='ocrx_word' id='word_1_396' title='bbox 1281 4644 1452 4696; x_wconf 86' lang='lat' dir='ltr'><strong>pacem</strong></span> <span class='ocrx_word' id='word_1_397' title='bbox 1479 4630 1619 4699; x_wconf 80' lang='lat' dir='ltr'><strong>facit.</strong></span> <span class='ocrx_word' id='word_1_398' title='bbox 1655 4630 1792 4700; x_wconf 82' lang='lat' dir='ltr'><strong>Ergo</strong></span> 
     </span>
    </p>
   </div>
   <div class='ocr_carea' id='block_1_49' title="bbox 216 4714 1788 4785">
    <p class='ocr_par' dir='ltr' id='par_1_49' title="bbox 216 4714 1788 4785">
     <span class='ocr_line' id='line_1_49' title="bbox 216 4714 1788 4785; baseline 0.004 -17"><span class='ocrx_word' id='word_1_399' title='bbox 216 4715 380 4768; x_wconf 80' lang='lat' dir='ltr'><strong>nescit</strong></span> <span class='ocrx_word' id='word_1_400' title='bbox 402 4714 656 4768; x_wconf 86' lang='lat' dir='ltr'><strong>Dominus</strong></span> <span class='ocrx_word' id='word_1_401' title='bbox 677 4716 801 4784; x_wconf 90' lang='lat' dir='ltr'><strong>quid</strong></span> <span class='ocrx_word' id='word_1_402' title='bbox 829 4716 1119 4785; x_wconf 62' lang='lat' dir='ltr'><strong>praecepit?</strong></span> <span class='ocrx_word' id='word_1_403' title='bbox 1138 4715 1389 4774; x_wconf 85' lang='lat' dir='ltr'><strong>Salomon</strong></span> <span class='ocrx_word' id='word_1_404' title='bbox 1410 4720 1516 4774; x_wconf 82' lang='lat' dir='ltr'><strong>vult</strong></span> <span class='ocrx_word' id='word_1_405' title='bbox 1534 4721 1788 4775; x_wconf 86' lang='lat' dir='ltr'><strong>contundi</strong></span> 
     </span>
    </p>
   </div>
   <div class='ocr_carea' id='block_1_50' title="bbox 216 4805 1792 4880">
    <p class='ocr_par' dir='ltr' id='par_1_50' title="bbox 216 4805 1792 4880">
     <span class='ocr_line' id='line_1_50' title="bbox 216 4805 1792 4880; baseline 0.005 -20"><span class='ocrx_word' id='word_1_406' title='bbox 216 4805 443 4863; x_wconf 70' lang='lat' dir='ltr'><strong>&quot;autem</strong></span> <span class='ocrx_word' id='word_1_407' title='bbox 488 4808 756 4878; x_wconf 82' lang='lat' dir='ltr'><strong>peccantis</strong></span> <span class='ocrx_word' id='word_1_408' title='bbox 797 4826 810 4860; x_wconf 89' lang='lat'><strong>:</strong></span> <span class='ocrx_word' id='word_1_409' title='bbox 850 4807 1094 4864; x_wconf 83' lang='lat' dir='ltr'><strong>Christus</strong></span> <span class='ocrx_word' id='word_1_410' title='bbox 1149 4810 1318 4879; x_wconf 87' lang='lat' dir='ltr'><strong>parcit</strong></span> <span class='ocrx_word' id='word_1_411' title='bbox 1363 4811 1550 4880; x_wconf 88' lang='lat' dir='ltr'><strong>pudori</strong></span> <span class='ocrx_word' id='word_1_412' title='bbox 1601 4814 1792 4868; x_wconf 86' lang='lat' dir='ltr'><strong>erube-</strong></span> 
     </span>
    </p>
   </div>
   <div class='ocr_carea' id='block_1_51' title="bbox 214 4899 1793 4974">
    <p class='ocr_par' dir='ltr' id='par_1_51' title="bbox 214 4899 1793 4974">
     <span class='ocr_line' id='line_1_51' title="bbox 214 4899 1793 4974; baseline 0.003 -23"><span class='ocrx_word' id='word_1_413' title='bbox 214 4899 433 4952; x_wconf 70' lang='lat' dir='ltr'><strong>mtis.</strong></span> <span class='ocrx_word' id='word_1_414' title='bbox 456 4899 532 4953; x_wconf 90' lang='lat' dir='ltr'><strong>lbi</strong></span> <span class='ocrx_word' id='word_1_415' title='bbox 562 4899 704 4954; x_wconf 88' lang='lat' dir='ltr'><strong>enim</strong></span> <span class='ocrx_word' id='word_1_416' title='bbox 735 4899 988 4972; x_wconf 83' lang='lat' dir='ltr'><strong>scriptum</strong></span> <span class='ocrx_word' id='word_1_417' title='bbox 1015 4908 1116 4966; x_wconf 85' lang='lat' dir='ltr'><strong>est,</strong></span> <span class='ocrx_word' id='word_1_418' title='bbox 1151 4899 1251 4966; x_wconf 78' lang='lat' dir='ltr'><strong>Qui</strong></span> <span class='ocrx_word' id='word_1_419' title='bbox 1284 4902 1450 4971; x_wconf 80' lang='lat' dir='ltr'><strong>arguit</strong></span> <span class='ocrx_word' id='word_1_420' title='bbox 1478 4901 1670 4972; x_wconf 81' lang='lat' dir='ltr'><strong>palam,</strong></span> <span class='ocrx_word' id='word_1_421' title='bbox 1700 4919 1793 4974; x_wconf 86' lang='lat' dir='ltr'><strong>pa-</strong></span> 
     </span>
    </p>
   </div>
   <div class='ocr_carea' id='block_1_52' title="bbox 213 4989 1792 5063">
    <p class='ocr_par' dir='ltr' id='par_1_52' title="bbox 213 4989 1792 5063">
     <span class='ocr_line' id='line_1_52' title="bbox 213 4989 1792 5063; baseline 0.006 -25"><span class='ocrx_word' id='word_1_422' title='bbox 213 5003 318 5040; x_wconf 72' lang='lat' dir='ltr'><strong>cem</strong></span> <span class='ocrx_word' id='word_1_423' title='bbox 348 4990 513 5057; x_wconf 87' lang='lat' dir='ltr'><strong>facit:</strong></span> <span class='ocrx_word' id='word_1_424' title='bbox 540 4989 627 5045; x_wconf 89' lang='lat' dir='ltr'><strong>bic</strong></span> <span class='ocrx_word' id='word_1_425' title='bbox 665 4999 866 5056; x_wconf 85' lang='lat' dir='ltr'><strong>autem,</strong></span> <span class='ocrx_word' id='word_1_426' title='bbox 895 4989 1101 5063; x_wconf 75' lang='lat' dir='ltr'><strong>Corripe</strong></span> <span class='ocrx_word' id='word_1_427' title='bbox 1126 4991 1270 5046; x_wconf 89' lang='lat' dir='ltr'><strong>illum</strong></span> <span class='ocrx_word' id='word_1_428' title='bbox 1295 4991 1424 5045; x_wconf 81' lang='lat' dir='ltr'><strong>inter</strong></span> <span class='ocrx_word' id='word_1_429' title='bbox 1459 5003 1516 5046; x_wconf 81' lang='lat' dir='ltr'><strong>te</strong></span> <span class='ocrx_word' id='word_1_430' title='bbox 1545 5002 1591 5047; x_wconf 83' lang='lat' dir='ltr'><strong>et</strong></span> <span class='ocrx_word' id='word_1_431' title='bbox 1628 4994 1792 5063; x_wconf 78' lang='lat' dir='ltr'><strong>ipsum</strong></span> 
     </span>
    </p>
   </div>
   <div class='ocr_carea' id='block_1_53' title="bbox 209 5079 1792 5150">
    <p class='ocr_par' dir='ltr' id='par_1_53' title="bbox 209 5079 1792 5150">
     <span class='ocr_line' id='line_1_53' title="bbox 209 5079 1792 5150; baseline 0.004 -18"><span class='ocrx_word' id='word_1_432' title='bbox 209 5079 413 5145; x_wconf 68' lang='lat' dir='ltr'><strong>solum;</strong></span> <span class='ocrx_word' id='word_1_433' title='bbox 459 5095 564 5134; x_wconf 88' lang='lat' dir='ltr'><strong>non</strong></span> <span class='ocrx_word' id='word_1_434' title='bbox 608 5080 802 5150; x_wconf 81' lang='lat' dir='ltr'><strong>palam,</strong></span> <span class='ocrx_word' id='word_1_435' title='bbox 849 5081 944 5136; x_wconf 87' lang='lat' dir='ltr'><strong>sed</strong></span> <span class='ocrx_word' id='word_1_436' title='bbox 989 5082 1046 5138; x_wconf 90' lang='lat' dir='ltr'><strong>in</strong></span> <span class='ocrx_word' id='word_1_437' title='bbox 1094 5092 1299 5138; x_wconf 81' lang='lat' dir='ltr'><strong>secreto</strong></span> <span class='ocrx_word' id='word_1_438' title='bbox 1341 5092 1395 5138; x_wconf 88' lang='lat' dir='ltr'><strong>et</strong></span> <span class='ocrx_word' id='word_1_439' title='bbox 1429 5084 1654 5139; x_wconf 86' lang='lat' dir='ltr'><strong>occulte.</strong></span> <span class='ocrx_word' id='word_1_440' title='bbox 1701 5084 1792 5139; x_wconf 86' lang='lat' dir='ltr'><strong>V-is</strong></span> 
     </span>
    </p>
   </div>
   <div class='ocr_carea' id='block_1_54' title="bbox 213 5171 1791 5245">
    <p class='ocr_par' dir='ltr' id='par_1_54' title="bbox 213 5171 1791 5245">
     <span class='ocr_line' id='line_1_54' title="bbox 213 5171 1791 5245; baseline 0.006 -24"><span class='ocrx_word' id='word_1_441' title='bbox 213 5186 396 5235; x_wconf 82' lang='lat' dir='ltr'><strong>nosse,</strong></span> <span class='ocrx_word' id='word_1_442' title='bbox 422 5171 662 5242; x_wconf 87' lang='lat' dir='ltr'><strong>quisquis</strong></span> <span class='ocrx_word' id='word_1_443' title='bbox 694 5171 816 5227; x_wconf 84' lang='lat' dir='ltr'><strong>talia</strong></span> <span class='ocrx_word' id='word_1_444' title='bbox 845 5173 1066 5244; x_wconf 77' lang='lat' dir='ltr'><strong>cogitas,</strong></span> <span class='ocrx_word' id='word_1_445' title='bbox 1111 5189 1212 5228; x_wconf 88' lang='lat' dir='ltr'><strong>non</strong></span> <span class='ocrx_word' id='word_1_446' title='bbox 1240 5173 1338 5230; x_wconf 82' lang='lat' dir='ltr'><strong>sibi</strong></span> <span class='ocrx_word' id='word_1_447' title='bbox 1367 5189 1659 5245; x_wconf 81' lang='lat' dir='ltr'><strong>repugnare</strong></span> <span class='ocrx_word' id='word_1_448' title='bbox 1686 5174 1791 5230; x_wconf 90' lang='lat' dir='ltr'><strong>duo</strong></span> 
     </span>
    </p>
   </div>
   <div class='ocr_carea' id='block_1_55' title="bbox 214 5259 1788 5333">
    <p class='ocr_par' dir='ltr' id='par_1_55' title="bbox 214 5259 1788 5333">
     <span class='ocr_line' id='line_1_55' title="bbox 214 5259 1788 5333; baseline 0.004 -19"><span class='ocrx_word' id='word_1_449' title='bbox 214 5259 579 5329; x_wconf 83' lang='lat' dir='ltr'><strong>Testamenta,</strong></span> <span class='ocrx_word' id='word_1_450' title='bbox 621 5261 746 5332; x_wconf 86' lang='lat' dir='ltr'><strong>quia</strong></span> <span class='ocrx_word' id='word_1_451' title='bbox 789 5262 935 5319; x_wconf 71' lang='lat' dir='ltr'><strong>illuth</strong></span> <span class='ocrx_word' id='word_1_452' title='bbox 957 5265 1008 5318; x_wconf 91' lang='lat' dir='ltr'><strong>in</strong></span> <span class='ocrx_word' id='word_1_453' title='bbox 1051 5264 1186 5320; x_wconf 90' lang='lat' dir='ltr'><strong>libro</strong></span> <span class='ocrx_word' id='word_1_454' title='bbox 1227 5264 1547 5333; x_wconf 84' lang='lat' dir='ltr'><strong>Salomonis,</strong></span> <span class='ocrx_word' id='word_1_455' title='bbox 1594 5265 1693 5321; x_wconf 86' lang='lat' dir='ltr'><strong>hoc</strong></span> <span class='ocrx_word' id='word_1_456' title='bbox 1737 5266 1788 5321; x_wconf 90' lang='lat' dir='ltr'><strong>in</strong></span> 
     </span>
    </p>
   </div>
   <div class='ocr_carea' id='block_1_56' title="bbox 217 5350 1788 5426">
    <p class='ocr_par' dir='ltr' id='par_1_56' title="bbox 217 5350 1788 5426">
     <span class='ocr_line' id='line_1_56' title="bbox 217 5350 1788 5426; baseline 0.007 -24"><span class='ocrx_word' id='word_1_457' title='bbox 217 5350 506 5422; x_wconf 73' lang='lat' dir='ltr'><strong>Evangelio</strong></span> <span class='ocrx_word' id='word_1_458' title='bbox 530 5353 834 5423; x_wconf 86' lang='lat' dir='ltr'><strong>reperitur?</strong></span> <span class='ocrx_word' id='word_1_459' title='bbox 861 5355 1174 5424; x_wconf 85' lang='lat' dir='ltr'><strong>Apostolum</strong></span> <span class='ocrx_word' id='word_1_460' title='bbox 1198 5354 1346 5410; x_wconf 86' lang='lat' dir='ltr'><strong>audi.</strong></span> <span class='ocrx_word' id='word_1_461' title='bbox 1373 5355 1531 5411; x_wconf 80' lang='lat' dir='ltr'><strong>Certe</strong></span> <span class='ocrx_word' id='word_1_462' title='bbox 1557 5358 1788 5426; x_wconf 70' lang='lat' dir='ltr'><strong>Aposto-</strong></span> 
     </span>
    </p>
   </div>
   <div class='ocr_carea' id='block_1_57' title="bbox 215 5444 1790 5519">
    <p class='ocr_par' dir='ltr' id='par_1_57' title="bbox 215 5444 1790 5519">
     <span class='ocr_line' id='line_1_57' title="bbox 215 5444 1790 5519; baseline 0.006 -25"><span class='ocrx_word' id='word_1_463' title='bbox 215 5459 294 5498; x_wconf 69' lang='lat' dir='ltr'><strong>ius</strong></span> <span class='ocrx_word' id='word_1_464' title='bbox 321 5444 568 5500; x_wconf 82' lang='lat' dir='ltr'><strong>minister</strong></span> <span class='ocrx_word' id='word_1_465' title='bbox 594 5458 678 5501; x_wconf 89' lang='lat' dir='ltr'><strong>est</strong></span> <span class='ocrx_word' id='word_1_466' title='bbox 701 5445 836 5502; x_wconf 72' lang='lat' dir='ltr'><strong>Novi</strong></span> <span class='ocrx_word' id='word_1_467' title='bbox 862 5447 1205 5504; x_wconf 78' lang='lat' dir='ltr'><strong>Testamenti.</strong></span> <span class='ocrx_word' id='word_1_468' title='bbox 1247 5448 1386 5504; x_wconf 84' lang='lat' dir='ltr'><strong>Audi</strong></span> <span class='ocrx_word' id='word_1_469' title='bbox 1421 5463 1549 5519; x_wconf 80' lang='lat' dir='ltr'><strong>ergo</strong></span> <span class='ocrx_word' id='word_1_470' title='bbox 1576 5458 1790 5518; x_wconf 86' lang='lat' dir='ltr'><strong>aposto-</strong></span> 
     </span>
    </p>
   </div>
   <div class='ocr_carea' id='block_1_58' title="bbox 213 5534 1786 5612">
    <p class='ocr_par' dir='ltr' id='par_1_58' title="bbox 213 5534 1786 5612">
     <span class='ocr_line' id='line_1_58' title="bbox 213 5534 1786 5612; baseline 0.006 -22"><span class='ocrx_word' id='word_1_471' title='bbox 213 5536 328 5591; x_wconf 75' lang='lat' dir='ltr'><strong>lum</strong></span> <span class='ocrx_word' id='word_1_472' title='bbox 378 5534 598 5594; x_wconf 66' lang='lat' dir='ltr'><strong>Paulina</strong></span> <span class='ocrx_word' id='word_1_473' title='bbox 645 5537 932 5596; x_wconf 76' lang='lat' dir='ltr'><strong>Timotheo</strong></span> <span class='ocrx_word' id='word_1_474' title='bbox 968 5540 1359 5612; x_wconf 63' lang='lat' dir='ltr'><strong>praecipientem</strong></span> <span class='ocrx_word' id='word_1_475' title='bbox 1405 5551 1463 5598; x_wconf 84' lang='lat' dir='ltr'><strong>et</strong></span> <span class='ocrx_word' id='word_1_476' title='bbox 1503 5542 1786 5612; x_wconf 76' lang='lat' dir='ltr'><strong>dicentem,</strong></span> 
     </span>
    </p>
   </div>
   <div class='ocr_carea' id='block_1_59' title="bbox 276 5638 1603 5714">
    <p class='ocr_par' dir='ltr' id='par_1_59' title="bbox 276 5638 1603 5714">
     <span class='ocr_line' id='line_1_59' title="bbox 276 5638 1603 5714; baseline 0.007 -19"><span class='ocrx_word' id='word_1_477' title='bbox 276 5652 290 5675; x_wconf 83' lang='grc'><strong><em>³</em></strong></span> <span class='ocrx_word' id='word_1_478' title='bbox 319 5647 440 5696; x_wconf 67' lang='lat' dir='ltr'><strong>aliti</strong></span> <span class='ocrx_word' id='word_1_479' title='bbox 469 5657 566 5697; x_wconf 71' lang='lat' dir='ltr'><strong>Am.</strong></span> <span class='ocrx_word' id='word_1_480' title='bbox 592 5655 667 5698; x_wconf 79' lang='lat' dir='ltr'><strong>Er.</strong></span> <span class='ocrx_word' id='word_1_481' title='bbox 692 5658 741 5702; x_wconf 90' lang='lat' dir='ltr'><strong>et</strong></span> <span class='ocrx_word' id='word_1_482' title='bbox 763 5665 932 5703; x_wconf 78' lang='lat' dir='ltr'><strong>armies</strong></span> <span class='ocrx_word' id='word_1_483' title='bbox 951 5659 1078 5714; x_wconf 70' lang='lat' dir='ltr'><strong>Mss,</strong></span> <span class='ocrx_word' id='word_1_484' title='bbox 1103 5653 1288 5706; x_wconf 82' lang='lat' dir='ltr'><strong>intuens</strong></span> <span class='ocrx_word' id='word_1_485' title='bbox 1309 5638 1603 5708; x_wconf 72' lang='lat' dir='ltr'><strong>correctioni.</strong></span> 
     </span>
    </p>
   </div>
   <div class='ocr_carea' id='block_1_60' title="bbox 272 5729 643 5790">
    <p class='ocr_par' dir='ltr' id='par_1_60' title="bbox 272 5729 643 5790">
     <span class='ocr_line' id='line_1_60' title="bbox 272 5729 643 5790; baseline 0.013 -18"><span class='ocrx_word' id='word_1_486' title='bbox 272 5729 348 5790; x_wconf 70' lang='lat' dir='ltr'><strong>(ll)</strong></span> <span class='ocrx_word' id='word_1_487' title='bbox 390 5729 643 5780; x_wconf 62' lang='lat' dir='ltr'><strong>ueniebat</strong></span> 
     </span>
    </p>
   </div>
   <div class='ocr_carea' id='block_1_61' title="bbox 1585 343 2110 402">
    <p class='ocr_par' dir='ltr' id='par_1_61' title="bbox 1585 343 2110 402">
     <span class='ocr_line' id='line_1_61' title="bbox 1585 343 2110 402; baseline 0.006 -2"><span class='ocrx_word' id='word_1_488' title='bbox 1585 344 1819 400; x_wconf 64' lang='lat' dir='ltr'><strong>SSp-510</strong></span> <span class='ocrx_word' id='word_1_489' title='bbox 1850 343 2110 402; x_wconf 65' lang='lat' dir='ltr'><strong>LXXIII.</strong></span> 
     </span>
    </p>
   </div>
   <div class='ocr_carea' id='block_1_62' title="bbox 3369 371 3474 429">
    <p class='ocr_par' dir='ltr' id='par_1_62' title="bbox 3369 371 3474 429">
     <span class='ocr_line' id='line_1_62' title="bbox 3369 371 3474 429; baseline 0.048 -5"><span class='ocrx_word' id='word_1_490' title='bbox 3369 371 3474 429; x_wconf 76' lang='grc'><strong>510</strong></span> 
     </span>
    </p>
   </div>
   <div class='ocr_carea' id='block_1_63' title="bbox 1910 457 3477 542">
    <p class='ocr_par' dir='ltr' id='par_1_63' title="bbox 1910 457 3477 542">
     <span class='ocr_line' id='line_1_63' title="bbox 1910 457 3477 542; baseline 0.017 -31"><span class='ocrx_word' id='word_1_491' title='bbox 1910 457 2176 516; x_wconf 78' lang='lat' dir='ltr'><strong>Peccautes</strong></span> <span class='ocrx_word' id='word_1_492' title='bbox 2204 479 2374 519; x_wconf 81' lang='lat' dir='ltr'><strong>coram</strong></span> <span class='ocrx_word' id='word_1_493' title='bbox 2411 469 2638 525; x_wconf 83' lang='lat' dir='ltr'><strong>omnibus</strong></span> <span class='ocrx_word' id='word_1_494' title='bbox 2665 488 2838 542; x_wconf 84' lang='lat' dir='ltr'><strong>argue,</strong></span> <span class='ocrx_word' id='word_1_495' title='bbox 2883 484 2935 528; x_wconf 85' lang='lat' dir='ltr'><strong>ut</strong></span> <span class='ocrx_word' id='word_1_496' title='bbox 2973 486 3018 531; x_wconf 85' lang='lat' dir='ltr'><strong>et</strong></span> <span class='ocrx_word' id='word_1_497' title='bbox 3051 482 3215 534; x_wconf 77' lang='lat' dir='ltr'><strong>cteteri</strong></span> <span class='ocrx_word' id='word_1_498' title='bbox 3250 486 3477 538; x_wconf 83' lang='lat' dir='ltr'><strong>timorem</strong></span> 
     </span>
    </p>
   </div>
   <div class='ocr_carea' id='block_1_64' title="bbox 1905 551 3470 629">
    <p class='ocr_par' dir='ltr' id='par_1_64' title="bbox 1905 551 3470 629">
     <span class='ocr_line' id='line_1_64' title="bbox 1905 551 3470 629; baseline 0.016 -26"><span class='ocrx_word' id='word_1_499' title='bbox 1905 552 2119 606; x_wconf 81' lang='lat' dir='ltr'><strong>habeant</strong></span> <span class='ocrx_word' id='word_1_500' title='bbox 2163 551 2205 626; x_wconf 89' lang='grc' dir='ltr'><strong>(Ι</strong></span> <span class='ocrx_word' id='word_1_501' title='bbox 2242 553 2370 609; x_wconf 80' lang='lat' dir='ltr'><strong>Tim.</strong></span> <span class='ocrx_word' id='word_1_502' title='bbox 2414 573 2464 622; x_wconf 89' lang='lat' dir='ltr'><strong>v,</strong></span> <span class='ocrx_word' id='word_1_503' title='bbox 2509 559 2622 629; x_wconf 65' lang='grc' dir='ltr'><strong>ΞΟ).</strong></span> <span class='ocrx_word' id='word_1_504' title='bbox 2675 560 2792 616; x_wconf 79' lang='lat' dir='ltr'><strong>lam</strong></span> <span class='ocrx_word' id='word_1_505' title='bbox 2843 580 2945 619; x_wconf 90' lang='lat' dir='ltr'><strong>non</strong></span> <span class='ocrx_word' id='word_1_506' title='bbox 2998 565 3292 625; x_wconf 78' lang='lat' dir='ltr'><strong>Salomonis</strong></span> <span class='ocrx_word' id='word_1_507' title='bbox 3339 572 3470 628; x_wconf 89' lang='lat' dir='ltr'><strong>liber</strong></span> 
     </span>
    </p>
   </div>
   <div class='ocr_carea' id='block_1_65' title="bbox 1904 644 3478 726">
    <p class='ocr_par' dir='ltr' id='par_1_65' title="bbox 1904 644 3478 726">
     <span class='ocr_line' id='line_1_65' title="bbox 1904 644 3478 726; baseline 0.013 -30"><span class='ocrx_word' id='word_1_508' title='bbox 1904 659 2023 696; x_wconf 91' lang='lat' dir='ltr'><strong>cum</strong></span> <span class='ocrx_word' id='word_1_509' title='bbox 2067 644 2372 715; x_wconf 87' lang='lat' dir='ltr'><strong>Evangelio,</strong></span> <span class='ocrx_word' id='word_1_510' title='bbox 2421 648 2513 702; x_wconf 91' lang='lat' dir='ltr'><strong>sed</strong></span> <span class='ocrx_word' id='word_1_511' title='bbox 2562 650 2707 704; x_wconf 85' lang='lat' dir='ltr'><strong>Pauli</strong></span> <span class='ocrx_word' id='word_1_512' title='bbox 2753 655 2978 722; x_wconf 86' lang='lat' dir='ltr'><strong>apostoli</strong></span> <span class='ocrx_word' id='word_1_513' title='bbox 3008 656 3242 726; x_wconf 86' lang='lat' dir='ltr'><strong>Epistula</strong></span> <span class='ocrx_word' id='word_1_514' title='bbox 3269 659 3478 716; x_wconf 88' lang='lat' dir='ltr'><strong>videtur</strong></span> 
     </span>
    </p>
   </div>
   <div class='ocr_carea' id='block_1_66' title="bbox 1904 733 3476 822">
    <p class='ocr_par' dir='ltr' id='par_1_66' title="bbox 1904 733 3476 822">
     <span class='ocr_line' id='line_1_66' title="bbox 1904 733 3476 822; baseline 0.013 -34"><span class='ocrx_word' id='word_1_515' title='bbox 1904 733 2207 805; x_wconf 80' lang='lat' dir='ltr'><strong>confligere.</strong></span> <span class='ocrx_word' id='word_1_516' title='bbox 2240 738 2576 794; x_wconf 87' lang='lat' dir='ltr'><strong>Salomonem</strong></span> <span class='ocrx_word' id='word_1_517' title='bbox 2605 744 2872 811; x_wconf 90' lang='lat' dir='ltr'><strong>paululum</strong></span> <span class='ocrx_word' id='word_1_518' title='bbox 2900 745 3012 802; x_wconf 91' lang='lat' dir='ltr'><strong>sine</strong></span> <span class='ocrx_word' id='word_1_519' title='bbox 3036 749 3222 818; x_wconf 89' lang='lat' dir='ltr'><strong>injuria</strong></span> <span class='ocrx_word' id='word_1_520' title='bbox 3255 766 3476 822; x_wconf 75' lang='lat' dir='ltr'><strong>sepona-</strong></span> 
     </span>
    </p>
   </div>
   <div class='ocr_carea' id='block_1_67' title="bbox 1905 827 3477 915">
    <p class='ocr_par' dir='ltr' id='par_1_67' title="bbox 1905 827 3477 915">
     <span class='ocr_line' id='line_1_67' title="bbox 1905 827 3477 915; baseline 0.015 -37"><span class='ocrx_word' id='word_1_521' title='bbox 1905 839 2021 878; x_wconf 85' lang='lat' dir='ltr'><strong>mus</strong></span> <span class='ocrx_word' id='word_1_522' title='bbox 2047 844 2060 879; x_wconf 89' lang='lat'><strong>:</strong></span> <span class='ocrx_word' id='word_1_523' title='bbox 2089 827 2354 883; x_wconf 82' lang='lat' dir='ltr'><strong>Christum</strong></span> <span class='ocrx_word' id='word_1_524' title='bbox 2387 831 2662 887; x_wconf 90' lang='lat' dir='ltr'><strong>Dominum</strong></span> <span class='ocrx_word' id='word_1_525' title='bbox 2687 845 2740 890; x_wconf 91' lang='lat' dir='ltr'><strong>et</strong></span> <span class='ocrx_word' id='word_1_526' title='bbox 2767 836 2988 893; x_wconf 87' lang='lat' dir='ltr'><strong>Paulum</strong></span> <span class='ocrx_word' id='word_1_527' title='bbox 3010 856 3220 896; x_wconf 85' lang='lat' dir='ltr'><strong>servum</strong></span> <span class='ocrx_word' id='word_1_528' title='bbox 3246 845 3360 915; x_wconf 88' lang='lat' dir='ltr'><strong>ejus</strong></span> <span class='ocrx_word' id='word_1_529' title='bbox 3384 861 3477 900; x_wconf 86' lang='lat' dir='ltr'><strong>au-</strong></span> 
     </span>
    </p>
   </div>
   <div class='ocr_carea' id='block_1_68' title="bbox 1902 913 3477 1005">
    <p class='ocr_par' dir='ltr' id='par_1_68' title="bbox 1902 913 3477 1005">
     <span class='ocr_line' id='line_1_68' title="bbox 1902 913 3477 1005; baseline 0.014 -38"><span class='ocrx_word' id='word_1_530' title='bbox 1902 913 2129 969; x_wconf 86' lang='lat' dir='ltr'><strong>diamus.</strong></span> <span class='ocrx_word' id='word_1_531' title='bbox 2161 917 2296 984; x_wconf 86' lang='lat' dir='ltr'><strong>Quid</strong></span> <span class='ocrx_word' id='word_1_532' title='bbox 2325 919 2474 980; x_wconf 88' lang='lat' dir='ltr'><strong>dicis,</strong></span> <span class='ocrx_word' id='word_1_533' title='bbox 2506 921 2764 980; x_wconf 88' lang='lat' dir='ltr'><strong>Domine?</strong></span> <span class='ocrx_word' id='word_1_534' title='bbox 2793 926 2853 980; x_wconf 92' lang='lat' dir='ltr'><strong>Si</strong></span> <span class='ocrx_word' id='word_1_535' title='bbox 2882 933 3155 997; x_wconf 80' lang='lat' dir='ltr'><strong>peccaverit</strong></span> <span class='ocrx_word' id='word_1_536' title='bbox 3175 933 3226 987; x_wconf 85' lang='lat' dir='ltr'><strong>iu</strong></span> <span class='ocrx_word' id='word_1_537' title='bbox 3253 913 3299 987; x_wconf 82' lang='lat' dir='ltr'><strong>te</strong></span> <span class='ocrx_word' id='word_1_538' title='bbox 3322 939 3477 1005; x_wconf 84' lang='lat' dir='ltr'><strong>frater</strong></span> 
     </span>
    </p>
   </div>
   <div class='ocr_carea' id='block_1_69' title="bbox 1903 1008 3474 1092">
    <p class='ocr_par' dir='ltr' id='par_1_69' title="bbox 1903 1008 3474 1092">
     <span class='ocr_line' id='line_1_69' title="bbox 1903 1008 3474 1092; baseline 0.012 -36"><span class='ocrx_word' id='word_1_539' title='bbox 1903 1013 2039 1070; x_wconf 87' lang='lat' dir='ltr'><strong>tuus,</strong></span> <span class='ocrx_word' id='word_1_540' title='bbox 2065 1008 2258 1077; x_wconf 75' lang='lat' dir='ltr'><strong>corripe</strong></span> <span class='ocrx_word' id='word_1_541' title='bbox 2286 1009 2428 1062; x_wconf 87' lang='lat' dir='ltr'><strong>illum</strong></span> <span class='ocrx_word' id='word_1_542' title='bbox 2453 1011 2581 1065; x_wconf 87' lang='lat' dir='ltr'><strong>inter</strong></span> <span class='ocrx_word' id='word_1_543' title='bbox 2605 1023 2652 1066; x_wconf 87' lang='lat' dir='ltr'><strong>te</strong></span> <span class='ocrx_word' id='word_1_544' title='bbox 2677 1025 2722 1067; x_wconf 86' lang='lat' dir='ltr'><strong>et</strong></span> <span class='ocrx_word' id='word_1_545' title='bbox 2748 1015 2914 1085; x_wconf 87' lang='lat' dir='ltr'><strong>ipsum</strong></span> <span class='ocrx_word' id='word_1_546' title='bbox 2938 1017 3120 1073; x_wconf 82' lang='lat' dir='ltr'><strong>solum.</strong></span> <span class='ocrx_word' id='word_1_547' title='bbox 3152 1020 3288 1087; x_wconf 87' lang='lat' dir='ltr'><strong>Quid</strong></span> <span class='ocrx_word' id='word_1_548' title='bbox 3324 1023 3474 1092; x_wconf 79' lang='lat' dir='ltr'><strong>dicis,</strong></span> 
     </span>
    </p>
   </div>
   <div class='ocr_carea' id='block_1_70' title="bbox 1902 1093 3477 1179">
    <p class='ocr_par' dir='ltr' id='par_1_70' title="bbox 1902 1093 3477 1179">
     <span class='ocr_line' id='line_1_70' title="bbox 1902 1093 3477 1179; baseline 0.015 -34"><span class='ocrx_word' id='word_1_549' title='bbox 1902 1093 2198 1162; x_wconf 81' lang='lat' dir='ltr'><strong>Apostole?</strong></span> <span class='ocrx_word' id='word_1_550' title='bbox 2225 1095 2493 1153; x_wconf 83' lang='lat' dir='ltr'><strong>Pcccautes</strong></span> <span class='ocrx_word' id='word_1_551' title='bbox 2510 1118 2677 1154; x_wconf 87' lang='lat' dir='ltr'><strong>coram</strong></span> <span class='ocrx_word' id='word_1_552' title='bbox 2701 1105 2927 1160; x_wconf 85' lang='lat' dir='ltr'><strong>ontnibus</strong></span> <span class='ocrx_word' id='word_1_553' title='bbox 2956 1124 3130 1179; x_wconf 83' lang='lat' dir='ltr'><strong>argue,</strong></span> <span class='ocrx_word' id='word_1_554' title='bbox 3164 1123 3217 1165; x_wconf 92' lang='lat' dir='ltr'><strong>ut</strong></span> <span class='ocrx_word' id='word_1_555' title='bbox 3243 1122 3288 1165; x_wconf 86' lang='lat' dir='ltr'><strong>et</strong></span> <span class='ocrx_word' id='word_1_556' title='bbox 3312 1115 3477 1168; x_wconf 70' lang='lat' dir='ltr'><strong>atteri</strong></span> 
     </span>
    </p>
   </div>
   <div class='ocr_carea' id='block_1_71' title="bbox 1901 1183 3471 1257">
    <p class='ocr_par' dir='ltr' id='par_1_71' title="bbox 1901 1183 3471 1257">
     <span class='ocr_line' id='line_1_71' title="bbox 1901 1183 3471 1257; baseline 0.015 -24"><span class='ocrx_word' id='word_1_557' title='bbox 1901 1183 2128 1236; x_wconf 86' lang='lat' dir='ltr'><strong>timorem</strong></span> <span class='ocrx_word' id='word_1_558' title='bbox 2155 1185 2386 1242; x_wconf 82' lang='lat' dir='ltr'><strong>habeant.</strong></span> <span class='ocrx_word' id='word_1_559' title='bbox 2419 1188 2553 1256; x_wconf 85' lang='lat' dir='ltr'><strong>Quid</strong></span> <span class='ocrx_word' id='word_1_560' title='bbox 2585 1191 2840 1248; x_wconf 82' lang='lat' dir='ltr'><strong>facimus?</strong></span> <span class='ocrx_word' id='word_1_561' title='bbox 2866 1195 3289 1254; x_wconf 76' lang='lat' dir='ltr'><strong>Cootroversiam</strong></span> <span class='ocrx_word' id='word_1_562' title='bbox 3319 1203 3471 1257; x_wconf 84' lang='lat' dir='ltr'><strong>istaut</strong></span> 
     </span>
    </p>
   </div>
   <div class='ocr_carea' id='block_1_72' title="bbox 1902 1272 3476 1358">
    <p class='ocr_par' dir='ltr' id='par_1_72' title="bbox 1902 1272 3476 1358">
     <span class='ocr_line' id='line_1_72' title="bbox 1902 1272 3476 1358; baseline 0.015 -35"><span class='ocrx_word' id='word_1_563' title='bbox 1902 1272 2038 1338; x_wconf 76' lang='lat' dir='ltr'><strong>velut</strong></span> <span class='ocrx_word' id='word_1_564' title='bbox 2059 1272 2264 1343; x_wconf 88' lang='lat' dir='ltr'><strong>judices</strong></span> <span class='ocrx_word' id='word_1_565' title='bbox 2287 1277 2576 1333; x_wconf 86' lang='lat' dir='ltr'><strong>audimus?</strong></span> <span class='ocrx_word' id='word_1_566' title='bbox 2604 1281 2774 1337; x_wconf 78' lang='lat' dir='ltr'><strong>Absit.</strong></span> <span class='ocrx_word' id='word_1_567' title='bbox 2809 1285 2918 1343; x_wconf 90' lang='lat' dir='ltr'><strong>lmo</strong></span> <span class='ocrx_word' id='word_1_568' title='bbox 2944 1288 3043 1343; x_wconf 90' lang='lat' dir='ltr'><strong>sub</strong></span> <span class='ocrx_word' id='word_1_569' title='bbox 3069 1288 3248 1358; x_wconf 85' lang='lat' dir='ltr'><strong>judice</strong></span> <span class='ocrx_word' id='word_1_570' title='bbox 3272 1294 3476 1346; x_wconf 87' lang='lat' dir='ltr'><strong>consti-</strong></span> 
     </span>
    </p>
   </div>
   <div class='ocr_carea' id='block_1_73' title="bbox 1901 1363 3474 1453">
    <p class='ocr_par' dir='ltr' id='par_1_73' title="bbox 1901 1363 3474 1453">
     <span class='ocr_line' id='line_1_73' title="bbox 1901 1363 3474 1453; baseline 0.015 -39"><span class='ocrx_word' id='word_1_571' title='bbox 1901 1363 1994 1415; x_wconf 85' lang='lat' dir='ltr'><strong>tuti</strong></span> <span class='ocrx_word' id='word_1_572' title='bbox 2027 1366 2312 1432; x_wconf 78' lang='lat' dir='ltr'><strong>pulscmus,</strong></span> <span class='ocrx_word' id='word_1_573' title='bbox 2343 1368 2419 1422; x_wconf 89' lang='lat' dir='ltr'><strong>uti</strong></span> <span class='ocrx_word' id='word_1_574' title='bbox 2463 1371 2615 1426; x_wconf 78' lang='lat' dir='ltr'><strong>nobis</strong></span> <span class='ocrx_word' id='word_1_575' title='bbox 2659 1376 2853 1443; x_wconf 89' lang='lat' dir='ltr'><strong>aperiri</strong></span> <span class='ocrx_word' id='word_1_576' title='bbox 2884 1379 3229 1447; x_wconf 82' lang='lat' dir='ltr'><strong>impetremus</strong></span> <span class='ocrx_word' id='word_1_577' title='bbox 3259 1400 3271 1435; x_wconf 90' lang='lat'><strong>:</strong></span> <span class='ocrx_word' id='word_1_578' title='bbox 3308 1383 3474 1453; x_wconf 86' lang='lat' dir='ltr'><strong>fugia-</strong></span> 
     </span>
    </p>
   </div>
   <div class='ocr_carea' id='block_1_74' title="bbox 1901 1455 3476 1543">
    <p class='ocr_par' dir='ltr' id='par_1_74' title="bbox 1901 1455 3476 1543">
     <span class='ocr_line' id='line_1_74' title="bbox 1901 1455 3476 1543; baseline 0.015 -38"><span class='ocrx_word' id='word_1_579' title='bbox 1901 1469 2017 1507; x_wconf 90' lang='lat' dir='ltr'><strong>mus</strong></span> <span class='ocrx_word' id='word_1_580' title='bbox 2043 1455 2140 1510; x_wconf 91' lang='lat' dir='ltr'><strong>sub</strong></span> <span class='ocrx_word' id='word_1_581' title='bbox 2164 1457 2275 1511; x_wconf 87' lang='lat' dir='ltr'><strong>alas</strong></span> <span class='ocrx_word' id='word_1_582' title='bbox 2306 1458 2509 1514; x_wconf 88' lang='lat' dir='ltr'><strong>Domini</strong></span> <span class='ocrx_word' id='word_1_583' title='bbox 2543 1461 2634 1516; x_wconf 89' lang='lat' dir='ltr'><strong>Dei</strong></span> <span class='ocrx_word' id='word_1_584' title='bbox 2680 1467 2862 1520; x_wconf 90' lang='lat' dir='ltr'><strong>nostri.</strong></span> <span class='ocrx_word' id='word_1_585' title='bbox 2902 1468 3017 1542; x_wconf 79' lang='lat' dir='ltr'><strong>Nou</strong></span> <span class='ocrx_word' id='word_1_586' title='bbox 3044 1472 3184 1525; x_wconf 88' lang='lat' dir='ltr'><strong>enim</strong></span> <span class='ocrx_word' id='word_1_587' title='bbox 3220 1473 3476 1543; x_wconf 84' lang='lat' dir='ltr'><strong>Apostolo</strong></span> 
     </span>
    </p>
   </div>
   <div class='ocr_carea' id='block_1_75' title="bbox 1899 1549 3476 1633">
    <p class='ocr_par' dir='ltr' id='par_1_75' title="bbox 1899 1549 3476 1633">
     <span class='ocr_line' id='line_1_75' title="bbox 1899 1549 3476 1633; baseline 0.015 -36"><span class='ocrx_word' id='word_1_588' title='bbox 1899 1561 1995 1598; x_wconf 92' lang='lat' dir='ltr'><strong>suo</strong></span> <span class='ocrx_word' id='word_1_589' title='bbox 2034 1549 2358 1603; x_wconf 86' lang='lat' dir='ltr'><strong>contrarium</strong></span> <span class='ocrx_word' id='word_1_590' title='bbox 2392 1551 2594 1632; x_wconf 78' lang='lat' dir='ltr'><strong>locutus</strong></span> <span class='ocrx_word' id='word_1_591' title='bbox 2623 1564 2722 1619; x_wconf 90' lang='lat' dir='ltr'><strong>est,</strong></span> <span class='ocrx_word' id='word_1_592' title='bbox 2753 1558 2871 1626; x_wconf 81' lang='lat' dir='ltr'><strong>quia</strong></span> <span class='ocrx_word' id='word_1_593' title='bbox 2904 1570 2955 1614; x_wconf 87' lang='lat' dir='ltr'><strong>ct</strong></span> <span class='ocrx_word' id='word_1_594' title='bbox 2988 1563 3037 1614; x_wconf 92' lang='lat' dir='ltr'><strong>in</strong></span> <span class='ocrx_word' id='word_1_595' title='bbox 3070 1563 3157 1616; x_wconf 92' lang='lat' dir='ltr'><strong>illo</strong></span> <span class='ocrx_word' id='word_1_596' title='bbox 3193 1565 3304 1633; x_wconf 90' lang='lat' dir='ltr'><strong>ipse</strong></span> <span class='ocrx_word' id='word_1_597' title='bbox 3337 1564 3476 1620; x_wconf 81' lang='lat' dir='ltr'><strong>locu-</strong></span> 
     </span>
    </p>
   </div>
   <div class='ocr_carea' id='block_1_76' title="bbox 1901 1637 3475 1724">
    <p class='ocr_par' dir='ltr' id='par_1_76' title="bbox 1901 1637 3475 1724">
     <span class='ocr_line' id='line_1_76' title="bbox 1901 1637 3475 1724; baseline 0.013 -37"><span class='ocrx_word' id='word_1_598' title='bbox 1901 1644 1982 1689; x_wconf 89' lang='lat' dir='ltr'><strong>lus</strong></span> <span class='ocrx_word' id='word_1_599' title='bbox 2009 1645 2109 1702; x_wconf 86' lang='lat' dir='ltr'><strong>est,</strong></span> <span class='ocrx_word' id='word_1_600' title='bbox 2143 1637 2277 1691; x_wconf 87' lang='lat' dir='ltr'><strong>sicut</strong></span> <span class='ocrx_word' id='word_1_601' title='bbox 2303 1639 2429 1695; x_wconf 83' lang='lat' dir='ltr'><strong>dicit</strong></span> <span class='ocrx_word' id='word_1_602' title='bbox 2459 1662 2471 1696; x_wconf 88' lang='lat'><strong>:</strong></span> <span class='ocrx_word' id='word_1_603' title='bbox 2507 1643 2581 1695; x_wconf 75' lang='lat' dir='ltr'><strong>An</strong></span> <span class='ocrx_word' id='word_1_604' title='bbox 2607 1645 2751 1698; x_wconf 82' lang='lat' dir='ltr'><strong>vultis</strong></span> <span class='ocrx_word' id='word_1_605' title='bbox 2788 1649 3181 1718; x_wconf 77' lang='lat' dir='ltr'><strong>experimentum</strong></span> <span class='ocrx_word' id='word_1_606' title='bbox 3207 1655 3314 1724; x_wconf 80' lang='lat' dir='ltr'><strong>ejus</strong></span> <span class='ocrx_word' id='word_1_607' title='bbox 3343 1655 3475 1708; x_wconf 81' lang='lat' dir='ltr'><strong>acci-</strong></span> 
     </span>
    </p>
   </div>
   <div class='ocr_carea' id='block_1_77' title="bbox 1900 1730 3476 1819">
    <p class='ocr_par' dir='ltr' id='par_1_77' title="bbox 1900 1730 3476 1819">
     <span class='ocr_line' id='line_1_77' title="bbox 1900 1730 3476 1819; baseline 0.015 -41"><span class='ocrx_word' id='word_1_608' title='bbox 1900 1743 2031 1794; x_wconf 84' lang='lat' dir='ltr'><strong>pere,</strong></span> <span class='ocrx_word' id='word_1_609' title='bbox 2065 1730 2151 1797; x_wconf 89' lang='lat' dir='ltr'><strong>qui</strong></span> <span class='ocrx_word' id='word_1_610' title='bbox 2201 1731 2253 1783; x_wconf 84' lang='lat' dir='ltr'><strong>in</strong></span> <span class='ocrx_word' id='word_1_611' title='bbox 2307 1749 2384 1786; x_wconf 88' lang='lat' dir='ltr'><strong>me</strong></span> <span class='ocrx_word' id='word_1_612' title='bbox 2424 1735 2648 1806; x_wconf 85' lang='lat' dir='ltr'><strong>loquitur</strong></span> <span class='ocrx_word' id='word_1_613' title='bbox 2700 1737 2926 1794; x_wconf 84' lang='lat' dir='ltr'><strong>Christus</strong></span> <span class='ocrx_word' id='word_1_614' title='bbox 2967 1742 3035 1812; x_wconf 84' lang='lat' dir='ltr'><strong>(li</strong></span> <span class='ocrx_word' id='word_1_615' title='bbox 3064 1742 3181 1798; x_wconf 90' lang='lat' dir='ltr'><strong>Cor.</strong></span> <span class='ocrx_word' id='word_1_616' title='bbox 3219 1762 3333 1812; x_wconf 76' lang='lat' dir='ltr'><strong>xm,</strong></span> <span class='ocrx_word' id='word_1_617' title='bbox 3362 1744 3476 1819; x_wconf 78' lang='lat'><strong>5)?</strong></span> 
     </span>
    </p>
   </div>
   <div class='ocr_carea' id='block_1_78' title="bbox 1897 1815 3473 1900">
    <p class='ocr_par' dir='ltr' id='par_1_78' title="bbox 1897 1815 3473 1900">
     <span class='ocr_line' id='line_1_78' title="bbox 1897 1815 3473 1900; baseline 0.011 -29"><span class='ocrx_word' id='word_1_618' title='bbox 1897 1815 2138 1873; x_wconf 86' lang='lat' dir='ltr'><strong>Christus</strong></span> <span class='ocrx_word' id='word_1_619' title='bbox 2180 1820 2232 1873; x_wconf 92' lang='lat' dir='ltr'><strong>iu</strong></span> <span class='ocrx_word' id='word_1_620' title='bbox 2276 1820 2580 1892; x_wconf 80' lang='lat' dir='ltr'><strong>Evangelio,</strong></span> <span class='ocrx_word' id='word_1_621' title='bbox 2619 1825 2861 1882; x_wconf 85' lang='lat' dir='ltr'><strong>Christus</strong></span> <span class='ocrx_word' id='word_1_622' title='bbox 2905 1830 2957 1883; x_wconf 90' lang='lat' dir='ltr'><strong>in</strong></span> <span class='ocrx_word' id='word_1_623' title='bbox 3000 1832 3257 1900; x_wconf 83' lang='lat' dir='ltr'><strong>Apostolo</strong></span> <span class='ocrx_word' id='word_1_624' title='bbox 3283 1851 3295 1885; x_wconf 89' lang='lat'><strong>:</strong></span> <span class='ocrx_word' id='word_1_625' title='bbox 3321 1815 3473 1888; x_wconf 81' lang='lat' dir='ltr'><strong>Chri-</strong></span> 
     </span>
    </p>
   </div>
   <div class='ocr_carea' id='block_1_79' title="bbox 1896 1915 3469 1989">
    <p class='ocr_par' dir='ltr' id='par_1_79' title="bbox 1896 1915 3469 1989">
     <span class='ocr_line' id='line_1_79' title="bbox 1896 1915 3469 1989; baseline 0.013 -27"><span class='ocrx_word' id='word_1_626' title='bbox 1896 1916 2010 1962; x_wconf 88' lang='lat' dir='ltr'><strong>stus</strong></span> <span class='ocrx_word' id='word_1_627' title='bbox 2051 1925 2176 1980; x_wconf 86' lang='lat' dir='ltr'><strong>crgo</strong></span> <span class='ocrx_word' id='word_1_628' title='bbox 2217 1920 2498 1981; x_wconf 88' lang='lat' dir='ltr'><strong>utrumque</strong></span> <span class='ocrx_word' id='word_1_629' title='bbox 2533 1915 2706 1980; x_wconf 76' lang='lat' dir='ltr'><strong>dixit;</strong></span> <span class='ocrx_word' id='word_1_630' title='bbox 2741 1934 2901 1972; x_wconf 90' lang='lat' dir='ltr'><strong>unum</strong></span> <span class='ocrx_word' id='word_1_631' title='bbox 2939 1935 3031 1975; x_wconf 88' lang='lat' dir='ltr'><strong>ore</strong></span> <span class='ocrx_word' id='word_1_632' title='bbox 3076 1937 3194 1989; x_wconf 88' lang='lat' dir='ltr'><strong>suo,</strong></span> <span class='ocrx_word' id='word_1_633' title='bbox 3245 1925 3469 1982; x_wconf 88' lang='lat' dir='ltr'><strong>alterum</strong></span> 
     </span>
    </p>
   </div>
   <div class='ocr_carea' id='block_1_80' title="bbox 1896 2002 3468 2077">
    <p class='ocr_par' dir='ltr' id='par_1_80' title="bbox 1896 2002 3468 2077">
     <span class='ocr_line' id='line_1_80' title="bbox 1896 2002 3468 2077; baseline 0.011 -25"><span class='ocrx_word' id='word_1_634' title='bbox 1896 2015 1989 2054; x_wconf 91' lang='lat' dir='ltr'><strong>ore</strong></span> <span class='ocrx_word' id='word_1_635' title='bbox 2018 2002 2274 2070; x_wconf 67' lang='lat' dir='ltr'><strong>pratconis</strong></span> <span class='ocrx_word' id='word_1_636' title='bbox 2299 2003 2398 2060; x_wconf 89' lang='lat' dir='ltr'><strong>sui.</strong></span> <span class='ocrx_word' id='word_1_637' title='bbox 2425 2005 2557 2071; x_wconf 83' lang='lat' dir='ltr'><strong>Quia</strong></span> <span class='ocrx_word' id='word_1_638' title='bbox 2580 2007 2789 2074; x_wconf 85' lang='lat' dir='ltr'><strong>quando</strong></span> <span class='ocrx_word' id='word_1_639' title='bbox 2813 2025 2984 2077; x_wconf 64' lang='lat' dir='ltr'><strong>pra-co</strong></span> <span class='ocrx_word' id='word_1_640' title='bbox 3006 2011 3072 2066; x_wconf 91' lang='lat' dir='ltr'><strong>de</strong></span> <span class='ocrx_word' id='word_1_641' title='bbox 3099 2013 3348 2068; x_wconf 90' lang='lat' dir='ltr'><strong>tribunali</strong></span> <span class='ocrx_word' id='word_1_642' title='bbox 3368 2017 3468 2070; x_wconf 87' lang='lat' dir='ltr'><strong>ali-</strong></span> 
     </span>
    </p>
   </div>
   <div class='ocr_carea' id='block_1_81' title="bbox 1895 2091 3464 2166">
    <p class='ocr_par' dir='ltr' id='par_1_81' title="bbox 1895 2091 3464 2166">
     <span class='ocr_line' id='line_1_81' title="bbox 1895 2091 3464 2166; baseline 0.011 -23"><span class='ocrx_word' id='word_1_643' title='bbox 1895 2091 2020 2161; x_wconf 88' lang='lat' dir='ltr'><strong>quid</strong></span> <span class='ocrx_word' id='word_1_644' title='bbox 2045 2092 2190 2158; x_wconf 87' lang='lat' dir='ltr'><strong>dicit,</strong></span> <span class='ocrx_word' id='word_1_645' title='bbox 2220 2109 2321 2148; x_wconf 89' lang='lat' dir='ltr'><strong>non</strong></span> <span class='ocrx_word' id='word_1_646' title='bbox 2350 2096 2597 2150; x_wconf 88' lang='lat' dir='ltr'><strong>scribilnr</strong></span> <span class='ocrx_word' id='word_1_647' title='bbox 2630 2097 2680 2150; x_wconf 91' lang='lat' dir='ltr'><strong>in</strong></span> <span class='ocrx_word' id='word_1_648' title='bbox 2713 2097 2906 2166; x_wconf 85' lang='lat' dir='ltr'><strong>Gestis,</strong></span> <span class='ocrx_word' id='word_1_649' title='bbox 2940 2100 3120 2155; x_wconf 64' lang='lat' dir='ltr'><strong>Prasco</strong></span> <span class='ocrx_word' id='word_1_650' title='bbox 3163 2101 3301 2157; x_wconf 74' lang='lat' dir='ltr'><strong>dixit</strong></span> <span class='ocrx_word' id='word_1_651' title='bbox 3327 2121 3340 2158; x_wconf 89' lang='lat'><strong>:</strong></span> <span class='ocrx_word' id='word_1_652' title='bbox 3370 2105 3464 2160; x_wconf 92' lang='lat' dir='ltr'><strong>sed</strong></span> 
     </span>
    </p>
   </div>
   <div class='ocr_carea' id='block_1_82' title="bbox 1897 2182 3473 2265">
    <p class='ocr_par' dir='ltr' id='par_1_82' title="bbox 1897 2182 3473 2265">
     <span class='ocr_line' id='line_1_82' title="bbox 1897 2182 3473 2265; baseline 0.01 -31"><span class='ocrx_word' id='word_1_653' title='bbox 1897 2182 1984 2236; x_wconf 88' lang='lat' dir='ltr'><strong>ille</strong></span> <span class='ocrx_word' id='word_1_654' title='bbox 2012 2183 2207 2238; x_wconf 75' lang='lat' dir='ltr'><strong>dixisse</strong></span> <span class='ocrx_word' id='word_1_655' title='bbox 2233 2185 2500 2254; x_wconf 89' lang='lat' dir='ltr'><strong>scribitur,</strong></span> <span class='ocrx_word' id='word_1_656' title='bbox 2526 2188 2614 2256; x_wconf 91' lang='lat' dir='ltr'><strong>qui</strong></span> <span class='ocrx_word' id='word_1_657' title='bbox 2647 2190 2878 2256; x_wconf 64' lang='lat' dir='ltr'><strong>praeconi</strong></span> <span class='ocrx_word' id='word_1_658' title='bbox 2904 2191 3045 2258; x_wconf 88' lang='lat' dir='ltr'><strong>quod</strong></span> <span class='ocrx_word' id='word_1_659' title='bbox 3075 2191 3278 2248; x_wconf 89' lang='lat' dir='ltr'><strong>diceret</strong></span> <span class='ocrx_word' id='word_1_660' title='bbox 3305 2194 3473 2265; x_wconf 85' lang='lat' dir='ltr'><strong>impe-</strong></span> 
     </span>
    </p>
   </div>
   <div class='ocr_carea' id='block_1_83' title="bbox 1898 2272 2047 2325">
    <p class='ocr_par' dir='ltr' id='par_1_83' title="bbox 1898 2272 2047 2325">
     <span class='ocr_line' id='line_1_83' title="bbox 1898 2272 2047 2325; baseline -0.013 -1"><span class='ocrx_word' id='word_1_661' title='bbox 1898 2287 1950 2324; x_wconf 90' lang='lat' dir='ltr'><strong>ra</strong></span> <span class='ocrx_word' id='word_1_662' title='bbox 1959 2272 2047 2325; x_wconf 85' lang='lat' dir='ltr'><strong>vit.</strong></span> 
     </span>
    </p>
   </div>
   <div class='ocr_carea' id='block_1_84' title="bbox 1968 2360 3471 2447">
    <p class='ocr_par' dir='ltr' id='par_1_84' title="bbox 1968 2360 3471 2447">
     <span class='ocr_line' id='line_1_84' title="bbox 1968 2360 3471 2447; baseline 0.009 -31"><span class='ocrx_word' id='word_1_663' title='bbox 1968 2360 2196 2417; x_wconf 70' lang='lat' dir='ltr'><strong>CAPUT</strong></span> <span class='ocrx_word' id='word_1_664' title='bbox 2245 2362 2328 2416; x_wconf 79' lang='lat' dir='ltr'><strong>Vl.</strong></span> <span class='ocrx_word' id='word_1_665' title='bbox 2361 2393 2432 2403; x_wconf 90' lang='lat'><strong>—</strong></span> <span class='ocrx_word' id='word_1_666' title='bbox 2454 2365 2507 2418; x_wconf 87' lang='lat'><strong>9.</strong></span> <span class='ocrx_word' id='word_1_667' title='bbox 2532 2365 2792 2437; x_wconf 82' lang='lat' dir='ltr'><strong>Correptio</strong></span> <span class='ocrx_word' id='word_1_668' title='bbox 2818 2370 2946 2424; x_wconf 89' lang='lat' dir='ltr'><strong>alias</strong></span> <span class='ocrx_word' id='word_1_669' title='bbox 2979 2383 3188 2437; x_wconf 81' lang='lat' dir='ltr'><strong>secreta,</strong></span> <span class='ocrx_word' id='word_1_670' title='bbox 3215 2375 3344 2428; x_wconf 88' lang='lat' dir='ltr'><strong>alias</strong></span> <span class='ocrx_word' id='word_1_671' title='bbox 3373 2392 3471 2447; x_wconf 84' lang='lat' dir='ltr'><strong>pu-</strong></span> 
     </span>
    </p>
   </div>
   <div class='ocr_carea' id='block_1_85' title="bbox 1896 2453 3466 2535">
    <p class='ocr_par' dir='ltr' id='par_1_85' title="bbox 1896 2453 3466 2535">
     <span class='ocr_line' id='line_1_85' title="bbox 1896 2453 3466 2535; baseline 0.011 -29"><span class='ocrx_word' id='word_1_672' title='bbox 1896 2453 2028 2507; x_wconf 72' lang='lat' dir='ltr'><strong>blica</strong></span> <span class='ocrx_word' id='word_1_673' title='bbox 2079 2469 2182 2508; x_wconf 86' lang='lat' dir='ltr'><strong>esse</strong></span> <span class='ocrx_word' id='word_1_674' title='bbox 2233 2454 2389 2508; x_wconf 83' lang='lat' dir='ltr'><strong>debet.</strong></span> <span class='ocrx_word' id='word_1_675' title='bbox 2449 2457 2561 2510; x_wconf 89' lang='lat' dir='ltr'><strong>Duo</strong></span> <span class='ocrx_word' id='word_1_676' title='bbox 2615 2474 2742 2528; x_wconf 83' lang='lat' dir='ltr'><strong>ergo</strong></span> <span class='ocrx_word' id='word_1_677' title='bbox 2784 2460 2880 2514; x_wconf 89' lang='lat' dir='ltr'><strong>ista</strong></span> <span class='ocrx_word' id='word_1_678' title='bbox 2929 2475 3212 2533; x_wconf 63' lang='lat' dir='ltr'><strong>praecepta,</strong></span> <span class='ocrx_word' id='word_1_679' title='bbox 3253 2467 3466 2535; x_wconf 87' lang='lat' dir='ltr'><strong>fratres,</strong></span> 
     </span>
    </p>
   </div>
   <div class='ocr_carea' id='block_1_86' title="bbox 1897 2545 3466 2629">
    <p class='ocr_par' dir='ltr' id='par_1_86' title="bbox 1897 2545 3466 2629">
     <span class='ocr_line' id='line_1_86' title="bbox 1897 2545 3466 2629; baseline 0.01 -29"><span class='ocrx_word' id='word_1_680' title='bbox 1897 2545 1971 2600; x_wconf 91' lang='lat' dir='ltr'><strong>sic</strong></span> <span class='ocrx_word' id='word_1_681' title='bbox 1996 2545 2292 2610; x_wconf 87' lang='lat' dir='ltr'><strong>audiamus,</strong></span> <span class='ocrx_word' id='word_1_682' title='bbox 2335 2554 2395 2600; x_wconf 89' lang='lat' dir='ltr'><strong>ut</strong></span> <span class='ocrx_word' id='word_1_683' title='bbox 2421 2548 2793 2619; x_wconf 83' lang='lat' dir='ltr'><strong>intelligamus,</strong></span> <span class='ocrx_word' id='word_1_684' title='bbox 2822 2562 2876 2605; x_wconf 90' lang='lat' dir='ltr'><strong>et</strong></span> <span class='ocrx_word' id='word_1_685' title='bbox 2913 2554 3050 2608; x_wconf 81' lang='lat' dir='ltr'><strong>inter</strong></span> <span class='ocrx_word' id='word_1_686' title='bbox 3077 2567 3298 2627; x_wconf 81' lang='lat' dir='ltr'><strong>utraque</strong></span> <span class='ocrx_word' id='word_1_687' title='bbox 3329 2575 3466 2629; x_wconf 74' lang='lat' dir='ltr'><strong>pra:-</strong></span> 
     </span>
    </p>
   </div>
   <div class='ocr_carea' id='block_1_87' title="bbox 1895 2640 3472 2709">
    <p class='ocr_par' dir='ltr' id='par_1_87' title="bbox 1895 2640 3472 2709">
     <span class='ocr_line' id='line_1_87' title="bbox 1895 2640 3472 2709; baseline 0.009 -16"><span class='ocrx_word' id='word_1_688' title='bbox 1895 2645 2046 2708; x_wconf 84' lang='lat' dir='ltr'><strong>cepta</strong></span> <span class='ocrx_word' id='word_1_689' title='bbox 2097 2640 2264 2708; x_wconf 87' lang='lat' dir='ltr'><strong>pacati</strong></span> <span class='ocrx_word' id='word_1_690' title='bbox 2319 2640 2724 2696; x_wconf 88' lang='lat' dir='ltr'><strong>constituamur.</strong></span> <span class='ocrx_word' id='word_1_691' title='bbox 2771 2642 2902 2698; x_wconf 91' lang='lat' dir='ltr'><strong>Cum</strong></span> <span class='ocrx_word' id='word_1_692' title='bbox 2949 2648 3108 2703; x_wconf 90' lang='lat' dir='ltr'><strong>corde</strong></span> <span class='ocrx_word' id='word_1_693' title='bbox 3148 2662 3331 2706; x_wconf 73' lang='lat' dir='ltr'><strong>nostro</strong></span> <span class='ocrx_word' id='word_1_694' title='bbox 3375 2669 3472 2709; x_wconf 88' lang='lat' dir='ltr'><strong>nos</strong></span> 
     </span>
    </p>
   </div>
   <div class='ocr_carea' id='block_1_88' title="bbox 1895 2729 3467 2810">
    <p class='ocr_par' dir='ltr' id='par_1_88' title="bbox 1895 2729 3467 2810">
     <span class='ocr_line' id='line_1_88' title="bbox 1895 2729 3467 2810; baseline 0.008 -25"><span class='ocrx_word' id='word_1_695' title='bbox 1895 2729 2301 2797; x_wconf 90' lang='lat' dir='ltr'><strong>concordemus,</strong></span> <span class='ocrx_word' id='word_1_696' title='bbox 2332 2741 2386 2786; x_wconf 90' lang='lat' dir='ltr'><strong>et</strong></span> <span class='ocrx_word' id='word_1_697' title='bbox 2409 2732 2681 2803; x_wconf 89' lang='lat' dir='ltr'><strong>Scriptura</strong></span> <span class='ocrx_word' id='word_1_698' title='bbox 2713 2747 2892 2790; x_wconf 87' lang='lat' dir='ltr'><strong>sancta</strong></span> <span class='ocrx_word' id='word_1_699' title='bbox 2923 2738 2972 2791; x_wconf 91' lang='lat' dir='ltr'><strong>in</strong></span> <span class='ocrx_word' id='word_1_700' title='bbox 3016 2740 3154 2794; x_wconf 88' lang='lat' dir='ltr'><strong>nulla</strong></span> <span class='ocrx_word' id='word_1_701' title='bbox 3187 2753 3333 2810; x_wconf 85' lang='lat' dir='ltr'><strong>parte</strong></span> <span class='ocrx_word' id='word_1_702' title='bbox 3356 2742 3467 2798; x_wconf 83' lang='lat' dir='ltr'><strong>dis-</strong></span> 
     </span>
    </p>
   </div>
   <div class='ocr_carea' id='block_1_89' title="bbox 1895 2821 3474 2901">
    <p class='ocr_par' dir='ltr' id='par_1_89' title="bbox 1895 2821 3474 2901">
     <span class='ocr_line' id='line_1_89' title="bbox 1895 2821 3474 2901; baseline 0.011 -25"><span class='ocrx_word' id='word_1_703' title='bbox 1895 2821 2096 2876; x_wconf 87' lang='lat' dir='ltr'><strong>cordat.</strong></span> <span class='ocrx_word' id='word_1_704' title='bbox 2120 2822 2316 2877; x_wconf 81' lang='lat' dir='ltr'><strong>Verum</strong></span> <span class='ocrx_word' id='word_1_705' title='bbox 2369 2834 2449 2878; x_wconf 89' lang='lat' dir='ltr'><strong>est</strong></span> <span class='ocrx_word' id='word_1_706' title='bbox 2470 2827 2705 2891; x_wconf 88' lang='lat' dir='ltr'><strong>omnino,</strong></span> <span class='ocrx_word' id='word_1_707' title='bbox 2731 2837 3008 2901; x_wconf 79' lang='lat' dir='ltr'><strong>utrumque</strong></span> <span class='ocrx_word' id='word_1_708' title='bbox 3030 2849 3211 2888; x_wconf 86' lang='lat' dir='ltr'><strong>verum</strong></span> <span class='ocrx_word' id='word_1_709' title='bbox 3236 2846 3317 2889; x_wconf 89' lang='lat' dir='ltr'><strong>est</strong></span> <span class='ocrx_word' id='word_1_710' title='bbox 3342 2856 3353 2890; x_wconf 90' lang='lat'>:</span> <span class='ocrx_word' id='word_1_711' title='bbox 3379 2839 3474 2893; x_wconf 89' lang='lat' dir='ltr'><strong>sed</strong></span> 
     </span>
    </p>
   </div>
   <div class='ocr_carea' id='block_1_90' title="bbox 1895 2911 3472 2992">
    <p class='ocr_par' dir='ltr' id='par_1_90' title="bbox 1895 2911 3472 2992">
     <span class='ocr_line' id='line_1_90' title="bbox 1895 2911 3472 2992; baseline 0.01 -26"><span class='ocrx_word' id='word_1_712' title='bbox 1895 2911 2196 2968; x_wconf 87' lang='lat' dir='ltr'><strong>discernere</strong></span> <span class='ocrx_word' id='word_1_713' title='bbox 2221 2913 2494 2981; x_wconf 84' lang='lat' dir='ltr'><strong>debemus,</strong></span> <span class='ocrx_word' id='word_1_714' title='bbox 2543 2917 2824 2987; x_wconf 88' lang='lat' dir='ltr'><strong>aliquando</strong></span> <span class='ocrx_word' id='word_1_715' title='bbox 2857 2921 3004 2987; x_wconf 90' lang='lat' dir='ltr'><strong>illud,</strong></span> <span class='ocrx_word' id='word_1_716' title='bbox 3034 2924 3316 2992; x_wconf 77' lang='lat' dir='ltr'><strong>aliquando</strong></span> <span class='ocrx_word' id='word_1_717' title='bbox 3346 2928 3472 2983; x_wconf 91' lang='lat' dir='ltr'><strong>illud</strong></span> 
     </span>
    </p>
   </div>
   <div class='ocr_carea' id='block_1_91' title="bbox 1894 3005 3471 3082">
    <p class='ocr_par' dir='ltr' id='par_1_91' title="bbox 1894 3005 3471 3082">
     <span class='ocr_line' id='line_1_91' title="bbox 1894 3005 3471 3082; baseline 0.009 -22"><span class='ocrx_word' id='word_1_718' title='bbox 1894 3013 2013 3061; x_wconf 75' lang='lat' dir='ltr'><strong>eSSe</strong></span> <span class='ocrx_word' id='word_1_719' title='bbox 2039 3005 2371 3073; x_wconf 87' lang='lat' dir='ltr'><strong>faciendum;</strong></span> <span class='ocrx_word' id='word_1_720' title='bbox 2408 3009 2690 3078; x_wconf 88' lang='lat' dir='ltr'><strong>aliquando</strong></span> <span class='ocrx_word' id='word_1_721' title='bbox 2716 3012 3107 3082; x_wconf 87' lang='lat' dir='ltr'><strong>corripiendum</strong></span> <span class='ocrx_word' id='word_1_722' title='bbox 3138 3016 3351 3072; x_wconf 88' lang='lat' dir='ltr'><strong>fratrem</strong></span> <span class='ocrx_word' id='word_1_723' title='bbox 3388 3019 3471 3073; x_wconf 89' lang='lat' dir='ltr'><strong>in-</strong></span> 
     </span>
    </p>
   </div>
   <div class='ocr_carea' id='block_1_92' title="bbox 1896 3099 3473 3176">
    <p class='ocr_par' dir='ltr' id='par_1_92' title="bbox 1896 3099 3473 3176">
     <span class='ocr_line' id='line_1_92' title="bbox 1896 3099 3473 3176; baseline 0.008 -25"><span class='ocrx_word' id='word_1_724' title='bbox 1896 3105 1976 3152; x_wconf 90' lang='lat' dir='ltr'><strong>ter</strong></span> <span class='ocrx_word' id='word_1_725' title='bbox 2001 3105 2051 3152; x_wconf 92' lang='lat' dir='ltr'><strong>te</strong></span> <span class='ocrx_word' id='word_1_726' title='bbox 2080 3107 2135 3152; x_wconf 87' lang='lat' dir='ltr'><strong>et</strong></span> <span class='ocrx_word' id='word_1_727' title='bbox 2170 3099 2343 3167; x_wconf 74' lang='lat' dir='ltr'><strong>ipsum</strong></span> <span class='ocrx_word' id='word_1_728' title='bbox 2373 3101 2564 3167; x_wconf 92' lang='lat' dir='ltr'><strong>solum,</strong></span> <span class='ocrx_word' id='word_1_729' title='bbox 2609 3102 2891 3172; x_wconf 86' lang='lat' dir='ltr'><strong>aliquando</strong></span> <span class='ocrx_word' id='word_1_730' title='bbox 2935 3107 3326 3176; x_wconf 90' lang='lat' dir='ltr'><strong>corripiendum</strong></span> <span class='ocrx_word' id='word_1_731' title='bbox 3369 3108 3473 3164; x_wconf 89' lang='lat' dir='ltr'><strong>fra-</strong></span> 
     </span>
    </p>
   </div>
   <div class='ocr_carea' id='block_1_93' title="bbox 1896 3191 3467 3256">
    <p class='ocr_par' dir='ltr' id='par_1_93' title="bbox 1896 3191 3467 3256">
     <span class='ocr_line' id='line_1_93' title="bbox 1896 3191 3467 3256; baseline 0.008 -15"><span class='ocrx_word' id='word_1_732' title='bbox 1896 3197 2027 3242; x_wconf 87' lang='lat' dir='ltr'><strong>trem</strong></span> <span class='ocrx_word' id='word_1_733' title='bbox 2053 3204 2230 3242; x_wconf 87' lang='lat' dir='ltr'><strong>coram</strong></span> <span class='ocrx_word' id='word_1_734' title='bbox 2255 3191 2521 3254; x_wconf 87' lang='lat' dir='ltr'><strong>omnibus,</strong></span> <span class='ocrx_word' id='word_1_735' title='bbox 2549 3201 2604 3245; x_wconf 91' lang='lat' dir='ltr'><strong>ut</strong></span> <span class='ocrx_word' id='word_1_736' title='bbox 2641 3203 2692 3248; x_wconf 89' lang='lat' dir='ltr'><strong>et</strong></span> <span class='ocrx_word' id='word_1_737' title='bbox 2721 3195 2898 3250; x_wconf 67' lang='lat' dir='ltr'><strong>exeleri</strong></span> <span class='ocrx_word' id='word_1_738' title='bbox 2938 3197 3180 3252; x_wconf 90' lang='lat' dir='ltr'><strong>timorem</strong></span> <span class='ocrx_word' id='word_1_739' title='bbox 3220 3201 3467 3256; x_wconf 85' lang='lat' dir='ltr'><strong>habeant.</strong></span> 
     </span>
    </p>
   </div>
   <div class='ocr_carea' id='block_1_94' title="bbox 1893 3275 3470 3354">
    <p class='ocr_par' dir='ltr' id='par_1_94' title="bbox 1893 3275 3470 3354">
     <span class='ocr_line' id='line_1_94' title="bbox 1893 3275 3470 3354; baseline 0.008 -22"><span class='ocrx_word' id='word_1_740' title='bbox 1893 3275 1946 3332; x_wconf 91' lang='lat' dir='ltr'><strong>Si</strong></span> <span class='ocrx_word' id='word_1_741' title='bbox 1991 3277 2276 3346; x_wconf 87' lang='lat' dir='ltr'><strong>aliquando</strong></span> <span class='ocrx_word' id='word_1_742' title='bbox 2313 3279 2466 3345; x_wconf 91' lang='lat' dir='ltr'><strong>illud,</strong></span> <span class='ocrx_word' id='word_1_743' title='bbox 2511 3282 2793 3351; x_wconf 89' lang='lat' dir='ltr'><strong>aliquando</strong></span> <span class='ocrx_word' id='word_1_744' title='bbox 2823 3285 2948 3339; x_wconf 90' lang='lat' dir='ltr'><strong>illud</strong></span> <span class='ocrx_word' id='word_1_745' title='bbox 2990 3284 3304 3354; x_wconf 87' lang='lat' dir='ltr'><strong>fecerimus;</strong></span> <span class='ocrx_word' id='word_1_746' title='bbox 3340 3304 3470 3344; x_wconf 88' lang='lat' dir='ltr'><strong>con-</strong></span> 
     </span>
    </p>
   </div>
   <div class='ocr_carea' id='block_1_95' title="bbox 1894 3368 3472 3449">
    <p class='ocr_par' dir='ltr' id='par_1_95' title="bbox 1894 3368 3472 3449">
     <span class='ocr_line' id='line_1_95' title="bbox 1894 3368 3472 3449; baseline 0.008 -27"><span class='ocrx_word' id='word_1_747' title='bbox 1894 3369 2128 3422; x_wconf 89' lang='lat' dir='ltr'><strong>cordiam</strong></span> <span class='ocrx_word' id='word_1_748' title='bbox 2153 3368 2542 3439; x_wconf 87' lang='lat' dir='ltr'><strong>Scripturarum</strong></span> <span class='ocrx_word' id='word_1_749' title='bbox 2565 3373 2883 3440; x_wconf 86' lang='lat' dir='ltr'><strong>tenebimus,</strong></span> <span class='ocrx_word' id='word_1_750' title='bbox 2904 3387 2955 3430; x_wconf 89' lang='lat' dir='ltr'><strong>et</strong></span> <span class='ocrx_word' id='word_1_751' title='bbox 2979 3377 3029 3431; x_wconf 91' lang='lat' dir='ltr'><strong>in</strong></span> <span class='ocrx_word' id='word_1_752' title='bbox 3053 3377 3293 3433; x_wconf 86' lang='lat' dir='ltr'><strong>faciendo</strong></span> <span class='ocrx_word' id='word_1_753' title='bbox 3313 3393 3472 3449; x_wconf 84' lang='lat' dir='ltr'><strong>atque</strong></span> 
     </span>
    </p>
   </div>
   <div class='ocr_carea' id='block_1_96' title="bbox 1895 3457 3466 3538">
    <p class='ocr_par' dir='ltr' id='par_1_96' title="bbox 1895 3457 3466 3538">
     <span class='ocr_line' id='line_1_96' title="bbox 1895 3457 3466 3538; baseline 0.008 -27"><span class='ocrx_word' id='word_1_754' title='bbox 1895 3457 2314 3527; x_wconf 87' lang='lat' dir='ltr'><strong>obtemperaudo</strong></span> <span class='ocrx_word' id='word_1_755' title='bbox 2342 3476 2445 3514; x_wconf 91' lang='lat' dir='ltr'><strong>non</strong></span> <span class='ocrx_word' id='word_1_756' title='bbox 2471 3461 2788 3516; x_wconf 87' lang='lat' dir='ltr'><strong>errabimus.</strong></span> <span class='ocrx_word' id='word_1_757' title='bbox 2808 3463 2914 3519; x_wconf 88' lang='lat' dir='ltr'><strong>Sed</strong></span> <span class='ocrx_word' id='word_1_758' title='bbox 2939 3466 3068 3520; x_wconf 89' lang='lat' dir='ltr'><strong>dicit</strong></span> <span class='ocrx_word' id='word_1_759' title='bbox 3089 3469 3216 3522; x_wconf 75' lang='lat' dir='ltr'><strong>mihi</strong></span> <span class='ocrx_word' id='word_1_760' title='bbox 3246 3469 3466 3538; x_wconf 88' lang='lat' dir='ltr'><strong>aliquis:</strong></span> 
     </span>
    </p>
   </div>
   <div class='ocr_carea' id='block_1_97' title="bbox 1894 3547 3467 3631">
    <p class='ocr_par' dir='ltr' id='par_1_97' title="bbox 1894 3547 3467 3631">
     <span class='ocr_line' id='line_1_97' title="bbox 1894 3547 3467 3631; baseline 0.01 -30"><span class='ocrx_word' id='word_1_761' title='bbox 1894 3547 2116 3615; x_wconf 87' lang='lat' dir='ltr'><strong>Quando</strong></span> <span class='ocrx_word' id='word_1_762' title='bbox 2155 3549 2290 3603; x_wconf 84' lang='lat' dir='ltr'><strong>facio</strong></span> <span class='ocrx_word' id='word_1_763' title='bbox 2318 3551 2465 3618; x_wconf 90' lang='lat' dir='ltr'><strong>illud,</strong></span> <span class='ocrx_word' id='word_1_764' title='bbox 2500 3554 2711 3622; x_wconf 86' lang='lat' dir='ltr'><strong>quando</strong></span> <span class='ocrx_word' id='word_1_765' title='bbox 2741 3555 2869 3610; x_wconf 89' lang='lat' dir='ltr'><strong>illud</strong></span> <span class='ocrx_word' id='word_1_766' title='bbox 2895 3574 2908 3608; x_wconf 90' lang='lat'><strong><em>:</em></strong></span> <span class='ocrx_word' id='word_1_767' title='bbox 2934 3573 3002 3611; x_wconf 87' lang='lat' dir='ltr'><strong>ne</strong></span> <span class='ocrx_word' id='word_1_768' title='bbox 3031 3567 3154 3613; x_wconf 89' lang='lat' dir='ltr'><strong>tunc</strong></span> <span class='ocrx_word' id='word_1_769' title='bbox 3185 3562 3467 3631; x_wconf 89' lang='lat' dir='ltr'><strong>corripiam</strong></span> 
     </span>
    </p>
   </div>
   <div class='ocr_carea' id='block_1_98' title="bbox 1893 3639 3472 3712">
    <p class='ocr_par' dir='ltr' id='par_1_98' title="bbox 1893 3639 3472 3712">
     <span class='ocr_line' id='line_1_98' title="bbox 1893 3639 3472 3712; baseline 0.009 -20"><span class='ocrx_word' id='word_1_770' title='bbox 1893 3639 2033 3692; x_wconf 87' lang='lat' dir='ltr'><strong>inter</strong></span> <span class='ocrx_word' id='word_1_771' title='bbox 2061 3654 2147 3694; x_wconf 89' lang='lat' dir='ltr'><strong>me</strong></span> <span class='ocrx_word' id='word_1_772' title='bbox 2171 3648 2225 3694; x_wconf 88' lang='lat' dir='ltr'><strong>et</strong></span> <span class='ocrx_word' id='word_1_773' title='bbox 2255 3639 2422 3708; x_wconf 91' lang='lat' dir='ltr'><strong>ipsum</strong></span> <span class='ocrx_word' id='word_1_774' title='bbox 2452 3643 2643 3707; x_wconf 92' lang='lat' dir='ltr'><strong>solum,</strong></span> <span class='ocrx_word' id='word_1_775' title='bbox 2666 3645 2876 3712; x_wconf 89' lang='lat' dir='ltr'><strong>quando</strong></span> <span class='ocrx_word' id='word_1_776' title='bbox 2902 3646 3072 3701; x_wconf 86' lang='lat' dir='ltr'><strong>debeo</strong></span> <span class='ocrx_word' id='word_1_777' title='bbox 3097 3664 3274 3703; x_wconf 81' lang='lat' dir='ltr'><strong>Curam</strong></span> <span class='ocrx_word' id='word_1_778' title='bbox 3298 3653 3472 3706; x_wconf 89' lang='lat' dir='ltr'><strong>omni-</strong></span> 
     </span>
    </p>
   </div>
   <div class='ocr_carea' id='block_1_99' title="bbox 1894 3729 3468 3808">
    <p class='ocr_par' dir='ltr' id='par_1_99' title="bbox 1894 3729 3468 3808">
     <span class='ocr_line' id='line_1_99' title="bbox 1894 3729 3468 3808; baseline 0.008 -24"><span class='ocrx_word' id='word_1_779' title='bbox 1894 3729 1992 3784; x_wconf 91' lang='lat' dir='ltr'><strong>bus</strong></span> <span class='ocrx_word' id='word_1_780' title='bbox 2030 3731 2330 3798; x_wconf 87' lang='lat' dir='ltr'><strong>corripere;</strong></span> <span class='ocrx_word' id='word_1_781' title='bbox 2371 3739 2463 3784; x_wconf 89' lang='lat' dir='ltr'><strong>aut</strong></span> <span class='ocrx_word' id='word_1_782' title='bbox 2504 3740 2628 3786; x_wconf 90' lang='lat' dir='ltr'><strong>tunc</strong></span> <span class='ocrx_word' id='word_1_783' title='bbox 2661 3735 2941 3804; x_wconf 86' lang='lat' dir='ltr'><strong>corripiam</strong></span> <span class='ocrx_word' id='word_1_784' title='bbox 2981 3751 3160 3791; x_wconf 90' lang='lat' dir='ltr'><strong>coram</strong></span> <span class='ocrx_word' id='word_1_785' title='bbox 3199 3740 3468 3808; x_wconf 86' lang='lat' dir='ltr'><strong>omnibus,</strong></span> 
     </span>
    </p>
   </div>
   <div class='ocr_carea' id='block_1_100' title="bbox 1894 3818 2927 3891">
    <p class='ocr_par' dir='ltr' id='par_1_100' title="bbox 1894 3818 2927 3891">
     <span class='ocr_line' id='line_1_100' title="bbox 1894 3818 2927 3891; baseline 0.007 -20"><span class='ocrx_word' id='word_1_786' title='bbox 1894 3818 2106 3888; x_wconf 86' lang='lat' dir='ltr'><strong>quando</strong></span> <span class='ocrx_word' id='word_1_787' title='bbox 2131 3818 2300 3872; x_wconf 86' lang='lat' dir='ltr'><strong>debeo</strong></span> <span class='ocrx_word' id='word_1_788' title='bbox 2323 3819 2373 3872; x_wconf 92' lang='lat' dir='ltr'><strong>in</strong></span> <span class='ocrx_word' id='word_1_789' title='bbox 2401 3829 2606 3874; x_wconf 87' lang='lat' dir='ltr'><strong>secreto</strong></span> <span class='ocrx_word' id='word_1_790' title='bbox 2628 3823 2927 3891; x_wconf 84' lang='lat' dir='ltr'><strong>corripere?</strong></span> 
     </span>
    </p>
   </div>
   <div class='ocr_carea' id='block_1_101' title="bbox 1965 3908 3466 3990">
    <p class='ocr_par' dir='ltr' id='par_1_101' title="bbox 1965 3908 3466 3990">
     <span class='ocr_line' id='line_1_101' title="bbox 1965 3908 3466 3990; baseline 0.009 -26"><span class='ocrx_word' id='word_1_791' title='bbox 1965 3908 2191 3965; x_wconf 86' lang='lat' dir='ltr'><strong>CAPUT</strong></span> <span class='ocrx_word' id='word_1_792' title='bbox 2231 3909 2339 3964; x_wconf 71' lang='grc' dir='ltr'><strong>ΠΙ.</strong></span> <span class='ocrx_word' id='word_1_793' title='bbox 2383 3941 2452 3951; x_wconf 92' lang='grc'><strong>-</strong></span> <span class='ocrx_word' id='word_1_794' title='bbox 2490 3912 2574 3966; x_wconf 83' lang='grc'><strong>10.</strong></span> <span class='ocrx_word' id='word_1_795' title='bbox 2623 3914 2838 3981; x_wconf 82' lang='lat' dir='ltr'><strong>Quando</strong></span> <span class='ocrx_word' id='word_1_796' title='bbox 2891 3926 3076 3971; x_wconf 83' lang='lat' dir='ltr'><strong>secreta</strong></span> <span class='ocrx_word' id='word_1_797' title='bbox 3127 3935 3233 3974; x_wconf 87' lang='lat' dir='ltr'><strong>esse</strong></span> <span class='ocrx_word' id='word_1_798' title='bbox 3287 3921 3466 3990; x_wconf 82' lang='lat' dir='ltr'><strong>debet,</strong></span> 
     </span>
    </p>
   </div>
   <div class='ocr_carea' id='block_1_102' title="bbox 1894 4000 3470 4085">
    <p class='ocr_par' dir='ltr' id='par_1_102' title="bbox 1894 4000 3470 4085">
     <span class='ocr_line' id='line_1_102' title="bbox 1894 4000 3470 4085; baseline 0.011 -33"><span class='ocrx_word' id='word_1_799' title='bbox 1894 4000 2095 4071; x_wconf 84' lang='lat' dir='ltr'><strong>quando</strong></span> <span class='ocrx_word' id='word_1_800' title='bbox 2161 4001 2377 4071; x_wconf 88' lang='lat' dir='ltr'><strong>publica.</strong></span> <span class='ocrx_word' id='word_1_801' title='bbox 2434 4002 2550 4058; x_wconf 81' lang='lat' dir='ltr'><strong>Cito</strong></span> <span class='ocrx_word' id='word_1_802' title='bbox 2600 4006 2793 4060; x_wconf 81' lang='lat' dir='ltr'><strong>videbit</strong></span> <span class='ocrx_word' id='word_1_803' title='bbox 2830 4007 3073 4064; x_wconf 85' lang='lat' dir='ltr'><strong>Charitas</strong></span> <span class='ocrx_word' id='word_1_804' title='bbox 3115 4022 3311 4080; x_wconf 79' lang='lat' dir='ltr'><strong>vestra,</strong></span> <span class='ocrx_word' id='word_1_805' title='bbox 3343 4016 3470 4085; x_wconf 88' lang='lat' dir='ltr'><strong>quid</strong></span> 
     </span>
    </p>
   </div>
   <div class='ocr_carea' id='block_1_103' title="bbox 1895 4089 3469 4175">
    <p class='ocr_par' dir='ltr' id='par_1_103' title="bbox 1895 4089 3469 4175">
     <span class='ocr_line' id='line_1_103' title="bbox 1895 4089 3469 4175; baseline 0.011 -33"><span class='ocrx_word' id='word_1_806' title='bbox 1895 4089 2106 4159; x_wconf 90' lang='lat' dir='ltr'><strong>quando</strong></span> <span class='ocrx_word' id='word_1_807' title='bbox 2150 4089 2329 4144; x_wconf 90' lang='lat' dir='ltr'><strong>facere</strong></span> <span class='ocrx_word' id='word_1_808' title='bbox 2371 4091 2703 4148; x_wconf 87' lang='lat' dir='ltr'><strong>debeamus:</strong></span> <span class='ocrx_word' id='word_1_809' title='bbox 2739 4097 2831 4149; x_wconf 91' lang='lat' dir='ltr'><strong>sed</strong></span> <span class='ocrx_word' id='word_1_810' title='bbox 2873 4099 3075 4152; x_wconf 89' lang='lat' dir='ltr'><strong>utinam</strong></span> <span class='ocrx_word' id='word_1_811' title='bbox 3119 4101 3294 4156; x_wconf 89' lang='lat' dir='ltr'><strong>facere</strong></span> <span class='ocrx_word' id='word_1_812' title='bbox 3337 4106 3469 4175; x_wconf 85' lang='lat' dir='ltr'><strong>pigri</strong></span> 
     </span>
    </p>
   </div>
   <div class='ocr_carea' id='block_1_104' title="bbox 1897 4181 3466 4264">
    <p class='ocr_par' dir='ltr' id='par_1_104' title="bbox 1897 4181 3466 4264">
     <span class='ocr_line' id='line_1_104' title="bbox 1897 4181 3466 4264; baseline 0.012 -31"><span class='ocrx_word' id='word_1_813' title='bbox 1897 4195 2000 4234; x_wconf 89' lang='lat' dir='ltr'><strong>non</strong></span> <span class='ocrx_word' id='word_1_814' title='bbox 2028 4181 2213 4234; x_wconf 85' lang='lat' dir='ltr'><strong>simus.</strong></span> <span class='ocrx_word' id='word_1_815' title='bbox 2239 4181 2517 4248; x_wconf 88' lang='lat' dir='ltr'><strong>lntendite,</strong></span> <span class='ocrx_word' id='word_1_816' title='bbox 2549 4193 2602 4238; x_wconf 91' lang='lat' dir='ltr'><strong>et</strong></span> <span class='ocrx_word' id='word_1_817' title='bbox 2623 4184 2832 4239; x_wconf 91' lang='lat' dir='ltr'><strong>videte:</strong></span> <span class='ocrx_word' id='word_1_818' title='bbox 2863 4187 2925 4241; x_wconf 89' lang='lat' dir='ltr'><strong>Si</strong></span> <span class='ocrx_word' id='word_1_819' title='bbox 2949 4193 3239 4258; x_wconf 78' lang='lat' dir='ltr'><strong>peccaverit,</strong></span> <span class='ocrx_word' id='word_1_820' title='bbox 3276 4195 3466 4264; x_wconf 88' lang='lat' dir='ltr'><strong>inquit,</strong></span> 
     </span>
    </p>
   </div>
   <div class='ocr_carea' id='block_1_105' title="bbox 1893 4271 3466 4352">
    <p class='ocr_par' dir='ltr' id='par_1_105' title="bbox 1893 4271 3466 4352">
     <span class='ocr_line' id='line_1_105' title="bbox 1893 4271 3466 4352; baseline 0.011 -28"><span class='ocrx_word' id='word_1_821' title='bbox 1893 4271 1946 4324; x_wconf 86' lang='lat' dir='ltr'><strong>in</strong></span> <span class='ocrx_word' id='word_1_822' title='bbox 1985 4280 2032 4324; x_wconf 86' lang='lat' dir='ltr'><strong>te</strong></span> <span class='ocrx_word' id='word_1_823' title='bbox 2059 4275 2215 4341; x_wconf 86' lang='lat' dir='ltr'><strong>frater</strong></span> <span class='ocrx_word' id='word_1_824' title='bbox 2245 4280 2378 4338; x_wconf 78' lang='lat' dir='ltr'><strong>tuus,</strong></span> <span class='ocrx_word' id='word_1_825' title='bbox 2407 4274 2604 4344; x_wconf 83' lang='lat' dir='ltr'><strong>corripe</strong></span> <span class='ocrx_word' id='word_1_826' title='bbox 2638 4291 2751 4328; x_wconf 88' lang='lat' dir='ltr'><strong>eum</strong></span> <span class='ocrx_word' id='word_1_827' title='bbox 2783 4277 2912 4330; x_wconf 86' lang='lat' dir='ltr'><strong>inter</strong></span> <span class='ocrx_word' id='word_1_828' title='bbox 2937 4288 2985 4332; x_wconf 86' lang='lat' dir='ltr'><strong>te</strong></span> <span class='ocrx_word' id='word_1_829' title='bbox 3018 4289 3065 4334; x_wconf 87' lang='lat' dir='ltr'><strong>et</strong></span> <span class='ocrx_word' id='word_1_830' title='bbox 3086 4282 3247 4352; x_wconf 85' lang='lat' dir='ltr'><strong>ipsum</strong></span> <span class='ocrx_word' id='word_1_831' title='bbox 3284 4287 3466 4341; x_wconf 84' lang='lat' dir='ltr'><strong>solum.</strong></span> 
     </span>
    </p>
   </div>
   <div class='ocr_carea' id='block_1_106' title="bbox 1895 4361 3469 4446">
    <p class='ocr_par' dir='ltr' id='par_1_106' title="bbox 1895 4361 3469 4446">
     <span class='ocr_line' id='line_1_106' title="bbox 1895 4361 3469 4446; baseline 0.016 -35"><span class='ocrx_word' id='word_1_832' title='bbox 1895 4361 2106 4429; x_wconf 83' lang='lat' dir='ltr'><strong>Quare?</strong></span> <span class='ocrx_word' id='word_1_833' title='bbox 2125 4362 2260 4429; x_wconf 84' lang='lat' dir='ltr'><strong>Quia</strong></span> <span class='ocrx_word' id='word_1_834' title='bbox 2287 4365 2524 4432; x_wconf 88' lang='lat' dir='ltr'><strong>peccavit</strong></span> <span class='ocrx_word' id='word_1_835' title='bbox 2550 4372 2600 4419; x_wconf 83' lang='lat' dir='ltr'><strong>in</strong></span> <span class='ocrx_word' id='word_1_836' title='bbox 2637 4377 2704 4421; x_wconf 90' lang='lat' dir='ltr'><strong>te.</strong></span> <span class='ocrx_word' id='word_1_837' title='bbox 2734 4369 2868 4434; x_wconf 83' lang='lat' dir='ltr'><strong>Quid</strong></span> <span class='ocrx_word' id='word_1_838' title='bbox 2895 4380 2995 4437; x_wconf 89' lang='lat' dir='ltr'><strong>est,</strong></span> <span class='ocrx_word' id='word_1_839' title='bbox 3029 4373 3078 4427; x_wconf 90' lang='lat' dir='ltr'><strong>in</strong></span> <span class='ocrx_word' id='word_1_840' title='bbox 3109 4383 3159 4430; x_wconf 89' lang='lat' dir='ltr'><strong>te</strong></span> <span class='ocrx_word' id='word_1_841' title='bbox 3195 4382 3469 4446; x_wconf 81' lang='lat' dir='ltr'><strong>peccavit?</strong></span> 
     </span>
    </p>
   </div>
   <div class='ocr_carea' id='block_1_107' title="bbox 1895 4452 3463 4540">
    <p class='ocr_par' dir='ltr' id='par_1_107' title="bbox 1895 4452 3463 4540">
     <span class='ocr_line' id='line_1_107' title="bbox 1895 4452 3463 4540; baseline 0.015 -34"><span class='ocrx_word' id='word_1_842' title='bbox 1895 4452 1976 4506; x_wconf 89' lang='lat' dir='ltr'><strong>Tu</strong></span> <span class='ocrx_word' id='word_1_843' title='bbox 2024 4453 2129 4508; x_wconf 88' lang='lat' dir='ltr'><strong>scis</strong></span> <span class='ocrx_word' id='word_1_844' title='bbox 2179 4455 2302 4524; x_wconf 85' lang='lat' dir='ltr'><strong>quia</strong></span> <span class='ocrx_word' id='word_1_845' title='bbox 2345 4458 2602 4526; x_wconf 82' lang='lat' dir='ltr'><strong>peccavit.</strong></span> <span class='ocrx_word' id='word_1_846' title='bbox 2661 4459 2795 4524; x_wconf 86' lang='lat' dir='ltr'><strong>Quia</strong></span> <span class='ocrx_word' id='word_1_847' title='bbox 2839 4463 2980 4517; x_wconf 89' lang='lat' dir='ltr'><strong>enim</strong></span> <span class='ocrx_word' id='word_1_848' title='bbox 3025 4480 3284 4525; x_wconf 90' lang='lat' dir='ltr'><strong>secretum</strong></span> <span class='ocrx_word' id='word_1_849' title='bbox 3339 4473 3463 4540; x_wconf 87' lang='lat' dir='ltr'><strong>fuit,</strong></span> 
     </span>
    </p>
   </div>
   <div class='ocr_carea' id='block_1_108' title="bbox 1893 4543 3469 4637">
    <p class='ocr_par' dir='ltr' id='par_1_108' title="bbox 1893 4543 3469 4637">
     <span class='ocr_line' id='line_1_108' title="bbox 1893 4543 3469 4637; baseline 0.017 -42"><span class='ocrx_word' id='word_1_850' title='bbox 1893 4543 2102 4613; x_wconf 90' lang='lat' dir='ltr'><strong>quando</strong></span> <span class='ocrx_word' id='word_1_851' title='bbox 2128 4545 2179 4598; x_wconf 90' lang='lat' dir='ltr'><strong>in</strong></span> <span class='ocrx_word' id='word_1_852' title='bbox 2211 4555 2261 4599; x_wconf 90' lang='lat' dir='ltr'><strong>te</strong></span> <span class='ocrx_word' id='word_1_853' title='bbox 2282 4549 2556 4616; x_wconf 85' lang='lat' dir='ltr'><strong>peccavit;</strong></span> <span class='ocrx_word' id='word_1_854' title='bbox 2583 4563 2844 4607; x_wconf 87' lang='lat' dir='ltr'><strong>secretum</strong></span> <span class='ocrx_word' id='word_1_855' title='bbox 2875 4571 3073 4626; x_wconf 68' lang='lat' dir='ltr'><strong>quaere,</strong></span> <span class='ocrx_word' id='word_1_856' title='bbox 3106 4575 3226 4615; x_wconf 91' lang='lat' dir='ltr'><strong>cum</strong></span> <span class='ocrx_word' id='word_1_857' title='bbox 3247 4565 3469 4637; x_wconf 87' lang='lat' dir='ltr'><strong>corrigis</strong></span> 
     </span>
    </p>
   </div>
   <div class='ocr_carea' id='block_1_109' title="bbox 1893 4635 3465 4724">
    <p class='ocr_par' dir='ltr' id='par_1_109' title="bbox 1893 4635 3465 4724">
     <span class='ocr_line' id='line_1_109' title="bbox 1893 4635 3465 4724; baseline 0.018 -38"><span class='ocrx_word' id='word_1_858' title='bbox 1893 4635 2030 4703; x_wconf 81' lang='lat' dir='ltr'><strong>quod</strong></span> <span class='ocrx_word' id='word_1_859' title='bbox 2063 4638 2313 4704; x_wconf 81' lang='lat' dir='ltr'><strong>peccavit.</strong></span> <span class='ocrx_word' id='word_1_860' title='bbox 2347 4638 2478 4693; x_wconf 82' lang='lat' dir='ltr'><strong>Nam</strong></span> <span class='ocrx_word' id='word_1_861' title='bbox 2508 4641 2550 4696; x_wconf 84' lang='lat' dir='ltr'><strong>si</strong></span> <span class='ocrx_word' id='word_1_862' title='bbox 2578 4644 2723 4698; x_wconf 89' lang='lat' dir='ltr'><strong>solus</strong></span> <span class='ocrx_word' id='word_1_863' title='bbox 2752 4647 2890 4702; x_wconf 91' lang='lat' dir='ltr'><strong>nosti</strong></span> <span class='ocrx_word' id='word_1_864' title='bbox 2912 4650 3030 4718; x_wconf 90' lang='lat' dir='ltr'><strong>quia</strong></span> <span class='ocrx_word' id='word_1_865' title='bbox 3055 4656 3289 4720; x_wconf 86' lang='lat' dir='ltr'><strong>peccavit</strong></span> <span class='ocrx_word' id='word_1_866' title='bbox 3315 4657 3365 4711; x_wconf 91' lang='lat' dir='ltr'><strong>in</strong></span> <span class='ocrx_word' id='word_1_867' title='bbox 3395 4635 3465 4724; x_wconf 78' lang='lat' dir='ltr'><strong>te,</strong></span> 
     </span>
    </p>
   </div>
   <div class='ocr_carea' id='block_1_110' title="bbox 1893 4729 3465 4817">
    <p class='ocr_par' dir='ltr' id='par_1_110' title="bbox 1893 4729 3465 4817">
     <span class='ocr_line' id='line_1_110' title="bbox 1893 4729 3465 4817; baseline 0.015 -38"><span class='ocrx_word' id='word_1_868' title='bbox 1893 4733 1948 4779; x_wconf 88' lang='lat' dir='ltr'><strong>et</strong></span> <span class='ocrx_word' id='word_1_869' title='bbox 1965 4741 2092 4794; x_wconf 78' lang='lat' dir='ltr'><strong>eum</strong></span> <span class='ocrx_word' id='word_1_870' title='bbox 2107 4729 2188 4782; x_wconf 89' lang='lat' dir='ltr'><strong>vis</strong></span> <span class='ocrx_word' id='word_1_871' title='bbox 2211 4744 2388 4784; x_wconf 82' lang='lat' dir='ltr'><strong>coram</strong></span> <span class='ocrx_word' id='word_1_872' title='bbox 2417 4735 2663 4789; x_wconf 84' lang='lat' dir='ltr'><strong>omnibus</strong></span> <span class='ocrx_word' id='word_1_873' title='bbox 2691 4752 2914 4807; x_wconf 86' lang='lat' dir='ltr'><strong>arguere</strong></span> <span class='ocrx_word' id='word_1_874' title='bbox 2935 4757 2947 4804; x_wconf 92' lang='lat'><strong>;</strong></span> <span class='ocrx_word' id='word_1_875' title='bbox 2972 4757 3076 4796; x_wconf 91' lang='lat' dir='ltr'><strong>non</strong></span> <span class='ocrx_word' id='word_1_876' title='bbox 3093 4760 3150 4798; x_wconf 91' lang='lat' dir='ltr'><strong>es</strong></span> <span class='ocrx_word' id='word_1_877' title='bbox 3172 4757 3465 4817; x_wconf 88' lang='lat' dir='ltr'><strong>correptor,</strong></span> 
     </span>
    </p>
   </div>
   <div class='ocr_carea' id='block_1_111' title="bbox 1894 4819 3467 4905">
    <p class='ocr_par' dir='ltr' id='par_1_111' title="bbox 1894 4819 3467 4905">
     <span class='ocr_line' id='line_1_111' title="bbox 1894 4819 3467 4905; baseline 0.013 -32"><span class='ocrx_word' id='word_1_878' title='bbox 1894 4819 1990 4874; x_wconf 87' lang='lat' dir='ltr'><strong>sed</strong></span> <span class='ocrx_word' id='word_1_879' title='bbox 2020 4821 2274 4889; x_wconf 87' lang='lat' dir='ltr'><strong>proditor.</strong></span> <span class='ocrx_word' id='word_1_880' title='bbox 2301 4823 2532 4879; x_wconf 85' lang='lat' dir='ltr'><strong>Attende</strong></span> <span class='ocrx_word' id='word_1_881' title='bbox 2564 4829 3008 4896; x_wconf 88' lang='lat' dir='ltr'><strong>quemadmodum</strong></span> <span class='ocrx_word' id='word_1_882' title='bbox 3048 4835 3128 4888; x_wconf 89' lang='lat' dir='ltr'><strong>vir</strong></span> <span class='ocrx_word' id='word_1_883' title='bbox 3145 4835 3342 4905; x_wconf 71' lang='lat' dir='ltr'><strong>justus,</strong></span> <span class='ocrx_word' id='word_1_884' title='bbox 3373 4838 3467 4894; x_wconf 87' lang='lat' dir='ltr'><strong>.lo-</strong></span> 
     </span>
    </p>
   </div>
   <div class='ocr_carea' id='block_1_112' title="bbox 1894 4911 3464 4996">
    <p class='ocr_par' dir='ltr' id='par_1_112' title="bbox 1894 4911 3464 4996">
     <span class='ocr_line' id='line_1_112' title="bbox 1894 4911 3464 4996; baseline 0.012 -32"><span class='ocrx_word' id='word_1_885' title='bbox 1894 4911 2047 4980; x_wconf 87' lang='lat' dir='ltr'><strong>seph,</strong></span> <span class='ocrx_word' id='word_1_886' title='bbox 2077 4921 2221 4966; x_wconf 85' lang='lat' dir='ltr'><strong>tanto</strong></span> <span class='ocrx_word' id='word_1_887' title='bbox 2249 4914 2448 4983; x_wconf 83' lang='lat' dir='ltr'><strong>ﬂagitio</strong></span> <span class='ocrx_word' id='word_1_888' title='bbox 2484 4919 2626 4985; x_wconf 90' lang='lat' dir='ltr'><strong>quod</strong></span> <span class='ocrx_word' id='word_1_889' title='bbox 2656 4919 2724 4974; x_wconf 89' lang='lat' dir='ltr'><strong>de</strong></span> <span class='ocrx_word' id='word_1_890' title='bbox 2761 4937 2926 4977; x_wconf 80' lang='lat' dir='ltr'><strong>uxore</strong></span> <span class='ocrx_word' id='word_1_891' title='bbox 2954 4923 3121 4978; x_wconf 84' lang='lat' dir='ltr'><strong>fuerat</strong></span> <span class='ocrx_word' id='word_1_892' title='bbox 3148 4929 3464 4996; x_wconf 88' lang='lat' dir='ltr'><strong>suspicatus,</strong></span> 
     </span>
    </p>
   </div>
   <div class='ocr_carea' id='block_1_113' title="bbox 1895 5001 3466 5080">
    <p class='ocr_par' dir='ltr' id='par_1_113' title="bbox 1895 5001 3466 5080">
     <span class='ocr_line' id='line_1_113' title="bbox 1895 5001 3466 5080; baseline 0.013 -27"><span class='ocrx_word' id='word_1_893' title='bbox 1895 5011 2042 5054; x_wconf 83' lang='lat' dir='ltr'><strong>tanta</strong></span> <span class='ocrx_word' id='word_1_894' title='bbox 2065 5001 2386 5071; x_wconf 73' lang='lat' dir='ltr'><strong>benignitate</strong></span> <span class='ocrx_word' id='word_1_895' title='bbox 2423 5009 2674 5075; x_wconf 86' lang='lat' dir='ltr'><strong>pepercit,</strong></span> <span class='ocrx_word' id='word_1_896' title='bbox 2703 5021 2984 5080; x_wconf 89' lang='lat' dir='ltr'><strong>antequam</strong></span> <span class='ocrx_word' id='word_1_897' title='bbox 3025 5015 3186 5070; x_wconf 88' lang='lat' dir='ltr'><strong>sciret</strong></span> <span class='ocrx_word' id='word_1_898' title='bbox 3212 5017 3351 5071; x_wconf 87' lang='lat' dir='ltr'><strong>unde</strong></span> <span class='ocrx_word' id='word_1_899' title='bbox 3379 5019 3466 5074; x_wconf 86' lang='lat' dir='ltr'><strong>illa</strong></span> 
     </span>
    </p>
   </div>
   <div class='ocr_carea' id='block_1_114' title="bbox 1893 5094 3466 5170">
    <p class='ocr_par' dir='ltr' id='par_1_114' title="bbox 1893 5094 3466 5170">
     <span class='ocr_line' id='line_1_114' title="bbox 1893 5094 3466 5170; baseline 0.013 -27"><span class='ocrx_word' id='word_1_900' title='bbox 1893 5101 2250 5160; x_wconf 87' lang='lat' dir='ltr'><strong>conceperat:</strong></span> <span class='ocrx_word' id='word_1_901' title='bbox 2278 5094 2397 5162; x_wconf 85' lang='lat' dir='ltr'><strong>quia</strong></span> <span class='ocrx_word' id='word_1_902' title='bbox 2423 5097 2693 5163; x_wconf 79' lang='lat' dir='ltr'><strong>gravidam</strong></span> <span class='ocrx_word' id='word_1_903' title='bbox 2723 5111 2981 5170; x_wconf 85' lang='lat' dir='ltr'><strong>senserat,</strong></span> <span class='ocrx_word' id='word_1_904' title='bbox 3026 5114 3082 5159; x_wconf 82' lang='lat' dir='ltr'><strong>et</strong></span> <span class='ocrx_word' id='word_1_905' title='bbox 3113 5119 3172 5161; x_wconf 89' lang='lat' dir='ltr'><strong>se</strong></span> <span class='ocrx_word' id='word_1_906' title='bbox 3214 5107 3280 5161; x_wconf 89' lang='lat' dir='ltr'><strong>ad</strong></span> <span class='ocrx_word' id='word_1_907' title='bbox 3324 5109 3466 5166; x_wconf 88' lang='lat' dir='ltr'><strong>illam</strong></span> 
     </span>
    </p>
   </div>
   <div class='ocr_carea' id='block_1_115' title="bbox 1895 5181 3465 5262">
    <p class='ocr_par' dir='ltr' id='par_1_115' title="bbox 1895 5181 3465 5262">
     <span class='ocr_line' id='line_1_115' title="bbox 1895 5181 3465 5262; baseline 0.015 -29"><span class='ocrx_word' id='word_1_908' title='bbox 1895 5195 1998 5234; x_wconf 91' lang='lat' dir='ltr'><strong>non</strong></span> <span class='ocrx_word' id='word_1_909' title='bbox 2019 5181 2310 5237; x_wconf 82' lang='lat' dir='ltr'><strong>accessisse</strong></span> <span class='ocrx_word' id='word_1_910' title='bbox 2332 5193 2567 5240; x_wconf 91' lang='lat' dir='ltr'><strong>noverat.</strong></span> <span class='ocrx_word' id='word_1_911' title='bbox 2593 5181 2842 5245; x_wconf 79' lang='lat' dir='ltr'><strong>Restabat</strong></span> <span class='ocrx_word' id='word_1_912' title='bbox 2863 5191 3038 5262; x_wconf 86' lang='lat' dir='ltr'><strong>itaque</strong></span> <span class='ocrx_word' id='word_1_913' title='bbox 3057 5205 3199 5249; x_wconf 88' lang='lat' dir='ltr'><strong>certa</strong></span> <span class='ocrx_word' id='word_1_914' title='bbox 3222 5196 3465 5256; x_wconf 85' lang='lat' dir='ltr'><strong>adulterii</strong></span> 
     </span>
    </p>
   </div>
   <div class='ocr_carea' id='block_1_116' title="bbox 1894 5272 3468 5360">
    <p class='ocr_par' dir='ltr' id='par_1_116' title="bbox 1894 5272 3468 5360">
     <span class='ocr_line' id='line_1_116' title="bbox 1894 5272 3468 5360; baseline 0.012 -32"><span class='ocrx_word' id='word_1_915' title='bbox 1894 5272 2126 5342; x_wconf 87' lang='lat' dir='ltr'><strong>suspicio</strong></span> <span class='ocrx_word' id='word_1_916' title='bbox 2153 5292 2167 5328; x_wconf 91' lang='lat'><strong>:</strong></span> <span class='ocrx_word' id='word_1_917' title='bbox 2197 5283 2252 5329; x_wconf 91' lang='lat' dir='ltr'><strong>et</strong></span> <span class='ocrx_word' id='word_1_918' title='bbox 2279 5283 2452 5332; x_wconf 83' lang='lat' dir='ltr'><strong>tamen</strong></span> <span class='ocrx_word' id='word_1_919' title='bbox 2480 5279 2600 5348; x_wconf 87' lang='lat' dir='ltr'><strong>quia</strong></span> <span class='ocrx_word' id='word_1_920' title='bbox 2637 5281 2751 5351; x_wconf 86' lang='lat' dir='ltr'><strong>ipse</strong></span> <span class='ocrx_word' id='word_1_921' title='bbox 2778 5286 2926 5342; x_wconf 88' lang='lat' dir='ltr'><strong>solus</strong></span> <span class='ocrx_word' id='word_1_922' title='bbox 2953 5297 3209 5352; x_wconf 87' lang='lat' dir='ltr'><strong>senserat,</strong></span> <span class='ocrx_word' id='word_1_923' title='bbox 3238 5289 3351 5360; x_wconf 84' lang='lat' dir='ltr'><strong>ipse</strong></span> <span class='ocrx_word' id='word_1_924' title='bbox 3379 5304 3468 5346; x_wconf 84' lang='lat' dir='ltr'><strong>so-</strong></span> 
     </span>
    </p>
   </div>
   <div class='ocr_carea' id='block_1_117' title="bbox 1894 5363 3465 5450">
    <p class='ocr_par' dir='ltr' id='par_1_117' title="bbox 1894 5363 3465 5450">
     <span class='ocr_line' id='line_1_117' title="bbox 1894 5363 3465 5450; baseline 0.011 -33"><span class='ocrx_word' id='word_1_925' title='bbox 1894 5363 1973 5418; x_wconf 91' lang='lat' dir='ltr'><strong>lus</strong></span> <span class='ocrx_word' id='word_1_926' title='bbox 2005 5364 2221 5431; x_wconf 79' lang='lat' dir='ltr'><strong>sciebat,</strong></span> <span class='ocrx_word' id='word_1_927' title='bbox 2255 5365 2382 5437; x_wconf 87' lang='lat' dir='ltr'><strong>quid</strong></span> <span class='ocrx_word' id='word_1_928' title='bbox 2409 5365 2478 5424; x_wconf 85' lang='lat' dir='ltr'><strong>de</strong></span> <span class='ocrx_word' id='word_1_929' title='bbox 2521 5369 2612 5427; x_wconf 90' lang='lat' dir='ltr'><strong>illo</strong></span> <span class='ocrx_word' id='word_1_930' title='bbox 2649 5372 2723 5426; x_wconf 84' lang='lat' dir='ltr'><strong>ait</strong></span> <span class='ocrx_word' id='word_1_931' title='bbox 2748 5371 3126 5445; x_wconf 76' lang='lat' dir='ltr'><strong>Erangelium?</strong></span> <span class='ocrx_word' id='word_1_932' title='bbox 3149 5377 3339 5450; x_wconf 71' lang='lat' dir='ltr'><strong>Ioseph</strong></span> <span class='ocrx_word' id='word_1_933' title='bbox 3367 5396 3465 5434; x_wconf 85' lang='lat' dir='ltr'><strong>au-</strong></span> 
     </span>
    </p>
   </div>
   <div class='ocr_carea' id='block_1_118' title="bbox 1895 5459 3466 5539">
    <p class='ocr_par' dir='ltr' id='par_1_118' title="bbox 1895 5459 3466 5539">
     <span class='ocr_line' id='line_1_118' title="bbox 1895 5459 3466 5539; baseline 0.011 -31"><span class='ocrx_word' id='word_1_934' title='bbox 1895 5465 1992 5509; x_wconf 88' lang='lat' dir='ltr'><strong>tem</strong></span> <span class='ocrx_word' id='word_1_935' title='bbox 2021 5471 2138 5510; x_wconf 72' lang='lat' dir='ltr'><strong>cum</strong></span> <span class='ocrx_word' id='word_1_936' title='bbox 2159 5467 2284 5512; x_wconf 80' lang='lat' dir='ltr'><strong>esset</strong></span> <span class='ocrx_word' id='word_1_937' title='bbox 2302 5459 2378 5512; x_wconf 72' lang='lat' dir='ltr'><strong>uir</strong></span> <span class='ocrx_word' id='word_1_938' title='bbox 2389 5460 2578 5530; x_wconf 83' lang='lat' dir='ltr'><strong>justus,</strong></span> <span class='ocrx_word' id='word_1_939' title='bbox 2606 5472 2652 5516; x_wconf 84' lang='lat' dir='ltr'><strong>et</strong></span> <span class='ocrx_word' id='word_1_940' title='bbox 2678 5464 2838 5519; x_wconf 82' lang='lat' dir='ltr'><strong>nollet</strong></span> <span class='ocrx_word' id='word_1_941' title='bbox 2857 5481 2967 5519; x_wconf 88' lang='lat' dir='ltr'><strong>eam</strong></span> <span class='ocrx_word' id='word_1_942' title='bbox 2991 5468 3266 5539; x_wconf 75' lang='lat' dir='ltr'><strong>divulgare.</strong></span> <span class='ocrx_word' id='word_1_943' title='bbox 3296 5471 3466 5528; x_wconf 74' lang='lat' dir='ltr'><strong>Mariti</strong></span> 
     </span>
    </p>
   </div>
   <div class='ocr_carea' id='block_1_119' title="bbox 1893 5549 3468 5633">
    <p class='ocr_par' dir='ltr' id='par_1_119' title="bbox 1893 5549 3468 5633">
     <span class='ocr_line' id='line_1_119' title="bbox 1893 5549 3468 5633; baseline 0.01 -30"><span class='ocrx_word' id='word_1_944' title='bbox 1893 5549 2047 5604; x_wconf 87' lang='lat' dir='ltr'><strong>dolor</strong></span> <span class='ocrx_word' id='word_1_945' title='bbox 2089 5565 2201 5605; x_wconf 81' lang='lat' dir='ltr'><strong>non-</strong></span> <span class='ocrx_word' id='word_1_946' title='bbox 2230 5551 2520 5609; x_wconf 79' lang='lat' dir='ltr'><strong>vindictam</strong></span> <span class='ocrx_word' id='word_1_947' title='bbox 2551 5556 2791 5625; x_wconf 61' lang='lat' dir='ltr'><strong>«transivit</strong></span> <span class='ocrx_word' id='word_1_948' title='bbox 2818 5574 2831 5608; x_wconf 93' lang='lat'>:</span> <span class='ocrx_word' id='word_1_949' title='bbox 2862 5559 3025 5614; x_wconf 88' lang='lat' dir='ltr'><strong>voluit</strong></span> <span class='ocrx_word' id='word_1_950' title='bbox 3053 5561 3304 5629; x_wconf 85' lang='lat' dir='ltr'><strong>prodesse</strong></span> <span class='ocrx_word' id='word_1_951' title='bbox 3345 5579 3468 5633; x_wconf 83' lang='lat' dir='ltr'><strong>pec-</strong></span> 
     </span>
    </p>
   </div>
   <div class='ocr_carea' id='block_1_120' title="bbox 1833 5640 3467 5718">
    <p class='ocr_par' dir='ltr' id='par_1_120' title="bbox 1833 5640 3467 5718">
     <span class='ocr_line' id='line_1_120' title="bbox 1833 5640 3467 5718; baseline 0.009 -27"><span class='ocrx_word' id='word_1_952' title='bbox 1833 5641 1836 5644; x_wconf 75' lang='grc'><em>’</em></span> <span class='ocrx_word' id='word_1_953' title='bbox 1893 5640 2059 5704; x_wconf 86' lang='lat' dir='ltr'><strong>cauti,</strong></span> <span class='ocrx_word' id='word_1_954' title='bbox 2087 5656 2192 5693; x_wconf 82' lang='lat' dir='ltr'><strong>non</strong></span> <span class='ocrx_word' id='word_1_955' title='bbox 2221 5644 2408 5712; x_wconf 72' lang='lat' dir='ltr'><strong>punire</strong></span> <span class='ocrx_word' id='word_1_956' title='bbox 2431 5653 2765 5712; x_wconf 82' lang='lat' dir='ltr'><strong>peccantem.</strong></span> <span class='ocrx_word' id='word_1_957' title='bbox 2798 5646 2944 5713; x_wconf 71' lang='lat' dir='ltr'><strong>Cum,</strong></span> <span class='ocrx_word' id='word_1_958' title='bbox 2971 5648 3158 5718; x_wconf 87' lang='lat' dir='ltr'><strong>inquit,</strong></span> <span class='ocrx_word' id='word_1_959' title='bbox 3191 5652 3467 5707; x_wconf 75' lang='lat' dir='ltr'><strong>nollcteam</strong></span> 
     </span>
    </p>
   </div>
   <div class='ocr_carea' id='block_1_121' title="bbox 1898 5730 3457 5815">
    <p class='ocr_par' dir='ltr' id='par_1_121' title="bbox 1898 5730 3457 5815">
     <span class='ocr_line' id='line_1_121' title="bbox 1898 5730 3457 5815; baseline 0.011 -32"><span class='ocrx_word' id='word_1_960' title='bbox 1898 5730 2170 5802; x_wconf 83' lang='lat' dir='ltr'><strong>divulgare,</strong></span> <span class='ocrx_word' id='word_1_961' title='bbox 2209 5733 2362 5787; x_wconf 82' lang='lat' dir='ltr'><strong>voluit</strong></span> <span class='ocrx_word' id='word_1_962' title='bbox 2401 5752 2507 5790; x_wconf 81' lang='lat' dir='ltr'><strong>cam</strong></span> <span class='ocrx_word' id='word_1_963' title='bbox 2547 5736 2738 5794; x_wconf 82' lang='lat' dir='ltr'><strong>occulte</strong></span> <span class='ocrx_word' id='word_1_964' title='bbox 2771 5740 3035 5796; x_wconf 74' lang='lat' dir='ltr'><strong>dimittere.</strong></span> <span class='ocrx_word' id='word_1_965' title='bbox 3076 5742 3198 5800; x_wconf 69' lang='lat' dir='ltr'><strong>lituo</strong></span> <span class='ocrx_word' id='word_1_966' title='bbox 3227 5759 3292 5798; x_wconf 80' lang='lat' dir='ltr'><strong>eo</strong></span> <span class='ocrx_word' id='word_1_967' title='bbox 3319 5746 3457 5815; x_wconf 74' lang='lat' dir='ltr'><strong>cogi-</strong></span> 
     </span>
    </p>
   </div>
  </div>
