3922 6192
409 397 510 459 δη

412 524 579 581 tante,
610 523 734 569 ecce
761 504 978 576 angelus
1005 496 1210 555 Domini
1240 490 1481 582 apparuit
1507 487 1641 582 el‘in
1672 482 1905 546 somnis;
1934 485 1989 582 et

323 643 350 664 ,ο
413 578 667 664 iudicavit
689 598 813 671 quid
840 603 1002 659 esset,
1024 589 1147 662 quia
1169 602 1273 643 non
1295 581 1508 640 violavit
1528 578 1623 633 viri
1648 586 1840 671 torum,
1867 578 1990 641 quia

413 699 481 754 de
525 664 723 766 Spiritu
773 696 957 744 sancto
1012 685 1333 765 conceperat
1382 671 1661 766 Dominum
1714 664 1992 764 amborum

414 758 625 863 (Matth.
650 800 688 847 t,
723 780 811 845 19,
841 778 956 847 20).
989 772 1228 832 Peccavit
1252 763 1387 863 ergo
1405 765 1457 819 in
1486 770 1537 818 te
1568 758 1739 863 frater-

413 846 468 936 Iu
497 878 645 935 solus
663 846 825 938 nosti,
851 846 975 926 tunc
999 883 1124 924 vere
1149 867 1201 920 in
1233 872 1284 918 te
1310 859 1483 915 solum
1508 851 1764 925 peccavit.
1789 846 1921 901 Nam
1947 846 1994 898 si

413 970 595 1028 multis
615 965 952 1023 audientibus
977 960 1070 1016 tibi
1104 957 1231 1013 fecit
1258 951 1523 1040 injuriam,
1550 952 1607 1040 et
1644 940 1847 1040 inillos
1871 950 1994 1040 pec-

402 1061 573 1128 cavit,
599 1072 734 1130 quos
765 1064 925 1112 testes
962 1066 1072 1107 suae
1112 1042 1405 1118 iniquitatis
1436 1032 1789 1130 eﬂ'ecit._Dieo
1827 1032 1993 1130 enim,

417 1122 953 1213 fratres'cbarissimi,
982 1141 1121 1216 quod
1145 1150 1200 1196 et
1224 1152 1320 1193 vos
1347 1134 1446 1206 ipsi
1482 1131 1534 1187 in
1562 1127 1715 1185 vobis
1748 1122 1877 1195 ipsis
1901 1134 1998 1192 po-

418 1247 567 1303 testis
609 1256 920 1315 agnoscere.
960 1233 1181 1306 Quando
1224 1247 1310 1288 me
1352 1227 1620 1290 audiente,
1670 1217 1819 1315 fratri
1851 1227 1997 1315 “meo

417 1309 925 1410 quisqueviujuriam
955 1329 1097 1390 facit,
1139 1325 1275 1381 absit
1303 1330 1419 1377 uta
1574 1313 1823 1413 iujuriam
1851 1309 1996 1413 illam

416 1401 644 1484 alienam
685 1401 885 1497 putem.
928 1423 1153 1478 Prorsus
1195 1426 1250 1473 et
1288 1414 1415 1471 mihi
1444 1411 1570 1467 fecit
1598 1408 1753 1497 :imoﬁ
1777 1411 1832 1460 et
1869 1401 1999 1497 mihi

420 1521 539 1589 plus
584 1492 727 1583 fecit,
759 1515 843 1571 cui
873 1512 1074 1584 putavit
1113 1510 1321 1580 placere
1362 1501 1502 1574 quod
1539 1499 1682 1554 fecit.
1713 1496 1857 1565 Ergo
1884 1492 1998 1565 ipsa

418 1607 754 1680 corripienda
790 1614 914 1661 sunt
936 1617 1119 1659 coram
1147 1597 1413 1661 omnibus,
1448 1606 1565 1662 quae
1591 1593 1875 1680 peccantur
1903 1596 1999 1637 co-

418 1715 533 1754 ram
565 1679 849 1752 omnibus:
877 1695 991 1765 ipsa
1028 1687 1362 1759 corripienda
1402 1692 1527 1739 sunt
1566 1679 1843 1742 secretius,
1882 1686 2002 1745 quas

423 1796 710 1856 peccantur
744 1784 1020 1840 secretius.
1057 1777 1363 1835 Distribuite
1393 1784 1655 1842 tempora,
1700 1776 1754 1822 et
1782 1778 2005 1854 concur-

421 1881 511 1934 dttl.
539 1880 806 1948 Scriptura
817 1918 828 1929 .

493 1971 719 2030 CAPUT
762 1968 892 2025 \‘III.
919 1998 989 2010 -—-
1016 1967 1099 2022 II.
1141 1958 1482 2033 Correptionis
1511 1955 1707 2018 modus,
1751 1966 1897 2006 curve
1927 1964 2007 2004 se-

420 2076 560 2123 creto
608 2066 719 2135 ﬁat.
774 2061 992 2117 Peccata
1029 2058 1197 2111 carnis
1236 2055 1514 2122 mortifera.
1565 2046 1654 2104 Sic
1685 2057 1902 2116 agamus
1952 2047 2007 2095 et

423 2161 504 2218 sic
532 2157 793 2229 agendum
815 2165 917 2220 est,
956 2168 1059 2206 non
1088 2150 1259 2204 solum
1288 2143 1501 2216 quando
1528 2141 1581 2194 in
1609 2153 1706 2193 nos
1737 2141 2004 2208 peccatur,

426 2254 521 2311 sed
549 2250 761 2323 quando
788 2254 1034 2318 peccatur
1053 2243 1120 2297 ab
1144 2241 1338 2310 aliquo,
1370 2246 1428 2291 ut
1447 2234 1515 2289 ab
1535 2233 1703 2287 altero
1722 2229 2005 2284 neseiatur.

426 2343 484 2400 In
511 2350 720 2399 secreto
744 2339 1001 2394 debemus
1021 2332 1311 2402 corripere,
1340 2328 1393 2382 in
1421 2331 1629 2381 secreto
1658 2333 1916 2390 arguere;
1943 2330 2009 2370 ne

427 2435 670 2492 volentes
707 2429 917 2500 publice
954 2437 1197 2495 arguere,
1247 2418 1533 2490 prodamus
1577 2409 1869 2469 hominem.
1902 2407 2011 2462 Nos

429 2525 675 2580 volumus
723 2519 992 2588 corripere
1046 2522 1100 2569 et
1146 2511 1449 2580 corrigere:
1479 2506 1625 2577 quid,
1673 2504 1719 2558 si
1768 2501 2012 2556 inimicus

431 2614 625 2685 quaerit
648 2610 832 2664 audire
859 2605 999 2677 quod
1032 2602 1248 2675 puniat?
1275 2600 1428 2655 Novit
1457 2596 1599 2652 enim
1639 2594 1820 2649 nescio
1853 2605 2012 2661 quem

432 2703 752 2761 homicidam
783 2701 1088 2771 episcopus,
1117 2704 1169 2751 et
1188 2694 1326 2750 alius
1349 2693 1495 2746 illum
1527 2704 1685 2743 nemo
1712 2687 1875 2741 novit.
1901 2685 2014 2754 Ego

427 2796 554 2853 volo
578 2793 784 2866 publice
807 2791 1097 2861 corripere,
1129 2795 1183 2841 at
1206 2794 1259 2840 tu
1280 2783 1473 2855 quaeris
1503 2778 1813 2836 inscribere.
1856 2776 2016 2830 Pror-

430 2904 524 2947 sus
571 2902 667 2942 nec
706 2884 897 2957 prodo,
951 2895 1051 2937 nec
1103 2878 1310 2949 neglige
1350 2893 1364 2929 :
1413 2872 1645 2942 corripio
1674 2870 1725 2924 in
1767 2874 2011 2931 secreto;

433 2996 574 3052 pono
602 2987 724 3033 ante
749 2976 932 3031 oculos
958 2972 1048 3028 Dei
1065 2970 1358 3042 judicium;
1388 2974 1563 3019 tcrreo
1590 2971 1863 3018 cruentam
1884 2972 2016 3012 con-

437 3051 749 3135 scientiam;
806 3065 1102 3139 persuadeo
1158 3058 1545 3131 paenitentiam.
1599 3054 1710 3109 Ilac
1757 3051 2018 3107 charitate

437 3162 643 3233 praediti
686 3174 807 3215 esse
846 3158 1120 3213 debemus.
1155 3152 1308 3209 Unde
1342 3147 1625 3219 aliquando
1658 3145 1900 3199 homines
1934 3157 2020 3197 re-

438 3253 775 3327 prehendunt
812 3266 931 3314 nos,
976 3247 1118 3319 quod
1160 3244 1309 3316 quasi
1355 3257 1458 3297 non
1500 3237 1849 3308 corripiamus
1879 3252 1892 3288 :
1927 3241 2019 3287 aut

439 3354 624 3417 putant
651 3358 749 3398 nos
777 3343 914 3397 scire
939 3338 1079 3410 quod
1124 3336 1413 3400 nescimus,
1455 3340 1546 3386 aut
1585 3336 1771 3400 putant
1809 3342 1907 3382 nos
1935 3335 2019 3381 ta-

436 3457 564 3498 cere
586 3439 728 3512 quod
766 3437 984 3493 scimus.
1013 3432 1119 3489 Sed
1155 3431 1292 3487 forte
1320 3427 1461 3498 quod
1495 3425 1620 3490 scis,
1651 3432 1705 3479 et
1742 3437 1842 3493 ego
1869 3418 2017 3475 scio:

390 3554 401 3561 “
440 3533 535 3589 sed
557 3548 662 3587 non
689 3545 869 3585 coram
899 3536 950 3582 te
978 3524 1238 3593 corripio;
1265 3520 1389 3591 quia
1409 3532 1597 3574 curare
1618 3514 1761 3579 volo,
1791 3527 1897 3566 non
1926 3525 2019 3565 ae-

439 3638 646 3680 cusare.
675 3621 813 3677 Sunt
835 3619 1079 3673 homines
1105 3611 1331 3669 adulteri
1359 3610 1411 3665 in
1430 3606 1676 3663 domibus
1696 3604 1828 3668 suis,
1857 3602 2021 3675 inse-

440 3723 589 3769 creto
619 3721 873 3782 peccant;
919 3706 1202 3778 aliquando
1241 3701 1395 3757 nobis
1422 3692 1719 3769 produntur
1746 3695 1813 3749 ab
1841 3692 2023 3747 uxori-

442 3804 541 3861 bus
574 3804 683 3858 suis
710 3802 1026 3872 plerumque
1053 3794 1371 3857 zelantibus,
1398 3787 1680 3859 aliquando
1708 3784 2022 3840 maritorum

442 3896 667 3953 salutem
695 3891 1054 3964 quzerentibus
1083 3906 1096 3944 :
1130 3902 1226 3942 nos
1253 3900 1360 3940 non
1405 3882 1677 3955 prodimus
1702 3879 1897 3950 palam,
1929 3873 2025 3930 sed

422 3968 497 4043 in
517 3995 723 4043 secreto
749 3986 1040 4054 arguimus.
1071 3979 1167 4036 Ubi
1187 3975 1408 4046 contigit
1432 3973 1650 4035 malum,
1671 3970 1740 4025 ibi
1770 3966 2027 4022 moriatur

446 4079 662 4136 malum.
704 4076 819 4132 Non
870 4085 1045 4130 tamen
1092 4071 1285 4127 vulnus
1333 4067 1460 4124 illud
1512 4064 1861 4136 negligimus;
1900 4068 2026 4116 ante

444 4170 623 4226 omnia
659 4166 1002 4224 ostendentes
1028 4162 1229 4219 homini
1272 4162 1324 4215 in
1366 4158 1456 4215 tali
1487 4164 1704 4228 peccato
1740 4153 2027 4210 constituto

444 4258 785 4329 sauciamque
818 4256 1022 4327 gerenti
1060 4252 1461 4318 conscientiam,
1498 4247 1627 4305 illud
1672 4246 1862 4301 vulnus
1905 4257 2028 4299 esse

446 4350 778 4405 mortiferum
811 4366 824 4402 :
855 4345 997 4417 quod
1026 4343 1313 4414 aliquando
1336 4344 1426 4413 qui
1458 4340 1815 4403 committunt,
1846 4337 2029 4394 nescio

446 4457 549 4513 qua
576 4438 921 4511 perversitate
946 4443 1327 4499 contemnunt;
1357 4442 1412 4489 et
1444 4434 1624 4488 nescio
1650 4431 1788 4488 unde
1817 4430 1916 4487 sibi
1946 4441 2029 4486 te-

446 4532 694 4585 stimonia
718 4527 859 4583 nulla
884 4537 941 4583 et
962 4541 1097 4581 vana
1120 4525 1493 4595 ‘conqniruut,
1523 4524 1780 4587 dicentes,
1804 4524 2029 4579 Peccata

448 4620 626 4675 carnis
659 4619 797 4673 Deus
836 4633 942 4672 non
982 4625 1156 4672 curat.
1202 4614 1302 4671 Ubi
1347 4622 1431 4670 est
1469 4614 1610 4683 quod
1642 4614 1799 4670 hodie
1826 4613 2031 4669 audivi-

448 4726 568 4765 mus
592 4728 605 4764 :
641 4707 992 4763 Farnicatores
1012 4715 1059 4761 et
1083 4705 1342 4761 adulteros
1360 4704 1563 4777 judicat
1588 4703 1765 4758 Deus?
1786 4705 1924 4761 Ecce
1948 4711 2031 4759 at-

450 4801 628 4870 tende,
657 4800 893 4873 quisquis
923 4799 1013 4855 tali
1039 4800 1225 4854 morbo
1263 4797 1496 4854 laboras.
1539 4797 1690 4866 Quod
1731 4797 1862 4854 dicit
1890 4797 2031 4853 Deus

446 4876 621 4952 audii
640 4910 744 4950 non
766 4893 905 4964 quod
939 4892 1031 4948 tibi
1060 4891 1189 4948 dicit
1213 4891 1401 4948 favens
1427 4890 1663 4961 peccatis
1690 4890 1796 4946 tuis
1821 4890 2030 4947 animus

450 4989 627 5055 tuus’,
672 4994 763 5043 aut
805 4984 991 5041 eadem
1034 4994 1205 5041 tecum
1257 4982 1548 5054 iniquitatis
1593 4993 1783 5039 catena
1839 4982 2031 5053 ligatus

447 5079 653 5134 amicus
679 5086 819 5144 tuus,
851 5078 932 5133 vel
961 5077 1137 5148 potius
1178 5077 1424 5132 inimicus
1461 5084 1583 5133 tuus
1623 5084 1678 5133 et
1712 5091 1862 5132 suus.
1894 5075 2033 5133 Audi

449 5186 579 5242 ergo
613 5170 756 5243 quod
790 5169 919 5225 dicit
966 5169 1288 5240 Apostolus:
1319 5168 1676 5237 llonorabites,
1706 5170 1895 5240 inquit,
1937 5187 2033 5223 nu-

449 5265 572 5334 ptias
606 5264 660 5317 iis
700 5263 947 5327 omnibus,
993 5271 1039 5316 et
1081 5271 1221 5316 torus
1260 5262 1631 5317 inmaculatus.
1674 5260 2033 5318 Fornicatores

450 5364 616 5410 autent
643 5362 690 5407 et
716 5353 971 5407 adulteros
991 5352 1190 5422 judicat
1218 5351 1352 5407 Deus
1385 5351 1568 5421 (llebr.
1597 5367 1715 5416 xm,
1740 5352 1818 5423 4).

520 5443 749 5500 CAPUT
790 5442 881 5498 IX.
928 5471 999 5482 —-
1042 5442 1129 5496 η.
1200 5441 1311 5495 Vita
1364 5443 1462 5496 cita
1521 5442 1855 5498 emendanda.
1922 5447 2035 5515 Age

451 5534 613 5605 ergo,
655 5534 836 5601 frater,
870 5544 985 5590 esto
1030 5543 1322 5589 correctus.
1351 5532 1529 5589 Times
1575 5549 1642 5589 ne
1686 5542 1740 5590 te
1785 5535 2037 5593 inscribat

452 5622 729 5692 inimicus;
757 5635 812 5682 et
840 5641 944 5682 non
969 5626 1122 5681 times
1149 5641 1216 5683 ne
1245 5634 1296 5682 te
1312 5624 1514 5697 judicel
1539 5626 1715 5685 Deus?
1741 5626 1839 5693 Ubi
1866 5638 1945 5686 est
1973 5628 2034 5684 ﬁ-

517 5755 535 5787 ι
558 5754 745 5816 altrum
761 5764 888 5813 Msa,
913 5755 1139 5806 multa
1158 5763 1206 5807 et
1227 5769 1365 5809 vana.

517 5816 537 5847 ³
560 5826 659 5864 sm.
688 5821 758 5863 Er.
782 5825 833 5865 et
859 5826 983 5879 stam,
1005 5816 1186 5868 anticus
1209 5824 1337 5870 tuus.

1621 368 1701 451 qs.
1741 358 2105 421 AUGUSTINI
2145 342 2446 419 EPISCOPI

2730 319 2759 328 ο

3578 355 3687 413 5H

2100 474 2235 531 des?
2259 474 2413 531 Time
2434 488 2552 530 cum
2576 480 2658 530 est
2681 473 2894 545 quando
2918 468 3129 528 timeas.
3159 470 3336 541 Longe
3364 476 3447 526 est
3468 469 3687 541 quidem

2097 565 2214 623 dies
2237 564 2419 634 judicii
2451 582 2465 618 :
2496 563 2590 620 sed
2624 564 3044 635 uniuscujusque
3071 562 3302 617 hominis
3322 561 3436 616 dies
3460 560 3687 617 ultimus

2097 652 2254 725 longe
2278 668 2398 709 esse
2428 668 2534 709 non
2570 660 2776 724 potest;
2802 652 2925 724 quia
2964 652 3143 707 brevis
3165 659 3250 707 est
3277 650 3404 705 vita.
3445 649 3511 704 Et
3547 649 3676 720 quia

2096 744 2210 815 ipsa
2233 744 2464 801 brevitas
2488 759 2698 813 semper
2725 743 2923 798 incerta
2942 785 2958 809 ,
2987 742 3202 813 quando
3226 742 3296 797 sit
3318 741 3433 796 dies
3455 750 3578 795 tuus
3602 740 3691 794 uI-
3780 742 3793 749 ’

2098 837 2294 902 timus,
2324 835 2517 892 nescis.
2544 836 2760 907 Corrige
2788 844 2838 891 te
2864 834 3055 900 hodie,
3090 842 3310 904 propter
3327 847 3467 888 cras.
3506 830 3692 887 Prosit

2099 929 2195 985 tibi
2223 938 2275 984 et
2300 929 2458 984 modo
2477 928 2529 982 in
2560 936 2767 983 secreto
2790 926 3076 996 correptio.
3101 926 3280 980 Palam
3301 925 3444 980 enim
3472 925 3687 996 loquor,

2098 1027 2155 1076 et
2189 1019 2245 1074 in
2278 1026 2486 1075 secreto
2524 1032 2709 1089 arguo.
2740 1020 2913 1073 Aures
2938 1017 3174 1071 omnium
3207 1016 3397 1086 pulso:
3425 1014 3520 1071 sed
3557 1029 3693 1069 con—

2098 1110 2346 1166 scientias
2392 1108 2745 1181 quorumdam
2803 1109 3083 1165 convenio.
3128 1107 3189 1163 Si
3250 1106 3519 1173 dicerem,
3570 1106 3690 1173 Tu,

2085 1202 2323 1269 adulter,
2351 1204 2558 1275 corrige
2582 1213 2635 1259 te
2659 1221 2671 1257 :
2699 1203 2875 1273 primo
2901 1201 3033 1256 forte
3062 1199 3296 1256 dicerem
3323 1198 3464 1269 quod
3508 1199 3692 1254 nesci-

2102 1310 2251 1362 rem;
2295 1296 2431 1351 forte
2466 1295 2608 1367 quod
2646 1303 2849 1350 temere
2891 1293 3195 1361 audieram,
3226 1290 3540 1362 suspicarer.
3574 1289 3691 1346 Non

2099 1385 2252 1453 dico,
2282 1387 2396 1452 Tu,
2425 1386 2652 1454 adulter,
2680 1386 2888 1456 corrige
2929 1395 3011 1451 te;
3061 1383 3186 1450 sed,
3226 1384 3466 1454 quisquis
3494 1380 3546 1437 in
3587 1382 3695 1439 hoc

2103 1476 2300 1548 populo
2325 1477 2534 1532 adulter
2572 1492 2664 1543 es,
2696 1478 2904 1546 corrige
2936 1485 3007 1531 te.
3035 1474 3249 1530 Publica
3279 1482 3360 1530 est
3386 1474 3656 1545 correptio
3674 1514 3693 1540 ,

2102 1568 2199 1636 sed
2224 1577 2429 1624 secreta
2454 1569 2734 1623 correctio.
2760 1566 2882 1623 Scio
2907 1567 3029 1637 quia
3054 1566 3147 1622 ille
3170 1565 3259 1637 qui
3281 1552 3539 1635 timuerit,
3568 1578 3703 1621 cor-

2104 1660 2227 1731 rigit
2252 1672 2333 1715 se.

2176 1770 2402 1830 CAPUT
2434 1770 2499 1827 Χ.
2527 1802 2597 1812 -
2623 1772 2708 1827 13.
2740 1770 2954 1827 Peccata
2992 1775 3157 1826 carnis
3180 1789 3280 1827 non
3309 1772 3703 1829 contemnenda.

2104 1860 2225 1919 Non
2269 1863 2413 1919 dicat
2455 1864 2511 1919 iu
2554 1863 2717 1920 corde
2764 1878 2882 1929 suo,
2915 1863 3136 1918 Peccata
3188 1865 3364 1920 carnis
3390 1881 3495 1921 non
3539 1873 3699 1920 curat

2110 1954 2269 2009 Deus.
2300 1953 2541 2018 Nescitis,
2587 1952 2759 2023 inquit
2788 1954 3105 2024 Apostolus,
3150 1955 3267 2025 quia
3311 1956 3558 2026 temptant
3605 1954 3707 2010 Dei

2109 2043 2224 2097 estis
2245 2085 2258 2106 ,
2280 2053 2326 2096 et
2355 2041 2579 2114 Spiritus
2610 2040 2700 2096 Dei
2722 2043 2912 2096 habitat
2931 2043 2982 2096 in
3008 2043 3179 2097 vobis?
3205 2042 3436 2114 Quisquis
3458 2046 3709 2116 templum

2116 2130 2208 2187 Dei
2236 2131 2523 2198 violaverit,
2569 2131 2820 2201 disperdat
2866 2132 3010 2185 illum
3054 2126 3192 2187 Deus
3234 2129 3293 2205 (Ι
3339 2131 3457 2188 Cor.
3487 2135 3705 2202 ut,16,

2113 2223 2225 2293 I7).
2259 2222 2426 2277 Nemo
2454 2238 2513 2278 se
2549 2221 2718 2277 fallat.
2747 2221 2853 2278 Sed
2895 2222 3028 2279 forte
3065 2223 3140 2277 ait
3166 2223 3388 2294 aliquis,
3419 2223 3706 2296 Templum

2115 2312 2209 2368 Dei
2241 2311 2451 2368 animus
2493 2329 2645 2369 meus
2689 2322 2806 2379 est,
2851 2330 2958 2368 non
2996 2328 3192 2384 corpus
3234 2330 3411 2370 meum
3453 2333 3467 2369 :
3508 2316 3709 2385 adjecit

2114 2410 2273 2464 etiam
2304 2410 2666 2465 testimonium
2686 2451 2701 2475 ,
2736 2408 2913 2464 Omnis
2943 2425 3061 2463 caro
3096 2410 3301 2480 fenum,
3339 2418 3385 2463 et
3410 2412 3578 2464 omnis
3598 2411 3713 2464 cla-

2113 2482 2237 2553 ritas
2264 2502 2430 2554 carnis
2456 2511 2507 2554 ut
2524 2503 2620 2572 ﬂos
2645 2501 2747 2572 feni
2771 2500 2811 2571 (I
2840 2500 2981 2554 Petr.
3010 2516 3062 2567 ι,
3093 2497 3205 2565 2i).
3230 2498 3414 2555 Infelix
3437 2501 3710 2571 interpre-

2116 2592 2280 2647 tatio!
2309 2593 2568 2664 punienda
2596 2593 2879 2663 cogitatio!
2914 2591 3116 2647 Fcnum
3141 2591 3279 2646 dicta
3305 2600 3386 2646 est
3409 2608 3559 2659 caro,
3590 2593 3712 2663 quia

2117 2685 2344 2739 moritur
2372 2701 2384 2737 :
2413 2684 2506 2739 sed
2535 2683 2675 2754 quod
2703 2684 2768 2738 ad
2795 2693 3001 2752 tempus
3030 2684 3273 2749 moritur,
3306 2700 3409 2737 non
3433 2687 3709 2755 resurgat‘

2118 2787 2239 2829 cum
2270 2774 2516 2836 crimine.
2550 2772 2643 2830 Vis
2683 2789 2842 2830 nosse
2873 2782 3108 2845 apertam
3149 2774 3309 2827 etiam
3340 2772 3465 2831 inde
3494 2783 3715 2829 senten-

2119 2865 2286 2919 tiam?
2315 2862 2536 2920 Nescitis
2557 2907 2572 2931 ,
2603 2866 2772 2937 inquit
2810 2866 2949 2921 idem
2980 2865 3250 2936 apostolus
3275 2906 3292 2933 ,
3336 2866 3456 2935 quia
3495 2882 3717 2935 corpora

2120 2967 2280 3011 vestra
2310 2958 2549 3029 templum
2578 2959 2631 3012 in
2652 2958 2787 3013 vobis
2821 2968 2893 3013 est
2916 2958 3138 3029 Spiritus
3163 2958 3352 3023 sancti,
3389 2974 3539 3028 quem
3565 2959 3719 3014 habe-

2122 3048 2185 3101 tis
2212 3047 2410 3105 aDeo?
2434 3048 2571 3120 (lam
2604 3064 2706 3104 non
2734 3049 3086 3104 contemnatis
3113 3048 3406 3117 corporalia
3447 3058 3667 3118 peccata
3697 3067 3714 3104 :

2123 3153 2249 3194 ecce
2277 3139 2399 3208 quia
2426 3148 2480 3194 et
2505 3155 2720 3210 corpora
2740 3148 2902 3193 vestra
2930 3138 3171 3209 templum
3198 3139 3248 3192 in
3278 3139 3413 3193 vobis
3438 3151 3557 3193 sunt
3588 3140 3718 3211 Spi-

2122 3229 2249 3282 ritus
2267 3229 2461 3296 sancti,
2500 3245 2646 3299 quem
2673 3229 2861 3282 habetis
2890 3245 2922 3282 a
2950 3228 3056 3282 Deo
3076 3230 3149 3301 ¹.)
3174 3228 3570 3285 Contemncbas
3595 3246 3720 3283 cor-

2124 3319 2306 3389 porale
2355 3331 2661 3388 peccatum,
2710 3321 3009 3375 contemnis
3049 3320 3192 3390 quod
3244 3335 3431 3390 peccas
3477 3321 3529 3375 in
3587 3330 3722 3376 tem-

2125 3409 2311 3479 plum?-
2333 3409 2507 3478 Ipsum
2548 3425 2744 3480 corpus
2774 3421 2918 3464 tuum
2943 3412 3195 3481 templum
3226 3411 3279 3465 in
3305 3421 3354 3466 te
3380 3420 3463 3466 est
3486 3410 3720 3483 Spiritus

2126 3499 2242 3555 Dei.
2274 3499 2391 3554 Jam
2417 3500 2539 3555 vide
2566 3502 2691 3570 quid
2719 3500 2881 3557 facias
2906 3502 2974 3558 de
3003 3503 3202 3573 templo
3242 3504 3358 3558 Dei.
3397 3503 3453 3560 Si
3488 3506 3723 3576 eligeres

2126 3589 2181 3644 itt
2230 3591 2456 3646 ecclesia
2499 3589 2674 3647 facere
2717 3592 3037 3648 adulterium
3084 3594 3224 3649 intra
3272 3596 3405 3651 istos
3445 3598 3719 3667 parietes,

2127 3681 2252 3753 quid
2280 3692 2331 3738 te
2357 3693 2500 3739 esset
2528 3685 2874 3742 sceleratius?
2899 3687 3055 3743 Modo
3079 3698 3255 3744 autem
3279 3698 3333 3744 tu
3353 3689 3469 3760 ipse
3492 3706 3554 3745 es
3581 3702 3725 3746 tem-

2127 3772 2273 3843 plum
2304 3773 2420 3828 Dei.
2454 3774 2733 3844 Templum
2761 3777 2957 3844 intras,
2982 3778 3236 3847 templum
3270 3779 3417 3845 exis,
3463 3781 3727 3851 templum

2127 3865 2180 3920 in
2210 3864 2369 3920 domo
2397 3874 2484 3921 tua
2511 3882 2722 3934 manes,
2756 3868 3009 3939 templum
3040 3869 3235 3940 surgis.
3261 3852 3395 3926 Vide
3414 3870 3544 3940 quid
3572 3887 3725 3942 agas,

2128 3955 2252 4013 vide
2278 3972 2344 4011 ne
2373 3956 2613 4012 oll‘endas
2657 3959 2840 4028 templi
2877 3958 3259 4027 habitatorem,
3290 3975 3357 4015 ne
3380 3960 3599 4016 deserat
3639 3972 3729 4027 te,

2129 4058 2183 4103 et
2217 4047 2271 4102 in
2315 4048 2522 4103 ruinam
2552 4050 2799 4105 vertaris.
2835 4048 3087 4117 Nescitis,
3118 4051 3322 4122 inquit,
3351 4052 3474 4123 quia
3504 4069 3732 4125 corpora

2129 4150 2293 4194 vestra
2342 4139 2419 4211 (et
2454 4139 2557 4196 hoc
2584 4140 2653 4196 de
2678 4141 3028 4197 fornicatione
3052 4142 3369 4213 loquebatur
3397 4144 3730 4214 Apostolus,

2132 4244 2200 4285 ne
2222 4239 2628 4286 contemnerent
2650 4233 2945 4302 corporalia
2971 4236 3213 4305 peccata)
3243 4235 3485 4304 templum
3507 4237 3564 4290 in
3590 4238 3734 4292 vobis

2129 4332 2202 4379 est
2227 4323 2450 4394 Spiritus
2474 4325 2666 4390 sancti,
2689 4342 2834 4395 quem
2853 4326 3045 4381 habetis
3069 4343 3101 4379 a
3128 4325 3268 4394 Deo,
3309 4336 3478 4381 etnon
3500 4330 3623 4383 estis
3649 4345 3740 4384 ee-

2130 4415 2221 4469 stri
2238 4417 2263 4470 .9
2285 4414 2459 4487 Empti
2500 4418 2633 4470 enim
2671 4418 2790 4472 estis
2834 4419 2993 4489 pretio
3041 4436 3223 4491 magno
3268 4418 3313 4491 (Ι
3350 4420 3472 4475 Cor.
3504 4437 3554 4475 γι
3578 4463 3594 4488 ,
3626 4423 3698 4477 l9
3718 4463 3737 4489 ,

2132 4505 2248 4578 20).
2277 4506 2333 4563 Si
2371 4508 2669 4564 contemnis
2710 4523 2910 4582 corpus
2942 4518 3088 4566 tuum
3111 4551 3127 4577 ,
3167 4510 3449 4567 considera
3496 4515 3742 4583 pretium

2138 4609 2307 4655 tuum.
2791 4608 2794 4612 “

2202 4710 2428 4770 CAPUT
2479 4713 2571 4770 XI.
2608 4743 2682 4756 —
2735 4714 2822 4771 ﬂ.
2851 4714 3102 4771 Correotio
3142 4731 3249 4770 non
3283 4718 3742 4789 procrastiuanda.

2144 4805 2256 4863 Vos:
2281 4809 2503 4864 corvina.
2530 4807 2777 4865 Honcines
2807 4810 2936 4865 bona
2962 4810 3131 4864 volunt
3164 4810 3346 4864 habere
3385 4813 3556 4866 nausia
3595 4831 3746 4883 prta—

2134 4908 2210 4953 ter
2250 4899 2423 4953 vitam.
2477 4898 2601 4956 Scio
2650 4915 2785 4971 ego,
2827 4909 2884 4956 et
2932 4915 3143 4957 mecum
3185 4902 3361 4957 omnis
3422 4902 3590 4958 homo
3641 4905 3743 4976 qui

2133 4990 2292 5061 paulo
2306 4992 2562 5047 attentius
2587 4991 3025 5060 consideraverit,
3045 4992 3312 5048 neminem
3340 4992 3510 5049 Deum
3541 4995 3747 5051 timeu-

2137 5093 2245 5140 tem
2274 5085 2374 5141 sub
2392 5085 2572 5141 verbis
2599 5084 2715 5155 ejus
2744 5100 2850 5142 non
2875 5100 2936 5140 se
2960 5084 3230 5156 corrigere
3249 5126 3264 5152 ,
3290 5085 3390 5140 nisi
3420 5085 3509 5156 qui
3534 5095 3696 5156 putat
3720 5128 3741 5154 ,

2135 5176 2259 5245 quia
2284 5176 2402 5246 plus
2431 5175 2591 5231 habet
2614 5176 2818 5231 vivere.
2843 5175 2960 5247 Ipsa
2988 5188 3075 5231 res
3103 5183 3188 5230 est
3222 5190 3342 5246 qua:
3363 5176 3561 5232 multos
3583 5177 3740 5233 oeci-

2136 5267 2251 5337 dit,
2274 5283 2396 5324 cum
2416 5267 2599 5323 dicunt
2616 5309 2631 5334 ,
2658 5268 2790 5323 Cras
2814 5310 2830 5336 ,
2858 5268 3021 5323 erat
3047 5276 3103 5323 et
3126 5268 3304 5323 subito
3344 5268 3542 5323 ostium
3586 5269 3747 5324 clau-

2137 5359 2300 5415 dillﬂ‘.
2339 5359 2618 5415 Rcmansit
2661 5357 2792 5415 foris
2836 5374 2960 5414 cum
2991 5373 3123 5415 voce
3164 5360 3420 5426 corvina,
3459 5360 3583 5429 quia
3629 5375 3749 5418 non

2141 5451 2325 5507 habuit
2347 5451 2599 5522 gemitum
2634 5450 3020 5505 columbinum.
3048 5448 3182 5504 Cras
3200 5491 3215 5517 ,
3246 5460 3401 5514 cras;
3429 5450 3579 5505 corvi
3609 5465 3751 5507 vox.

2137 5543 2306 5603 Geme
2339 5553 2397 5601 ut
2422 5544 2701 5601 columbus
2719 5585 2735 5612 ,
2762 5552 2818 5600 et
2842 5542 3006 5599 tunde
3032 5551 3220 5615 pectus
3248 5560 3262 5598 :
3294 5541 3393 5598 sed
3428 5542 3617 5615 plagas
3643 5545 3755 5603 tibi

2205 5702 2222 5733 ¹
2244 5706 2343 5810 A2.
2388 5704 2442 5748 et
2476 5702 2574 5757 Er.,
2612 5707 2709 5746 non
2746 5692 2975 5760 resurgit.
3011 5701 3135 5744 Tres
3170 5700 3298 5757 uss,
3322 5692 3431 5746 vide
3469 5697 3648 5746 “non
3670 5709 3763 5749 ra-

2205 5774 2275 5810 rat

2142 5774 2275 5823 surgt

2207 5815 2413 5874 I"\‘erba
2435 5819 2717 5886 parenthesi
2741 5819 2820 5872 hic
2843 5820 3023 5872 inclusa
3044 5819 3218 5871 absunt
3241 5819 3302 5871 ab
3325 5826 3424 5868 Am.
3450 5824 3528 5867 ετ.
3555 5828 3613 5870 et
3638 5826 3761 5873 us.
