3954 6186
306 375 423 431 513

301 485 490 541 dando
532 484 585 539 in
634 490 821 554 pectus
842 525 857 548 ,
885 495 1055 537 caesus
1076 487 1346 538 correctus
1372 491 1523 545 esto;
1558 497 1637 537 ne
1681 498 1787 537 non
1816 484 1893 536 vi-

302 576 490 633 dearis
513 573 902 630 conscientiam
925 572 1159 633 caedere.
1183 572 1273 627 sed
1302 573 1493 627 malam
1515 573 1893 629 conscientiam

302 667 503 737 pugnis
545 664 909 735 pavimentare
928 705 943 729 ,
973 662 1278 718 solidiorem
1322 663 1546 719 reddere
1573 665 1610 730 ⁸,
1638 679 1746 719 non
1771 678 1893 721 eor-

302 756 617 811 rcetiorem.
644 755 813 809 Geme
841 768 947 807 non
976 752 1118 807 inani
1144 752 1368 822 gemitu.
1397 753 1557 809 Forte
1580 754 1722 809 enim
1760 754 1895 810 dicis

302 848 407 901 tibi
431 866 445 902 :
474 845 723 901 Promisit
768 844 899 898 mihi
947 844 1086 898 Deus
1115 842 1490 913 indulgentiam
1512 885 1528 911 ,
1574 845 1786 915 quando
1808 860 1895 900 me

302 946 630 999 correxere;
670 946 894 988 securus
919 947 1037 987 sum
1072 950 1086 986 :
1126 932 1244 1002 lego
1266 932 1497 987 divinam
1525 933 1851 1003 Scriptorum
1874 974 1891 1001 ,

304 1024 529 1096 Iniquus
550 1025 606 1078 in
623 1038 729 1094 qua
754 1020 1119 1076 diaconocrsus
1145 1023 1293 1093 fauit
1319 1022 1382 1075 ab
1400 1023 1740 1092 iniquitatibus
1766 1025 1890 1089 suis,

305 1126 359 1170 ιι
399 1093 564 1185 fecerit
598 1093 855 1185 justitiam
872 1153 888 1178 ,
925 1129 1098 1167 omnes
1147 1113 1431 1181 iniquitates
1477 1116 1587 1186 ejus
1633 1114 1895 1169 oblitdscar

304 1202 523 1275 (Eucti.
562 1218 725 1270 xvm,
764 1201 828 1257 2i
853 1202 1034 1272 0:22).
1078 1201 1309 1258 Securus
1349 1217 1502 1270 sum;
1550 1205 1761 1275 quando
1807 1220 1895 1261 me

301 1308 639 1360 correxere,
668 1292 783 1348 ‘dat
843 1293 972 1348 mihi
1023 1293 1163 1348 Deus
1207 1294 1584 1363 indulgentiam
1631 1296 1700 1351 de
1740 1296 1894 1354 malis

296 1386 487 1439 meis..
515 1385 583 1440 Et
615 1383 738 1455 quid
765 1397 867 1454 ego
903 1383 1140 1438 dicturus
1168 1384 1322 1439 smn?
1364 1386 1563 1441 Contra
1602 1387 1767 1442 Deum
1809 1403 1896 1443 re-

297 1474 671 1530 clamatur-us?
700 1474 947 1528 Dicturus
970 1488 1089 1528 sum
1127 1475 1236 1531 Deo
1266 1494 1282 1532 :
1309 1475 1427 1532 Noli
1457 1478 1533 1531 illi
1553 1477 1687 1535 dare
1715 1479 1894 1534 indul-

297 1567 587 1638 gentiam?
616 1567 857 1620 Dicturus
878 1581 997 1620 sum
1024 1565 1127 1620 hoc
1169 1568 1423 1637 scriptum
1467 1584 1574 1625 non
1622 1585 1762 1636 esse,
1793 1571 1896 1627 hoc

319 1659 493 1713 Deum
512 1672 616 1712 non
634 1657 972 1727 promisisse?
1005 1657 1061 1712 Si
1080 1657 1176 1712 ista
1196 1657 1401 1725 dixero,
1416 1660 1590 1714 omnia
1605 1658 1739 1715 falsa
1751 1661 1891 1717 dico.

302 1746 459 1803 Betic
499 1746 667 1813 dicis,
715 1761 900 1801 verum
943 1746 1118 1803 dicis:
1158 1748 1534 1819 indulgentiam
1573 1754 1893 1808 correctioni

296 1848 417 1892 tum
458 1837 701 1908 promisit
748 1836 929 1901 Deus,
976 1851 1173 1907 negare
1212 1853 1321 1893 non
1367 1853 1582 1908 possum
1627 1858 1640 1894 :
1673 1841 1768 1896 sed
1808 1842 1896 1899 die

298 1927 442 1982 mihi
462 1969 479 1994 ,
511 1941 641 1997 rogo
664 1936 748 1993 te;
772 1941 901 1981 ecce
925 1941 1026 1997 ego
1052 1927 1331 1984 consentio
1352 1938 1409 1984 et
1433 1930 1672 1986 concedo
1706 1940 1762 1987 et
1800 1946 1894 1988 co-

297 2032 510 2089 gnosco
533 2016 655 2086 quia
701 2016 1081 2087 indulgentiam
1112 2019 1249 2073 Dens
1279 2021 1520 2088 promisit
1548 2023 1679 2086 tibi;
1708 2024 1895 2078 crasti-

300 2124 435 2164 num
460 2109 601 2162 enim
626 2106 770 2161 diem
799 2107 918 2176 quis
942 2106 1035 2161 tibi
1060 2109 1343 2177 promisit!
1368 2109 1469 2166 Ubi
1497 2112 1626 2166 mihi
1656 2113 1789 2199 legis
1813 2114 1894 2168 in-

306 2197 640 2268 dulgeutiam
668 2205 721 2251 te
757 2205 1125 2274 accepturum,
1158 2199 1203 2253 si
1227 2206 1279 2253 te
1300 2203 1633 2268 correxeris;
1680 2197 1796 2272 lege
1816 2204 1891 2259 ibi

295 2292 435 2346 mihi
460 2301 714 2360 quantum
750 2291 988 2345 victurus
1016 2291 1111 2345 sis.
1140 2290 1261 2346 Non
1305 2293 1422 2363 lego
1445 2328 1460 2359 ,
1490 2295 1682 2364 inquis.
1709 2296 1893 2352 Nescis

298 2396 444 2451 ergo
480 2390 734 2450 quantum
759 2380 993 2435 victurus
1019 2382 1111 2435 sis.
1152 2382 1289 2438 Esto
1305 2394 1578 2439 correctus
1602 2394 1652 2439 et
1677 2401 1893 2456 semper

306 2479 559 2541 palatus:
580 2469 696 2524 Noli
740 2470 927 2525 timere
965 2471 1105 2525 diem
1132 2472 1406 2539 ultimum,
1434 2481 1682 2544 tanquam
1721 2475 1889 2531 furem

294 2562 393 2631 qui
411 2560 770 2616 tedormiente
780 2560 998 2615 effodiat
1014 2562 1268 2630 parietem
1284 2579 1298 2615 :
1317 2563 1411 2617 sed
1424 2564 1602 2635 vigila,
1618 2574 1673 2620 ct
1684 2567 1892 2637 corrige

298 2664 362 2709 te
395 2653 573 2708 hodie.
602 2652 739 2720 Quid
767 2651 951 2707 differs
997 2653 1055 2707 in
1075 2654 1411 2708 crastinum?
1434 2655 1612 2725 Longa
1637 2657 1741 2711 vita
1765 2658 1887 2713 erit.

214 2772 215 2775 η
296 2744 423 2813 Ipsa
453 2744 606 2814 longa
629 2785 644 2807 ,
669 2743 805 2798 bona
831 2744 920 2798 sit.
953 2743 1234 2798 Prandium
1258 2744 1456 2800 bonum
1485 2746 1699 2817 longum
1724 2764 1890 2806 nemo

296 2833 511 2901 (ἥσει-ι,
529 2844 586 2888 et
617 2834 778 2888 vitam
805 2834 997 2888 malam
1028 2834 1238 2905 longam
1264 2835 1344 2890 vis
1370 2836 1599 2892 habere?
1620 2839 1817 2910 Utique
1833 2844 1888 2907 κεί

296 2927 460 2998 longa
486 2926 588 2981 erit
606 2967 621 2992 ,
646 2926 834 2981 melius
855 2926 991 2980 bona
1023 2927 1130 2981 erit
1156 2943 1170 2979 :
1201 2925 1246 2980 si
1273 2927 1449 2983 brevis
1485 2929 1618 2994 erit,
1645 2930 1782 2988 bene
1818 2933 1891 2990 fa-

295 3028 450 3072 ctum
475 3024 561 3071 est
580 3056 594 3080 ,
640 3024 699 3070 ut
725 3015 860 3071 bona
884 3015 1283 3086 produceretur.
1323 3016 1411 3073 Sic
1433 3026 1612 3075 autem
1645 3020 1888 3083 homines

298 3107 580 3178 negliguut
599 3107 761 3162 vitam
788 3122 937 3161 suam
955 3146 972 3173 ,
1003 3115 1059 3161 ut
1085 3107 1259 3162 nolint
1289 3107 1493 3166 habere
1528 3112 1722 3168 malam
1741 3153 1759 3180 ,
1786 3116 1885 3171 nisi

296 3198 494 3265 ipsam.
516 3195 707 3249 Villam
726 3195 864 3250 emis
883 3236 900 3262 ,
940 3196 1136 3252 bonam
1164 3198 1390 3267 quaeris;
1428 3215 1646 3256 umorem
1687 3204 1763 3258 vis
1788 3205 1888 3260 dn-

296 3301 457 3351 cere,
485 3286 677 3341 bonam
697 3286 880 3356 eligis;
912 3285 1047 3341 ﬁlios
1071 3287 1164 3342 tibi
1194 3287 1272 3341 vis
1298 3289 1478 3357 nasci,
1511 3290 1680 3347 bonos
1694 3303 1882 3362 optas;

284 3358 501 3449 caligas
528 3378 671 3432 locas
694 3417 711 3445 ,
738 3387 921 3432 etnon
950 3378 1031 3432 vis
1071 3379 1240 3433 malas
1264 3396 1278 3434 :
1300 3388 1355 3435 et
1383 3380 1543 3436 vitam
1585 3399 1734 3439 amas
1773 3399 1886 3440 ma-

298 3470 445 3524 lam!
496 3470 635 3537 Quid
675 3478 728 3545 te
767 3468 988 3525 oﬂiandit
1028 3469 1137 3525 vita
1197 3479 1318 3539 tua,
1368 3488 1524 3543 quam
1572 3477 1739 3532 solam
1803 3479 1886 3535 vis

302 3561 533 3627 malam,
576 3568 635 3614 ιιι
672 3559 809 3615 inter
843 3559 1021 3615 «itania
1058 3559 1200 3617 bona
1242 3568 1332 3617 tua
1367 3571 1424 3618 tu
1458 3566 1604 3622 solus
1647 3567 1724 3624 sis
1766 3583 1881 3625 ma-

298 3649 384 3704 lus
399 3650 427 3702 ?
741 3670 760 3707 ς

369 3740 596 3796 CAPUT
626 3741 738 3795 Xll.
766 3770 838 3781 —
861 3742 944 3797 15.
978 3741 1207 3799 Pastoris
1234 3758 1362 3799 onus
1397 3760 1499 3800 non
1526 3746 1880 3818 abjicicnduut.

300 3832 472 3901 Ergo,
498 3831 690 3888 fratres
709 3833 849 3899 mei,
874 3834 919 3888 si
935 3834 1164 3906 aliquem
1185 3846 1417 3892 vestrum
1441 3839 1634 3894 vellem
1654 3841 1707 3896 in
1731 3851 1883 3911 parte

295 3923 599 3990 corripere,
627 3921 764 3979 forte
790 3924 995 3979 audiret
1022 3940 1151 3981 me:
1184 3927 1381 3983 multos
1403 3937 1637 3985 vestrum
1664 3931 1882 4002 publica

294 4013 569 4082 corripio;
596 4028 780 4069 omnes
803 4029 891 4069 me
917 4014 1170 4082 laudant;
1196 4017 1378 4073 audiat
1412 4033 1509 4074 me
1521 4020 1733 4091 aliquis.
1762 4023 1880 4080 Non

295 4116 428 4156 amo
464 4103 519 4157 in
547 4118 675 4160 voce
708 4104 1034 4160 laudatorem
1053 4147 1069 4172 ,
1096 4108 1226 4162 etin
1253 4107 1414 4165 corde
1437 4118 1878 4183 conternptonem.

292 4192 436 4246 Cum
464 4194 607 4247 enim
632 4193 844 4260 laudas,
871 4202 929 4249 et
946 4208 1053 4250 non
1079 4203 1132 4251 te
1154 4198 1406 4268 corrigis,
1432 4209 1616 4256 contra
1641 4210 1694 4257 te
1730 4206 1880 4271 testis

292 4298 379 4337 es.
412 4281 470 4337 Si
490 4283 661 4338 malus
680 4298 768 4349 es,
795 4294 850 4339 et
875 4284 1016 4354 quod
1043 4284 1162 4342 dico
1176 4286 1485 4356 placettibi,
1506 4289 1726 4361 displice
1753 4293 1876 4349 tibi:

292 4378 425 4446 quia
469 4377 515 4431 si
559 4377 732 4433 maius
779 4376 1113 4446 displicueris
1170 4379 1294 4446 tibi,
1339 4391 1607 4438 correctus
1648 4384 1878 4454 placebis

294 4465 396 4519 tibi
417 4467 461 4530 ‘,
481 4464 623 4536 quod
640 4466 1021 4522 nudiustertius
1038 4508 1053 4533 ,
1083 4468 1183 4522 nisi
1204 4468 1376 4535 fallor,
1397 4469 1528 4527 dixi.
1555 4472 1610 4527 In
1632 4476 1877 4532 omnibus

294 4554 480 4609 verbis
518 4555 653 4610 meis
691 4556 964 4626 speculum
1000 4572 1255 4627 propono.
1299 4559 1409 4616 Nec
1451 4577 1566 4618 mea
1610 4564 1711 4620 ista
1754 4574 1879 4621 sunt

294 4644 462 4699 verba
492 4662 506 4698 :
530 4644 627 4700 sed
651 4645 875 4701 Domino
896 4645 1117 4715 iubente
1146 4647 1361 4718 loquor,
1385 4667 1492 4721 quo
1512 4659 1742 4711 terrente
1769 4671 1877 4711 non

295 4744 475 4789 taceo.
513 4734 644 4789 Nam
682 4736 806 4805 quis
831 4751 935 4791 non
959 4737 1180 4807 eligeret
1206 4745 1383 4794 tacere
1400 4774 1415 4804 ,
1442 4750 1497 4796 ct
1525 4743 1791 4799 rationem
1809 4745 1877 4801 de

296 4824 454 4879 vobis
481 4840 585 4880 non
614 4825 870 4882 reddere?
910 4826 1013 4882 Sed
1035 4827 1145 4896 jam
1186 4829 1513 4899 suscepimus
1538 4847 1705 4900 onus,
1734 4836 1877 4905 quod

292 4915 367 4971 ab
389 4914 622 4970 humeris
643 4917 842 4972 nostris
860 4926 1112 4974 excutere
1131 4934 1236 4974 non
1262 4934 1573 4988 possumus,
1600 4939 1699 4980 nec
1719 4925 1880 4982 debe-

294 5020 443 5059 mus.
466 5006 698 5060 Audistis
713 5047 729 5071 ,
760 5006 951 5063 fratres
968 5008 1105 5072 mei,
1127 5023 1244 5063 cum
1268 5008 1500 5079 Epistula
1529 5012 1595 5066 ad
1625 5013 1877 5073 [febriens

293 5096 567 5163 legeretur
597 5113 612 5150 :
645 5096 852 5151 Obcdite
875 5098 1157 5168 prmpositis
1190 5099 1395 5164 nstris,
1422 5110 1472 5155 et
1492 5103 1677 5158 subditi
1695 5114 1877 5173 estote;

292 5189 420 5254 quia
446 5188 545 5258 ipsi
576 5189 784 5260 uigilant
808 5207 901 5260 pro
922 5190 1185 5245 animabus
1211 5193 1381 5247 uestris
1400 5234 1416 5260 ,
1442 5204 1679 5266 tanquam
1715 5199 1876 5253 ratio-

295 5295 417 5333 nem
432 5281 680 5349 reddituri
699 5298 794 5351 pro
817 5281 953 5337 nobis
980 5299 1000 5337 :
1028 5293 1081 5337 ut
1106 5296 1218 5338 cam
1247 5285 1431 5355 gaudio
1463 5287 1557 5341 hoc
1583 5290 1772 5360 faciant
1789 5331 1805 5358 ,
1829 5301 1877 5345 et

294 5388 405 5425 non
427 5388 543 5424 cum
567 5374 803 5439 tristitia;
828 5391 930 5428 non
951 5378 1084 5429 enim
1120 5377 1315 5447 expedit
1353 5380 1487 5435 vobis
1537 5379 1718 5452 (Hebr.
1750 5399 1873 5450 xm,

298 5466 415 5532 ΓΙ).
460 5462 687 5530 Quando
712 5463 936 5521 facimus
961 5467 1060 5521 ista
1086 5482 1208 5523 cum
1234 5468 1461 5539 gaudio?
1484 5470 1706 5538 Quando
1732 5473 1880 5530 vide-

411 5625 497 5696 ξιξ.-
519 5618 744 5696 ιέιιῇιξερι
767 5629 905 5696 item,
928 5623 1013 5696 sed
1030 5621 1206 5696 malum
1240 5625 1572 5677 conscientiam
1600 5621 1770 5694 pugnis
1791 5644 1878 5696 pa-

292 5682 501 5763 νί²ζ¹¹ἶ²²³⁰
521 5681 1360 5763 δοείάίοῖρηηνῖίί.άξῖ⁴ἰ·μὲ¹ςμηη-,
1489 5750 1502 5763 .
1647 5751 1658 5763 .

360 5745 384 5775 ²
407 5748 515 5793 Lov.
542 5742 753 5806 placebis
783 5752 911 5809 Deo;
929 5746 1326 5798 dissentientibus
1340 5755 1475 5799 cate;
1489 5750 1531 5801 is
1552 5750 1703 5802 libris.

1681 369 1906 428 SERMO
1936 371 2214 429 LXXXIII.

3471 405 3571 462 ιιι

2003 499 2119 541 mus
2149 488 2389 547 homines
2414 495 2675 562 prolicere
2701 497 2757 555 in
2780 504 2955 560 verbis
2979 507 3090 564 Dei.
3120 509 3341 577 Quando
3369 515 3574 577 laborat

2000 589 2121 631 cum
2146 579 2337 647 gaudio
2357 587 2630 652 operarius
2655 589 2707 644 in
2731 594 2902 661 agro?
2926 596 3148 663 Quando
3169 604 3391 660 attendit
3409 610 3569 665 arbo-

2000 681 2147 736 rem,
2177 681 2233 726 el.
2258 671 2492 730 fructum
2530 678 2702 747 videt;
2733 685 2943 752 quando
2978 690 3201 747 attendit
3228 705 3490 765 segetem,
3517 711 3573 757 et

2000 756 2207 830 frugum
2232 763 2283 817 in
2302 779 2428 823 area
2455 769 2473 802 ¹
2500 774 2749 843 prospicit
2777 778 3067 837 ubertatem
3100 800 3112 836 :
3143 800 3247 840 non
3277 756 3391 845 sine

1998 1131 2045 1175 et
2071 1139 2171 1178 non
2195 1141 2309 1182 cum
2332 1132 2694 1203 tristium-non
2718 1142 2854 1197 enim
2875 1147 3074 1215 πριάη
3113 1151 3267 1205 vobis.
3309 1131 3572 1226 Numquid

1998 1210 2161 1314 diui,
2194 1215 2307 1314 Non
2335 1220 2440 1275 illis
2462 1226 2698 1294 expedit.
2725 1229 2875 1297 Non;
2906 1210 2999 1290 ad
3029 1237 3192 1305 dixit,
3223 1239 3346 1295 Non
3372 1210 3573 1314 exp-edit

1996 1301 2150 1391 uobis.
2175 1305 2304 1363 Nam
2334 1310 2405 1365 illi
2431 1319 2699 1383 prmpositi
2719 1324 2929 1391 quando
2954 1301 3334 1388 contristantur
3357 1301 3571 1391 de'ma-

1998 1389 2311 1491 lisvestris,
2350 1402 2565 1471 expedit
2600 1408 2703 1463 illis
2721 1389 2754 1476 ς-
2778 1412 2888 1482 ipsa
2930 1417 3137 1473 tristitia
3168 1422 3384 1491 prodest
3420 1427 3570 1485 illis:

1997 1481 2091 1536 sed
2120 1498 2225 1540 non
2249 1491 2463 1558 expedit
2483 1495 2649 1551 vobis.
2681 1481 2825 1556 Nihil
2844 1513 3021 1563 autem
3041 1481 3192 1566 nobis
3210 1514 3453 1570 volumus
3463 1481 3571 1573 es;

1997 1572 2178 1673 pedire
2198 1615 2213 1642 ,
2401 1599 2506 1638 non
2529 1588 2742 1657 expedit
2768 1593 2934 1650 vobis.
2966 1597 3131 1654 Simul
3156 1615 3286 1673 ergo
3312 1604 3365 1659 in
3392 1572 3572 1661 Dornip

1997 1663 2118 1719 nico
2145 1680 2298 1760 agro,
2343 1672 2565 1742 fratres,
2605 1679 2802 1738 bonum
2845 1701 3161 1760 operemur;
3206 1663 3265 1748 ut
3302 1695 3461 1752 simul
3502 1698 3570 1754 de

1995 1755 2244 1812 mercede
2270 1762 2611 1830 gaudeamus.

2452 1876 2681 1939 SERMO
2716 1885 2974 1945 LXXXIII
3008 1898 3023 1916 '
3045 1893 3143 1966 (α).

1996 1951 2077 2010 De
2102 1960 2260 2015 verbis
2285 1963 2546 2038 Evangelii
2563 1970 2795 2032 Matt/mi
2811 2022 2825 2045 ,
2852 1999 2964 2052 cap.
2995 1951 3116 2040 xviii
3137 2028 3152 2052 ,
3177 1989 3239 2044 21
3266 2033 3279 2055 ,
3304 1992 3373 2046 9.2
3392 2037 3405 2057 ,
3428 1994 3558 2062 Quo-

2243 2052 2340 2109 ties
2367 2061 2602 2124 peccabit
2626 2064 2678 2118 in
2709 2082 2793 2122 me
2826 2070 2983 2126 frater
3010 2091 3185 2141 meus,
3226 2052 3321 2134 etc.

1996 2436 2298 2501 peccauerit,
2331 2438 2528 2507 inquit,
2568 2444 2621 2496 in
2643 2453 2692 2497 te
2718 2446 2875 2515 frater
2903 2461 3049 2520 tuus,
3078 2459 3274 2528 corripe
3298 2478 3411 2515 eum
3439 2465 3568 2520 inter

1995 2525 2041 2570 te
2064 2529 2109 2573 et
2138 2521 2303 2590 ipsum
2338 2528 2519 2581 solum.
2563 2529 2627 2586 Si
2668 2543 2717 2587 te
2756 2538 3003 2604 audierit,
3036 2542 3256 2601 lucratus
3279 2566 3332 2604 cs
3360 2551 3567 2620 fratrem

1994 2615 2152 2664 tuum.
2186 2611 2247 2667 Si
2291 2627 2457 2672 autent
2485 2627 2864 2695 contempserit,
2904 2632 3087 2688 adhibe
3127 2647 3286 2692 tecum
3326 2611 3451 2698 ditas
3491 2646 3568 2700 uel

1994 2707 2092 2753 tres
2114 2717 2133 2754 :
2162 2709 2213 2754 ut
2242 2704 2293 2757 in
2317 2723 2402 2761 ore
2429 2709 2642 2766 duorum
2667 2716 2745 2770 vel
2769 2719 2919 2772 trium
2945 2725 3146 2778 testium
3171 2737 3262 2782 stet
3287 2747 3432 2787 omne
3455 2751 3567 2791 uer-

1992 2791 2127 2846 bum.
2176 2795 2239 2850 Si
2274 2809 2439 2854 autem
2489 2814 2535 2857 et
2580 2805 2716 2874 ipsos
2757 2817 3135 2884 contempserit,
3181 2819 3262 2873 dic
3303 2822 3562 2883 Ecclesiae.

1996 2880 2203 2947 Quodsi
2218 2885 2497 2944 Ecclesiam
2520 2903 2890 2968 contempserit,
2909 2880 2974 2957 sit
3000 2904 3088 2960 tibi
3114 2880 3245 2964 sicut
3273 2913 3498 2972 ethnicus
3518 2931 3568 2974 et

1991 2966 2300 3042 publicanus.
2329 2978 2591 3037 llodierna
2629 2986 2785 3043 etiam
2812 2966 2896 3047 die
2920 2993 2985 3049 ad
3016 2996 3180 3065 ipsam
3201 3017 3313 3057 rem
3341 2966 3567 3074 pertinet

1990 3064 2269 3134 capitulum
2297 3072 2434 3139 quod
2476 3077 2728 3145 sequitur,
2759 3083 2899 3151 quod
2941 3064 3099 3144 modo
3139 3106 3257 3148 cum
3301 3064 3566 3160 legeretur

1988 3154 2300 3212 audivimus.
2324 3160 2452 3215 Cum
2476 3164 2616 3219 enim
2645 3166 2864 3226 dixisset
2884 3172 2984 3231 hoc
3011 3177 3261 3237 Dominus
3283 3185 3436 3242 Jesus
3465 3190 3566 3246 Pc-

1991 3252 2101 3311 tro,
2129 3249 2351 3318 subjecit
2375 3261 2427 3307 et
2455 3252 2796 3328 interrogavit
2819 3262 3120 3335 Magistrum
3142 3310 3156 3336 ,
3186 3277 3390 3343 quoties
3418 3277 3563 3350 igno-

1987 3348 2161 3392 sceret
2190 3338 2336 3395 fratri
2365 3342 2455 3413 qui
2475 3345 2526 3399 in
2554 3347 2696 3402 illum
2720 3365 3021 3423 peccasset;
3051 3370 3103 3414 et
3124 3338 3365 3431 quaesivit
3386 3338 3559 3428 utrum

1987 3427 2256 3487 sufficeret
2283 3436 2498 3505 septies.
2526 3438 2816 3510 Respondit
2839 3445 2915 3500 illi
2938 3427 3190 3508 Dominus
3216 3471 3229 3507 :
3253 3455 3375 3512 Non
3395 3464 3560 3518 solum

1987 3522 2193 3590 septies,
2222 3524 2311 3576 sed
2343 3527 2491 3579 etiam
2533 3533 2813 3602 septuagies
2855 3539 3052 3606 septies.
3085 3542 3286 3602 Deinde
3329 3555 3561 3609 narravit

1986 3609 2379 3667 similitudinem
2413 3616 2563 3673 valde
2606 3621 2891 3678 terribilem
2929 3644 2944 3680 :
2976 3630 3095 3699 quia
3139 3633 3311 3691 simile
3352 3649 3435 3695 est
3468 3659 3556 3699 re-

1984 3710 2147 3767 gnum
2173 3703 2428 3757 coelorum
2456 3705 2655 3764 homini
2698 3712 3092 3786 patrifamilias,
3123 3723 3212 3793 qui
3253 3729 3428 3795 posuit
3465 3748 3556 3787 ra-

1985 3789 2180 3848 tionem
2205 3807 2323 3848 cum
2350 3797 2515 3853 servis
2538 3800 2681 3867 suis;
2722 3800 2775 3858 in
2820 3805 3010 3875 quibus
3038 3789 3553 3878 invenit‘debitorem

1982 3880 2165 3937 decem
2192 3885 2410 3942 millium
2435 3889 2767 3947 talentorum.
2791 3895 2997 3952 Etcum
3014 3900 3280 3971 jussisset,
3302 3916 3358 3962 ut
3377 3915 3553 3969 omnia

1983 3988 2101 4044 qua:
2126 3974 2386 4045 habebat,
2413 3991 2465 4037 et
2494 3984 2664 4039 omnis
2689 3989 2802 4056 ejus
2830 3987 3023 4045 familia
3044 4034 3060 4059 ,
3101 4002 3155 4049 ct
3198 3995 3312 4066 ipse
3348 4004 3547 4060 vende-

1980 4074 2146 4134 retnr,
2162 4076 2217 4125 et
2232 4069 2464 4127 debitum
2487 4073 2795 4144 solveretur,
2819 4078 3093 4138 advolutus
3114 4086 3334 4155 genibus
3346 4092 3546 4151 domini

1982 4156 2100 4225 sui‘,
2131 4160 2349 4231 rogabat
2388 4179 2509 4220 cum
2554 4165 2888 4237 dilationem,
2926 4175 3116 4231 meruit
3154 4180 3547 4241 remissionem.

1983 4244 2225 4305 Miserius
2249 4258 2331 4306 est
2350 4253 2491 4308 enim
2514 4254 2757 4312 dominus
2780 4259 2894 4328 ejus
2912 4302 2927 4326 ,
2954 4260 3089 4319 sicut
3133 4266 3429 4328 audivimus
3445 4317 3461 4343 ,
3496 4284 3555 4331 et

1980 4354 2139 4396 omne
2166 4341 2402 4398 debitum
2442 4345 2639 4402 dimisit
2665 4347 2757 4403 illi.
2794 4351 2861 4405 At
2904 4352 2993 4408 ille
3031 4354 3211 4413 debito
3254 4359 3408 4428 liber,
3446 4341 3557 4422 sed

1978 4427 2268 4500 iniquitatis
2287 4447 2489 4502 servus,
2504 4444 2849 4508 posteaquam
2870 4457 3115 4513 egressus
3135 4456 3215 4503 est
3234 4463 3262 4502 a
3292 4427 3423 4507 facie
3460 4445 3559 4503 do-

1939 4571 1944 4576 .
1981 4523 2109 4577 mini
2154 4526 2268 4590 sui,
2315 4526 2515 4583 invenit
2556 4531 2712 4586 etiam
2759 4533 2870 4602 ipse
2912 4534 3205 4596 debitorem
3243 4559 3430 4612 suum,
3472 4544 3560 4613 qui

1980 4614 2233 4684 debebat,
2258 4636 2361 4673 non
2390 4620 2572 4677 decem
2604 4623 2765 4679 millia
2797 4627 3105 4685 talentorum
3127 4674 3142 4697 ,
3172 4647 3425 4705 quantum
3469 4641 3548 4712 ip-

1979 4708 2090 4762 sius
2117 4708 2349 4765 debitum
2382 4712 2508 4779 fuit,
2547 4714 2639 4769 sed
2683 4727 2891 4772 centum
2921 4719 3163 4778 denarios
3193 4742 3206 4778 :
3238 4729 3400 4799 cccpit
3427 4708 3548 4787 cum

1982 4800 2291 4858 suﬂ‘ocatum
2317 4804 2527 4861 trahere
2556 4805 2597 4873 ³,
2623 4818 2675 4863 et
2702 4809 2877 4866 dicere
2896 4853 2910 4877 ,
2946 4812 3118 4868 Redde
3141 4819 3275 4883 quod
3293 4819 3458 4890 dcbcs.
3484 4824 3547 4879 At

1982 4891 2069 4946 ille
2091 4888 2304 4962 rogabat
2327 4909 2637 4950 conservum
2662 4936 2675 4961 ,
2708 4898 2843 4953 sicut
2861 4910 2915 4955 et
2950 4902 3060 4971 ipse
3088 4919 3357 4975 rogaverat
3379 4888 3552 4964 domi-

1981 4997 2107 5037 num
2136 5002 2149 5038 :
2177 4983 2271 5038 sed
2301 5000 2403 5040 non
2436 4986 2593 5041 talem
2623 4987 2720 5043 iste
2744 4989 2940 5045 invenit
2969 5008 3280 5051 conservum
3302 5040 3318 5066 ,
3342 5000 3548 5069 qualem

2044 5159 2061 5190 ι
2079 5165 2179 5207 Am.
2201 5165 2251 5228 et
2265 5163 2418 5228 Er.,_et
2434 5157 2595 5228 fructu
2608 5172 2755 5228 arcte.
2773 5167 2900 5223 Lov.,
2912 5168 2957 5212 et
2970 5178 3032 5214 ex
3052 5165 3210 5228 [ructu
3233 5180 3377 5221 arcte.
3391 5169 3558 5228 Florus

1978 5220 2031 5270 in
2053 5221 2263 5289 egrotisis,
2280 5224 2334 5289 _ct
2352 5219 2600 5289 ﬂuctuare.
2625 5220 2795 5289 Plures
2820 5219 2943 5285 uss,
2973 5234 3022 5276 ct
3052 5219 3267 5289 fructum
3284 5219 3429 5284 arcte.
3447 5219 3557 5286 sed

1980 5281 2390 5360 meaemeae
2409 5283 2671 5360 atrum
2692 5283 2743 5335 in
2762 5298 2893 5360 ανεςι·

2045 5345 2065 5377 ’
2089 5342 2310 5402 Μεε.“ιιιὶί,
2334 5342 2528 5416 peccatu
2555 5342 2755 5416 nostra;
2788 5346 2865 5397 alii
2889 5363 2996 5399 cum
3016 5360 3112 5399 tun.
3155 5359 3206 5402 et
3226 5358 3321 5414 ΕΓ..
3359 5365 3554 5416 peccata

1981 5411 2279 5484 W'S’m’b‘
2299 5407 2877 5484 οφίξξὲῗοοθνίναεηση-
2901 5473 2929 5484 .-
3081 5474 3092 5484 .

2046 5468 2067 5499 ³
2097 5473 2198 5516 Am.
2221 5474 2295 5518 Er.
2323 5476 2376 5518 et
2396 5466 2624 5534 plerique
2639 5466 2768 5533 uss,
2786 5473 2929 5537 carpit
2948 5486 3056 5525 eum
3071 5474 3122 5524 in
3146 5477 3425 5541 summatum
3453 5485 3555 5555 tra-

1980 5526 2111 5578 lterc.

2046 5612 2063 5629 '
2083 5613 2360 5681 Receusitus
2391 5611 2452 5681 ad
2487 5626 2657 5681 omnes
2695 5615 2885 5681 codices
2926 5619 3126 5681 scriptos
3150 5630 3199 5672 et
3223 5634 3429 5674 excusas
3452 5637 3548 5675 ser-

1981 5685 2125 5723 mone
2147 5674 2441 5735 praecedenti
2466 5675 2606 5725 modo
2627 5675 2919 5739 designatos.

2042 5757 2116 5820 (a)
2140 5757 2278 5820 Alias,
2304 5756 2368 5806 de
2394 5758 2560 5808 Verbis
2581 5759 2762 5809 Domini
2798 5761 2869 5811 15.
