3922 6192
453 361 557 419 515

448 477 540 533 ille
563 471 856 530 dominum.
885 465 1000 522 Non
1043 463 1215 519 solum
1259 461 1530 517 remittere
1561 458 1634 513 illi
1657 457 1896 512 debitum
1934 469 2028 510 no-

447 568 549 626 luit
577 583 592 621 :
625 561 718 618 scd
747 573 847 616 nec
872 557 1178 614 dilationem
1217 549 1383 609 dedit.
1428 551 1744 607 Contortum
1789 547 2032 618 rapiebat

453 655 521 712 ad
575 651 927 715 solutionem,
969 648 1079 718 jam
1117 645 1297 700 debito
1341 643 1609 698 dominico
1657 641 1809 695 liber.
1843 638 2033 708 Displi-

452 744 560 801 cuit
599 738 905 805 conservis;
955 746 1010 794 et
1056 736 1498 792 renuntiaverunt
1523 733 1742 787 domino
1769 745 1868 785 suo
1907 728 2032 800 quid

450 843 626 890 actum
668 840 814 887 esset
851 845 868 884 :
909 837 969 885 et
1000 828 1247 883 dominus
1286 825 1415 881 fecit
1458 824 1646 879 adesse
1688 837 1930 888 servum,
1980 829 2034 875 et

451 924 585 982 dixit
604 917 687 987 ei",
721 921 874 977 Serve
897 935 1112 991 nquam
1133 958 1148 982 ,
1168 933 1292 972 cum
1319 917 1446 971 mihi
1477 924 1619 970 tanta
1644 914 1866 968 deberes
1884 954 1901 970 .
1933 911 2033 966 mi.

451 1024 626 1072 serius
660 1012 737 1066 tui
755 1052 770 1074 ,
800 1012 969 1064 omnia
1006 1009 1172 1062 dimisi
1199 1007 1317 1070 tibi;
1346 1023 1510 1060 nonne
1538 1022 1652 1074 ergo
1683 1013 1729 1058 et
1760 1015 1806 1057 te
1833 1011 2031 1072 oporte-

459 1107 542 1161 bat
570 1101 794 1158 misereri
823 1101 1045 1156 conservi
1067 1100 1135 1152 tui
1153 1143 1166 1160 ,
1189 1099 1313 1152 sicut
1335 1107 1381 1150 et
1409 1113 1498 1167 ego
1527 1097 1599 1148 tui
1625 1095 1854 1148 misertus
1880 1091 2032 1146 sum?

456 1199 521 1253 Et
544 1197 698 1266 jussit
723 1195 898 1248 omnia
919 1234 933 1258 ,
958 1208 1073 1262 qua:
1101 1192 1175 1244 illi
1203 1191 1512 1264 dimiserat,
1538 1189 1696 1257 exigi.

524 1284 747 1340 CAPUT
786 1282 848 1338 ll.
881 1313 950 1324 -—
993 1281 1045 1336 2.
1078 1281 1253 1335 Omnis
1292 1284 1441 1333 homo
1481 1278 1670 1332 debitor
1710 1276 1808 1330 Dei
1847 1286 1917 1330 est
1941 1317 1956 1338 ,
1985 1288 2033 1328 es

455 1376 723 1431 debitorem
751 1373 895 1427 liabet
922 1376 1149 1443 fratrem.
1178 1369 1541 1424 Misericordia
1558 1384 1710 1438 opera
1737 1367 1855 1420 duo.
1889 1364 2035 1418 Men-

457 1467 559 1522 dici
600 1466 695 1520 Dei
730 1481 921 1519 sumus.
990 1464 1131 1533 Ergo
1180 1461 1316 1516 hanc
1371 1459 1766 1514 similitudinem
1820 1455 1889 1510 ad
1937 1470 2035 1510 no-

457 1567 624 1614 stram
655 1556 1050 1611 instructionem
1081 1553 1375 1622 proposuit,
1401 1560 1455 1606 et
1481 1547 1817 1603 admonendo
1850 1547 2029 1618 perire

457 1663 556 1702 nos
583 1647 772 1702 noluit.
803 1645 894 1700 Sic
912 1686 930 1712 ,
960 1645 1147 1714 inquit,
1175 1653 1220 1696 et
1240 1642 1372 1698 nobis
1399 1643 1549 1713 faciet
1579 1639 1732 1694 Pater
1757 1649 1913 1693 vester
1937 1653 2035 1692 cm-

459 1734 627 1800 lestis,
658 1735 702 1787 si
723 1751 823 1787 non
853 1733 1139 1787 rcmiscritis
1165 1733 1503 1802 unusquisque
1529 1739 1744 1784 uestrum
1766 1728 1911 1798 fratri
1943 1741 2033 1780 suo

453 1839 518 1878 ea:
547 1823 776 1877 cordibus
798 1823 972 1876 vestris
1003 1824 1042 1874 ¹.
1074 1822 1233 1884 Ecce.
1263 1820 1475 1886 fratres,
1507 1834 1594 1873 res
1625 1818 1678 1871 in
1704 1826 1888 1887 aperto
1916 1825 2019 1882 est,

456 1911 746 1966 admonitio
774 1911 956 1976 utilis;
995 1919 1050 1966 et
1079 1909 1231 1964 valde
1268 1908 1493 1963 salubris
1522 1906 1826 1962 obedientia
1871 1905 2034 1961 debe-

457 2011 563 2067 tur,
589 2011 646 2055 ut
668 2001 807 2071 quod
839 2001 1046 2070 jussum
1075 2007 1160 2055 est
1184 2000 1480 2069 impleatur.
1525 1998 1656 2066 Quia
1683 1997 1854 2052 omnis
1875 1996 2034 2050 homo

454 2101 509 2146 et
533 2092 741 2147 debitor
765 2099 846 2146 est
868 2091 957 2144 Dei
979 2131 993 2153 ,
1025 2099 1081 2144 et
1106 2079 1399 2143 debitorem
1427 2087 1587 2142 habet
1612 2089 1827 2142 fratrem
1855 2101 2030 2141 suum.

455 2182 587 2249 Quis
609 2190 692 2238 est
735 2183 874 2237 enim
903 2181 992 2250 qui
1038 2197 1144 2235 non
1188 2181 1256 2235 sit
1298 2179 1507 2234 debitor
1549 2179 1679 2244 Dei,
1727 2177 1826 2232 nisi
1853 2177 1904 2231 in
1928 2190 2035 2246 quo

462 2275 663 2329 nullum
697 2282 869 2343 potest
896 2272 1120 2328 inveniri
1151 2281 1424 2340 peccatum
1444 2271 1467 2322 7
1490 2269 1618 2336 Quis
1642 2276 1725 2323 est
1743 2277 1918 2323 autem
1945 2267 2035 2337 qui

459 2382 566 2422 non
593 2366 788 2420 habeat
822 2365 1115 2420 debitorem
1161 2363 1408 2425 fratrem,
1457 2362 1556 2415 nisi
1600 2361 1649 2414 in
1688 2373 1844 2429 quem
1876 2373 2034 2413 nemo

456 2456 728 2532 peccavit?
768 2456 1000 2509 Putasne
1024 2494 1039 2518 ,
1071 2453 1348 2522 quisquam
1395 2452 1446 2505 in
1476 2465 1673 2520 genere
1698 2452 1929 2504 humano
1952 2465 2036 2504 rep

454 2546 618 2616 periri
640 2553 830 2614 potest,
853 2543 941 2614 qui
967 2559 1074 2597 non
1091 2549 1148 2596 et
1167 2542 1282 2610 ipse
1303 2541 1480 2609 aliquo
1504 2548 1722 2608 peccato
1745 2539 2036 2593 obstrictus

457 2637 529 2692 sit
551 2633 704 2690 fratri
727 2633 868 2688 suo?
898 2633 1113 2686 Debitor
1139 2640 1222 2686 est
1250 2644 1378 2700 ergo
1407 2629 1582 2683 omnis
1607 2628 1769 2684 homo
1788 2669 1805 2696 ,
1835 2627 2034 2683 habens

463 2737 639 2783 tamen
668 2734 722 2781 et
746 2725 860 2796 ipse
890 2723 1206 2779 debitorem.
1239 2720 1363 2776 Ideo
1389 2721 1528 2775 Deus
1563 2719 1738 2791 justus
1763 2719 2035 2774 constituit

456 2818 548 2873 tibi
579 2815 814 2887 regulam
843 2816 896 2870 in
917 2813 1158 2870 debitore
1186 2821 1276 2866 tuo
1299 2853 1315 2880 ,
1348 2809 1485 2881 quod
1515 2809 1670 2865 faciet
1694 2821 1748 2865 et
1775 2810 1887 2881 ipse
1909 2823 2032 2864 cum

454 2921 572 2962 suo.
620 2907 734 2960 Duo
775 2913 899 2960 sunt
937 2904 1078 2959 enim
1109 2917 1271 2972 opera
1315 2900 1731 2967 misericordize,
1776 2915 1894 2970 quae
1934 2914 2032 2955 nos

457 2999 719 3064 liberant,
757 3011 876 3066 qum
903 2995 1132 3050 breviter
1158 2994 1272 3064 ipse
1299 2992 1551 3047 Dominus
1581 2991 1756 3060 posuit
1781 2990 1836 3045 in
1857 2989 2035 3044 Evan-

354 3100 368 3107 ‘
455 3090 596 3160 gelio
618 3130 634 3155 ,
677 3087 944 3152 Dimittite,
979 3095 1024 3140 et
1071 3086 1344 3138 dimittetur
1378 3083 1549 3146 vobis;
1587 3082 1722 3145 date,
1754 3091 1799 3135 et
1834 3080 2034 3134 dabitur

455 3181 591 3236 uobis
623 3179 769 3252 (Luc.
799 3195 853 3232 γι
877 3219 892 3243 ,
934 3179 1019 3244 57,
1050 3176 1165 3248 '58).
1209 3175 1469 3242 Dimittitc,
1495 3185 1540 3228 et
1572 3175 1846 3228 dimittetur
1875 3173 2029 3236 vobis.

456 3270 521 3325 ad
549 3268 923 3340 ignoscendum
953 3267 1197 3338 pertinet.
1248 3265 1378 3320 Date
1401 3308 1414 3330 ,
1449 3274 1492 3319 et
1523 3265 1724 3318 dabitur
1751 3263 1884 3319 vobis
1907 3305 1922 3327 ,
1964 3264 2032 3320 ad

457 3361 811 3432 prmstandum
857 3358 1172 3414 beneficium
1215 3358 1459 3427 pertinet.
1508 3355 1655 3424 Quod
1679 3357 1752 3409 ait
1783 3355 1850 3410 de
1879 3356 2029 3426 igno-

455 3451 690 3514 scendo;
737 3459 791 3504 et
821 3458 874 3503 tu
902 3450 980 3502 vis
1007 3447 1099 3502 tibi
1129 3447 1326 3518 ignosci
1355 3445 1494 3516 quod
1523 3459 1715 3518 peccas
1734 3487 1750 3510 ,
1778 3454 1831 3500 et
1869 3445 2032 3501 habes

458 3541 621 3595 alium
661 3541 746 3594 cui
780 3549 830 3594 tu
864 3539 1034 3608 possis
1061 3538 1352 3608 ignoscere.
1398 3537 1602 3592 Rursus
1637 3535 1774 3606 quod
1807 3536 2034 3607 pertinet

457 3632 523 3688 ad
556 3632 889 3687 tribuendum
928 3631 1283 3694 beneficium;
1315 3629 1446 3699 petit
1483 3638 1533 3684 te
1557 3629 1828 3685 mendicus
1850 3670 1866 3697 ,
1895 3637 1949 3685 et
1977 3638 2031 3684 tu

459 3742 520 3781 es
551 3726 640 3780 Dei
671 3723 963 3779 mendicus.
985 3723 1182 3778 Omnes
1207 3723 1345 3777 enim
1376 3722 1586 3792 quando
1611 3737 1846 3789 oramus,
1876 3737 2030 3776 men-

459 3817 566 3874 dici
614 3816 707 3872 Dei
750 3829 974 3871 sumus:
1005 3825 1129 3869 ante
1165 3813 1378 3884 januam
1421 3813 1598 3884 magni
1645 3812 2032 3883 patrisfamilias

468 3919 668 3964 stamus
692 3950 706 3974 ,
741 3909 849 3963 imo
887 3908 1044 3961 etiam
1071 3906 1487 3977 prosternimur,
1520 3904 1781 3974 supplices
1806 3904 2031 3975 ingemi-

464 4005 693 4070 scimus,
734 4001 927 4080 aliquid
957 4002 1190 4056 volentes
1215 4000 1487 4069 accipere;
1529 4007 1585 4054 et
1622 3998 1789 4068 ipsum
1812 3993 2028 4068 aliquid,

468 4097 581 4166 ipse
608 4095 746 4149 Deus
770 4103 870 4148 cst.
914 4092 1048 4160 Quid
1074 4107 1104 4146 a
1134 4100 1184 4148 te
1224 4090 1357 4162 petit
1379 4087 1694 4146 mendicus?
1719 4087 1936 4143 Panem.
1963 4086 2032 4144 Et

466 4197 523 4242 tu
551 4184 677 4257 quid
699 4185 832 4255 petis
856 4198 887 4237 a
912 4183 1040 4249 Deo,
1063 4181 1165 4237 nisi
1183 4179 1468 4247 Christum,
1495 4181 1582 4252 qui
1609 4178 1755 4244 dicit,
1780 4175 1895 4251 Ego
1919 4195 2031 4232 sum

465 4276 611 4349 panis
629 4276 787 4342 uiuus,
809 4274 893 4344 qui
917 4273 978 4326 de
998 4273 1119 4326 caelo
1135 4271 1364 4326 descendi
1389 4269 1441 4344 (1
1447 4287 1562 4325 oon.
1586 4286 1659 4334 Vl,
1682 4268 1804 4342 51)?
1830 4267 2034 4341 Ignosci

467 4365 617 4421 vobis
643 4363 839 4421 vultis?
882 4361 1140 4433 Ignoscite
1165 4378 1178 4415 :
1211 4357 1484 4426 Remittite,
1512 4372 1556 4414 et
1582 4361 1852 4415 remittetur
1875 4361 2029 4416 vobis.

469 4456 725 4524 Accipere
749 4452 938 4508 vultis?
977 4449 1138 4518 Date,
1166 4461 1210 4505 et
1236 4450 1435 4504 dabitur
1458 4449 1610 4504 vobis.

566 4542 790 4601 CAPUT
848 4541 936 4596 111.
986 4571 1059 4581 —
1107 4543 1161 4597 '5.
1211 4541 1413 4606 Quoties
1458 4541 1811 4612 ignoscendum
1857 4539 2024 4611 fratri.

466 4634 576 4694 Sed
611 4632 736 4705 quid
771 4633 822 4687 in
847 4631 947 4687 hac
987 4639 1168 4702 aperta
1215 4631 1565 4701 prameptione
1595 4645 1807 4686 movere
1845 4631 2030 4700 possit,

464 4725 663 4782 audite.
709 4723 767 4780 In
794 4721 1105 4779 remissione
1128 4719 1218 4777 ubi
1258 4719 1412 4778 venia
1455 4719 1649 4790 petitur
1667 4762 1682 4783 ,
1713 4730 1767 4774 et
1793 4719 1860 4775 ah
1881 4721 2028 4792 igno-

467 4827 648 4874 secuto
684 4814 907 4871 debetur
925 4855 939 4879 ,
971 4813 1070 4868 hoc
1096 4820 1269 4884 potest
1297 4826 1510 4866 movere
1528 4853 1543 4876 ,
1573 4811 1714 4882 quod
1741 4820 1794 4866 et
1817 4811 2031 4867 Petrum

470 4910 653 4967 movit.
689 4907 890 4975 Quoties
919 4905 1089 4971 debeo,
1122 4906 1322 4977 inquit,
1345 4905 1635 4978 ignoscere?
1659 4905 1855 4978 Suﬂicit
1882 4922 2036 4978 usque

471 5000 684 5074 septies?
728 4997 842 5053 Non
881 4997 1109 5060 sufficit,
1151 4997 1225 5051 ait
1263 4995 1560 5051 Dominus:
1610 4993 1732 5048 Non
1769 4996 1881 5050 dico
1923 4995 2031 5063 tibi,

471 5092 710 5162 Septies;
736 5089 845 5153 sed,
871 5089 1150 5160 septuagics
1179 5088 1375 5158 septies.
1407 5085 1523 5143 Jam
1545 5095 1600 5141 tu
1627 5101 1876 5142 enumera
1905 5100 2036 5158 quo-

468 5184 572 5238 ties
601 5184 654 5238 in
695 5189 750 5237 te
777 5181 1074 5252 peccaverit
1119 5179 1278 5234 frater
1312 5186 1451 5232 tuus.
1493 5177 1550 5234 Si
1588 5177 1823 5247 potueris
1852 5192 2035 5248 pervc-

472 5276 587 5331 nire
607 5289 774 5344 usque
795 5271 862 5326 ad
893 5271 1330 5341 scptuagesimam
1361 5280 1415 5324 et
1443 5277 1678 5323 octavam
1705 5270 1910 5341 culpam
1932 5311 1946 5335 ,
1980 5275 2038 5322 ut

465 5380 706 5424 transeas
746 5364 1043 5434 septuagies
1084 5362 1309 5433 septies,
1354 5371 1475 5415 tunc
1516 5361 1702 5416 molire
1730 5359 2032 5416 vindictam.

471 5459 616 5514 Itane
638 5471 822 5512 verum
845 5462 928 5510 est
961 5453 1100 5524 quod
1125 5452 1284 5519 dicit,
1315 5460 1369 5507 et
1393 5465 1520 5506 vere
1543 5451 1617 5506 ita
1643 5465 1704 5507 se
1731 5465 1819 5506 res
1855 5449 2031 5514 habet,

471 5557 530 5604 ut
548 5549 592 5604 si
621 5547 914 5619 peccaverit
931 5544 1225 5616 septuagies
1241 5543 1457 5614 septies,
1487 5542 1760 5612 ignoscas;
1788 5543 1834 5598 si
1857 5551 2036 5597 autem

469 5658 892 5768 A;.s:‘a%mcrlpd,
910 5659 1135 5722 fratribus
1156 5654 1322 5710 vestris
1341 5668 1405 5708 ex
1426 5655 1570 5708 corde
1585 5663 1752 5707 vestro.
1769 5661 1820 5706 Et
1834 5655 1901 5706 sic
1921 5652 2038 5706 editi

1677 343 1736 398 S.
1778 339 2135 398 AUGUSTINI
2175 338 2476 396 EHSCOPI

3605 340 3721 394 518

2135 455 2440 524 peccaverit
2465 453 2768 529 septuagies
2785 453 2970 520 octies,
2997 452 3110 524 iam
3137 452 3294 509 liceat
3317 453 3406 508 tibi
3433 469 3537 510 non
3566 456 3722 525 igno-

2139 547 2326 602 scere?
2353 545 2557 610 Audeo,
2576 543 2746 600 audeo
2773 544 2970 612 dicere,
2998 554 3057 600 ut
3075 555 3134 600 et
3157 546 3200 600 si
3227 546 3528 616 septuagies
3544 549 3718 603 octivs

2141 636 2473 704 peccaverit,
2521 634 2782 704 ignoscas.
2826 634 2882 691 Si
2921 645 3098 690 autem
3139 637 3468 707 peccaverit,
3501 647 3558 692 ut
3579 636 3716 698 disi.

2138 726 2435 796 septuagies
2476 725 2642 780 octies
2679 727 2911 796 ignosce.
2963 728 3030 782 Et
3071 727 3116 782 si
3156 728 3358 782 centies
3393 731 3714 798 peccaverit,

2138 815 2374 884 ignosce.
2429 816 2496 870 Et
2542 817 2666 886 quid
2712 817 2885 872 dicam
2933 822 3090 873 toties
3137 828 3190 874 et
3239 820 3435 875 toties?
3487 820 3717 876 Omnino

2138 907 2344 975 quoties
2369 908 2689 976 peccaverit,
2719 908 2929 976 ignosce
2955 908 3058 981 (α).
3107 909 3249 979 Ergo
3277 925 3376 980 ego
3401 925 3561 968 ausus
3593 926 3715 966 sum

2137 999 2445 1068 supergredi
2471 998 2685 1053 modum
2715 1000 2921 1054 Domini
2947 1001 3085 1056 mei?
3113 1000 3208 1056 Ille
3240 1002 3292 1055 in
3325 1005 3715 1072 septuagesimo

2135 1099 2192 1143 et
2236 1089 2464 1159 septimo
2505 1106 2727 1145 numero
2774 1091 3078 1161 ignoscendi
3123 1093 3343 1150 limitem
3383 1093 3541 1149 fixit:
3571 1097 3712 1154 hunc

2133 1195 2238 1250 ego
2279 1181 2498 1235 limitem
2535 1181 2800 1236 transilire
2841 1183 3190 1250 praesumam?
3231 1182 3347 1238 Non
3381 1193 3469 1238 est
3504 1199 3711 1246 venus.

2135 1287 2244 1326 non
2271 1286 2390 1325 sum
2420 1285 2580 1326 ausus
2606 1271 2724 1341 plus
2765 1271 2983 1342 aliquid.
3025 1272 3200 1343 Ipsum
3229 1274 3504 1330 Dominum
3535 1291 3714 1331 meum

2133 1361 2312 1415 atulivi
2336 1362 2637 1431 loquentem
2674 1362 2727 1416 in
2758 1363 3012 1431 Apostolo
3037 1377 3155 1427 suo,
3187 1364 3273 1418 ubi
3314 1363 3502 1419 modus
3525 1376 3580 1419 et
3615 1381 3715 1419 nu-

2135 1466 2317 1506 merus
2344 1452 2588 1521 prmlixns
2627 1467 2731 1506 non
2775 1462 2876 1508 est.
2913 1453 3002 1508 Ait
3039 1455 3181 1508 enim
3213 1471 3226 1506 :
3261 1453 3519 1510 Donantes
3543 1457 3706 1511 rubis-

2135 1541 2381 1610 metipsis,
2411 1541 2456 1594 si
2483 1543 2592 1610 quis
2613 1541 2851 1596 adversus
2874 1541 3090 1612 aliquem
3113 1543 3260 1596 habet
3284 1546 3561 1613 querelam,
3585 1547 3714 1601 sicut

2135 1630 2280 1687 Deus
2319 1631 2373 1685 in
2405 1631 2604 1686 Christo
2633 1631 2834 1685 donavit
2861 1632 2997 1686 vobis
3028 1631 3248 1701 (Coloss.
3275 1649 3359 1699 tu,
3392 1636 3501 1705 15).
3544 1637 3714 1693 Audi-

2135 1721 2234 1776 stis
2261 1723 2502 1776 formam.
2553 1721 2608 1777 Si
2635 1722 2938 1792 septuagies
2959 1723 3158 1793 septies
3183 1735 3396 1794 peccata
3429 1726 3521 1780 tibi
3549 1727 3717 1782 dona-

2139 1812 2212 1866 vit
2233 1811 2476 1866 Christus
2497 1853 2514 1876 ,
2561 1813 2606 1866 si
2635 1811 2738 1868 huc
2775 1828 2944 1883 usque
2969 1814 3168 1883 ignovit
3188 1853 3205 1880 ,
3233 1824 3286 1870 et
3313 1816 3442 1870 ultra
3474 1819 3715 1888 negavit;

2140 1917 2276 1971 pone
2301 1913 2357 1957 et
2383 1913 2436 1957 tu
2468 1903 2719 1968 limitem,
2749 1915 2802 1958 et
2827 1905 3050 1961 ulterius
3079 1906 3185 1966 noli
3213 1906 3506 1977 ignoscere.
3535 1909 3593 1964 Si
3621 1925 3716 1972 au-

2139 2006 2247 2051 tem
2283 1995 2527 2051 Christus
2557 1997 2719 2051 millia
2761 2008 2972 2067 peccata
3008 2005 3345 2068 peccatorum
3374 2001 3612 2061 invenit.
3660 2011 3717 2056 et

2139 2097 2314 2144 tamen
2341 2089 2516 2144 omnia
2541 2088 2790 2154 donavit;
2821 2090 2930 2146 noli
2955 2091 3252 2146 subducam
3267 2091 3712 2156 misericordiam.

2137 2179 2233 2234 sed
2259 2194 2422 2249 posce
2448 2179 2589 2234 illius
2630 2182 2836 2235 numeri
2875 2182 3212 2238 solutionem.
3257 2182 3369 2238 Non
3407 2184 3550 2238 enim
3594 2185 3710 2239 sine
3755 2165 3764 2184 ’

2137 2284 2296 2348 causa
2321 2270 2576 2326 Dominus
2597 2273 2876 2343 septuegies
2916 2274 3096 2342 septies
3129 2273 3264 2328 dixit
3292 2291 3308 2330 :
3335 2289 3456 2330 cum
3494 2276 3714 2330 omnino

2136 2361 2281 2415 nulla
2320 2362 2477 2430 culpa
2523 2364 2628 2426 sit,
2678 2379 2835 2433 quam
2867 2379 2970 2418 non
2999 2364 3194 2420 debeas
3235 2367 3528 2436 ignoscere.
3571 2367 3714 2424 Ecce

2137 2452 2230 2508 ille
2256 2452 2372 2522 ipse
2399 2469 2615 2521 servus,
2659 2455 2811 2524 cuius
2834 2455 3072 2510 debeutis
3095 2457 3341 2512 iuventtis
3377 2467 3463 2512 est
3483 2457 3710 2521 delator.

2137 2543 2323 2598 decem
2358 2545 2520 2599 millia
2566 2545 2881 2600 talentorum
2917 2545 3166 2601 dei)th
3210 2546 3344 2602 Puto
3365 2548 3544 2614 cuin,
3591 2550 3712 2619 quia

2135 2635 2324 2690 decem
2348 2635 2510 2689 millia
2538 2635 2881 2699 talentorum,
2906 2644 2965 2689 ut
2989 2651 3174 2704 parum
3205 2636 3294 2702 sit,
3327 2637 3518 2692 dixem
3541 2639 3708 2692 nsillia

2136 2734 2474 2796 peccatorum
2520 2733 2663 2780 sunt.
2703 2725 2836 2780 Nolo
2860 2726 3002 2780 enim
3027 2725 3206 2781 dicere
3230 2740 3394 2782 unum
3433 2727 3710 2792 talentum,

2137 2815 2280 2887 quod
2320 2817 2501 2872 omnia
2543 2826 2757 2888 peccata
2805 2817 3107 2872 concludat.
3160 2818 3356 2875 Servus
3400 2830 3578 2876 autem
3627 2821 3714 2876 ille

2136 2914 2392 2976 quantum
2417 2906 2464 2962 ei
2485 2907 2752 2962 debebat?
2791 2907 3020 2963 Centum
3045 2907 3293 2964 denarios
3317 2908 3564 2966 debebat.
3597 2909 3712 2965 Jam

2129 2997 2258 3067 plus
2285 3012 2392 3053 non
2415 3006 2498 3053 est
2519 3013 2676 3069 quam
2709 3000 3009 3071 septuagies
3041 3000 3274 3070 septies?
3311 3000 3382 3056 Et
3406 3010 3584 3057 tanien
3612 3002 3716 3058 ira-

2138 3097 2222 3144 tus
2247 3099 2332 3146 est
2360 3090 2613 3146 Dominus
2641 3132 2656 3156 ,
2705 3092 2828 3162 quia
2869 3093 2919 3146 ei
2961 3108 3068 3147 non
3110 3092 3330 3148 dimisit.
3375 3093 3492 3150 Non
3531 3096 3707 3150 solum

2137 3180 2282 3235 enim
2311 3190 2525 3237 centum
2555 3183 2672 3252 plus
2713 3192 2838 3236 sunt
2881 3197 3037 3252 quam
3083 3183 3414 3255 septuaginta
3456 3194 3663 3255 septem
3696 3203 3711 3252 ;

2139 3270 2234 3327 sed
2260 3280 2472 3327 centum
2513 3271 2714 3328 denarii
2743 3271 2879 3327 forte
2917 3273 3063 3328 mille
3091 3289 3240 3330 asses
3267 3283 3404 3329 sunt.
3447 3274 3556 3330 Sed
3591 3275 3714 3346 quid

2137 3359 2206 3416 ad
2231 3360 2414 3417 decem
2445 3361 2605 3416 millia
2639 3362 2992 3418 talentorum?

2233 3450 2457 3508 CAPUT
2494 3451 2582 3506 IV.
2627 3482 2698 3492 —
2723 3454 2778 3507 4.
2838 3452 3022 3508 Omnia
3063 3453 3229 3509 debita
3266 3455 3584 3510 dimittenda.
3642 3457 3717 3510 Ac

2143 3556 2237 3611 per
2260 3540 2363 3597 hoc
2390 3555 2575 3597 omnes
2595 3542 2802 3612 culpas,
2825 3557 2943 3612 qum
2968 3545 3021 3598 in
3047 3558 3149 3600 nos
3167 3544 3588 3612 committuntur,
3619 3561 3714 3615 pa-

2139 3633 2239 3687 rati
2265 3633 2432 3687 simus
2475 3633 2750 3703 ignoscere
2773 3675 2787 3700 ,
2839 3634 2883 3688 si
2925 3633 3078 3688 nobis
3102 3633 3465 3690 desideramus
3489 3635 3718 3705 ignosci.

2137 3723 2192 3779 Si
2215 3723 2358 3780 enim
2384 3725 2783 3780 consideremus
2808 3733 3020 3794 peccata
3045 3736 3222 3780 nostra
3249 3769 3264 3791 ,
3293 3735 3344 3780 et
3370 3734 3744 3787 numeremus

2139 3816 2265 3886 quid
2288 3815 2460 3883 facto,
2487 3815 2615 3886 quid
2640 3817 2834 3882 oculo,
2869 3817 2997 3886 quid
3025 3832 3186 3882 ante,
3218 3817 3340 3887 quid
3375 3819 3720 3888 cogitatione.

2139 3904 2268 3976 quid
2315 3905 2787 3961 innumerabilibus
2831 3907 3102 3970 mutilus;
3148 3909 3326 3962 nescio
3375 3917 3548 3961 utrum
3593 3907 3724 3963 dor-

2137 3997 2366 4052 miamus
2389 3997 2506 4054 sine
2528 3997 2746 4053 talento.
2785 3997 2928 4068 Ergo
2964 3999 3200 4070 quotidie
3231 4001 3456 4069 petimus
3477 4042 3495 4066 ,
3535 4003 3726 4070 qunti-

2134 4089 2226 4146 die
2268 4089 2478 4146 divinas
2521 4104 2680 4146 aures
2724 4090 2927 4145 orando
2969 4091 3275 4161 pulsamus,
3329 4091 3572 4161 quotidie
3624 4107 3726 4144 uos

2139 4183 2527 4253 prosternimus
2555 4190 2612 4238 et
2637 4181 2862 4237 dicimus
2887 4199 2902 4236 :
2935 4180 3142 4236 Dimitte
3169 4181 3310 4236 nobis
3337 4181 3500 4236 debita
3519 4192 3722 4246 nostra,

2138 4279 2267 4327 sicut
2310 4283 2357 4327 et
2391 4289 2482 4328 nos
2523 4273 2819 4326 dimittimus
2854 4272 3157 4326 debitoribus
3193 4273 3374 4328 nostris
3403 4271 3616 4344 (Matth.
3644 4288 3726 4336 vs,

2140 4364 2253 4435 12).
2295 4363 2424 4431 Qua:
2449 4364 2625 4420 debita
2657 4365 2786 4419 tua?
2828 4362 3054 4429 Omnia,
3094 4378 3162 4418 an
3208 4363 3437 4433 aliquam
3475 4361 3732 4432 partem?

2141 4456 2546 4527 Respondebis,
2591 4454 2802 4511 Omnia.
2853 4454 2945 4510 Sic
2982 4469 3109 4524 ergo
3137 4463 3192 4508 et
3233 4461 3290 4508 tu
3327 4453 3556 4508 debitori
3601 4462 3727 4508 tuo.

2143 4545 2292 4602 Barac
2314 4561 2443 4618 ergo
2477 4547 2709 4617 regulam
2741 4545 2894 4614 ponis
2916 4586 2932 4611 ,
2969 4543 3109 4599 hanc
3147 4543 3503 4599 conditionem
3533 4543 3734 4614 loque-

2141 4635 2216 4690 ris
2242 4652 2256 4688 :
2287 4635 2390 4691 hoc
2414 4645 2570 4706 pacto
2596 4644 2650 4690 et
2674 4635 2866 4705 placito
2898 4634 3110 4704 quando
3132 4647 3275 4699 oras,
3305 4645 3731 4698 cometas,

2141 4736 2200 4781 ut
2226 4727 2388 4791 dicas,
2415 4725 2623 4780 Dimitte
2640 4727 2804 4791 nobis,
2827 4726 2956 4780 sicut
2978 4733 3027 4778 et
3049 4740 3141 4778 nos
3162 4723 3458 4776 dimittimus
3481 4721 3734 4776 debitori-

2140 4821 2215 4875 bis
2252 4820 2451 4875 nostris.

2212 4914 2263 4969 5.
2312 4913 2536 4984 Insignis
2569 4914 2663 4965 hac
2689 4911 2752 4964 de
2778 4924 2834 4964 re
2867 4911 3052 4980 ﬁgura.
3121 4909 3256 4974 Quid
3298 4907 3397 4961 sibi
3438 4923 3570 4977 ergo
3609 4908 3736 4960 vult

2142 5009 2423 5078 septuagies
2456 5005 2635 5076 septies
2655 5005 2681 5058 .’
2720 5003 2912 5058 Audite
2933 5043 2947 5065 ,
2990 5002 3211 5068 fratres,
3240 5015 3484 5070 magnum
3515 5009 3739 5071 myste-

2144 5098 2318 5163 rium,
2372 5095 2681 5150 admirabile
2727 5101 3136 5150 sacramentum.
3191 5091 3411 5158 Quando
3459 5090 3739 5146 Dominus

2146 5188 2438 5258 baptizatus
2467 5198 2548 5241 est
2567 5228 2581 5252 ,
2606 5187 2776 5241 Lucas
2797 5185 3120 5255 evangelista
3147 5191 3360 5238 sanctus
3386 5181 3455 5236 ibi
3479 5195 3741 5238 conme-

2144 5279 2368 5334 moravit
2391 5278 2756 5348 generationes
2779 5274 2914 5345 ejus,
2943 5289 3048 5345 quo
3071 5273 3276 5340 ordine,
3300 5287 3400 5343 qua
3421 5272 3584 5338 serie,
3617 5287 3746 5340 quo

2145 5377 2424 5424 stemmate
2455 5369 2470 5400 ¹
2495 5368 2561 5423 ad
2590 5368 2732 5421 illum
2751 5366 3144 5437 generationem
3173 5373 3386 5420 ventum
3412 5362 3595 5428 fuerit,
3619 5380 3745 5435 qua

2151 5469 2303 5515 natus
2331 5468 2414 5515 est
2429 5459 2672 5514 Christus
2702 5459 2849 5531 (Luc.
2881 5474 2967 5526 ut,
2991 5457 3206 5531 2l-38).
3256 5457 3536 5512 Matthmus
3561 5461 3755 5527 cuivis

2145 5574 2426 5699 gn:atocmnes
2468 5582 2618 5634 prope
2659 5577 2787 5630 uss,
2828 5576 3069 5634 stegmate.
3096 5569 3288 5630 Quidam
3320 5581 3431 5619 cum
3469 5574 3574 5618 Am.
3595 5605 3608 5626 .
3653 5571 3748 5623 sui

2210 5715 2284 5779 (ιι)
2306 5713 2420 5764 Vide
2445 5714 2584 5777 infra,
2605 5725 2884 5765 sermonem
2909 5713 3012 5763 lli.
