3922 6192
216 373 308 431 sn

216 488 277 541 alr
302 483 571 539 Abraham
593 523 607 544 ,
635 491 692 536 et
734 481 876 536 venit
911 497 1078 551 usque
1110 483 1175 536 ad
1200 480 1398 552 Ioseph
1417 481 1792 538 descendendo

221 575 420 651 (lati.
445 589 466 629 ι
487 613 504 641 ,
537 574 687 646 ωδ)
718 592 734 627 :
761 574 932 630 Lucas
956 583 1133 629 uitem
1155 574 1492 631 ascendendo
1514 575 1675 643 capit
1703 590 1795 628 nuo

221 679 436 722 onerare.
486 664 671 732 Quare
712 664 804 721 ilio
844 663 1247 730 descendendo,
1288 663 1378 719 ille
1416 663 1793 721 ascendendo?

221 759 339 826 Quia
380 757 671 812 lattbreus
714 757 1107 828 generationem
1135 756 1328 812 Christi
1367 757 1789 824 commendabat;

230 865 319 921 qua
344 850 631 906 descendit
667 851 735 904 ad
763 865 900 916 nos;
949 849 1070 905 ideo
1097 849 1308 920 quando
1331 861 1485 905 natus
1521 860 1604 905 cst
1637 849 1793 904 Chri—

225 955 347 1007 stus,
366 944 535 1012 erepit
555 958 842 998 numerare
855 943 1246 999 descendendo.
1278 943 1448 998 Lucas
1470 952 1646 998 autem
1670 944 1792 1014 quia

235 1047 344 1090 tunc
355 1036 523 1104 coepit
543 1050 850 1102 numerare,
879 1033 1090 1104 quando
1112 1035 1403 1104 baptizatus
1423 1046 1503 1090 est
1522 1035 1790 1100 Christus;

225 1129 289 1185 ibi
310 1138 389 1184 est
409 1128 622 1182 initium
645 1128 976 1183 ascensionis
999 1145 1012 1180 :
1041 1129 1143 1184 iste
1161 1129 1498 1184 ascendendo
1514 1141 1795 1184 numerare

223 1219 392 1290 coepit,
416 1218 758 1273 numerando
787 1228 966 1273 autem
996 1220 1282 1289 complevit
1316 1219 1684 1288 generationes
1703 1232 1791 1271 se-

220 1310 476 1380 ptuaginta
502 1318 732 1377 septem.
751 1309 804 1362 ’Δ
829 1323 938 1378 quo
957 1309 1310 1364 numerabat?
1327 1308 1593 1364 intendite
1614 1323 1644 1362 a
1665 1323 1789 1378 quo.

215 1402 451 1457 Exorsus
491 1409 574 1456 est
621 1414 907 1456 numerare
941 1416 975 1456 ι
1013 1400 1272 1456 Cbristo‘
1301 1416 1473 1471 usque
1509 1400 1577 1455 ad
1619 1401 1792 1480 ipsum

214 1494 408 1556 Adam,
447 1493 539 1562 qui
573 1493 778 1561 primas
806 1493 1064 1562 peccavit,
1085 1499 1141 1549 et
1167 1507 1265 1548 nos
1287 1509 1408 1548 cum
1427 1493 1632 1563 peccati
1652 1492 1788 1548 obli-

207 1583 420 1653 gatione
438 1583 732 1653 generavit.
763 1582 1007 1638 Pervenit
1023 1599 1190 1653 usque
1211 1583 1282 1637 ad
1302 1582 1492 1650 Adam,
1519 1591 1578 1637 et
1604 1596 1793 1638 nume.

210 1685 393 1730 rantur
426 1677 805 1745 generationes
845 1674 1172 1745 septuaginta
1210 1683 1413 1744 septem
1446 1691 1460 1727 :
1491 1672 1594 1728 hoc
1612 1683 1694 1728 est
1715 1715 1729 1736 ,
1758 1685 1790 1727 a

205 1766 420 1820 Christo
442 1779 615 1835 usque
653 1764 722 1819 ad
760 1765 928 1819 Adam
949 1807 965 1831 ,
1004 1779 1136 1835 quas
1182 1764 1414 1819 diximus
1457 1765 1788 1836 septuaginta

209 1865 442 1927 septan;
486 1865 544 1910 et
567 1856 635 1910 ab
666 1855 834 1910 Adam
871 1870 1042 1924 usque
1064 1855 1133 1910 ad
1159 1854 1427 1911 Christum
1457 1857 1788 1927 septuaginta

210 1954 431 2015 septem.
452 1946 510 2002 Si
531 1960 662 2016 ergo
689 1946 829 2000 nulla
848 1946 1122 2016 generatio
1141 1945 1495 2015 praetermissa
1517 1953 1621 2014 est,
1644 1947 1788 2002 nulla

201 2041 356 2108 culpa
389 2039 728 2110 pra:tcritur,
766 2039 852 2093 ubi
883 2055 986 2093 non
1010 2039 1203 2094 debeat
1240 2038 1460 2109 ignosci.
1493 2036 1630 2092 Nam
1667 2037 1789 2094 ideo

211 2132 376 2201 ipsius
415 2128 753 2201 septuaginta
795 2139 999 2200 septem
1034 2132 1400 2201 generationes
1433 2131 1785 2198 enumeravit,

208 2237 363 2292 quem
398 2237 678 2278 numerum
723 2221 979 2277 Dominus
1007 2221 1060 2276 in
1095 2231 1430 2292 peccatorum
1475 2224 1789 2280 remissione

207 2312 634 2376 commendavit;
661 2312 910 2381 quoniam
937 2329 964 2364 a
989 2313 1250 2383 baptismo
1269 2316 1430 2382 cepit
1446 2328 1784 2380 enumerare,

207 2403 303 2460 ubi
320 2405 495 2459 otnnia
525 2413 740 2473 peccata
769 2404 1062 2459 solvuntur.

279 2498 498 2555 CAPUT
543 2498 604 2553 V.
648 2527 718 2538 —
762 2497 816 2553 6.
857 2499 971 2552 Atia
1013 2499 1178 2568 ﬁgure
1222 2498 1286 2552 de
1329 2506 1521 2552 eodem.
1572 2497 1785 2553 Decaloo

211 2607 322 2661 gas.
377 2591 439 2645 Et
472 2591 524 2644 in
569 2589 700 2654 hoc,
742 2587 964 2653 fratres,
1003 2589 1175 2644 adhuc
1217 2589 1439 2657 accipite
1483 2603 1783 2644 sacrameno

215 2691 325 2735 tum
341 2683 528 2752 majus.
564 2683 622 2737 in
657 2683 1050 2752 septuagesimo
1084 2684 1312 2752 septimo
1339 2693 1561 2738 nurnero
1587 2692 1782 2754 myste-

217 2775 460 2827 riamest
501 2772 832 2826 remissionis
875 2782 1230 2842 peccatorum.
1269 2772 1370 2826 'i’ot
1408 2773 1780 2842 generationes

219 2862 541 2917 inveniuntur
562 2877 592 2914 a
617 2861 843 2917 Christo:
873 2876 1042 2932 usque
1073 2862 1140 2916 ad
1165 2863 1354 2918 Adam.
1390 2864 1590 2919 Deinde
1623 2865 1780 2934 paulo

220 2952 508 3023 diligentius
553 2955 822 3024 interroga
865 2954 1032 3024 ipsius
1068 2957 1272 3010 numeri
1299 2966 1597 3019 secretum,
1643 2957 1777 3012 late-

223 3044 433 3115 basque
467 3047 582 3117 ejus
607 3048 814 3116 inquire
837 3057 858 3100 ‘:
887 3048 1037 3117 pulsa
1075 3047 1400 3118 diligentius,
1435 3057 1490 3102 ut
1514 3050 1781 3118 aperiatur

356 3137 554 3192 iustitia
581 3139 702 3209 iege
722 3137 816 3193 Dei
836 3148 1048 3194 constat
1074 3155 1088 3192 :
1115 3154 1296 3193 verum
1326 3148 1426 3194 est.
1455 3139 1585 3194 Nam
1612 3141 1694 3196 lex
1723 3141 1776 3195 in

227 3225 391 3281 decem
437 3230 712 3299 pneceptis
752 3229 1171 3285 commendatur.
1237 3229 1360 3284 ideo
1417 3230 1504 3286 ille
1550 3231 1780 3286 debebat

226 3316 389 3375 decem
425 3321 582 3376 millia
623 3321 960 3375 talentorum.
1009 3321 1127 3390 ipse
1168 3330 1250 3376 est
1284 3320 1373 3376 ille
1418 3321 1777 3378 memorabilis

231 3407 493 3480 Decalogus
539 3412 769 3480 scriptus
811 3411 975 3480 digito
1016 3410 1137 3473 Dei,
1184 3411 1404 3466 traditus
1449 3412 1641 3482 populo
1684 3427 1779 3481 per

230 3500 418 3570 iloysen
443 3503 694 3558 famulum
721 3503 831 3558 Dei.
880 3503 1114 3558 Debebat
1134 3518 1261 3572 ergo
1288 3502 1373 3558 ille
1394 3502 1580 3558 decem
1615 3489 1776 3557 millia

232 3591 516 3650 talentorum
542 3609 556 3646 :
585 3594 760 3647 omnia
785 3605 994 3662 peccata
1021 3592 1310 3662 signiﬁcat,
1344 3602 1559 3662 propter
1587 3607 1776 3647 nume-

231 3696 328 3735 rum
368 3684 510 3754 legis.
579 3685 815 3739 Debebat
857 3693 910 3738 et
951 3684 1036 3738 ille
1081 3693 1291 3738 centum
1341 3683 1588 3737 denarios
1621 3700 1634 3735 :
1669 3700 1772 3737 non

231 3773 379 3828 minus
398 3775 462 3828 ab
485 3775 676 3831 eodem
715 3790 955 3830 numero.
994 3773 1125 3829 Nam
1152 3785 1205 3828 et
1240 3774 1441 3829 centies
1469 3785 1680 3827 centum
1714 3773 1773 3828 tit

229 3862 388 3921 decem
411 3866 612 3933 millia;
637 3876 692 3922 et
716 3866 893 3922 decies
921 3865 1042 3921 deni
1065 3906 1079 3930 ,
1101 3874 1338 3920 centum.
1384 3864 1450 3918 Et
1479 3864 1564 3919 ille
1589 3863 1774 3918 decem

228 3958 366 4013 illia
391 3961 708 4016 talentorum
733 4000 748 4026 ,
779 3968 834 4016 et
855 3959 941 4014 ille
974 3958 1154 4014 decies
1178 3957 1346 4013 denos
1367 3959 1408 4009 ¹.
1456 3957 1500 4012 Α
1539 3957 1774 4028 legitimo

223 4053 342 4105 enim
370 4067 590 4108 numero
619 4066 725 4107 non
767 4065 1032 4108 recessum
1058 4059 1141 4106 est
1164 4091 1179 4112 ,
1225 4050 1278 4103 in
1305 4065 1409 4119 quo
1437 4059 1660 4122 utroque
1691 4051 1776 4104 in-

221 4143 376 4197 venies
402 4152 628 4211 utraque
658 4151 895 4213 peccata.
940 4141 1173 4212 Uterque
1203 4141 1412 4197 debitor
1433 4183 1447 4205 ,
1478 4152 1530 4196 et
1551 4151 1772 4212 uterque

219 4233 364 4288 venia:
399 4235 708 4304 deplorator
728 4241 784 4290 et
828 4233 1136 4302 impetrator
1167 4251 1180 4288 :
1206 4232 1299 4288 sed
1327 4234 1413 4288 ille
1441 4247 1628 4288 servus
1661 4248 1772 4288 ma-

216 4324 312 4390 lus,
337 4340 519 4380 servus
555 4327 813 4396 ingratus,
847 4327 1086 4397 iniquus,
1123 4326 1290 4382 noluit
1311 4327 1602 4398 rependere
1632 4327 1771 4396 quod

209 4416 430 4483 accepit,
495 4415 662 4472 noluit
708 4423 959 4487 priestare
1001 4416 1142 4487 quod
1191 4417 1264 4471 illi
1307 4416 1519 4488 indigno
1567 4418 1772 4488 [it-msti-

209 4515 311 4560 tum
339 4504 452 4560 fuit.

269 4597 489 4654 CAPUT
542 4597 630 4653 Vl.
656 4627 730 4639 —
768 4600 819 4653 7.
873 4599 1257 4671 Septuagesimo
1305 4602 1515 4672 septimo
1561 4618 1770 4656 numero

199 4698 396 4761 peccata
420 4690 590 4744 omnia
625 4705 731 4744 csse
760 4690 1082 4762 praesignem.
1116 4688 1334 4746 Peccata
1367 4692 1573 4746 dimissa
1611 4694 1768 4764 repli-

194 4791 372 4838 cantur
411 4798 510 4836 non
543 4781 832 4836 dimittenti.
867 4783 1051 4839 Videte
1079 4797 1225 4853 ergo,
1271 4782 1461 4838 fratres
1494 4801 1506 4836 :
1547 4785 1772 4854 quisque

190 4873 418 4943 incipit:
444 4873 737 4946 Baptismo,
767 4873 901 4930 liber
925 4874 1052 4942 exit,
1076 4873 1292 4930 dimissa
1331 4883 1452 4930 sunt
1481 4874 1555 4928 illi
1585 4875 1768 4930 decem

186 4965 355 5022 millia
383 4967 729 5033 talentorum;
753 4975 807 5023 et
824 4981 944 5023 eum
968 4968 1178 5032 exierit,
1202 4967 1437 5022 invenire
1464 4966 1624 5024 habet
1643 4981 1771 5022 con-

181 5071 403 5113 servum
435 5073 590 5114 suum
628 5057 945 5114 debitorem.
984 5057 1238 5114 Observet
1271 5074 1398 5128 ergo
1436 5059 1608 5128 ipsum
1650 5075 1770 5128 pce-

180 5161 364 5205 catum
407 5165 422 5200 τ
451 5149 574 5220 quia
611 5165 867 5205 numerus
899 5149 1219 5206 undenarius
1259 5151 1608 5222 transgressio
1641 5151 1769 5221 legis

179 5251 288 5296 est.
318 5239 425 5296 Lex
465 5239 609 5295 enim
647 5239 914 5316 denarius,
932 5249 1205 5310 peccatum
1246 5241 1617 5297 und'cnarium.
1658 5241 1767 5296 Lex

179 5332 325 5388 enim
353 5344 448 5397 per
475 5330 659 5384 decem
677 5370 693 5396 ,
721 5340 993 5401 peccatum
1023 5345 1120 5401 per
1148 5331 1410 5386 undecim.
1444 5331 1619 5399 Quare
1647 5346 1768 5400 pec-

181 5433 360 5480 catum
390 5436 486 5496 per
511 5421 948 5490 undecimiQuia
979 5425 1333 5493 transgressio
1353 5423 1553 5478 denarii
1583 5431 1682 5486 cst,
1711 5431 1768 5478 ut

246 5568 260 5595 ι
285 5563 384 5626 ωε
421 5565 722 5614 Possatensis
751 5563 1056 5626 mnascﬁpIi
1094 5565 1375 5614 auctoritate
1414 5561 1698 5623 addidimus,
1735 5576 1766 5613 α
1817 5564 1823 5580 ‘

179 5627 438 5736 (me:
460 5691 598 5746 ων..
621 5685 765 5751 dena.
802 5693 902 5751 am.
929 5686 1225 5751 etplerique
1247 5693 1376 5751 uss.
1576 5689 1666 5737 sed
1691 5702 1766 5740 ca-

179 5752 400 5862 utious
420 5749 723 5798 Vossateusis
755 5748 928 5809 codex,
965 5748 1110 5800 denos
1138 5748 1158 5798 Ξ
1186 5749 1387 5811 supple,
1430 5749 1650 5804 dctum'os
1685 5753 1766 5802 de-

1483 379 1486 384 '
1549 367 1779 425 SERMO
1815 366 2098 426 LXXXIII.

3371 395 3477 452 6l8

1896 495 1988 538 eas
2014 485 2080 541 ad
2111 485 2476 544 umletmrium.
2516 492 2572 546 iu
2603 493 2716 564 lege
2752 507 2928 552 autem
2965 500 3153 556 modus
3179 503 3314 560 tius
3338 519 3424 565 est
3456 527 3472 564 :

1898 577 2247 670 transgressio
2289 589 2466 635 autem
2496 596 2768 652 pta-catum
2798 599 2899 644 est.
2931 589 3048 647 iam
3089 593 3179 649 ubi
3204 606 3473 670 transgre-

1897 663 2041 719 deris
2065 666 2362 733 denarium,
2393 671 2459 726 ad
2485 673 2835 732 nadenarium
2859 683 3027 737 venis.
3059 683 3208 742 Adeo
3221 663 3472 758 magnum

1895 759 2203 828 mysterium
2237 761 2512 832 ﬁguratqu
2553 776 2655 826 est.
2699 771 2908 840 quando
2935 772 3138 842 jnssum
3176 787 3259 833 est
3302 779 3477 836 taber-

1895 851 2142 906 naculum
2181 852 2445 910 fabricari.
2477 857 2634 913 Multa
2665 861 2736 914 ibi
2771 879 3050 921 numerosa
3077 866 3216 924 dicta
3247 880 3388 938 sunt,
3420 875 3476 928 in

1895 955 2088 1010 magno
2121 957 2470 1002 sacramento.
2515 947 2660 1004 Inter
2695 961 2886 1008 caetera
2925 957 3038 1011 vela
3083 959 3289 1015 cilieina
3323 963 3472 1032 iussa

1895 1041 2018 1126 sunt
2047 1034 2177 1101 fieri,
2212 1051 2316 1091 non
2341 1038 2548 1104 decem,
2576 1042 2670 1096 sed
2694 1042 2936 1099 undecim
2963 1046 3156 1119 (Exod.
3188 1068 3334 1117 xxvx,
3367 1056 3420 1126 7)
3459 1075 3476 1112 :

1895 1124 2018 1191 quia
2059 1141 2156 1195 per
2195 1128 2422 1184 cilicium
2465 1134 2764 1190 ostenditur
2803 1138 3068 1196 confessio
3110 1124 3468 1212 peccatorum.

1895 1213 2029 1280 Quid
2054 1225 2230 1272 autem
2255 1222 2481 1290 atnplius
2501 1226 2729 1292 quarris?
2752 1227 2842 1282 Vis
2865 1244 3020 1286 nosse
3049 1235 3226 1288 omnia
3254 1249 3472 1305 peccata

1895 1307 2152 1398 contineri
2179 1326 2400 1366 numero
2429 1314 2532 1368 isto
2568 1321 2955 1389 septuagesimo
2986 1325 3252 1394 septimo?
3276 1328 3471 1398 Septu-

2086 1400 2221 1454 solct
2271 1417 2364 1471 pro
2415 1412 2524 1460 toto
2569 1412 2862 1478 computari
2908 1429 2922 1464 :
2969 1417 3215 1482 quoniam
3263 1395 3473 1490 septem

1894 1487 2082 1544 diebus
2107 1491 2341 1548 volvitur
2371 1503 2597 1567 tempus,
2637 1510 2692 1556 et
2736 1502 2882 1558 linito
2921 1507 3241 1574 septenario,
3285 1487 3470 1566 rursus

1893 1577 1958 1630 ad
1983 1588 2139 1649 caput
2165 1583 2388 1652 reditur,
2415 1596 2476 1642 ut
2502 1589 2684 1645 eadem
2711 1591 2880 1649 forma
2906 1594 3148 1650 volvatur
3176 1599 3213 1650 ¹.
3243 1599 3344 1654 Per
3375 1601 3473 1656 hu-

1889 1665 2122 1735 iusmodi
2167 1672 2348 1729 formm
2394 1679 2749 1736 revolutiones
2795 1683 2989 1739 sazcula
3043 1695 3316 1743 transeunt
3367 1707 3381 1744 :
3437 1709 3468 1745 a

1891 1763 2194 1828 septenario
2217 1774 2389 1820 tamen
2420 1785 2640 1824 numero
2669 1787 2774 1825 non
2799 1775 3080 1830 rcccditur.
3109 1777 3296 1833 Omnia
3325 1781 3468 1836 enim

1892 1861 2104 1942 peccata
2144 1854 2292 1920 dixit,
2325 1859 2534 1927 quando
2575 1864 2852 1933 scptuagics
2893 1867 3073 1934 septies
3112 1869 3247 1923 dixit
3287 1889 3300 1925 :
3343 1876 3467 1942 quia

1890 1939 2016 1996 illud
2060 1944 2306 2000 undecim
2349 1948 2451 2004 duc
2486 1953 2700 2020 septies,
2739 1953 2871 2008 fiunt
2913 1959 3209 2028 septuagics
3246 1939 3465 2029 septies.

1889 2033 2075 2090 Omnia
2109 2053 2236 2108 ergo
2263 2039 2455 2103 dimitti
2495 2053 2706 2112 peccata
2738 2046 2928 2110 voluit,
2959 2049 3046 2120 qui
3088 2065 3148 2104 ea
3185 2060 3466 2123 septuage~

1887 2127 2025 2182 simo
2064 2131 2290 2198 septimo
2328 2147 2548 2186 numero
2592 2135 2944 2204 pra-signavit.
2988 2138 3156 2194 Nemo
3193 2152 3374 2197 contra
3405 2159 3467 2197 se

1891 2225 2067 2273 teneat
2110 2235 2216 2274 non
2265 2221 2605 2291 ignoscendo,
2652 2241 2717 2280 ne
2765 2237 2947 2281 contra
2995 2229 3146 2284 illum
3198 2239 3462 2300 teneatur,

1887 2308 2096 2378 quando
2120 2321 2257 2365 orat.
2286 2311 2421 2367 Dicit
2445 2315 2584 2369 enim
2617 2315 2775 2382 Deus,
2809 2318 3054 2386 Dimitte,
3086 2329 3141 2376 et
3169 2321 3465 2379 dimittetur

1889 2399 2004 2453 tibi.
2028 2399 2131 2456 Sed
2155 2417 2253 2482 ego
2273 2403 2417 2474 prior
2443 2405 2614 2460 dimisi
2645 2425 2657 2460 :
2681 2407 2886 2464 dimitte
2913 2409 2995 2466 vel
3024 2421 3225 2481 postea.
3253 2414 3386 2470 Nam
3416 2417 3461 2470 si

1887 2505 1991 2546 non
2021 2492 2316 2560 dimiseris,
2342 2498 2602 2552 revocabo
2630 2507 2712 2564 te;
2745 2509 2798 2555 et
2829 2501 3080 2574 quidquid
3116 2506 3207 2560 tibi
3240 2506 3460 2563 dimise-

1885 2597 2016 2650 ram,
2047 2585 2312 2655 replicabo
2342 2588 2455 2642 tibi.
2483 2587 2596 2643 Non
2623 2591 2764 2646 enim
2789 2594 3042 2648 mentitur
3073 2594 3308 2663 Veritas;
3351 2614 3461 2654 non

1884 2673 2024 2728 enim
2055 2672 2208 2742 fallit,
2233 2686 2323 2730 aut
2347 2676 2542 2733 fallitur
2558 2677 2818 2747 Christus,
2852 2681 2941 2752 qui
2963 2683 3206 2753 subjeCit,
3229 2687 3413 2743 dicens
3445 2707 3458 2744 :

1885 2762 1974 2818 Sic
1998 2775 2046 2818 et
2072 2765 2210 2821 vobis
2235 2767 2384 2837 faciet
2405 2767 2560 2822 Pater
2585 2778 2758 2836 vester,
2787 2772 2942 2843 quiin
2969 2776 3108 2830 caelis
3132 2786 3224 2831 cst.
3251 2777 3462 2834 Iuvenis

1883 2855 2115 2924 Patrem,
2156 2859 2361 2914 imitare
2405 2859 2635 2915 Patrem.
2685 2859 2741 2918 Si
2789 2864 2929 2918 enim
2979 2865 3172 2922 imitari
3210 2885 3314 2923 non
3356 2871 3455 2936 vis,

1881 2948 2210 3007 exhaaredari
2241 2953 2261 2984 '
2303 2953 2560 3022 disponis,
2591 2952 2764 3008 Faciet
2805 2970 2933 3027 ergo
2970 2959 3042 3011 ita
3083 2960 3236 3027 ratiis,
3268 2961 3457 3032 inquit,

1882 3038 2039 3095 Pater
2083 3053 2241 3096 vester
2274 3043 2484 3098 catastis
2501 3086 2516 3109 ,
2565 3045 2608 3099 si
2649 3061 2749 3100 non
2795 3047 3082 3103 remiseritis
3119 3053 3462 3124 unusquisque

1855 3129 2105 3200 fratribus
2118 3134 2293 3188 vestris
2327 3151 2389 3189 ea:
2416 3135 2648 3190 cordibus
2671 3138 2864 3192 vestris.
2899 3138 2975 3194 Ne
3000 3140 3144 3196 dicas
3174 3143 3226 3198 in
3257 3143 3456 3216 lingua,

1882 3223 2120 3295 Ignosco,
2150 3235 2203 3280 et
2239 3226 2402 3281 corde
2427 3226 2660 3283 differas.
2694 3227 3021 3300 Supplicium
3047 3235 3188 3288 enim
3228 3237 3461 3292 ostendit

1883 3316 1974 3371 tibi
2005 3317 2164 3382 Deus,
2192 3319 2442 3374 minando
2471 3316 2777 3375 vindictam.
2807 3320 2963 3378 Novit
2994 3323 3132 3380 Deus
3161 3327 3250 3381 ubi
3288 3327 3455 3384 dicas.

1881 3405 2081 3463 Vocem
2109 3414 2249 3464 tuam
2280 3409 2440 3464 homo
2468 3411 2675 3467 audivit
2703 3429 2716 3466 :
2744 3414 3120 3470 conscientiam
3145 3425 3286 3471 tuam
3317 3418 3458 3472 Deus

1880 3495 2109 3568 inspicit.
2149 3499 2202 3555 Si
2239 3499 2392 3562 dicis,
2432 3501 2684 3565 Dimitto;
2723 3502 2951 3559 dimitte.
2990 3503 3178 3560 Melius
3215 3515 3298 3559 est
3333 3521 3455 3560 cum

1878 3591 2076 3644 clamas
2103 3603 2197 3645 ore
2216 3631 2229 3654 ,
2262 3599 2315 3644 et
2339 3591 2558 3646 dimittis
2589 3592 2639 3646 in
2668 3591 2859 3658 corde,
2887 3607 3044 3662 quam
3076 3594 3300 3650 blandus
3325 3610 3420 3649 ore
3439 3635 3456 3662 ,

1877 3681 2107 3737 crudelis
2136 3682 2185 3736 in
2213 3682 2391 3736 corde.

1947 3773 2170 3828 CAPUT
2203 3771 2308 3827 νη.
2331 3803 2400 3814 -—
2426 3775 2477 3828 8.
2513 3773 2595 3827 Ita
2633 3774 3009 3845 ignoscendum,
3052 3785 3107 3829 ut
3149 3792 3249 3829 non
3293 3777 3456 3848 negti-

1877 3875 2025 3936 gatur
2079 3865 2368 3935 disciplina.
2406 3865 2521 3920 1am
2569 3880 2695 3936 ergo
2737 3865 3022 3920 obsecrant
3063 3866 3211 3936 pueri
3237 3866 3458 3922 indisci—

1877 3957 2079 4026 plinati,
2106 3965 2158 4011 et
2187 3958 2370 4010 nolunt
2388 3957 2656 4027 vapulare,
2683 3957 2873 4028 quisic
2899 3958 3246 4026 praescribunt
3271 3958 3445 4022 nobis,

1877 4044 2087 4118 quando
2113 4049 2357 4102 volumus
2392 4049 2519 4102 dare
2557 4045 2887 4117 disciplinam
2922 4064 2936 4100 :
2966 4045 3211 4110 Peccavi,
3242 4047 3457 4117 ignosce

1877 4137 2026 4192 mihi.
2057 4138 2195 4193 Ecce
2220 4138 2413 4208 ignovi,
2442 4138 2704 4193 et‘iterum
2728 4146 2929 4207 peccat.
2959 4136 3175 4208 ignosce
3209 4156 3222 4192 :
3255 4140 3452 4208 ignavi.

1876 4230 2065 4287 i’cccat
2114 4234 2288 4286 tertio.
2338 4230 2604 4302 ignosce:
2659 4231 2816 4286 tertio
2857 4230 3054 4301 ignovi.
3105 4230 3220 4285 iam
3264 4242 3459 4300 quarto

1876 4322 2106 4391 vapulet.
2138 4321 2204 4375 Et
2235 4321 2321 4376 ille
2354 4339 2366 4375 :
2400 4320 2663 4390 Numquid
2694 4322 2994 4390 septuagies
3021 4320 3216 4389 sopties
3245 4329 3296 4373 to
3329 4319 3456 4374 nu-

1874 4416 2034 4488 gavi?
2063 4409 2118 4471 Si
2147 4415 2243 4471 bac
2280 4413 2678 4486 praescriptione
2706 4413 2960 4468 severitas
2998 4411 3287 4481 disciplina:
3323 4413 3454 4466 dor-

1875 4510 2033 4572 miat,
2079 4522 2318 4575 repressa
2369 4505 2644 4577 disciplina
2695 4503 2845 4560 saevit
2889 4504 3144 4573 impunita
3196 4503 3450 4572 nequitia.

1873 4597 2010 4668 Quid
2055 4615 2182 4670 ergo
2211 4597 2501 4652 faciendum
2535 4597 2656 4651 est?
2693 4594 3053 4664 Corripiamus
3079 4593 3276 4660 verbis,
3315 4602 3370 4648 et
3409 4595 3454 4647 si

1874 4707 2008 4762 opus
2050 4700 2160 4752 est,
2198 4700 2251 4744 et
2282 4688 2588 4744 verberibus
2619 4707 2632 4743 :
2675 4686 2769 4743 sed
2813 4687 3062 4742 delictum
3101 4685 3453 4748 dimittamus,

1876 4783 2083 4851 culpam
2129 4781 2194 4836 de
2248 4781 2408 4836 corde
2456 4779 2786 4848 abjiciamus.
2839 4775 2962 4832 Ideo
3011 4776 3150 4830 enim
3202 4776 3454 4830 Dominus

1873 4874 2123 4938 subdidit,
2173 4874 2235 4928 de
2283 4872 2514 4927 cordibus
2561 4871 2756 4936 vestris,
2810 4878 2868 4922 ut
2915 4869 2957 4923 si
3004 4884 3098 4939 per
3137 4868 3449 4924 charitoth

1874 4966 2160 5036 imponitur
2205 4963 2502 5034 disciplina,
2543 4961 2609 5016 de
2647 4959 2808 5014 corde
2841 4959 3029 5013 lenitas
3069 4975 3172 5012 non
3215 4957 3448 5013 recedat.

1871 5057 2009 5127 Quid
2057 5057 2198 5110 enim
2245 5063 2353 5108 tam
2406 5053 2549 5123 pium
2579 5067 2736 5122 quam
2784 5049 3021 5104 medicus
3064 5049 3240 5104 terens
3278 5046 3448 5102 ferra-

1873 5149 2151 5205 mentum?
2178 5147 2354 5200 Plorat
2382 5143 2645 5199 secandus
2665 5184 2680 5208 ,
2711 5150 2766 5196 et
2792 5149 3004 5195 secatur
3031 5157 3046 5192 :
3080 5139 3253 5206 plorat
3279 5152 3446 5193 uren-

1873 5241 1992 5306 dus,
2020 5247 2074 5294 ct
2094 5238 2282 5292 uritur.
2312 5235 2425 5290 Non
2449 5243 2530 5289 est
2555 5233 2643 5289 illa
2669 5231 2985 5295 crudelitas;
3008 5229 3146 5285 absit
3170 5239 3228 5284 ut
3245 5229 3447 5283 savitia

1871 5329 2058 5388 medici
2105 5329 2327 5383 dicatur.
2366 5315 2525 5382 Saevit
2553 5324 2606 5379 in.
2639 5324 2847 5387 vulnus,
2895 5329 2952 5374 ut
2988 5319 3150 5376 homo
3182 5328 3399 5374 sanetur
3431 5334 3446 5372 :

1869 5423 1988 5496 quia
2019 5423 2062 5478 si
2088 5422 2278 5476 vulnus
2307 5419 2566 5490 palpetur,
2596 5416 2757 5471 homo
2793 5414 3050 5485 perditur.
3081 5412 3169 5468 Sic
3192 5426 3320 5481 ergo
3349 5411 3448 5466 ista

1870 5521 2184 5581 monuerim,
2221 5517 2409 5572 fratres
2436 5514 2562 5580 mei,
2592 5522 2648 5568 ut
2677 5511 2864 5566 fratres
2901 5519 3112 5565 nostros
3137 5507 3224 5577 qui
3255 5519 3446 5575 pecca-

1933 5681 2260 5734 ‘Fossatensis
2274 5685 2378 5732 his.
2393 5671 2674 5724 rerotratnr.
2695 5678 2796 5721 Mox
2812 5669 3130 5730 colbettinus,
3154 5682 3239 5734 per
3277 5667 3444 5730 hujus-

1868 5745 2001 5800 modi
2022 5743 2224 5804 {orntum
2245 5736 2562 5807 reuelationis.
2684 5793 2728 5807 ,ν
2947 5795 2958 5806 .

1931 5792 2074 5858 iiii.
2099 5792 2172 5854 Π.
2195 5811 2242 5854 et
2268 5803 2450 5866 aliquot
2463 5807 2591 5859 Mss,
2615 5792 2975 5848 exheredauit.
