3922 6192
453 326 561 385 519

362 412 366 416 Δ
445 444 624 506 verint
647 442 792 500 omni
817 441 975 497 modo
1008 441 1286 514 diligamus
1304 482 1320 508 ,
1349 441 1417 498 de
1441 441 1604 498 corde
1635 452 1818 499 nostro
1847 442 2027 499 chari-

444 545 609 592 tatem
648 536 701 589 in
742 547 838 588 eos
878 547 984 588 non
1025 525 1373 599 dimittamus,
1412 541 1469 588 et
1505 533 1862 604 disciplinam,
1902 548 2025 589 cum

443 642 580 699 opus
630 635 748 692 est,
796 624 985 680 demus
1035 640 1050 679 :
1106 640 1174 680 ne
1220 640 1317 695 per
1364 624 1680 680 solutionem
1730 623 2026 695 disciplina:

322 691 327 697 ’
380 712 383 717 ’
441 691 649 774 ciescat
680 717 933 787 nequitia,
973 725 1030 771 et
1064 691 1379 787 incipiamus
1410 724 1629 787 propter
1663 716 1830 771 Deum
1867 691 2025 770 accu-

438 810 580 876 sari;
609 809 732 880 quia
758 810 1033 864 recitatum
1062 819 1144 863 est
1175 808 1348 874 nobis,
1372 807 1647 863 Peccantes
1665 823 1836 862 coram
1859 807 2024 861 enini-

439 902 531 952 bus
557 900 774 970 corripe,
806 910 863 953 ut
890 899 1060 953 calari
1084 899 1313 953 timorem
1340 897 1554 953 habeant
1576 897 1631 969 (l
1652 897 1788 953 Tim.
1820 913 1877 964 v,
1902 897 2020 969 30).

437 991 595 1045 Certe
616 988 663 1043 si
694 989 832 1058 quis,
863 987 1008 1059 quod
1034 988 1207 1044 solum
1234 1004 1419 1044 verum
1447 996 1548 1056 est,
1578 987 1855 1057 distinguit
1884 996 2022 1042 tem-

437 1093 597 1148 pora,
627 1086 681 1133 et
715 1078 876 1134 solvit
901 1078 1248 1149 qumstionem
1266 1119 1281 1145 ,
1313 1094 1495 1135 verum
1522 1086 1625 1135 est.
1664 1078 1721 1134 Si
1745 1086 2019 1149 peccatum

436 1171 491 1225 in
517 1181 724 1226 secreto
753 1181 854 1238 est,
883 1172 1170 1227 insecreto
1195 1172 1424 1243 corripe.
1454 1171 1511 1228 Si
1542 1179 1813 1242 peccatum
1842 1169 2019 1242 publi-

434 1278 555 1317 cum
594 1271 679 1318 est
707 1271 761 1317 et
785 1274 1051 1333 apertum,
1099 1263 1310 1335 publice
1332 1267 1543 1337 corripe
1583 1283 1597 1321 :
1629 1275 1685 1322 ut
1712 1266 1801 1323 ille
1835 1281 2020 1322 cmeno

433 1352 607 1420 detur,
636 1362 690 1408 et
713 1355 894 1409 caeteri
927 1354 1166 1410 timeant.

888 1467 1118 1525 SERMO
1154 1467 1462 1525 LXXXIV"
1492 1470 1590 1542 (a).

434 1577 508 1632 De
530 1579 686 1633 verbis
710 1578 971 1652 Evangelii
994 1579 1240 1644 Matthtei,
1265 1598 1383 1652 cap.
1403 1598 1512 1648 3m,
1544 1582 1630 1650 i7,
1651 1580 1707 1639 Si
1733 1582 1810 1637 vis
1834 1582 2016 1639 venire

848 1670 913 1724 ad
942 1671 1123 1737 vitam,
1156 1686 1306 1726 serva
1337 1672 1602 1726 mandata.

500 1782 727 1838 CAPUT
754 1781 1166 1839 PR1MUM.—~i.
1200 1783 1419 1839 rElerna
1442 1784 1541 1838 vita
1567 1795 1810 1855 quantum
1830 1802 2012 1839 aman-

402 1876 503 1926 ,ιλιι
531 1875 617 1938 sit,
636 1872 928 1946 intelligitur
973 1890 1036 1928 ex
1081 1891 1252 1928 amore
1283 1875 1437 1946 hujus
1480 1876 1612 1929 viae.
1660 1875 1797 1930 Dixit
1835 1876 2014 1929 Domi-

433 1980 533 2018 nus
562 1964 769 2019 cuidam
795 1964 1116 2019 adolescenti
1146 1982 1160 2018 :
1190 1964 1251 2019 Si
1280 1964 1351 2017 vis
1378 1965 1540 2017 venire
1565 1964 1633 2017 ad
1657 1965 1805 2018 vitam
1826 2007 1841 2033 ,
1869 1981 2011 2020 serva

434 2056 695 2109 mandata.
726 2054 841 2109 Non
871 2054 1021 2119 dixit,
1044 2050 1099 2110 Si
1126 2053 1207 2109 vis
1234 2054 1414 2109 venire
1439 2053 1504 2110 ad
1526 2054 1686 2109 vitam
1710 2064 1965 2110 mtcrnam
1990 2073 2006 2112 :

424 2145 543 2211 sed,
574 2144 633 2201 Si
659 2145 730 2199 vis
755 2148 921 2199 venire
944 2147 1011 2199 ad
1036 2146 1226 2210 vitam;
1256 2158 1371 2198 cam
1397 2143 1656 2200 deﬁniens
1683 2145 1863 2210 vitam,
1891 2161 2009 2216 qua:

426 2236 581 2292 fuerit
605 2247 804 2292 teterna
836 2238 962 2291 vita.
993 2236 1161 2306 Hujus
1185 2250 1314 2307 ergo
1347 2236 1466 2290 vita:
1495 2251 1734 2291 amorem
1767 2252 1863 2291 nos
1894 2237 2004 2307 pri-

423 2328 585 2383 mitus
604 2326 1056 2384 commendemus.
1080 2326 1291 2382 Etenim
1313 2335 1520 2380 amatur
1539 2335 1592 2382 et
1613 2327 2009 2398 qualiscumque

420 2419 528 2473 vita
578 2419 713 2483 ista;
766 2426 822 2472 et
871 2419 1039 2487 ipsam
1085 2416 1566 2487 qualemcumque,
1615 2432 2004 2489 rerumnosam,

420 2510 688 2573 miseram,
720 2508 871 2563 linire
910 2506 1151 2562 homines
1190 2506 1399 2572 timent,
1441 2516 1497 2561 et
1534 2516 1840 2576 pavescant.
1871 2508 2007 2564 Hinc

419 2598 706 2655 videndum
746 2607 848 2664 est,
899 2598 1022 2654 hinc
1057 2597 1521 2664 considerandum,
1561 2599 2004 2670 quemadmodum
2039 2612 2046 2619 '

416 2692 640 2749 amanda
680 2691 748 2746 sit
779 2701 977 2746 interna
1015 2690 1156 2755 vita;
1197 2690 1407 2760 quando
1448 2691 1528 2748 sic
1567 2702 1774 2748 amatur
1810 2694 2002 2749 misera

418 2786 517 2843 ista
546 2794 601 2840 et
627 2783 945 2855 quandoque
971 2782 1199 2845 ﬁnienda
1229 2783 1354 2838 vita.
1384 2783 1753 2851 Considerate,
1784 2785 1996 2854 fratres,

417 2882 671 2949 quantum
704 2874 928 2931 amanda
965 2874 1035 2930 sit
1060 2873 1188 2941 vita,
1213 2873 1301 2929 ubi
1343 2890 1613 2945 nunquam
1641 2875 1790 2932 linias
1817 2881 2000 2934 vitam.

413 2970 578 3023 Amas
604 2981 733 3038 ergo
770 2968 924 3021 istam
952 2966 1132 3033 vitam,
1176 2966 1263 3022 ubi
1302 2974 1504 3022 tantum
1542 2967 1775 3036 laboras,
1803 2968 1994 3038 curris,

417 3061 634 3131 satagis,
664 3059 922 3125 anhelas;
947 3066 1003 3113 et
1028 3058 1112 3126 vix
1144 3067 1523 3114 enumerantur
1547 3075 1667 3130 quae
1696 3061 1996 3117 necessaria

412 3151 609 3206 suntin
633 3151 827 3206 misera
846 3150 989 3214 vita;
1017 3150 1300 3215 seminare,
1330 3165 1502 3216 arare,
1532 3151 1821 3216 novellare,
1846 3150 1996 3207 navi-

408 3257 556 3312 gare,
596 3242 818 3308 molere,
856 3255 1106 3312 coquere,
1149 3249 1328 3296 texere
1367 3257 1381 3294 :
1426 3249 1480 3296 ct
1510 3252 1628 3311 post
1662 3242 1778 3298 haec
1816 3245 1993 3301 omnia

410 3333 561 3389 ﬁnire
592 3332 755 3387 habes
780 3331 965 3387 vitam.
1011 3331 1150 3387 Ecce
1190 3346 1315 3402 qure
1350 3332 1546 3403 pateris
1576 3334 1629 3388 in
1660 3335 1854 3391 misera
1888 3336 1993 3401 ista

405 3440 567 3496 quam
596 3424 770 3495 diligis
799 3422 904 3479 vita
938 3441 952 3477 :
996 3432 1050 3478 et
1098 3432 1252 3495 putas
1283 3434 1334 3477 te
1369 3438 1584 3495 semper
1618 3425 1899 3493 victurum,
1938 3435 1993 3484 ct

408 3531 673 3587 nunquam
699 3515 1051 3571 moriturum?
1077 3515 1315 3584 Templa,
1348 3530 1497 3583 saxa,
1529 3531 1817 3584 marmora,
1847 3517 1991 3574 ferro

406 3605 729 3675 plumboque
751 3604 1101 3673 consolidata,
1135 3613 1311 3660 tamen
1338 3606 1573 3660 cadunt:
1601 3617 1654 3662 et
1677 3606 1839 3662 boatu
1862 3625 1992 3664 nun-

403 3712 561 3767 quam
605 3712 666 3752 se
710 3704 861 3766 putat
902 3697 1258 3753 moriturum?
1311 3697 1506 3754 Discite
1550 3714 1713 3770 ergo,
1759 3700 1985 3769 fratres,

402 3803 643 3859 quaerere
665 3798 921 3845 internata
946 3790 1132 3856 vitam,
1164 3788 1251 3847 ubi
1282 3788 1382 3844 ista
1408 3806 1521 3845 non
1547 3791 1862 3859 tolerabilis,
1893 3791 1988 3848 sed

402 3881 455 3936 in
480 3889 740 3938 :eternum
764 3896 886 3936 cum
916 3880 1025 3936 Deo
1049 3879 1358 3951 reguabitis.
1385 3881 1484 3948 Qui
1512 3882 1654 3937 enim
1685 3884 1787 3937 vult
1811 3884 1983 3950 vitam,

400 3971 541 4027 sicut
570 3970 699 4028 dicit
741 3970 1032 4041 propheta,
1074 3970 1239 4041 diligit
1267 3970 1435 4027 videre
1473 3971 1579 4026 dies
1621 3973 1777 4027 bonos
1814 3970 1982 4043 (Psal.

399 4077 592 4128 xxxm,
621 4061 735 4133 15).
754 4061 893 4117 Nam
919 4061 972 4117 in
998 4060 1186 4118 diebus
1208 4061 1362 4117 malis
1385 4075 1532 4117 mors
1559 4063 1732 4133 potius
1750 4072 1981 4134 optatur,

397 4168 556 4223 quam
595 4153 721 4209 vita.
767 4151 953 4209 Nonne
993 4152 1237 4211 audimus
1279 4161 1334 4208 et
1368 4152 1609 4209 videmus
1648 4153 1893 4210 homines
1930 4154 1983 4210 in

397 4246 662 4317 aliquibus
711 4245 1138 4302 tribulationibus
1183 4254 1238 4301 et
1285 4247 1579 4317 angustiis,
1627 4246 1980 4302 conﬂictatio-

398 4337 556 4393 nibus
578 4346 637 4392 et
657 4335 1057 4409 regritudinibus
1074 4335 1209 4397 dum
1248 4346 1373 4392 sunt
1401 4338 1696 4406 constituti,
1722 4348 1774 4395 et
1805 4338 1984 4427 videqt

397 4440 459 4482 se
486 4426 767 4491 laborare,
794 4424 925 4479 nihil
950 4424 1092 4480 aliud
1115 4425 1295 4481 dicere
1324 4427 1447 4493 nisi,
1489 4428 1631 4483 Deus
1668 4429 1818 4484 mitte
1838 4420 1981 4576 xiiii

402 4524 658 4576 mortem,
709 4514 953 4572 accelera
997 4514 1112 4571 dies
1161 4515 1357 4570 meos?
1405 4517 1468 4573 Et
1509 4519 1791 4576 aliquando
1905 4520 1980 4576 ni

402 4524 658 4578 mortem,
709 4514 953 4572 accelera
997 4514 1112 4571 dies
1161 4515 1357 4570 meos?
1405 4517 1468 4573 Et
1509 4519 1791 4588 aliquando
1838 4514 1980 4576 κυδιιῆ

397 4604 687 4674 (egritudo;
740 4604 1005 4672 curritur,
1056 4604 1393 4663 adducuntur
1443 4605 1668 4672 medici,
1720 4600 1889 4683 solidi
1926 4608 1981 4667 e't

397 4710 615 4753 tuunera
662 4695 1063 4765 promittuntur.
1116 4695 1253 4750 Dicit
1295 4696 1389 4752 tibi
1439 4697 1551 4767 ipsa
1598 4712 1745 4753 mors
1786 4715 1800 4752 :

395 4787 601 4853 adsum,
629 4801 786 4858 quam
813 4786 970 4856 paulo
991 4794 1113 4842 ante
1142 4802 1172 4841 a
1211 4787 1436 4843 Domino
1463 4787 1706 4857 petebas;
1736 4786 1977 4859 quid‘me

396 4878 558 4937 modo
579 4877 762 4947 fugere
781 4877 893 4934 vis?
915 4877 1093 4935 Inveni
1122 4886 1173 4933 te
1197 4877 1521 4945 falsatorem,
1550 4888 1600 4934 et
1627 4880 1836 4935 misera:
1857 4880 1978 4937 vitae

393 4974 710 5031 amatorem.

463 5067 539 5122 2..
560 5065 692 5121 Mati
730 5072 848 5119 sunt
885 5063 995 5118 dies
1034 5064 1186 5132 hujus
1225 5063 1358 5119 vitaz.
1409 5061 1538 5119 Vera
1574 5080 1634 5118 ae
1676 5065 1819 5119 beata
1851 5065 1972 5131 vita,

394 5168 602 5215 curua.
674 5156 754 5212 De
800 5155 885 5211 bis
958 5163 1137 5213 autem
1187 5154 1378 5211 diebus
1434 5170 1568 5226 quos
1615 5156 1852 5226 agimus,
1899 5155 1976 5211 ait

396 5249 681 5320 Apostolus
699 5288 717 5315 ,
764 5246 1084 5303 Redimentes
1133 5256 1326 5315 tempus
1350 5285 1366 5312 ,
1415 5247 1652 5317 quoniam
1697 5247 1805 5302 dies
1850 5247 1973 5302 mali

392 5350 510 5395 sunt
554 5337 770 5412 (Ephes.
803 5352 862 5403 v,
892 5335 1006 5404 10).
1044 5336 1162 5391 Non
1205 5346 1329 5391 sunt
1366 5352 1495 5407 ergo
1524 5338 1637 5395 dies
1678 5338 1802 5393 mali
1840 5353 1973 5409 quos

393 5430 598 5501 agimus
632 5429 687 5485 in
714 5425 1017 5497 corruptela
1062 5424 1220 5496 hujus
1248 5426 1455 5496 carnis,
1485 5426 1537 5481 in
1579 5436 1722 5483 tanta
1747 5428 1830 5484 vel
1871 5426 1971 5484 sub

456 5600 477 5622 '
497 5602 778 5653 ueceusitus
797 5600 856 5664 ad
889 5605 995 5650 tres
1014 5598 1099 5648 bu.
1124 5603 1176 5648 et
1205 5604 1411 5662 quatuor
1432 5597 1495 5649 cl.
1520 5598 1580 5651 ad
1607 5612 1651 5651 a.
1678 5599 1756 5650 rb.
1782 5597 1817 5650 f.
1840 5599 1891 5652 ll.
1915 5612 1965 5664 g.

394 5672 543 5726 tum.
569 5677 642 5726 pr.
674 5676 764 5726 rm.
790 5661 870 5711 vd.
891 5668 998 5726 _A_m.
1016 5661 1346 5726 ακρῳ-διον.

458 5725 531 5786 (a)
552 5720 691 5782 tilias,
713 5723 778 5771 de
797 5722 964 5774 verbis
982 5721 1165 5771 Domini
1191 5720 1265 5771 l7.

1648 329 1709 387 S.
1750 327 2116 388 AUGUSTINI
2154 332 2455 392 EPISCOPI

3613 351 3720 413 520

2138 454 2282 501 tanta
2307 451 2516 504 sarcina
2542 452 2907 523 corruptibilis
2934 457 3194 528 corporis,
3227 460 3364 517 inter
3393 470 3568 521 tantas
3588 476 3717 523 tcu-

2133 539 2384 608 tatioues,
2411 543 2551 598 inter
2580 552 2755 601 tantas
2781 546 3265 620 dittleultates,~ubi
3294 554 3423 613 falsa
3448 560 3709 631 voluptas,

2131 631 2276 722 nulla
2328 636 2590 691 securitas
2640 638 2853 708 gaudii.
2904 643 3065 699 timor
3115 653 3404 716 torquens,
3454 653 3715 722 cupidinis

2128 721 2313 790 avida,
2361 723 2570 780 tristitia
2612 729 2805 784 arida?
2844 730 2983 787 Ecce
3022 749 3188 804 quam
3230 738 3399 795 tualos
3446 721 3564 798 dies
3605 760 3619 797 :
3658 757 3715 800 et

2127 827 2287 869 netno
2317 816 2426 870 vult
2464 816 2618 873 linire
2656 820 2802 889 ipsos
2839 824 3006 878 malos
3030 825 3178 894 dies,
3221 830 3557 903 multumque-
3588 834 3712 891 hinc

2126 917 2315 976 rugam
2342 908 2585 966 homines
2612 911 2801 981 Deum,
2832 923 2893 970 ut
2912 915 3004 971 diu
3031 919 3226 974 vivant.
3257 921 3396 990 Quid
3422 934 3508 980 est
3528 938 3704 984 autem

2122 996 2218 1053 diu
2266 1001 2476 1066 vivere,
2520 1003 2623 1058 nisi
2669 1004 2762 1061 diu
2806 1010 3081 1079 torqueri?
3126 1013 3264 1079 Quid
3305 1025 3389 1070 est
3433 1019 3579 1075 aliud
3618 1022 3707 1077 diu

2121 1088 2326 1155 virere,
2366 1106 2526 1162 quam
2569 1094 2738 1151 malos
2773 1096 2889 1153 dies
2932 1101 3088 1156 malis
3127 1102 3314 1159 diebus
3350 1106 3598 1164 adderet
3637 1113 3703 1168 Et

2120 1191 2244 1233 eum
2290 1192 2539 1239 crescunt
2580 1186 2753 1255 pueri,
2801 1188 2952 1257 quasi
2994 1192 3257 1249 accedunt
3301 1195 3408 1253 illis
3452 1198 3599 1266 dies;
3652 1215 3707 1259 et

2123 1273 2367 1329 nesciunt
2411 1277 2536 1345 quia
2572 1277 2889 1335 minuuntur
2918 1291 3019 1337 aet
3054 1284 3167 1354 ipsa
3203 1295 3286 1342 est
3324 1288 3451 1345 falsa
3486 1306 3709 1363 compu-

2124 1365 2272 1419 tatio.
2302 1364 2679 1425 arescentibus
2711 1371 2858 1427 enim
2884 1370 3151 1431 decedunt
3175 1376 3291 1434 dies
3315 1381 3515 1450 potius,
3546 1400 3705 1454 quam

2124 1457 2400 1512 accedunt.
2432 1459 2712 1518 Coustitue
2734 1463 2899 1520 alicui
2935 1464 3135 1522 homini
3165 1472 3490 1537 nato,vverbi
3515 1478 3703 1545 gratia,

2119 1549 2394 1618 octoginta
2421 1564 2594 1606 annos
2625 1570 2640 1607 τ
2667 1553 2925 1625 quidquid
2958 1556 3120 1625 vivit,
3150 1558 3219 1615 de
3242 1575 3450 1618 summa
3494 1566 3704 1625 minuit.

2116 1636 2190 1691 Et
2212 1640 2377 1709 inepti
2397 1639 2645 1698 homines
2660 1646 2997 1714 gratulantur
3023 1649 3266 1718 plurimis
3289 1655 3565 1723 natalitiis,
3596 1668 3704 1716 tam

2118 1728 2251 1795 suis,
2262 1744 2420 1800 quam
2432 1731 2662 1788 ﬁliorum
2676 1749 2917 1793 suorum.
2928 1737 2974 1794 0
2986 1739 3155 1795 virum
3170 1743 3485 1811 prudentem
3496 1750 3518 1802 ι
3532 1749 3595 1805 Si
3606 1751 3705 1808 tibi

2116 1820 2297 1876 vinum
2311 1823 2576 1879 minuatur
2586 1826 2638 1880 in
2649 1835 2789 1893 utre,
2812 1830 3041 1887 tristaris
3059 1851 3072 1887 :
3085 1832 3201 1890 dies
3210 1837 3408 1905 perdis,
3415 1842 3706 1910 etgaudes?

2117 1910 2241 1965 Itali
2259 1927 2388 1983 ergo
2403 1925 2527 1970 sunt
2546 1915 2663 1972 dies
2686 1936 2700 1971 :
2722 1927 2778 1973 et
2799 1935 2865 1975 eo
2884 1923 3113 1991 pejores,
3137 1928 3263 1996 quia
3278 1928 3590 1999 diliguntur.
3616 1935 3704 1990 Sic

2114 2001 2480 2063 blanditurhic
2500 2009 2754 2078 mundus,
2772 2022 2831 2067 ut
2856 2028 3013 2070 nemo
3034 2017 3157 2072 velit
3176 2018 3328 2076 ﬁnire
3343 2036 3701 2082 manasset

2114 2092 2297 2149 vitam.
2318 2094 2453 2151 Vera
2481 2098 2623 2152 enim
2641 2100 2745 2154 vita
2768 2101 2853 2157 vel
2880 2103 3033 2159 beata
3053 2104 3170 2162 lure
3187 2116 3289 2176 est,
3311 2125 3432 2166 cum
3455 2128 3700 2187 resurge-

2112 2201 2233 2243 tuus
2256 2196 2312 2242 et
2335 2203 2456 2243 cum
2484 2189 2702 2248 Christo
2724 2195 3085 2265 regtmbimus.
3109 2199 3242 2254 Nam
3265 2211 3320 2256 et
3347 2204 3493 2275 impii
3519 2222 3702 2265 resur-

2112 2279 2305 2333 recturi
2333 2288 2480 2346 sunt,
2508 2282 2603 2337 sed
2633 2282 2688 2338 in
2712 2283 2889 2355 ignem
2930 2288 3077 2343 ituri.
3115 2290 3227 2346 Vita
3255 2292 3430 2363 itaque
3456 2312 3563 2351 non
3591 2310 3695 2367 est,

2112 2367 2215 2422 nisi
2242 2369 2414 2424 beata.
2443 2371 2510 2426 Et
2530 2372 2642 2428 vita
2669 2374 2823 2430 beata
2847 2390 2969 2433 esse
2996 2392 3104 2435 non
3126 2388 3316 2450 potest,
3344 2385 3446 2440 nisi
3468 2397 3693 2456 antelata,

2111 2457 2200 2512 ubi
2223 2468 2347 2514 sunt
2374 2458 2491 2516 dies
2514 2460 2669 2529 boni;
2702 2479 2804 2520 nec
2840 2467 3025 2535 multi,
3053 2470 3148 2525 sed
3176 2487 3334 2528 unus.
3364 2474 3444 2529 Ex
3471 2489 3695 2534 censue.

2111 2550 2292 2607 tudine
2320 2552 2478 2621 hujus
2503 2554 2627 2610 vitae
2652 2558 2901 2627 appellati
2930 2570 3054 2616 sunt
3088 2561 3224 2619 dies.
3255 2565 3379 2621 Dies
3403 2567 3495 2624 ille
3522 2574 3696 2627 nescit

2107 2649 2304 2708 ortum,
2333 2644 2504 2699 nescit
2528 2659 2798 2702 occasum.
2829 2648 2910 2704 Illi
2941 2650 3055 2706 diei
3078 2668 3190 2709 non
3227 2657 3465 2712 succedit
3496 2663 3693 2717 crasti-

2106 2745 2238 2797 nus;
2266 2732 2390 2802 quia
2429 2749 2534 2789 non
2573 2737 2823 2805 prmeedit
2849 2754 2974 2796 eum
3010 2741 3310 2800 hesternas.
3339 2746 3491 2803 lluue
3521 2749 3689 2819 diem»,

2105 2821 2189 2877 vel
2218 2823 2317 2878 hos
2338 2823 2488 2893 dies,
2519 2835 2574 2882 et
2602 2827 2739 2885 hanc
2765 2829 2928 2886 vitam
2949 2873 2965 2899 ,
2995 2841 3057 2887 et
3079 2849 3259 2890 verum
3283 2836 3445 2892 vitam
3482 2839 3539 2895 in
3569 2857 3695 2911 pro-

2103 2916 2280 2974 missis
2310 2916 2587 2975 habemus.
2619 2921 2863 2992 Alicujus
2891 2939 3021 2995 ergo
3042 2926 3222 2996 aperis
3248 2943 3452 2986 merces
3491 2940 3597 2987 est.
3628 2931 3691 2988 Si

2101 3008 2245 3063 enim
2272 3009 2577 3067 mercedem
2605 3026 2875 3082 amamus,
2916 3014 2972 3069 in
3000 3030 3162 3086 opere
3198 3033 3306 3073 non
3326 3019 3641 3078 deﬁciamus
3670 3041 3687 3078 :

2101 3109 2156 3155 et
2184 3102 2238 3155 in
2264 3108 2522 3157 internum
2548 3119 2671 3159 cum
2699 3104 2914 3163 Christo
2939 3108 3302 3178 regnabimus.

2553 3215 2784 3271 SERMO
2821 3218 3060 3274 LXXXV
3077 3226 3098 3247 '
3123 3220 3222 3290 (a).

2098 3302 2177 3358 De
2200 3305 2358 3360 verbis
2396 3305 2662 3377 Evangelii
2688 3307 2936 3375 Mattluei,
2978 3326 3093 3381 cap.
3131 3326 3242 3378 nx,
3279 3314 3463 3369 17-25.
3502 3315 3565 3372 Si
3604 3319 3688 3374 vis

2343 3399 2522 3454 venire
2552 3399 2618 3453 ad
2651 3401 2831 3466 vitam,
2862 3417 3013 3457 serva
3043 3404 3308 3474 mandata,
3340 3415 3446 3462 etc.

2165 3509 2389 3568 CAPUT
2412 3508 2905 3568 PRlllUlt.——Nuu.
2937 3515 2987 3569 i.
3014 3514 3370 3572 Haudalorum
3398 3521 3685 3577 observatio

2093 3603 2161 3656 ad
2188 3604 2568 3675 promerendam
2598 3604 2767 3657 vitam.
2800 3604 3149 3677 Evangelium,
3179 3624 3233 3663 os
3263 3609 3469 3664 Christi.
3503 3596 3690 3667 Evan-

2097 3692 2266 3763 gelica
2292 3691 2471 3759 lectio,
2501 3710 2619 3765 quae
2646 3694 2802 3749 modo
2835 3697 3105 3766 personuit
3133 3698 3186 3752 in
3214 3700 3428 3755 auribus
3454 3704 3685 3769 nostris,

2093 3780 2304 3851 fratres,
2330 3783 2626 3840 auditorem
2654 3787 2820 3856 magis
2844 3796 3001 3857 atque
3027 3787 3301 3857 factorem,
3324 3778 3481 3862 quam
3510 3808 3692 3865 expo-

2092 3874 2310 3930 siturem
2339 3875 2624 3932 desiderat.
2656 3878 2790 3943 Quid
2819 3878 2916 3933 hac
2942 3879 3058 3936 luce
3080 3880 3291 3949 clarius,
3323 3882 3384 3939 Si
3411 3886 3484 3939 vis
3510 3888 3689 3941 venire

2090 3966 2159 4019 ad
2177 3969 2346 4033 vitam,
2364 3983 2503 4021 serva
2519 3968 2757 4022 mandata
2771 3969 2941 4035 ?Quid
2956 3985 3081 4041 ergo
3096 3971 3334 4028 dicturus
3349 3989 3467 4029 sum
3479 3976 3506 4029 ’ἲ
3519 3974 3585 4032 Si
3606 3978 3688 4031 vis

2090 4058 2255 4112 venire
2272 4058 2340 4111 ad
2355 4059 2525 4126 vitam,
2544 4075 2685 4114 serva
2701 4059 2956 4114 mandata.
2971 4061 3098 4127 Quis
3112 4072 3197 4117 est
3214 4064 3300 4135 qui
3320 4065 3453 4120 nolit
3473 4067 3642 4123 vitam
3659 4069 3688 4123 2

2088 4156 2142 4202 ct
2158 4156 2333 4202 tamen
2349 4148 2466 4219 quis
2481 4159 2563 4203 est
2576 4149 2663 4220 qui
2676 4149 2805 4204 velit
2821 4164 3035 4208 scrvare
3056 4153 3298 4207 mandata
3313 4153 3405 4210 ?Si
3424 4159 3685 4213 mandata

2088 4250 2303 4292 servare
2321 4250 2428 4292 non
2452 4238 2552 4304 vis,
2576 4254 2740 4309 quare
2760 4240 2919 4295 vitam
2949 4242 3180 4311 qureris?
3205 4244 3259 4299 Si
3279 4244 3344 4298 ad
3366 4261 3504 4316 opus
3524 4249 3688 4319 piger

2087 4342 2161 4392 es,
2178 4343 2340 4399 quare
2359 4327 2426 4385 ad
2446 4330 2745 4386 mercedem
2765 4333 3015 4388 festinas?
3037 4334 3178 4389 Dixit
3196 4350 3253 4390 se
3269 4335 3356 4392 ille
3371 4336 3531 4393 dives
3546 4341 3688 4395 adu.

2088 4415 2294 4474 lescens
2313 4434 2553 4476 servasse
2573 4421 2818 4476 mandata
2835 4440 2849 4476 :
2867 4423 3064 4478 audivit
3080 4436 3340 4495 praecepta
3362 4429 3593 4497 majora,
3616 4432 3686 4485 Si

2085 4509 2157 4563 vis
2175 4512 2421 4584 perfectus
2431 4526 2555 4577 esse,
2573 4527 2727 4565 unum
2744 4513 2832 4567 tibi
2850 4513 3015 4580 deest;
3037 4516 3178 4581 vade,
3199 4519 3352 4591 vende
3369 4522 3544 4573 omnia
3561 4537 3688 4591 qua

2086 4599 2256 4668 habes,
2287 4610 2333 4655 et
2359 4602 2425 4655 da
2456 4604 2758 4676 pauperibus
2787 4620 2805 4658 :
2831 4620 2928 4660 nec
2955 4605 3167 4676 perdes,
3197 4586 3299 4663 sed
3317 4610 3525 4666 habebis
3556 4586 3680 4667 the-

2083 4707 2288 4746 suarum
2326 4693 2376 4747 in
2415 4695 2572 4759 creto;
2610 4704 2655 4749 et
2694 4694 2823 4762 veni,
2864 4712 3067 4766 sequere
3104 4714 3202 4754 me.
3232 4699 3363 4755 Nam
3403 4702 3534 4772 quid
3574 4705 3679 4761 tibi

2083 4781 2318 4853 prodest,
2362 4783 2405 4836 si
2454 4783 2665 4852 feceris,
2714 4791 2769 4840 et
2807 4800 2915 4841 non
2958 4788 3199 4857 sequaris
3230 4790 3361 4845 me?
3389 4793 3687 4850 Absccssit

2081 4881 2257 4927 autem
2306 4873 2471 4929 tristis
2519 4889 2582 4930 ac
2624 4885 2871 4945 maestus,
2921 4877 3060 4933 sicut
3100 4878 3326 4935 audistis
3371 4899 3385 4933 :
3431 4881 3685 4941 habebat

2081 4965 2223 5020 enim
2251 4966 2444 5022 multas
2482 4967 2693 5022 divitias
2744 4967 2895 5035 Quod
2924 4970 3125 5026 audivit
3153 4971 3258 5039 ille,
3288 4974 3593 5032 audivimus
3617 4990 3683 5035 ct

2081 5071 2199 5110 nos.
2231 5055 2304 5111 Os
2332 5056 2548 5125 Christi,
2578 5058 2925 5131 Evangelinm
2952 5069 3053 5117 est.
3082 5060 3141 5117 in
3166 5063 3308 5120 ctelo
3332 5065 3489 5121 sedet
3521 5085 3537 5121 :
3570 5070 3681 5125 sed

2080 5146 2132 5201 in
2164 5156 2306 5203 terra
2330 5149 2473 5220 loqui
2501 5166 2605 5205 non
2632 5162 2828 5208 cessat.
2858 5153 2965 5210 Nos
2989 5170 3097 5210 non
3122 5156 3288 5213 simus
3311 5157 3459 5213 surdi
3492 5177 3507 5213 :
3538 5174 3683 5215 nam

2080 5241 2168 5297 illc
2192 5244 2403 5298 clamat.
2433 5243 2542 5300 Nos
2571 5260 2679 5299 non
2722 5245 2892 5302 simus
2921 5249 3113 5303 mortui
3146 5263 3161 5303 :
3188 5264 3309 5304 nam
3350 5250 3443 5306 ille
3489 5260 3680 5307 tonat.

2077 5332 2130 5391 Si
2159 5336 2358 5405 majora
2386 5351 2492 5391 non
2522 5339 2604 5392 vis
2631 5336 2825 5404 facere,
2857 5341 3061 5396 minora
3091 5341 3190 5397 fac.
3222 5342 3367 5397 Onus
3394 5345 3685 5414 majorum

2076 5424 2141 5479 ad
2168 5434 2222 5481 te
2247 5427 2468 5482 multum
2493 5436 2596 5496 est,
2619 5429 2703 5483 vel
2725 5429 2928 5484 minora
2953 5431 3166 5501 prende.
3185 5430 3318 5502 Quid
3336 5433 3404 5488 ad
3430 5445 3691 5507 utraque

2077 5519 2227 5589 piger
2273 5520 2365 5575 es?
2410 5520 2538 5591 quid
2587 5520 2826 5592 utrisque
2872 5522 3203 5580 adversaris?
3247 5524 3447 5595 Majora
3502 5540 3691 5600 sunt,

2134 5661 2427 5725 filorrectus
2443 5662 2503 5712 ad
2520 5672 2591 5713 es.
2610 5661 2673 5712 cl.
2697 5675 2839 5725 gius.
2859 5671 2959 5713 Am.
2980 5670 3052 5713 Er.
3076 5671 3176 5714 Par.
3202 5671 3294 5717 Lov

2135 5722 2209 5786 (a)
2233 5721 2370 5785 Alias,
2391 5725 2456 5775 de
2478 5721 2843 5787 Tempore
