3922 6192
921 203 1020 215 θ’

213 276 304 336 tat
1574 267 1788 338 Scitne

1899 275 2095 338 (XXV.

225 396 386 451 Vende
411 395 582 450 omnia
607 413 726 466 qua
753 395 901 452 habes
921 439 936 464 ,
974 406 1020 452 et
1049 397 1114 450 ita
1143 396 1446 467 pauperibus
1467 439 1480 460 ,
1510 405 1554 448 et
1585 411 1787 464 sequere

211 505 304 542 me.
336 483 540 541 Ilinora
569 496 723 554 sunt,
759 486 878 542 Non
907 487 1232 540 homicidium
1258 486 1438 554 facias,
1483 484 1602 538 Non
1640 483 1792 538 adul-

210 592 350 642 teres,
383 577 508 632 Non
549 578 738 648 [alunt
776 581 1112 634 testimonium
1137 595 1332 650 quaeras
1360 579 1399 642 ί,
1431 577 1551 632 Νοη
1590 577 1792 648 furnis.

215 669 420 724 Honora
467 679 662 738 patrem
706 678 755 724 et
801 679 1010 724 matrem
1031 711 1045 734 ,
1092 669 1286 742 Diliges
1325 669 1612 740 proximum
1654 679 1797 722 tuum

210 772 447 830 :anquain
474 770 523 814 te
547 761 735 831 ipsum.
768 761 869 816 ista
900 762 996 816 fac.
1029 761 1164 828 Quid
1193 761 1260 816 ad
1289 769 1339 815 te
1365 761 1556 826 clamo,
1585 768 1643 814 ut
1668 776 1796 815 ven-

209 853 300 907 das
328 867 420 907 res
470 862 611 917 tuas,
652 852 736 906 cui
777 862 1098 922 extorquere
1125 868 1230 906 non
1259 866 1476 921 possum
1513 866 1580 906 ne
1619 851 1795 920 rapias

211 943 446 999 alienas?
478 943 721 1008 Audisti,
755 941 876 997 Non
902 943 1191 1012 furaberis;
1221 951 1276 995 tu
1305 941 1469 1011 rapis.
1497 942 1635 995 Ante
1658 954 1792 994 con-

211 1046 450 1105 spectum
478 1034 610 1088 tanti
647 1033 869 1098 Judicis,
904 1034 1014 1103 jam
1045 1043 1096 1089 te
1123 1049 1226 1088 non
1273 1032 1444 1089 furem
1485 1043 1660 1100 teneo,
1697 1031 1791 1088 sed

212 1137 502 1193 raptorem.
544 1124 709 1179 Parce
750 1124 866 1191 tibi,
908 1125 1162 1180 miserere
1198 1125 1292 1179 tui.
1332 1123 1520 1179 Adhuc
1547 1125 1653 1178 vita
1694 1123 1792 1178 ista

210 1219 291 1272 dat
317 1217 416 1273 tibi
438 1217 778 1282 dilationem,
802 1219 911 1272 noli
937 1217 1170 1288 abjieere
1190 1219 1600 1288 correptionem.
1626 1216 1793 1271 Fuisti

212 1310 320 1364 beri
352 1307 476 1374 fur;
523 1308 636 1362 noli
665 1317 720 1363 et
758 1307 934 1363 hodie.
982 1307 1099 1363 Jam
1135 1307 1271 1362 forte
1309 1318 1364 1362 et
1410 1306 1570 1362 hodie
1609 1305 1788 1371 fuisti;

207 1418 326 1457 cras
373 1401 504 1455 noli.
559 1399 854 1469 Aliquando
900 1398 990 1452 lini
1039 1399 1256 1462 malum,
1307 1406 1362 1453 et
1409 1413 1507 1467 pro
1543 1396 1793 1452 mercede

207 1495 360 1564 exige
406 1492 624 1548 bonum.
668 1491 815 1546 Bona
852 1491 1049 1546 habere
1087 1491 1187 1557 vis,
1229 1500 1283 1544 et
1318 1491 1490 1545 bonus
1522 1505 1643 1545 esse
1685 1504 1789 1544 non

206 1584 284 1638 vis
326 1599 341 1634 :
389 1581 657 1636 contraria
689 1589 774 1636 est
818 1580 923 1635 vita
972 1591 1058 1635 tua
1097 1582 1234 1637 votis
1268 1581 1394 1635 tuis.
1437 1579 1494 1635 Si
1543 1594 1790 1650 magnum

207 1673 402 1726 bonum
446 1683 532 1726 est
576 1671 774 1726 habere
813 1671 994 1726 villam
1016 1672 1243 1738 bonam,
1289 1677 1544 1742 quantum
1591 1671 1789 1727 malum

206 1774 281 1819 est
312 1763 518 1817 habere
545 1762 778 1816 animam
811 1761 1047 1816 malam?

268 1853 500 1908 CAPUT
530 1853 598 1907 ll.
617 1880 689 1894 -ο
709 1852 763 1906 2.
795 1851 982 1906 Dirites
1003 1851 1202 1922 diﬁcite
1219 1851 1500 1906 mirantur.
1533 1849 1790 1922 Pauperes

203 1949 316 2018 quid
361 1963 542 2001 cavere
584 1955 799 2016 oportet.
845 1945 1097 1999 Discessit
1138 1943 1290 2000 dives
1317 1944 1691 2008 contristatus,
1735 1951 1792 1998 et

203 2041 271 2093 ait
295 2037 559 2093 Dominus
587 2055 602 2092 :
632 2037 796 2104 Quam
832 2035 1031 2106 difﬁcile
1061 2045 1166 2100 est,
1197 2045 1252 2089 ut
1273 2036 1357 2106 qui
1393 2035 1592 2088 divitias
1619 2034 1786 2101 habet,

204 2130 344 2182 intret
373 2129 431 2182 in
457 2143 666 2199 regnum
693 2126 968 2182 ccelorum!
999 2124 1064 2180 Et
1092 2140 1248 2196 quam
1273 2132 1416 2180 esset
1441 2123 1687 2190 dilfleile,
1712 2123 1789 2178 si-

207 2219 502 2273 militudine
526 2202 832 2289 proposita,
873 2215 1104 2271 ostendit
1147 2225 1250 2269 tam
1295 2229 1415 2270 esse
1450 2212 1697 2277 difficile,
1729 2222 1792 2269 ut

203 2313 424 2366 omnino
451 2312 521 2365 sit
550 2309 895 2379 impossibile.
922 2306 1094 2362 Omne
1115 2307 1261 2363 enim
1300 2303 1624 2375 impossibile
1649 2303 1791 2359 difﬂ-

204 2402 299 2456 cilc
323 2411 410 2454 est
439 2419 454 2454 :
484 2399 579 2456 sed
607 2415 713 2454 non
736 2403 898 2452 omne
915 2397 1134 2453 difﬁcile
1151 2393 1478 2467 impossibile
1497 2403 1597 2450 est.
1620 2394 1790 2462 Quale

204 2491 418 2546 difficile
454 2501 572 2555 est,
614 2489 1010 2544 similitudinem
1040 2486 1252 2542 attende
1275 2503 1289 2540 :
1316 2487 1469 2541 Amen
1492 2487 1606 2541 dico
1629 2485 1786 2553 vobis,

204 2584 401 2650 facilius
444 2591 515 2635 est
554 2580 800 2634 cometam
838 2595 926 2649 per
965 2579 1190 2647 foramen
1216 2593 1339 2632 acus
1365 2579 1609 2642 transire,
1638 2595 1790 2649 quam

202 2674 400 2724 divitem
433 2673 626 2726 intrare
665 2671 718 2724 in
756 2683 964 2742 regnum
1002 2670 1260 2723 actorum.
1290 2669 1562 2723 Camelum
1592 2669 1790 2724 intrare

204 2776 290 2833 per
315 2764 563 2818 foramen
591 2776 718 2816 acus
745 2778 759 2813 :
787 2762 832 2815 si
859 2761 1057 2816 diceret
1081 2761 1329 2830 pelicem,
1355 2759 1680 2831 impossibile
1703 2777 1789 2818 es-

201 2864 294 2908 set.
327 2853 574 2922 Denique
603 2851 705 2906 hoc
732 2852 944 2919 audito,
971 2852 1264 2907 contristati
1294 2861 1417 2908 sunt
1438 2852 1704 2924 discipuli,
1734 2861 1791 2909 et

200 2945 455 2999 dixerunt
483 2961 497 2996 ε
529 2944 591 2998 Si
611 2944 684 2996 ita
709 2953 800 3007 est,
827 2943 1058 3014 quisnam
1085 2943 1263 3013 poterit
1287 2942 1456 2998 salvus
1479 2943 1627 3011 ﬁeri!
1658 2943 1789 3011 Quis

200 3038 423 3092 divitum
441 3037 466 3089 ?
493 3037 764 3106 Panpcres
783 3076 798 3100 ,
829 3035 1007 3090 audite
1029 3034 1330 3102 Christum,
1362 3034 1555 3104 populo
1583 3033 1674 3090 Dei
1702 3033 1788 3090 lo-

200 3145 357 3200 quor.
386 3129 577 3183 Plures
600 3129 729 3183 estis
756 3141 1036 3197 pauperes,
1063 3127 1148 3182 vel
1177 3135 1270 3180 vos
1293 3125 1704 3196 apprehendite;
1733 3135 1789 3183 et

203 3228 380 3274 tamen
409 3217 612 3272 audite.
649 3218 974 3288 Quicumque
1010 3216 1078 3272 de
1115 3225 1424 3286 paupertate
1466 3217 1786 3287 gloriamini,

201 3320 386 3365 cavete
425 3309 766 3378 superbiam,
799 3322 865 3362 ne
906 3308 1117 3362 vincant
1157 3321 1252 3361 vos
1292 3306 1517 3362 humiles
1557 3307 1784 3364 divites:

203 3418 383 3464 cavete
409 3407 759 3476 impietatem,
787 3419 854 3460 ne
878 3405 1090 3459 vincant
1117 3419 1212 3457 vos
1239 3403 1307 3472 pii
1335 3403 1522 3458 divites
1554 3421 1568 3457 :
1598 3413 1788 3458 cavete

203 3500 516 3554 ebrietatem
538 3539 555 3564 ,
601 3512 672 3552 ne
708 3497 924 3551 vincant
957 3510 1052 3551 vos
1085 3496 1246 3549 sobrii
1284 3495 1490 3550 divites.
1525 3495 1693 3550 Nolite
1721 3496 1788 3550 de

206 3599 520 3662 paupertate
561 3587 802 3659 gloriari,
860 3588 904 3642 si
957 3601 1062 3641 non
1112 3586 1308 3642 debent
1359 3586 1434 3642 illi
1480 3585 1549 3643 de
1591 3585 1788 3642 divitiis

205 3683 442 3754 gloriari.

267 3773 502 3832 CAPUT
543 3772 632 3830 lli.
659 3803 731 3815 —
757 3773 810 3829 '5.
852 3769 1096 3827 Divitibus
1122 3771 1244 3837 quid
1273 3769 1477 3841 pra'cipi
1507 3768 1620 3824 velit
1645 3769 1785 3840 Apo-

205 3869 378 3922 stotas.
433 3864 627 3920 Ventis
663 3863 979 3928 divitiarum,
1019 3863 1272 3932 superbia.
1305 3861 1536 3916 Audiant
1570 3861 1784 3927 divites,

205 3957 247 4011 si
271 3969 455 4012 tamen
483 3963 643 4022 sunt;
672 3952 889 4009 audiant
914 3954 1223 4023 Apostolum
1254 3970 1267 4005 :
1303 3950 1531 4021 Praecipe
1556 3950 1788 4005 divitibus

205 4047 350 4117 hujus
378 4045 564 4101 mundi
588 4062 608 4100 :
633 4045 754 4115 quia
793 4053 917 4098 sunt
949 4043 1138 4098 divites
1167 4044 1385 4097 alterius
1425 4042 1622 4098 szecnli.
1654 4042 1789 4097 Pau-

205 4147 354 4207 pcres
386 4145 519 4192 sunt
546 4134 739 4191 divites
767 4135 984 4190 alterius
1011 4133 1225 4200 saeculi,
1266 4133 1505 4203 Apostoli
1545 4141 1669 4189 sunt
1708 4133 1786 4187 di-

203 4232 332 4284 vites
357 4229 586 4283 alterius
609 4227 785 4281 saeculi
808 4266 824 4291 ,
849 4226 936 4295 qui
957 4225 1236 4289 dicebant,
1265 4223 1525 4292 Tanquam
1550 4223 1678 4277 nihil
1697 4224 1790 4276 ha-

204 4317 389 4382 bentes,
418 4325 467 4370 et
495 4315 668 4370 omnia
698 4315 1000 4385 possidentes
1028 4313 1092 4386 (ll
1123 4311 1242 4368 Cor.
1268 4329 1350 4377 γι,
1380 4313 1488 4383 10).
1519 4313 1586 4368 Ut
1607 4313 1788 4368 sciatis

203 4411 267 4463 de
300 4410 502 4478 quibus
538 4407 782 4476 loquatur
809 4405 1090 4468 divitibus,
1126 4404 1359 4468 addidit,
1397 4404 1547 4474 hujus
1588 4403 1784 4457 mundi.

206 4500 437 4553 Audiant
449 4513 581 4568 ergo
599 4497 907 4566 Apostolum
925 4495 1115 4551 divites
1131 4495 1284 4564 hujus
1302 4494 1510 4550 mundi:
1533 4493 1783 4560 Pra'cipe,

205 4591 396 4659 inquit,
423 4589 659 4642 divitibus
693 4588 843 4658 hujus
881 4587 1076 4652 mundi,
1100 4603 1198 4640 non
1221 4585 1430 4656 superbe
1446 4602 1642 4654 sapere.
1671 4581 1788 4640 Pri.

204 4698 321 4737 nius
367 4681 572 4735 vermis
615 4678 914 4732 divitiarum
959 4677 1224 4747 superbia.
1253 4677 1384 4730 Mala
1411 4677 1548 4732 tinea
1569 4717 1584 4742 ,
1617 4685 1786 4732 totum

203 4772 366 4834 rodit,
383 4779 441 4825 et
466 4770 533 4822 ad
559 4769 794 4824 cinerem
823 4782 987 4837 usque
1013 4766 1269 4837 perducit.
1286 4765 1516 4837 Prtccipe
1543 4781 1670 4837 ergo
1686 4783 1788 4822 non

203 4862 419 4930 superbe
442 4876 641 4929 sapere,
668 4874 823 4928 neque
846 4873 1050 4928 sperare
1084 4858 1137 4911 in
1155 4857 1343 4911 incerto
1365 4857 1653 4911 divitiarum
1679 4873 1698 4911 :
1721 4874 1788 4913 ne

205 4952 342 5006 forte
368 4951 520 5006 dives
542 4949 808 5012 dormias,
835 4957 891 5003 et
915 4959 1112 5018 pauper
1135 4957 1338 5016 surgas.
1372 4945 1552 5017 Neque
1586 4964 1789 5018 sperare

201 5042 253 5094 iu
293 5044 490 5096 incerto
535 5041 824 5094 divitiarum
864 5038 1132 5111 (Apostoli
1176 5039 1333 5094 verba
1374 5039 1570 5108 sunt);
1610 5041 1698 5094 sed
1734 5040 1787 5092 in

199 5131 333 5196 Deo,
363 5132 554 5202 inquit,
584 5132 713 5185 vivo.
741 5129 848 5185 Fur
876 5130 967 5185 tibi
996 5130 1131 5185 tollit
1153 5145 1360 5191 aurum.
1388 5130 1506 5200 quis
1535 5133 1667 5185 tollit
1693 5131 1785 5185 tibi

203 5225 415 5280 Deam!
441 5224 578 5292 Quid
620 5224 779 5279 habet
811 5222 958 5279 dives
979 5264 994 5288 ,
1024 5225 1069 5278 si
1101 5224 1264 5278 Deum
1296 5238 1401 5278 non
1432 5223 1625 5278 habet?
1651 5223 1784 5292 Quid

199 5329 307 5368 non
342 5313 503 5369 habet
529 5328 761 5383 pauper,
788 5313 831 5368 si
861 5314 1024 5368 Deum
1056 5312 1248 5369 habet?
1279 5311 1398 5367 Non
1431 5327 1559 5382 ergo
1585 5330 1787 5381 sperare

197 5407 250 5458 in
298 5405 524 5471 divitiis,
563 5405 671 5464 ait:
711 5403 800 5459 sed
840 5405 894 5458 in
942 5403 1052 5459 Deo
1096 5405 1233 5467 vitio,
1273 5404 1359 5472 qui
1401 5413 1606 5472 prestat
1647 5403 1786 5457 nobis

198 5497 518 5551 abundanter
544 5496 714 5551 omnia
741 5496 810 5549 ad
835 5498 1137 5567 fruendum;
1166 5509 1285 5549 cum
1320 5495 1509 5565 quibus
1541 5495 1785 5548 omnibus

196 5599 251 5644 et
273 5606 337 5643 se
365 5592 562 5658 ipsum.

260 5703 280 5732 ⁸
297 5697 466 5750 nolles
488 5713 581 5758 ας..
603 5701 756 5754 dtcas.

461 5795 734 5856 Ριτιιοι..
767 5779 1122 5848 XXXVII].

1973 395 2029 450 ι.
2061 393 2138 449 De
2181 395 2364 450 dii-iliis
2411 397 2531 468 quid
2575 397 2936 469 praestandum.
2983 399 3039 454 Si
3085 413 3214 472 ergo
3247 417 3353 458 non
3387 406 3483 460 de-

1904 483 2031 540 bent
2057 484 2127 541 de
2150 484 2348 541 divitiis
2376 501 2610 557 sperare,
2642 502 2747 543 non
2774 488 2830 544 in
2857 489 2937 546 eis
2959 489 3143 558 ﬁdere,
3174 490 3268 547 sed
3295 491 3347 548 in
3373 492 3481 550 Deo

1903 576 2054 641 vivo;
2083 575 2151 632 de
2173 577 2374 632 divitiis
2395 577 2519 649 quid
2549 578 2730 634 facturi
2751 579 2911 634 sunt?
2938 580 3074 635 Audi
3094 581 3220 652 quid
3248 599 3262 638 :
3292 581 3481 642 Dicit“

1900 667 2001 722 sint
2019 668 2072 722 in
2091 669 2324 738 operibus
2341 668 2501 724 bonis.
2530 669 2666 738 Quid
2684 681 2766 726 est
2785 670 2920 726 hoc?
2941 671 3182 742 Expone,
3205 674 3473 744 Apos’tolc.

1901 759 2048 815 Multi
2073 761 2213 816 enim
2239 761 2380 832 quod
2405 762 2592 816 nolunt
2611 762 2805 828 facere,
2833 765 3021 819 nolunt
3041 765 3355 836 intelligere.
3375 769 3476 822 Ex-

1902 868 2061 924 pone,
2091 855 2338 922 Apostole
2365 871 2379 906 :
2406 855 2512 909 noli
2535 853 2664 909 dare
2683 855 3015 911 occasionem
3039 857 3161 912 mali
3189 860 3366 927 operis
3386 875 3477 930 per

1900 944 2276 1000 obscuritatem
2315 945 2597 1000 sermonis.
2632 945 2726 1000 Dic
2753 944 2877 1015 quid
2905 945 3103 1002 dixeris
3121 981 3136 1012 ,
3169 946 3354 1005 Divites
3379 951 3480 1005 sint

1900 1035 1952 1090 in
1977 1035 2210 1106 operibus
2244 1035 2404 1090 bonis.
2433 1036 2698 1102 Audiant,
2742 1036 3036 1108 intelligant
3065 1055 3080 1094 :
3113 1055 3217 1094 non
3258 1042 3478 1111 permit.

1901 1136 2078 1180 tamar
2105 1141 2164 1182 se
2192 1141 2479 1188 excusare.
2509 1126 2603 1182 sed
2631 1142 2689 1182 se
2717 1127 2892 1197 potius
2921 1129 3176 1198 incipiant
3204 1145 3494 1196 accusare,-

1898 1212 1954 1271 et
1976 1216 2155 1272 dicere
2193 1217 2333 1287 quod
2361 1217 2660 1272 audivimus
2687 1217 2845 1272 modo
2875 1219 2926 1272 in
2953 1219 3194 1281 Psalmo,
3229 1221 3478 1286 Quoniam

1899 1317 2158 1376 peccatum
2187 1324 2352 1362 meum
2377 1324 2471 1379 ego
2507 1325 2723 1379 agnosco
2764 1309 2936 1380 (Psat.
2966 1326 3015 1376 ι,
3043 1309 3120 1381 5).
3153 1310 3246 1365 Dic
3273 1322 3329 1366 ιιι
3352 1313 3476 1382 quid

1897 1409 1976 1454 est
1997 1437 2012 1465 ,
2046 1398 2230 1453 Diuites
2257 1400 2356 1453 sint
2390 1399 2441 1452 in
2469 1399 2698 1470 operibus
2728 1399 2886 1454 bonis.

1966 1489 2192 1546 CAPUT
2243 1489 2429 1545 lV.-—
2461 1489 2634 1544 Facile
2683 1491 2918 1545 tribuant.
2965 1491 3100 1559 Quid
3141 1500 3250 1558 est,
3303 1491 3480 1546 Facite

1895 1579 2156 1635 tribuant?
2179 1579 2442 1650 Numquid
2472 1581 2651 1636 ethoc
2676 1595 2780 1636 non
2812 1581 3155 1652 intelligitur?
3184 1581 3359 1637 Facite
3386 1585 3477 1637 tri-

1895 1673 2070 1740 buant,
2093 1674 2478 1728 communicent.
2506 1672 2680 1729 [labes
2703 1682 2780 1742 tu,
2807 1689 2912 1728 non
2942 1674 3100 1730 habet
3128 1675 3262 1728 alius
3289 1692 3302 1728 :
3330 1689 3476 1729 como

1896 1763 2134 1829 manica,
2169 1771 2226 1816 ut
2261 1763 2682 1818 communicetnr
2721 1763 2832 1818 tibi.
2878 1763 3221 1817 Communica
3263 1763 3378 1827 hic,
3423 1769 3480 1818 et

1892 1851 2310 1907 communicabis
2336 1851 2426 1906 ibi.
2456 1850 2799 1906 Communica
2825 1851 2908 1904 hic
2930 1867 3139 1921 panem.
3169 1861 3223 1906 ct
3248 1852 3476 1922 accipies

1895 1945 1964 2000 ibi
1989 1958 2198 2014 panem.
2224 1941 2390 2010 Quem
2433 1943 2516 1998 bic
2550 1943 2778 2013 panem?
2801 1942 2970 2011 Quem
2993 1943 3199 2014 colligis
3223 1959 3346 2000 cum
3384 1961 3474 1999 su-

1892 2035 2024 2090 dore
2046 2043 2104 2090 et
2129 2034 2329 2099 labore,
2360 2039 2427 2090 ex
2453 2033 2735 2088 maledicto
2760 2033 2915 2104 primi
2939 2034 3188 2090 hominis.
3210 2036 3377 2102 Quem
3405 2029 3473 2091 ibi

1895 2126 2121 2196 panem?
2149 2124 2248 2190 Qui
2278 2123 2440 2190 dixit,
2475 2121 2584 2194 Ego
2621 2140 2732 2176 sum
2771 2123 2915 2193 panis
2955 2126 3121 2188 vivus,
3151 2126 3236 2195 qui
3266 2117 3328 2178 de
3351 2129 3475 2180 caelo

1893 2213 2126 2268 descendi
2151 2213 2326 2282 (Joan.
2343 2228 2414 2276 vi,
2439 2213 2549 2282 5|).
2579 2211 2733 2266 Dives
2751 2226 2812 2266 cs
2833 2211 2936 2278 hic,
2969 2213 3059 2267 sed
3084 2226 3282 2283 panper
3301 2231 3360 2270 es
3382 2215 3472 2269 ibi.

1896 2302 2070 2358 llahes
2089 2317 2294 2365 aurum,
2317 2300 2412 2357 sed
2434 2300 2665 2356 nondum
2690 2309 2836 2357 tenes
2851 2304 3165 2373 prmsentem
3183 2303 3474 2362 Christum.

1895 2393 2065 2464 Eroga
2087 2393 2226 2464 quod
2249 2391 2432 2459 habes,
2461 2401 2518 2446 ut
2536 2391 2764 2460 accipias
2783 2391 2924 2462 quod
2949 2409 3052 2448 non
3079 2385 3262 2450 habes.
3286 2394 3477 2453 Divitcs

1890 2486 1992 2539 sint
2018 2487 2069 2540 in
2093 2485 2322 2554 operibus
2351 2483 2510 2548 bonis,
2536 2482 2689 2556 facile
2719 2484 2962 2548 tribuant,
2986 2488 3366 2542 communicent.

1963 2578 2016 2632 5.
2049 2577 2306 2642 Quantum
2349 2575 2401 2628 in
2449 2591 2693 2644 pauperes
2735 2575 3061 2646 erogandum.
3110 2566 3251 2648 Ergo
3295 2570 3475 2648 perdi-

1894 2669 1995 2723 turi
2022 2677 2145 2723 sunt
2174 2683 2256 2721 res
2289 2667 2449 2721 suas?
2473 2665 2878 2734 Communiceut,
2909 2667 3040 2722 dixit
3072 2687 3085 2723 :
3115 2683 3250 2737 non,
3282 2669 3474 2728 Totum

1893 2760 2039 2816 dent.
2062 2759 2302 2814 Tencant
2323 2757 2421 2812 sibi
2442 2765 2692 2828 quantum
2715 2756 2928 2820 sufﬁcit,
2947 2767 3160 2814 tcncant
3181 2760 3296 2830 plus
3315 2771 3473 2832 quam

1893 2851 2107 2906 sufﬁcit.
2132 2851 2326 2906 Demus
2351 2849 2472 2904 inde
2491 2839 3018 2928 quamdanipartem.
3040 2839 3207 2919 Quam
3232 2855 3475 2922 partem?

1894 2943 2159 2997 Decimam
2182 2949 2408 3012 partem.
2442 2939 2683 2996 Decimas
2709 2939 2905 2995 dabant
2929 2928 3128 2998 Scriba:
3150 2942 3201 2999 et
3225 2943 3473 3002 Pharisa'i

1893 3032 2042 3106 (Luc.
2072 3049 2198 3088 xvnt
2217 3074 2232 3098 ,
2261 3031 2373 3105 li).
2404 3031 2792 3087 Erubescamus
2815 3073 2828 3096 ,
2857 3031 3084 3099 fratres;
3114 3032 3346 3090 decimas
3376 3030 3471 3091 da-

1891 3125 2037 3190 bant,
2065 3140 2164 3197 pro
2189 3123 2376 3195 quibus
2398 3111 2642 3179 Christus
2658 3110 2890 3178 nonduin
2904 3113 3213 3195 sanguinem
3241 3118 3470 3182 fuderat.

1893 3215 2136 3271 Decimus
2159 3214 2354 3269 dabant
2384 3199 2583 3268 Scriba:
2609 3223 2662 3269 et
2689 3213 2938 3268 Pharisiei
2971 3220 2984 3268 ἐ
3014 3231 3080 3271 nc
3108 3207 3242 3272 forte
3271 3211 3470 3288 aliquid

1892 3321 2139 3378 magnum
2167 3307 2338 3360 facere
2364 3314 2414 3360 te
2441 3312 2612 3376 putes,
2639 3304 2758 3374 quia
2781 3296 2978 3374 frangis
3004 3315 3191 3376 panem
3220 3310 3470 3380 ιιιιιῳενίς

1891 3410 1946 3456 ει
1966 3402 2054 3456 vix
2077 3408 2156 3456 est
2185 3386 2461 3480 millesima
2490 3398 2590 3479 ista
2614 3384 2916 3452 facultatum
2945 3405 3172 3455 tuarum.
3203 3391 3267 3455 Et
3296 3411 3472 3458 tamen

1889 3507 1999 3546 non
2025 3475 2391 3562 reprehendo}
2419 3477 2500 3544 vel
2528 3488 2629 3544 hoc
2655 3486 2754 3542 fac.
2785 3488 2872 3542 Sic
2896 3489 3019 3544 sitio
3037 3531 3051 3554 ,
3085 3485 3160 3546 sic
3188 3491 3387 3556 esurio,
3417 3501 3475 3544 ut
3545 3503 3558 3514 ·

1891 3592 1946 3636 ει
1967 3581 2035 3635 ad
2061 3581 2189 3637 istas
2214 3579 2378 3634 micas
2401 3569 2678 3648 gaudeam.
2702 3564 2807 3633 Sed
2830 3586 3002 3634 tamen
3029 3578 3154 3652 quid
3177 3571 3370 3636 dixerit
3396 3583 3476 3636 vi-

1891 3687 2020 3734 vus.
2063 3672 2150 3741 qui
2197 3673 2292 3739 pro
2335 3669 2486 3723 nobis
2528 3675 2768 3723 mortuus
2803 3678 2919 3734 est,
2966 3681 3070 3725 non
3115 3671 3318 3726 tacebo.
3357 3672 3474 3728 Nisi
3520 3680 3525 3684 ’

1891 3745 2213 3816 abundaverit
2241 3743 2443 3831 justitia
2479 3768 2672 3826 vestra,
2701 3759 2868 3830 inquit
2886 3800 2901 3826 ,
2929 3769 3080 3832 super
3103 3758 3397 3816 Scribarum
3425 3773 3476 3817 et

1894 3851 2294 3916 Pharisaeorum,
2313 3865 2410 3904 non
2433 3849 2680 3904 iutrabitis
2699 3850 2752 3903 in
2772 3866 2981 3921 regnum
3001 3850 3238 3906 actorum
3258 3851 3462 3925 (Matth.

1892 3960 1947 4009 v,
1975 3942 2090 4014 20).
2125 3940 2218 3996 Ille
2246 3953 2344 3995 nos
2374 3954 2477 4017 non
2508 3938 2685 4009 palpat
2726 3957 2739 3994 :
2781 3930 3017 3996 medicus
3054 3950 3164 4009 est,
3202 3957 3368 4015 usque
3399 3930 3472 4000 ad

1893 4036 2069 4090 vivum
2100 4031 2358 4109 pervenit.
2408 4028 2528 4109 Nisi
2565 4019 2891 4084 abundaverit
2919 4031 3124 4102 justitia
3161 4043 3320 4088 vestra
3359 4036 3475 4106 plus

1891 4141 2043 4197 quant
2073 4106 2366 4178 Scribarum
2391 4130 2437 4175 et
2466 4106 2842 4175 Pharisaeorum
2864 4163 2878 4186 ,
2911 4138 3012 4177 non
3039 4123 3286 4179 intrabitis
3315 4126 3365 4179 iu
3391 4143 3472 4182 re-

1891 4232 2044 4288 guunt
2072 4215 2328 4268 caelorum.
2368 4211 2566 4267 Scriba:
2604 4220 2660 4266 et
2699 4199 2950 4267 Pharisaei
2994 4213 3228 4270 decimas
3255 4215 3471 4272 dabant.

1892 4304 2026 4374 Quid
2057 4305 2176 4358 est?
2208 4303 2528 4372 Interrogata
2557 4310 2652 4356 vos
2683 4303 2844 4372 ipsos.
2880 4301 3064 4359 Videte
3091 4304 3216 4374 quid
3247 4304 3471 4372 faciatis,

1892 4395 1960 4449 tie
1983 4402 2179 4464 quanto
2206 4377 2441 4456 faciatis;
2473 4391 2595 4462 quid
2625 4391 2782 4455 detis,
2808 4391 2936 4462 quid
2961 4393 3110 4448 vobis
3136 4394 3470 4463 relinquatis;

1892 4485 2014 4556 quid
2039 4483 2415 4538 misericbrdia:
2441 4482 2787 4553 impendatis,
2818 4483 2945 4554 quid
2974 4483 3195 4540 luxuria:
3227 4502 3471 4544 reserve-

1894 4577 1980 4630 tis.
2015 4576 2184 4646 Ergo,
2216 4573 2393 4629 Facite
2421 4572 2672 4638 tribuant,
2713 4575 3106 4644 communicent,
3139 4577 3474 4634 thesaurisent

1892 4666 1986 4720 sibi
2023 4666 2403 4738 fundamentum
2437 4665 2622 4720 bonum
2649 4665 2702 4720 in
2727 4669 2955 4736 futurum
2971 4708 2988 4736 ,
3015 4678 3070 4721 ut
3091 4672 3474 4740 apprehenth

1892 4774 2058 4811 veram
2083 4759 2254 4812 vitam.

1963 4851 2047 4903 CA
2058 4846 2188 4904 PUT
2221 4847 2376 4913 V..--
2404 4846 2456 4901 6.
2487 4845 2744 4917 Paupcres
2782 4856 3016 4908 teneatue
3037 4851 3238 4920 frenare
3274 4853 3473 4921 cupidi,-

1893 4949 2036 4993 tatas.
2090 4937 2279 4992 Pietas.
2338 4936 2600 4991 Admonui
2647 4937 2837 4990 divites
2879 4955 2893 4990 :
2935 4939 3143 5002 audite,
3193 4955 3469 5012 pauperes.

1893 5031 2002 5085 Vos
2039 5038 2249 5099 erogatc
2277 5045 2290 5080 :
2319 5042 2414 5080 vos
2441 5041 2630 5096 rapere
2660 5028 2676 5060 ι
2698 5027 2882 5084 nolite.
2916 5028 3023 5085 Vos
3057 5030 3270 5086 tribuite
3303 5033 3471 5089 facul-

1895 5128 2028 5174 tates
2053 5135 2065 5171 :
2091 5133 2184 5173 vos
2205 5117 2409 5172 frcnate
2427 5115 2761 5185 cupiditates.
2789 5117 2997 5181 Audite,
3025 5134 3306 5191 pauperes,
3329 5137 3474 5181 eum.

1891 5213 2013 5264 dem
2055 5210 2225 5280 ipsum
2264 5207 2558 5278 apostolum
2596 5224 2610 5262 :
2649 5206 2743 5263 Est
2777 5219 2944 5264 autem
2983 5222 3202 5283 questus
3239 5231 3470 5288 magnus.

1892 5301 2138 5368 Quaestus
2166 5308 2247 5353 est
2271 5297 2548 5369 acquisitio
2574 5297 2707 5353 lucri
2726 5300 2770 5352 ³.
2802 5297 2898 5355 Bst
2922 5311 3090 5356 autem
3115 5312 3336 5373 quastus
3364 5323 3473 5360 sna-

1891 5409 2038 5463 guus.
2061 5391 2250 5460 inquit,
2275 5389 2430 5461 pietas
2448 5405 2562 5444 cum
2579 5390 2891 5460 suﬁcientia.
2903 5392 3248 5451 Communem
3266 5396 3473 5453 habetis

1892 5499 2010 5537 cum
2037 5482 2285 5537 divitibus
2313 5480 2567 5537 mundum
2597 5499 2610 5536 :
2640 5495 2744 5541 non
2767 5495 3101 5538 couimuiicm
3129 5484 3332 5544 hebetis
3350 5503 3472 5544 cum

1957 5639 1971 5703 ξ
1997 5637 2336 5703 Germanianus
2357 5634 2510 5685 codex
2537 5643 2590 5686 et
2610 5636 2955 5696 Clatereionsls,
2979 5651 3171 5703 cupere.

1956 5701 1978 5729 ι
2003 5706 2126 5758 ηδε..
2151 5697 2354 5747 lucrum.
3041 5697 3049 5703 '
3329 5703 3398 5758 g/

2524 5780 2920 5864 /Dt'.r-srpt./
