3922 6192
485 244 594 303 δ’ἳὸ

447 559 454 570 ·
482 547 721 618 qurerite,
753 545 871 615 plus
899 544 1083 599 nolite.
1112 541 1314 598 Caetera
1342 550 1582 613 gravant,
1610 557 1716 596 non
1745 541 2052 606 sublevant;

480 645 739 703 onerant,
768 651 872 690 non
900 634 1180 691 honorant.
1215 634 1446 699 Quantus
1483 649 1728 706 magnus,
1763 634 1918 702 pietas
1943 648 2057 686 cum

478 729 787 798 suﬁicicntia.
829 728 886 783 in
928 728 1113 799 primis
1155 718 1331 798 pietas.
1379 727 1553 781 Pietas
1595 734 1677 781 est
1723 725 1816 780 Dei
1859 725 2052 778 cultus.

465 817 653 871 'I’ietas
695 833 810 871 cum
847 817 1157 888 saﬁicieritia.
1193 815 1342 871 Nihil
1378 817 1508 870 enim
1541 816 1804 870 intulimus
1830 816 1884 868 in
1920 815 2056 867 hunc

476 907 740 963 mundum.
771 912 848 963 An
879 909 1095 963 attulisti
1126 909 1228 964 huc
1251 908 1486 978 aliquid?
1513 908 1616 963 Sed
1646 921 1747 962 nec
1770 919 1883 971 vos,
1915 905 2052 961 divi-

475 1008 576 1065 tes,
608 999 806 1070 aliquid
831 999 1094 1054 attulistis.
1121 999 1311 1055 Totum
1340 999 1425 1071 hic
1450 999 1743 1065 invenistis,
1773 1012 1893 1053 eum
1917 1013 2051 1069 pau-

474 1094 690 1165 pet-ibus
737 1094 862 1150 nudi
910 1095 1015 1149 nati
1062 1095 1212 1150 estis.
1261 1094 1568 1150 Communis
1609 1100 1691 1146 est
1735 1092 1786 1145 in
1827 1099 2050 1160 utroque

473 1188 753 1241 infirmitas
782 1190 1052 1256 corporis;
1097 1187 1394 1241 communis
1434 1185 1672 1256 vagitus,
1718 1184 2047 1238 miseriarum

457 1281 640 1334 'testis.
678 1279 822 1333 Nihil
847 1281 976 1333 enim
1002 1280 1260 1334 intulimus
1285 1280 1336 1332 in
1364 1279 1496 1332 hunc
1517 1277 1754 1331 mundum
1779 1275 2047 1350 (pauperi-

470 1371 567 1424 bus
588 1372 870 1442 loquitur);
893 1372 981 1426 sed
1002 1388 1089 1425 nec
1107 1375 1306 1442 auferre
1324 1371 1514 1442 aliquid
1533 1385 1815 1441 possumus.
1852 1369 2046 1422 Victum

468 1471 516 1514 et
553 1472 886 1532 tegumentum
926 1463 1191 1527 habentes,
1224 1464 1301 1517 his
1335 1463 1550 1516 contenti
1584 1462 1760 1516 simus.
1795 1459 1932 1514 Nam
1959 1463 2045 1532 qui

466 1554 637 1605 rolunt
658 1553 831 1606 divites
852 1553 981 1621 ﬁeri.
1008 1553 1106 1619 Qui
1126 1552 1297 1607 volunt
1317 1553 1428 1621 ﬁeri
1443 1571 1453 1617 ;
1481 1568 1605 1618 non,
1627 1551 1724 1620 Qui
1747 1562 1888 1607 sunt.
1911 1551 2042 1606 Nam

467 1643 554 1710 qui
575 1652 728 1708 sunt,
753 1645 874 1695 sint.
903 1642 1052 1709 Quod
1079 1643 1143 1698 ad
1169 1641 1286 1698 illos
1307 1645 1535 1713 pertinet
1553 1643 1856 1708 audierunt,
1889 1652 1944 1697 ut
1965 1643 2044 1696 di-

431 1727 442 1742 ’
465 1735 585 1786 rites
605 1734 703 1787 sint
725 1734 776 1787 in
797 1735 1026 1803 operibus
1046 1734 1205 1797 bonis,
1225 1735 1380 1807 facile
1397 1735 1632 1798 tribuant,
1654 1735 2036 1788 communicent.

535 1821 760 1877 CAPUT
797 1821 884 1876 Vl.
926 1853 999 1862 —
1037 1824 1327 1878 Audiertm't
1364 1825 1483 1894 ipsi.
1525 1824 1631 1879 Vos
1669 1825 1760 1894 qui
1801 1825 2036 1879 nondum

464 1915 612 1978 estis,
640 1915 836 1969 audite.
871 1913 969 1981 Qui
993 1916 1159 1969 voitmt
1189 1915 1363 1969 divites
1390 1916 1521 1984 ﬁeri,
1550 1917 1778 1970 incidunt
1801 1917 1852 1970 in
1875 1925 2037 1970 tenta-

465 2006 646 2059 tioncm
673 2016 720 2060 et
760 2006 992 2075 laqueos,
1041 2016 1088 2060 et
1133 2007 1379 2059 desideria
1423 2006 1582 2060 multa
1625 2015 1670 2060 et
1708 2008 1879 2060 noxia.
1919 2006 2036 2061 Non

465 2098 697 2153 timetis?
727 2097 919 2152 Audite
941 2097 1080 2168 quod
1103 2098 1340 2167 sequitur
1367 2115 1383 2154 :
1412 2099 1536 2163 Qua:
1557 2110 1784 2170 mergunt
1812 2101 2037 2154 homines

459 2192 513 2243 in
533 2185 784 2243 interitum
813 2200 857 2243 et
887 2188 1231 2260 perditionem.
1261 2188 1377 2244 Non
1404 2189 1590 2244 times?
1615 2189 1786 2244 Radix
1813 2199 1883 2245 est
1906 2191 2036 2244 enim

461 2282 681 2336 omnium
707 2287 954 2335 malorum
979 2281 1206 2334 rruaritt'a.
1245 2280 1476 2335 Avaritia
1503 2289 1616 2346 est,
1647 2281 1782 2336 velle
1808 2295 1926 2336 esse
1953 2283 2036 2336 di-

459 2375 641 2436 vitem,
673 2388 776 2426 non
801 2373 912 2442 jam
942 2387 1060 2426 esse
1086 2371 1327 2426 divitem.
1361 2372 1475 2441 Ipsa
1502 2380 1583 2426 est
1607 2373 1845 2426 avaritia.
1873 2373 2032 2444 Mergi

459 2471 565 2517 no'u
597 2464 751 2517 times
790 2464 843 2516 in
883 2463 1152 2517 interitum
1197 2470 1250 2517 et
1291 2461 1679 2531 perditionem?
1724 2463 1836 2517 Non
1881 2463 2035 2519 times

459 2551 692 2606 radicem
735 2551 968 2605 omnium
1013 2552 1271 2605 malorum
1319 2551 1629 2607 avaritiam?
1673 2552 1747 2607 De
1786 2567 1913 2624 agro
1944 2563 2034 2608 tuo

453 2644 718 2713 exstirpas
737 2643 970 2698 radicem
995 2643 1284 2713 spinarum,
1308 2651 1360 2697 et
1381 2657 1484 2697 non
1506 2644 1764 2714 cxstirpas
1783 2644 1850 2700 de
1871 2643 2032 2700 corde

455 2745 547 2790 tuo
591 2733 822 2790 radicem
872 2734 1127 2788 malarum
1175 2733 1559 2803 cupiditatum?
1605 2735 1804 2806 Purgas
1847 2751 2028 2807 agrum

448 2835 632 2890 tuum,
662 2826 801 2880 umlc
834 2824 1058 2879 fructum
1085 2825 1256 2895 capiat
1286 2834 1469 2879 venter
1500 2833 1650 2890 tuus;
1687 2836 1738 2880 et
1769 2843 1872 2880 non
1904 2844 2029 2897 pur-

454 2927 548 2991 gas
571 2935 663 2974 cor
689 2927 835 2974 tuum
856 2960 871 2982 ,
906 2919 992 2973 ubi
1023 2917 1226 2973 habitet
1249 2919 1387 2974 Deus
1415 2919 1570 2973 tuus?
1608 2919 1775 2974 Radix
1802 2930 1872 2975 est
1898 2921 2030 2975 enim

444 3000 675 3067 euntium
708 3014 956 3066 malorum
991 3013 1200 3066 avaritia
1231 3027 1250 3066 :
1276 3029 1423 3084 quam
1447 3014 1651 3084 quidam
1678 3025 1932 3086 sequentes
1951 3057 1964 3081 ,
1995 3033 2028 3070 a

452 3107 554 3175 [ide
595 3115 997 3177 percrraverunt,
1042 3114 1089 3158 et
1133 3105 1445 3159 inseruerunt
1479 3123 1532 3160 se
1564 3106 1820 3162 doloribus
1855 3107 2026 3164 multis

446 3195 505 3270 (ri
539 3194 665 3249 Tim.
695 3212 776 3260 vt,
810 3195 1000 3261 174-19,
1033 3195 1208 3265 6-10).

521 3279 572 3340 7.
607 3285 892 3342 Conclusio.
938 3287 1171 3341 Audistis
1208 3287 1330 3357 quid
1373 3286 1592 3354 faciatis,
1638 3288 1858 3344 audistis
1897 3289 2021 3359 quid

443 3379 696 3440 timentis,
725 3380 945 3435 audistis
973 3379 1110 3434 unde
1139 3390 1344 3434 ematur
1374 3395 1592 3450 regnum
1619 3382 1895 3447 caelorum,
1923 3395 2021 3436 au-

445 3470 596 3525 distis
633 3471 768 3525 unde
806 3470 1121 3540 impediatur
1162 3487 1380 3540 regnum
1421 3472 1700 3526 caelorum.
1739 3472 1936 3527 Omnes
1967 3473 2019 3527 in

443 3561 606 3616 verbo
646 3561 734 3615 Dei
763 3561 1096 3615 concordate.
1128 3561 1193 3616 Et
1223 3561 1434 3616 divitem
1463 3571 1518 3616 et
1557 3569 1836 3632 pauperem
1879 3562 2018 3619 Deus

444 3653 584 3708 fecit.
624 3652 889 3722 Scriptura
922 3654 1150 3721 loquitur
1179 3671 1191 3706 :
1227 3652 1373 3707 Dives
1401 3662 1448 3706 et
1476 3671 1668 3724 pauper
1695 3664 2016 3709 occurrerunt

438 3745 568 3809 sibi;
597 3743 712 3812 {ec-it
737 3755 903 3797 autem
929 3741 1098 3796 ambos
1125 3741 1364 3797 Dominus
1393 3743 1569 3812 (Prov.
1595 3761 1727 3810 χχιι,
1753 3743 1832 3816 2).
1863 3744 2016 3799 Diues

351 3900 358 3907 .
439 3846 485 3888 et
508 3852 699 3906 panper
716 3843 1039 3887 occurrerunt
1065 3835 1174 3887 sibi.
1209 3833 1262 3887 lu
1291 3849 1392 3904 qua
1413 3835 1515 3897 via.
1546 3835 1645 3891 nisi
1672 3836 1722 3890 in
1751 3836 1848 3890 ista
1874 3837 2014 3891 vita?

435 3923 599 3979 Natus
627 3933 706 3980 est
735 3924 912 3990 dives,
947 3932 1098 3977 natus
1125 3932 1206 3977 est
1244 3939 1460 3993 panper.
1507 3925 1823 3980 Occurristis
1861 3927 2012 3984 vobis

402 4001 630 4088 :pariter
659 4015 988 4070 ambulantes
1027 4016 1186 4069 viam.
1225 4015 1303 4070 Tu
1350 4017 1457 4070 noli
1496 4033 1772 4086 premere,
1817 4027 1869 4073 tu
1901 4019 2010 4075 noli

432 4108 697 4163 lraudare.
733 4105 834 4161 Iste
859 4119 998 4177 eget,
1028 4107 1114 4161 ille.
1138 4105 1315 4163 habet.
1343 4107 1486 4162 Fecit
1509 4118 1675 4162 autem
1703 4109 1875 4164 ambos
1899 4110 2010 4165 Do-

431 4198 615 4252 minus.
650 4198 750 4252 Per
787 4214 908 4252 eum
939 4199 1027 4268 qui
1059 4199 1249 4263 habet,
1274 4199 1422 4269 juvat
1449 4210 1688 4269 egentem
1721 4218 1733 4255 :
1761 4216 1856 4273 per
1883 4216 2003 4256 eum

1711 243 1765 297 S.
1812 242 2172 298 AUGUSTINI
2215 247 2510 305 EPISCOPI

410 379 424 422 ,ι
482 363 972 420 «livitibus‘domum
994 341 1129 427 ﬁ‘scd
1150 358 1356 415 habetis
1375 374 1654 414 commune
1673 359 1886 422 calum,
1915 373 2060 412 com-

485 469 698 510 munem
734 454 926 509 lucem.
967 449 1348 506 Sufﬁcientiam
1391 449 1641 520 qumrite.
1681 447 1824 520 quod
1866 447 2060 502 sufficit

3631 261 3714 316 5'24

2173 360 2312 417 Deus
2344 373 2526 419 noster
2555 365 2776 435 perdere
2822 383 2918 424 nos
2942 369 3106 426 voluit
3133 385 3224 428 res
3248 381 3492 429 nostras:
3521 374 3559 428 si
3603 377 3714 432 bene

2169 452 2519 522 intelligatur,
2574 466 2629 510 et
2681 457 2766 528 pie
2802 459 3101 528 credatur,‘
3144 472 3198 516 et
3224 461 3415 518 devote
3461 465 3713 535 accipiatur

2165 544 2306 614 quod
2339 555 2658 618 praeceptum
2705 558 2789 606 est
2813 552 2998 618 nobis;
3053 568 3158 610 non
3204 555 3358 612 nobis
3406 560 3636 627 pra‘cepn
3667 568 3713 616 ut

2165 634 2541 704 perderemus,
2591 639 2684 694 sed
2739 641 2914 697 locum
2963 644 3199 700 ostendit
3254 646 3346 702 ubi
3401 664 3709 719 poneremus.

2162 724 2331 780 Nemo
2355 729 2495 782 enim
2548 739 2722 797 potest
2749 733 2847 787 nisi
2876 735 3109 804 cogitare
3133 735 3200 792 de
3243 737 3494 794 thesauro
3520 757 3633 805 suo,
3670 753 3712 797 et

2160 815 2387 882 quodam
2415 818 2588 872 cordis
2615 820 2802 876 itinere
2825 822 3034 880 divitias
3075 841 3199 881 suas
3226 829 3398 898 sequi.
3439 828 3494 883 Si
3517 845 3629 900 ergo
3669 832 3710 884 iu

2157 913 2298 959 terra
2326 907 2652 972 obruuntur,
2683 912 2787 965 ima
2819 914 2947 982 petit
2967 928 3063 969 cor
3090 933 3105 970 :
3131 915 3178 971 si
3209 926 3387 972 autem
3418 918 3468 972 in
3501 920 3625 974 cutio
3651 938 3722 974 re-

2156 1005 2473 1065 servantur,
2519 1014 2734 1055 sursum
2781 1003 2883 1058 erit
2907 1018 3022 1059 eor.
3065 1003 3125 1061 Si
3151 1020 3282 1076 ergo
3334 1010 3520 1063 volunt
3563 1009 3716 1064 [ιιι-ειη

2153 1085 2436 1142 Christiani
2485 1090 2628 1160 quod
2676 1103 2874 1149 norunt
2919 1108 2980 1150 se
3016 1096 3175 1151 etiam
3229 1099 3470 1168 profiteri
3512 1118 3524 1154 :
3566 1118 3716 1169 neque

2147 1180 2293 1233 enim
2324 1179 2424 1235 hoc
2451 1197 2637 1238 omnes
2664 1186 2753 1254 qui
2782 1186 3002 1242 audiunt
3028 1197 3323 1254 noverunt;
3354 1200 3513 1261 atque
3536 1194 3710 1248 utinam

2152 1286 2256 1325 non
2305 1271 2496 1328 frustra
2526 1279 2800 1342 noverint,
2847 1279 2937 1349 qui
2974 1288 3278 1337 noverunt:
3309 1282 3395 1352 qui
3444 1299 3568 1352 ergo
3617 1287 3710 1340 vult

2149 1376 2245 1416 cor
2269 1377 2478 1418 sursum
2508 1365 2736 1435 habere,
2769 1368 2838 1423 ibi
2863 1410 2876 1434 ,
2911 1371 2982 1425 ibi
3011 1380 3172 1441 ponat
3211 1373 3350 1442 quod
3375 1384 3550 1439 amat;
3595 1384 3643 1430 et
3667 1378 3709 1429 in

2147 1461 2289 1507 terra
2320 1455 2522 1524 positus
2567 1471 2761 1524 carne,
2793 1473 2915 1514 cum
2963 1459 3178 1516 Christo
3205 1461 3405 1518 habitet
3450 1463 3638 1518 corde:
3667 1476 3711 1518 et

2148 1543 2285 1597 sicut
2315 1543 2608 1601 Ecclesiam
2633 1551 2904 1617 praecessit
2930 1561 3088 1622 caput
3116 1553 3232 1622 ejus
3251 1593 3266 1621 ,
3287 1554 3364 1608 sic
3384 1555 3709 1610 christianum

2147 1634 2412 1702 praecedat
2437 1651 2530 1691 cur
2553 1639 2687 1708 ejus.
2716 1639 2994 1707 Quomodo
3022 1643 3260 1708 membra
3303 1645 3438 1700 itura
3473 1656 3594 1700 sunt
3619 1663 3712 1716 qtto

2145 1726 2418 1793 praecessit
2441 1738 2598 1797 caput
2622 1728 2865 1807 Christus
2882 1771 2898 1798 ,
2927 1731 3006 1787 sic
3034 1732 3224 1788 iterum
3252 1749 3536 1806 resurgens
3563 1736 3714 1792 iturus

2143 1824 2226 1868 est
2252 1831 2358 1885 quo
2397 1833 2538 1872 nunc
2581 1821 2917 1888 prmeesserit
2960 1837 3054 1878 cor
3083 1823 3334 1880 hominis.
3374 1826 3569 1882 Eamus
3596 1843 3714 1897 ergo

2143 1904 2300 1972 hinc,
2347 1921 2411 1962 ex
2455 1924 2559 1979 qua
2588 1919 2739 1980 parte
2765 1926 3089 1981 possumus:
3121 1923 3373 1984 sequetur
3417 1925 3582 1971 totum
3623 1934 3712 1972 uo-

2141 2003 2312 2050 strum
2354 2012 2460 2067 quo
2486 2002 2819 2068 prmeesscrit
2845 2002 3046 2072 aliquid
3085 2013 3348 2060 nostrum.
3389 2005 3713 2089 Domus.ter-

2141 2101 2268 2141 rcna
2297 2088 2512 2143 ruinosa
2560 2099 2643 2146 est
2675 2110 2689 2145 :
2719 2091 2907 2148 domus
2951 2094 3186 2152 coelestia
3209 2103 3409 2151 aeterna
3452 2106 3553 2153 est.
3599 2088 3713 2165 Quo

2140 2180 2322 2234 venire
2349 2179 2676 2250 disponimus
2695 2224 2709 2249 ,
2736 2193 2860 2240 ante
2885 2186 3194 2256 migremus.

2209 2271 2436 2328 CAPUT
2474 2272 2537 2328 ll.
2561 2304 2629 2315 —
2653 2275 2711 2329 2.
2740 2273 3019 2332 Consilium
3059 2278 3239 2334 salutis
3269 2289 3437 2352 petens
3460 2321 3477 2348 ,
3508 2297 3597 2336 nec
3633 2283 3713 2337 lu-

2139 2363 2306 2416 benter
2329 2364 2558 2418 audiens.
2587 2363 2724 2420 Deus
2762 2367 2871 2437 ipse
2895 2379 3058 2423 servat
3100 2371 3236 2440 quod
3283 2373 3496 2441 pauperi
3543 2373 3711 2427 datur.

2137 2453 2450 2511 Audivimns
2475 2456 2693 2513 divitem
2744 2459 3025 2529 quemdam
3053 2475 3084 2514 a
3109 2461 3251 2518 bono
3297 2464 3550 2534 magistro
3574 2480 3714 2534 qure-

2137 2554 2340 2600 rentem
2360 2548 2638 2603 consilium
2665 2549 3022 2620 adipiscenda:
3046 2551 3171 2608 vitae
3191 2561 3423 2608 atteram.
3467 2554 3712 2625 Magnum

2135 2647 2250 2692 erat
2274 2639 2415 2708 quod
2455 2638 2698 2708 amabat,
2729 2652 2784 2696 et
2811 2643 2915 2698 vile
2941 2653 3059 2699 erat
3081 2644 3220 2715 quod
3246 2655 3588 2703 contemnere
3617 2665 3714 2704 no-

2134 2727 2298 2784 lebat.
2327 2730 2508 2801 Itaque
2544 2746 2797 2802 perverso
2821 2734 2982 2790 corde
3003 2735 3226 2791 audiens
3253 2753 3408 2807 quem
3431 2737 3542 2808 jam
3569 2739 3715 2795 dixe-

2130 2829 2216 2875 rat
2242 2823 2553 2892 magistrum
2601 2825 2798 2880 bonum
2823 2867 2838 2893 ,
2871 2828 3075 2897 majore
3100 2844 3283 2885 amore
3311 2831 3555 2897 vilitatis,
3597 2848 3716 2902 pos-

2131 2912 2424 2967 sessionem
2471 2914 2700 2982 perdidit
2739 2916 3036 2973 charitatis.
3086 2919 3198 2976 Nisi
3251 2920 3411 2974 vitam
3460 2930 3716 2978 mternam

2129 3003 2382 3074 consequi
2413 3004 2604 3072 vellet,
2653 3008 2932 3063 consilium
2971 3009 3039 3066 de
3083 3011 3324 3067 habenda
3363 3013 3466 3067 vita
3517 3025 3716 3071 :eterna

2130 3109 2235 3149 non
2266 3097 2583 3167 requireret.
2607 3098 2742 3167 Quid
2769 3115 2897 3171 ergo
2920 3111 3029 3167 est,
3070 3103 3262 3159 fratres
3282 3145 3297 3167 ,
3328 3113 3386 3159 ut
3410 3105 3573 3160 verba
3599 3107 3716 3176 ejus

2125 3202 2285 3257 quem
2330 3192 2640 3261 magistrum
2684 3194 2880 3249 bonum
2922 3194 3037 3264 ipse
3060 3195 3298 3262 dixerat,
3341 3197 3409 3253 de
3433 3198 3577 3254 lidcli
3615 3200 3716 3255 do-

2126 3278 2296 3332 ctrina
2321 3280 2418 3334 sibi
2445 3281 2756 3352 deprompta
2787 3287 3107 3354 respueret?
3134 3286 3381 3358 Magister
3421 3289 3512 3346 ille
3542 3289 3718 3347 bonus

2124 3377 2205 3422 est
2231 3379 2512 3440 antequam
2539 3372 2762 3439 doceat;
2792 3389 2912 3430 cum
2956 3376 3234 3445 docuerit,
3284 3380 3492 3436 malus?
3538 3383 3718 3438 Ante-

2123 3475 2278 3530 quam
2303 3461 2549 3530 doceret,
2600 3465 2772 3522 dictus
2814 3479 2895 3522 est
2922 3468 3113 3524 bonus.
3161 3470 3279 3526 Non
3319 3472 3522 3528 audivit
3563 3475 3714 3545 quod

2122 3553 2317 3619 Voluit,
2347 3555 2439 3610 sed
2468 3559 2668 3612 audivit
2695 3559 2836 3630 quod
2865 3561 3078 3617 debuit:
3107 3562 3420 3620 desiderans
3447 3576 3677 3620 venerat
3699 3609 3715 3627 .

2120 3643 2214 3698 sed
2267 3645 2432 3699 tristis
2458 3648 2734 3703 abscessit.
2765 3650 2934 3717 Quid,
2985 3651 3029 3706 si
3077 3653 3125 3707 ei
3180 3653 3484 3719 diceretur,
3533 3657 3719 3714 Perde

2117 3734 2257 3803 quod
2289 3735 2499 3792 habch
2546 3739 2758 3808 quando
2786 3741 2952 3796 tristis
2999 3743 3285 3810 abscessit,
3335 3747 3458 3815 quia
3501 3747 3718 3803 dictum

2117 3834 2236 3892 est,
2287 3827 2430 3882 Bene
2475 3842 2627 3884 serva
2653 3830 2793 3899 quod
2825 3830 3010 3886 babes.
3072 3832 3240 3901 Vade,
3289 3836 3495 3906 inquit,
3549 3839 3722 3893 stende

2115 3918 2285 3970 omnia
2310 3935 2424 3988 qua:
2448 3919 2598 3974 habes
2617 3963 2630 3986 ,
2679 3932 2726 3976 et
2757 3923 2841 4001 da
2888 3925 3211 3995 pauperibus.
3258 3924 3418 3982 Forte
3448 3928 3614 3983 times
3645 3943 3724 3983 ne

2115 4009 2346 4077 perdas?
2370 4009 2504 4067 Vide
2530 4013 2656 4083 quid
2685 4015 2928 4084 sequitur
2955 4033 2968 4070 :
2999 4014 3069 4069 Et
3092 4017 3311 4072 habebis
3330 4019 3637 4072 thesaurum
3661 4021 3724 4073 in

2111 4098 2254 4152 ciale.
2280 4100 2563 4158 Custodem
2596 4105 2686 4160 tibi
2715 4104 3085 4161 thesaurorum
3113 4116 3321 4162 tuorum
3352 4109 3490 4163 forte
3512 4123 3728 4164 servu-

2110 4187 2219 4242 lum
2247 4190 2475 4261 aliquem
2502 4195 2801 4261 posuisses:
2826 4205 3006 4252 custos
3026 4197 3139 4252 auri
3162 4199 3234 4252 tui
3259 4199 3360 4253 erit
3387 4199 3530 4254 Deus
3559 4209 3723 4254 tuus.

427 4290 517 4360 qui
563 4305 667 4344 non
707 4289 891 4354 habet,
941 4290 1126 4358 probat
1154 4289 1454 4345 habentem.
1487 4290 1831 4357 Audivimus,
1861 4292 1999 4346 dixi-

427 4394 544 4432 mus
574 4396 586 4430 :
618 4379 897 4432 timeamus
920 4378 959 4441 ¹,
993 4385 1302 4441 caveamus,
1331 4390 1543 4435 oremus
1563 4423 1578 4446 ,
1608 4384 1996 4451 perveniamus.

873 4485 1102 4544 SERMO
1142 4487 1557 4563 Lxxxvrm.

424 4599 678 4654 Dererbts
722 4598 985 4672 Evangelii
1030 4597 1294 4666 καίρια-ἱ,
1340 4617 1454 4673 cap.
1489 4619 1620 4669 nx,
1659 4605 1762 4670 2t,
1815 4608 1988 4676 Vade,

480 4687 651 4742 vende
677 4689 856 4742 omnia
879 4705 998 4760 qua!
1017 4689 1181 4745 babes
1199 4731 1214 4756 ,
1243 4700 1297 4747 ct
1322 4691 1387 4746 da
1413 4695 1729 4764 pauperibus
1759 4698 1798 4762 ³,
1831 4708 1925 4753 etc.

483 4800 709 4858 CAPUT
746 4800 1028 4860 PRIMUM.
1045 4833 1117 4845 -——
1145 4804 1194 4858 1.
1227 4803 1516 4861 Thesams
1533 4809 1586 4863 in
1608 4811 1731 4864 caelo
1748 4828 1991 4882 reponen-

413 4898 529 4947 dus.
577 4891 792 4948 Sursum
839 4909 943 4948 cor.
994 4893 1336 4966 Evangelium
1397 4912 1496 4954 nos
1565 4901 1838 4958 admonuit
1907 4905 1985 4958 le-

386 4984 586 5040 ‘etioue
631 4987 912 5054 prmsenti,
944 4987 1012 5042 de
1057 4989 1304 5043 thesauro
1329 4990 1533 5065 cmlesti
1563 4992 1703 5063 loqui
1729 4993 1984 5052 Cltaritati

411 5085 625 5132 vestrae.
673 5078 854 5150 Neque
891 5079 1066 5145 enim,
1124 5079 1260 5136 sicut
1296 5082 1535 5139 inﬁdeles
1571 5087 1715 5141 avari
1769 5099 1980 5158 putant,

412 5266 418 5271 _
469 5210 485 5271 ξ
510 5205 809 5260 Colbertinus
824 5218 926 5270 Ms,
950 5221 1205 5265 teneamus.

466 5270 859 5340 itaquibusmttn
882 5271 1017 5340 libris
1033 5276 1329 5340 inscribitur,
1354 5277 1416 5327 de
1449 5279 1646 5332 tuaritia
1677 5291 1723 5332 et
1753 5292 1977 5340 Luxuria.

397 5335 454 5380 In
473 5332 766 5403 φρει-αφ,
788 5334 852 5385 de
879 5334 1114 5403 Thesauro
1135 5332 1331 5403 cretesti.
1357 5341 1616 5403 \‘indiugus
1629 5332 1982 5401 autemet-{nul

401 5394 588 5500 ﬁtstt'i'r'ili)
606 5397 788 5466 verbis,
821 5410 870 5445 n.
918 5397 994 5459 17,
1027 5399 1386 5468 inscribendum
1416 5394 1614 5465 censvet,
1651 5394 1980 5471 devinciendis

425 5466 482 5500 ,ρ
587 5467 732 5500 simu.

425 5492 432 5499 .
439 5465 717 5505 remeantis
723 5493 732 5505 .

465 5468 811 5586 ζιέξιοὲἕιῖιῖνὶξ
826 5519 1081 5569 habuimus
1120 5521 1210 5570 tria
1242 5523 1352 5586 seri;
1372 5530 1436 5585 ta,
1478 5526 1662 5578 scilicet
1707 5531 1764 5579 ci.
1808 5535 1883 5582 eb.
1931 5550 1970 5586 s.

400 5585 506 5621 cum
532 5581 724 5630 excusis
747 5579 880 5630 vlim.
900 5589 1001 5632 Par.
1023 5590 1076 5632 et
1097 5589 1204 5634 Lov.

458 5635 533 5696 (α)
555 5636 695 5699 Alias,
714 5641 778 5691 de
801 5643 1011 5695 Diversis
1032 5644 1111 5692 45.

2107 4278 2206 4344 Qui
2233 4280 2382 4335 dedit
2409 4282 2462 4336 in
2486 4292 2624 4338 terra
2645 4326 2659 4349 ,
2690 4286 2802 4354 ipse
2826 4292 3004 4342 servat
3029 4288 3082 4342 in
3102 4289 3260 4344 ctelo.
3295 4289 3572 4346 Fortassis
3603 4309 3726 4347 mm

2104 4369 2398 4427 dubitasset
2440 4375 2528 4430 ille
2572 4375 2787 4432 Christo
2813 4380 3190 4436 commendare
3240 4381 3381 4451 quod
3425 4381 3725 4452 habebat,

2101 4469 2158 4514 et
2186 4461 2306 4517 ideo
2329 4467 2672 4522 contristatus
2692 4477 2773 4522 est
2791 4511 2806 4535 ,
2835 4470 2957 4540 quia
2995 4471 3192 4526 dictum
3231 4482 3314 4528 est
3342 4475 3392 4528 ei
3414 4516 3428 4539 ,
3457 4474 3541 4528 Da
3578 4495 3724 4544 part-

2100 4552 2341 4622 peribus:
2388 4567 2631 4626 tanquam
2665 4559 2716 4612 in
2759 4561 2919 4616 corde
2960 4577 3058 4617 suo
3097 4563 3310 4631 dicens,
3357 4567 3412 4621 Si
3445 4567 3684 4625 diceres
3707 4624 3726 4649 ,

2098 4642 2174 4696 [)a
2221 4644 2382 4712 mihi,
2408 4649 2619 4717 egotibi
2663 4649 2718 4703 in
2759 4651 2896 4706 male
2923 4654 3178 4721 servabo;
3236 4671 3342 4710 non
3386 4642 3728 4716 dubitare-ni

2094 4733 2225 4788 dare
2273 4735 2497 4791 Domino
2539 4754 2693 4807 meo,
2725 4742 2984 4810 magistro
3008 4743 3151 4800 bono
3179 4764 3192 4799 :
3223 4763 3366 4803 nunc
3389 4759 3589 4806 autem
3620 4752 3717 4806 dio

2092 4824 2216 4878 xisti
2235 4867 2249 4886 ,
2298 4824 2376 4878 Da
2401 4830 2724 4898 pauperibus.

2161 4915 2387 4972 CAPUT
2423 4916 2510 4972 lil.
2537 4949 2608 4960 -—
2641 4921 2692 4977 3.
2731 4920 2872 4977 Deus
2915 4925 2969 4979 in
3015 4943 3235 4998 paupere
3275 4931 3477 5002 accipit.
3514 4932 3730 4990 Fenm

2091 5009 2233 5080 pium
2262 5017 2308 5062 et
2343 5013 2490 5081 {enus
2537 5013 2782 5084 iniquum.
2821 5014 2992 5072 Nemo
3043 5019 3224 5074 timeat
3274 5036 3497 5093 erogare
3556 5042 3727 5096 pau-

2091 5100 2334 5168 peribus;
2363 5117 2520 5157 nemo
2545 5114 2692 5172 putet
2705 5119 2825 5160 eum
2841 5107 3084 5178 accipere
3097 5109 3250 5179 cujus
3270 5127 3486 5168 manum
3511 5117 3725 5174 videt.

2088 5189 2180 5247 Ille
2206 5193 2399 5263 accipit
2424 5196 2513 5264 qui
2533 5196 2692 5265 jussit
2715 5207 2779 5251 ut
2815 5197 2995 5254 dares.
3038 5199 3223 5272 Neque
3265 5202 3369 5259 hoc
3395 5220 3462 5259 es
3488 5218 3728 5264 nostro

2084 5285 2249 5339 corde
2278 5296 2367 5340 aut
2399 5285 2630 5342 humana
2676 5287 2984 5358 conjectura
3028 5292 3256 5348 dicimus
3288 5313 3301 5348 :
3335 5296 3509 5367 ipsum
3556 5300 3730 5356 audi

2083 5384 2136 5431 et
2159 5385 2209 5431 te
2236 5388 2539 5434 monentem
2561 5421 2576 5443 ,
2607 5389 2661 5435 et
2687 5381 2778 5436 tibi
2804 5384 3141 5440 securitatem
3163 5387 3505 5444 scribentem.
3543 5391 3729 5447 Esa-

2081 5470 2175 5521 rivi
2195 5508 2210 5534 ,
2245 5469 2445 5539 inquit,
2475 5481 2521 5525 et
2549 5471 2758 5528 dedistis
2785 5477 2910 5529 mihi
2936 5477 3255 5534 manducare.
3286 5480 3354 5535 Et
3380 5497 3504 5536 cum
3539 5502 3727 5541 cnu-

2082 5561 2297 5615 meratis
2323 5559 2510 5615 ofﬁciis
2539 5577 2721 5617 eorum
2751 5565 3149 5634 reSpondissent
3167 5610 3181 5633 ,
3216 5569 3434 5633 Quando
3463 5581 3516 5625 te
3541 5577 3730 5629 uidi—

2081 5673 2190 5710 mus
2217 5654 2546 5711 esurientem?
2586 5654 2675 5712 ille
2709 5659 3019 5729 respondit,
3043 5659 3167 5716 Cum
3201 5662 3288 5717 ani
3331 5680 3394 5719 ex
3442 5671 3734 5725 nummi:
