3922 6192
265 293 360 349 595

262 410 373 463 meis
396 405 615 479 fecistis,
652 405 777 459 mihi
806 405 1007 473 fecistis.
1040 403 1303 461 Mendicat
1327 414 1544 474 pauper,
1577 400 1668 458 sed
1703 400 1840 455 acci-

260 503 326 573 pit
349 499 497 554 dives
529 515 542 552 :
573 497 669 552 das
694 499 743 552 ei
783 499 871 569 qui
910 505 1219 566 consumat,
1250 498 1442 568 accipit
1481 498 1568 553 il'e
1595 496 1681 567 qui
1716 496 1839 550 red-

256 593 356 649 dat.
389 592 575 662 Neque
601 589 703 645 hoc
733 590 1033 646 redditurus
1070 591 1212 662 quod
1258 592 1448 661 accipit
1479 609 1491 644 :
1520 589 1747 645 fenerari
1779 604 1837 643 se

256 683 437 748 voluit,
497 683 617 753 pius
661 681 918 752 pre-mittit
964 697 1121 752 quam
1166 682 1397 738 dederis.
1451 682 1652 737 Exsere
1694 688 1835 737 nunc

254 774 515 829 avaritiam
550 781 690 825 tuam
710 811 726 839 ,
761 781 812 826 te
854 778 981 842 puta
1006 773 1376 828 feneratorem.
1407 773 1563 829 Certe
1588 773 1632 828 si
1654 789 1829 840 esses,

255 861 603 934 objurgareris
646 860 714 915 ab
770 856 1046 929 Ecclesia,
1092 861 1442 946 confutareris
1487 864 1648 919 verbo
1705 864 1827 927 Dei,

253 960 653 1007 exsecrarentur
681 959 735 1006 te
777 965 965 1006 omnes
993 950 1183 1007 fratres
1227 953 1331 1019 tui,
1364 961 1611 1024 tanquam
1642 959 1830 1008 crude-

244 1043 342 1098 lem
370 1042 767 1107 feneratorem,
822 1041 889 1098 de
916 1043 1164 1115 lacrymis
1211 1046 1398 1100 alienis
1424 1046 1697 1117 acquirere
1736 1059 1829 1102 cu-

250 1132 493 1203 pientem.
523 1132 652 1187 Esto
682 1130 951 1188 fenerator
970 1175 985 1200 ,
1018 1149 1175 1190 nemo
1205 1145 1256 1189 te
1286 1121 1548 1205 proliibet.
1601 1137 1826 1210 Pauperi

249 1225 315 1278 ris
334 1224 462 1278 dare
481 1263 498 1289 ,
531 1223 618 1293 qui
650 1223 863 1294 quando
900 1224 1191 1281 reddiderit
1216 1227 1429 1297 plangat
1460 1246 1474 1281 :
1505 1228 1569 1283 da
1600 1228 1820 1294 idoneo,

246 1317 324 1389 qui
350 1317 509 1371 etiam
538 1317 782 1371 hortatur
802 1326 859 1371 ut
889 1317 1113 1387 recipias
1135 1318 1277 1389 quod
1306 1319 1584 1389 promittit.

307 1408 534 1465 CAPUT
565 1408 745 1463 lV.—
781 1409 836 1464 4.
878 1408 1011 1463 Deus
1038 1409 1305 1466 creditores
1354 1413 1460 1483 ipse
1500 1422 1555 1465 ut
1581 1414 1823 1486 recipiant

242 1502 477 1556 convenit.
521 1502 595 1555 Da
653 1501 798 1568 Deo,
829 1509 883 1555 et
935 1504 1159 1556 conveni
1204 1504 1393 1558 Deum.
1443 1504 1551 1559 lmo
1575 1505 1642 1561 da
1675 1507 1818 1573 Deo,

242 1600 288 1645 et
314 1601 367 1645 ut
392 1591 625 1661 recipias
663 1590 977 1646 conveneris
1006 1592 1044 1645 ⁸.
1071 1592 1227 1648 Certe
1275 1594 1327 1647 in
1360 1602 1498 1649 terra
1545 1597 1821 1665 qttmrcbas

240 1683 525 1736 debitorem
555 1691 701 1735 tuum
739 1701 751 1736 :
782 1683 1056 1753 quarrebat
1102 1692 1156 1738 et
1198 1684 1285 1739 ille
1308 1726 1322 1747 ,
1352 1685 1444 1739 sed
1495 1686 1582 1741 ubi
1611 1702 1671 1742 se
1699 1689 1819 1743 abs

238 1774 480 1827 conderet
501 1788 532 1826 a
562 1774 693 1828 facie
717 1782 821 1827 tua.
839 1772 1308 1842 Adierasjudicem
1331 1783 1383 1830 et
1406 1776 1617 1831 dixeras
1641 1796 1654 1834 :
1684 1777 1818 1835 Jube

239 1868 370 1920 ilium
420 1864 726 1920 debitorem
777 1880 953 1920 meum
985 1867 1279 1922 conveniri.
1337 1869 1426 1923 Ille
1470 1870 1652 1925 audito
1683 1871 1813 1937 hoc,

236 1957 483 2024 discedit,
520 1966 575 2013 et
616 1973 715 2013 nec
753 1958 987 2013 salutare
1020 1967 1070 2014 te
1091 1960 1280 2028 qua-rit
1311 1978 1324 2013 :
1355 1963 1441 2016 cui
1471 1960 1606 2018 forte
1640 1965 1815 2034 egenti

235 2051 444 2101 salutem
474 2047 868 2102 commodando
921 2050 1245 2119 pnestiteras
1275 2052 1315 2104 ’.
1363 2050 1535 2107 [labes
1573 2068 1701 2122 ergo
1728 2054 1814 2109 cui

234 2155 430 2209 (ιι-ωερε.
465 2140 541 2194 Da
584 2139 837 2205 Christo;
867 2139 980 2210 ipse
1009 2149 1060 2195 te
1089 2143 1338 2197 convenit
1368 2145 1535 2211 ultro,
1586 2154 1644 2200 ut
1673 2146 1813 2201 reci-

234 2230 365 2300 pias,
400 2239 457 2285 et
482 2231 767 2287 mirantem
796 2233 916 2302 quia
943 2232 1141 2304 aliquid
1162 2249 1189 2287 a
1219 2245 1270 2290 te
1289 2236 1514 2307 accepit.
1546 2237 1676 2293 Nam
1710 2239 1813 2294 illis

233 2322 287 2376 ad
309 2322 585 2378 dexteram
614 2323 802 2393 positis
831 2324 966 2378 ultro
992 2325 1106 2395 ipse
1136 2324 1276 2382 dicet
1307 2344 1317 2379 :
1353 2325 1544 2396 Venite,
1574 2329 1814 2385 benedicti

233 2413 391 2469 Patris
416 2414 533 2469 mei.
558 2414 715 2483 Quo?
746 2414 954 2481 Venite,
997 2418 1238 2487 percipite
1262 2435 1468 2491 regnum
1506 2419 1641 2489 quod
1678 2422 1812 2477 vobis

232 2515 449 2575 peratum
470 2517 546 2558 est
570 2507 635 2559 ab
659 2506 853 2577 origine
884 2508 1076 2561 mundi.
1111 2509 1214 2564 Pro
1243 2526 1343 2579 qua
1371 2509 1464 2566 re?
1491 2508 1696 2565 Esnrivi
1716 2554 1730 2576 ,
1762 2523 1811 2568 ct

230 2598 424 2653 dedistis
450 2598 578 2652 milu'
606 2600 943 2667 manducare;
964 2601 1097 2654 sitivi
1115 2644 1128 2666 ,
1152 2611 1197 2655 et
1225 2602 1432 2657 dedistis
1452 2603 1576 2657 nti/ti
1600 2614 1807 2675 polum;

230 2692 376 2745 nudus
401 2709 538 2745 cram
558 2734 574 2757 ,
597 2700 642 2745 et
669 2692 881 2748 vestistis
902 2709 1015 2755 me;
1037 2693 1238 2764 hospes,
1262 2704 1308 2749 et
1332 2695 1652 2763 adduxistis;
1677 2713 1810 2769 a'ger

225 2796 264 2838 et
292 2786 337 2838 in
365 2800 578 2840 carcere
598 2824 613 2849 ,
637 2793 683 2837 et
704 2785 960 2839 eisitastis.
1007 2784 1072 2840 Et
1104 2786 1174 2841 illi
1204 2805 1216 2841 :
1248 2785 1495 2852 Domine,
1535 2789 1736 2859 quando
1761 2799 1809 2844 te

224 2877 425 2929 ridimm
440 2874 469 2929 Ρ
490 2874 632 2943 Quid
655 2883 738 2930 est
765 2873 904 2930 hoc?
935 2874 1195 2932 Convenit
1222 2876 1460 2945 debitor,
1488 2887 1543 2933 et
1569 2878 1803 2933 credito-

224 2984 295 3022 res
318 2975 604 3023 excusant.
633 2965 752 3021 Non
783 2967 896 3022 vult.
924 2983 1019 3022 eos
1050 2967 1223 3024 lideiis
1246 2968 1456 3025 debitor
1478 2967 1605 3025 falli.
1639 2970 1800 3025 Reci-

225 3074 328 3128 pere
351 3058 657 3114 dubitatis?
705 3059 940 3128 Accepi,
988 3067 1040 3115 et
1081 3058 1367 3129 ignoratis?
1412 3060 1476 3116 Et
1516 3062 1802 3133 respondet

223 3151 657 3220 quemadmodum
702 3151 907 3220 accepit
934 3169 946 3204 :
979 3149 1107 3206 Cmn
1135 3153 1223 3205 uni
1245 3169 1307 3206 ex
1327 3153 1546 3209 minimis
1567 3156 1692 3210 meis
1718 3160 1798 3228 [e-

220 3245 357 3309 ristis,
401 3244 525 3298 mihi
560 3244 752 3315 fecistis
797 3241 1010 3314 (Matth.
1044 3259 1185 3310 xxv,
1228 3244 1437 3317 51-50).
1464 3245 1582 3302 Non
1611 3252 1797 3321 accepi

216 3352 295 3407 per
321 3352 452 3392 me:
486 3336 669 3404 accepi
690 3352 786 3406 per
814 3350 985 3390 meos.
1027 3335 1179 3403 Quod
1209 3336 1311 3391 illis
1337 3336 1518 3393 datum
1568 3349 1681 3406 est,
1727 3338 1821 3396 ad'

218 3445 289 3484 me
322 3429 610 3500 pervenit:
641 3425 816 3481 securi
848 3436 1054 3492 estote,
1107 3442 1210 3482 non
1247 3428 1570 3498 perdidistis.
1624 3430 1794 3486 Minus

218 3517 414 3576 idoneos
455 3516 814 3573 attendebatis
867 3516 919 3571 in
965 3527 1100 3572 terra
1133 3533 1144 3569 :
1176 3516 1427 3572 idoneum
1477 3518 1683 3575 habetis
1741 3522 1791 3575 in

217 3615 349 3668 αιιιο.
382 3614 536 3681 Ego,
560 3612 766 3683 inquit,
799 3611 980 3683 accepi
1001 3654 1016 3675 ,
1046 3626 1145 3681 ego
1173 3611 1411 3666 reddam.

271 3704 318 3758 5.
351 3703 497 3772 Quid
524 3719 621 3772 pro
646 3703 851 3756 terrenis
881 3701 1077 3755 reddat.
1108 3701 1177 3756 Et
1226 3701 1349 3772 quid
1408 3704 1632 3774 accepit?
1664 3705 1788 3776 quid

215 3793 390 3848 reddo?
431 3792 677 3861 Esuriri,
707 3793 909 3863 inquit,
953 3802 999 3846 et
1026 3791 1235 3845 dedistis
1280 3792 1406 3846 mihi
1447 3795 1785 3862 manducare,

212 3894 255 3939 et
276 3898 484 3942 cetera.
521 3885 744 3941 Terram
774 3885 952 3949 accepi
975 3927 991 3950 ,
1041 3883 1236 3940 malum
1262 3883 1443 3939 dabo:
1479 3888 1787 3957 temporalia

210 3979 369 4048 accepi
388 4021 407 4047 ,
436 3987 639 4033 mterua
681 3976 953 4032 restituam
981 3995 993 4030 :
1029 3972 1219 4046 panem
1261 3977 1479 4050 accepi,
1508 3979 1666 4035 vitam
1695 3980 1788 4035 da-

212 4067 286 4123 bo.
323 4069 434 4126 luto
459 4070 624 4124 etiam
667 4068 767 4127 ltoc
792 4067 1063 4134 dicamus,
1107 4067 1304 4122 Panem
1334 4069 1548 4139 accepi,
1593 4087 1784 4142 panem

210 4161 330 4217 dabo
355 4182 370 4219 :
412 4170 600 4232 potum
616 4160 821 4232 accepi,
847 4169 1028 4232 potum
1057 4159 1198 4215 dabo
1230 4178 1242 4214 :
1273 4161 1556 4231 bospitiutn
1581 4166 1782 4234 accepi,

209 4252 406 4308 deanam
437 4252 584 4308 dabo
614 4271 630 4306 :
680 4269 822 4323 ager
851 4253 1094 4307 visitatus
1123 4268 1278 4317 sum,
1327 4252 1551 4308 salutem
1597 4254 1736 4310 dabo
1765 4274 1781 4312 :

209 4344 255 4400 ia
274 4362 487 4403 carcere
516 4345 661 4402 visus
691 4361 807 4399 smn
827 4386 845 4413 ,
886 4344 1187 4402 libertatem
1228 4344 1388 4403 dabo.
1422 4346 1581 4402 Panis
1622 4364 1780 4419 quem

206 4436 412 4493 dedistis
463 4434 788 4509 pauperibus
836 4435 1003 4502 meis,
1055 4446 1407 4505 consumptus
1458 4446 1585 4494 est:
1628 4440 1780 4511 panis

204 4542 343 4596 quem
372 4543 477 4598 ego
494 4526 633 4584 dabo
651 4569 668 4594 ,
690 4536 745 4583 et
770 4525 941 4583 reiicit
961 4536 1017 4583 et
1036 4542 1139 4583 non
1169 4527 1372 4584 deﬁcit.
1414 4528 1510 4585 Det
1530 4545 1658 4602 ergo
1685 4546 1781 4587 uo-

205 4616 273 4670 bis
298 4633 527 4689 partem,
573 4618 729 4688 panis
773 4617 861 4674 ille
904 4618 995 4688 qui
1021 4615 1090 4674 dc
1118 4620 1257 4674 caelo
1304 4617 1599 4675 descendit.
1644 4620 1777 4676 Cum

202 4723 377 4777 panem
399 4710 548 4766 dabit
566 4753 583 4777 ,
614 4726 675 4767 sc
701 4709 873 4782 ipsum
896 4709 1062 4765 dabit.

259 4800 485 4858 CAPUT
525 4799 843 4869 V.-Quid
888 4801 1030 4858 enim
1061 4799 1308 4867 volebas,
1360 4802 1575 4873 quando
1625 4802 1774 4861 fene-

200 4892 386 4949 rabas?
429 4894 686 4950 Nummos
727 4894 896 4963 dare,
942 4903 998 4951 et
1045 4909 1294 4950 nummos
1338 4895 1631 4965 accipere:
1677 4899 1774 4955 sed

198 4988 466 5055 pauciores
504 4987 671 5056 dare,
724 4987 902 5058 plures
959 4988 1222 5060 accipere.
1277 4988 1388 5060 Ego
1431 4989 1559 5056 tibi,
1606 4991 1776 5065 inquit

197 5076 357 5145 Dens,
404 5080 579 5135 omnia
606 5096 725 5150 qua:
750 5078 942 5137 dedisti
962 5123 980 5148 ,
1029 5081 1080 5138 in
1109 5080 1300 5137 melius
1325 5083 1684 5140 commutabo.
1715 5085 1772 5143 Si

196 5169 325 5225 etum
355 5170 512 5227 dares
545 5171 733 5228 libram
772 5173 976 5243 argenti
1012 5181 1066 5227 et
1091 5172 1364 5257 reciperes
1396 5173 1585 5230 libram
1612 5177 1768 5244 auri,

189 5271 384 5330 Quanto
412 5264 676 5334 capereris
696 5263 926 5335 gaudio?
953 5263 1190 5333 Inspice,
1223 5271 1276 5319 et
1297 5264 1565 5338 interroga
1590 5269 1769 5323 avari-

192 5356 311 5410 tiam
342 5372 359 5410 :
388 5354 594 5413 Libram
620 5357 826 5428 argenti
845 5356 965 5415 dedi
984 5397 1001 5424 ,
1030 5357 1220 5416 libram
1249 5358 1365 5415 auri
1387 5360 1605 5431 recipio.
1632 5360 1768 5431 Quid

249 5531 267 5567 '
290 5535 434 5616 “ﬁt”
454 5539 500 5616 εξ
516 5541 564 5616 "3
593 5535 1469 5616 νὲίΡΨέμἮίέἶιέςῩέἓ¹¹9ίΠὶθηΡβὲν
1499 5538 1596 5616 sed
1617 5540 1771 5616 ibi.”

193 5592 1063 5676 suae
1083 5592 1394 5676 ςοτυέίεηεείε
1409 5592 1734 5676 mimos;

246 5658 365 5727 {ste
390 5666 494 5709 διδ.
517 5661 630 5727 Ιιᾙίιί
651 5658 788 5727 vero,
811 5660 892 5712 cui
924 5663 1050 5727 ﬁmo
1088 5669 1138 5716 te
1155 5663 1394 5727 quorum
1424 5658 1771 5719 emundanda

195 5720 388 5771 totum
410 5719 559 5786 egenti
568 5719 877 5788 prastitems.

1469 321 1477 328 ι
1570 278 1800 345 sumtu
1841 281 2127 351 LXXXVI.

1950 403 2124 461 simile
2161 424 2437 481 argentum
2478 429 2532 473 et
2564 425 2787 480 aurum?
2814 426 2979 500 Magis
3004 432 3164 503 ergo,
3209 438 3334 506 quid
3355 441 3530 500 simile

1950 504 2087 550 terra
2117 508 2172 552 et
2197 504 2430 560 coelum?
2456 507 2522 562 Et
2551 524 2735 567 aurum
2763 524 2819 571 et
2844 529 3119 590 argentum
3148 504 3237 581 ltic
3257 540 3373 586 erat
3398 534 3526 590 reli-

1944 595 2170 646 cturus:
2216 602 2271 647 tu
2296 606 2474 653 autem
2517 599 2603 656 hic
2645 619 2751 661 non
2798 619 3057 682 perpetuo
3096 632 3401 678 mansurus.
3460 626 3528 682 Et

1943 678 2082 734 aliud
2121 681 2291 777 dabo,
2338 696 2391 743 et
2420 689 2538 760 plus
2571 693 2737 764 dabo,
2767 678 2825 756 et
2866 678 3054 762 melius
3073 707 3240 777 dabo,
3283 722 3339 768 et
3364 678 3522 771 aster;

1900 986 1907 992 -
1937 973 2056 1026 quae
2087 975 2182 1016 vos
2210 965 2455 1031 prohibet
2492 986 2559 1025 ne
2589 970 2725 1031 bene
2746 977 2977 1049 faciatis,
3009 987 3149 1042 male
3174 1004 3269 1045 vos
3289 993 3486 1064 altequi
3506 1029 3519 1038 ο

1938 1056 2022 1104 tur
2050 1068 2065 1106 :
2093 1051 2322 1111 domina:
2358 1062 2513 1117 mala:
2534 1067 2737 1124 servire
2784 1072 2974 1140 vuitis,
3023 1092 3129 1133 non
3168 1096 3519 1152 agnoscentes

1936 1138 2213 1199 Dominum
2238 1146 2451 1204 bonum.
2481 1146 2549 1210 Et
2566 1157 2850 1227 aliquando
2869 1162 2987 1221 dum
3002 1138 3232 1226 domina;
3257 1188 3519 1247 occttjiaut

1931 1244 2045 1299 cor,
2081 1243 2137 1289 et
2160 1250 2372 1295 servum
2398 1245 2595 1301 malum
2632 1248 2847 1321 dignum
2877 1259 3081 1315 servire
3110 1262 3326 1330 talibus,
3356 1243 3409 1322 in
3435 1268 3519 1323 di-

1931 1337 2080 1379 versa
2106 1326 2429 1391 discindunt.

1999 1414 2225 1522 Cdi’UT
2264 1424 2349 1479 Vl.
2373 1457 2437 1469 —-
2463 1430 2518 1486 6.
2552 1430 2785 1491 Domina:
2810 1437 2928 1496 dua:
2961 1448 3215 1503 cantmria
3240 1451 3473 1522 jnbentcs
3494 1498 3511 1521 ,

1927 1510 2140 1564 avaritia
2190 1522 2237 1567 et
2274 1516 2494 1573 luxuria.
2547 1523 2843 1597 Aliquando
2917 1537 3190 1602 possident
3240 1510 3510 1603 ltomineni

1925 1596 2045 1680 (iure
2080 1599 2308 1660 domina:
2333 1596 2890 1681 contraria:,araritia
2919 1634 2970 1679 ct
3000 1626 3225 1684 luxuria.
3272 1634 3508 1691 Avaritia

1924 1688 2085 1757 dicit,
2116 1690 2323 1751 Serva:
2354 1699 2557 1758 luxuria
2598 1707 2761 1779 dicit,
2808 1707 3001 1785 Eroga.
3048 1717 3160 1776 Sub
3186 1688 3508 1781 duabusrdo-V

1924 1782 2083 1838 minis
2123 1785 2334 1845 diversa
2373 1793 2718 1865 jubentibus,
2746 1782 2956 1862 diversa
2987 1809 3354 1883 exigentibus,
3380 1819 3505 1889 quid

1921 1869 2169 1929 facturus
2220 1880 2318 1933 es?
2363 1881 2575 1940 [labent
2625 1888 2975 1952 allocutiones
3020 1869 3145 1955 suas
3194 1869 3414 1959 ambas.‘
3443 1908 3509 1963 l-Zt

1917 1963 2132 2030 quando
2165 1970 2393 2038 emporia
2416 1973 2561 2030 nolle
2599 1978 2968 2051 obtemperare
2988 2029 3001 2052 ,
3029 1998 3085 2044 et
3124 1991 3176 2046 in
3205 1991 3504 2052 libertatem

1921 2057 2062 2106 tuam
2085 2053 2162 2110 ire
2186 2072 2200 2122 ;
2228 2061 2348 2129 quia
2388 2062 2579 2132 jubere
2600 2083 2706 2125 non
2739 2086 2988 2143 possunt,
3036 2079 3401 2142 blandiuntur.
3438 2090 3507 2145 lit

1919 2141 2038 2210 plus
2064 2153 2189 2200 sunt
2225 2153 2459 2207 carenda
2486 2170 2671 2212 earum
2701 2141 3062 2224 blandimenta
3080 2211 3094 2236 ,
3121 2187 3281 2243 qttam
3330 2179 3503 2247 jussa.

1914 2230 2054 2329 Quid
2081 2234 2210 2292 dicit
2233 2242 2451 2297 avaritia
2469 2245 2495 2297 ?
2518 2246 2682 2304 Serva
2731 2253 2859 2322 tibi,
2911 2272 3063 2314 serra
3081 2230 3093 2236 ν
3123 2230 3244 2320 [iliis
3272 2230 3502 2329 misr-Si

1900 2321 2129 2390 .egebis,
2160 2343 2318 2420 nemo
2345 2332 2439 2387 tibi
2466 2334 2630 2392 dabit.
2661 2339 2777 2397 Noli
2802 2321 2866 2400 ad
2896 2356 3103 2420 tempus
3122 2321 3518 2418 av...";'.;o;.'i

1917 2414 2032 2469 sule
2054 2416 2144 2473 tibi
2167 2418 2219 2473 in
2246 2419 2498 2480 futurum.
2524 2426 2721 2486 Contra
2750 2433 2953 2493 luvuria
2987 2414 3160 2502 {Vive
3179 2462 3301 2504 cum
3327 2414 3498 2524 vivis,

1916 2505 1998 2561 fac
2026 2506 2162 2565 bene
2181 2526 2301 2566 cum
2322 2516 2496 2572 anima
2527 2529 2631 2576 tua.
2662 2524 2944 2586 Morituros
2966 2549 3054 2600 es,
3088 2547 3140 2593 ct
3167 2545 3380 2611 quando
3405 2505 3500 2603 ne:

1913 2596 2171 2656 scis:cui
2200 2605 2483 2664 relicturus
2519 2626 2611 2676 es,
2663 2630 2730 2671 an
2778 2620 2848 2675 sit
2892 2596 3237 2693 pOSsessurus
3262 2634 3495 2705 ignoras.

1913 2687 1990 2742 Tu
2010 2689 2183 2747 demis
2206 2704 2261 2750 et
2282 2698 2552 2757 subtrahis
2569 2709 2769 2777 gutturi
2797 2687 2923 2769 tuo-s.
2954 2717 3044 2775 ille
3066 2719 3198 2779 forte

1914 2789 2034 2839 tuus
2065 2784 2255 2855 fueris,
2284 2794 2508 2850 calicem
2534 2811 2698 2869 super
2729 2812 2781 2859 te
2800 2821 2906 2861 non
2954 2821 3145 2881 punet;
3172 2826 3264 2872 ant
3290 2821 3335 2876 si
3358 2820 3495 2880 forte

1907 2874 2129 2932 calicem
2169 2891 2351 2950 ponet,
2402 2886 2515 2958 ipse
2556 2874 3050 2966 inebriabituriad
3096 2874 3149 2963 te
3179 2874 3321 2967 nulla
3353 2916 3493 2974 stilla

1907 2964 2215 3026 descendet.
2267 2974 2371 3032 Fac
2416 2994 2544 3051 ergo
2572 2982 2708 3041 bene
2744 3002 2865 3045 cum
2909 2995 3084 3051 anima
3116 3006 3202 3054 tua
3225 3045 3240 3069 ,
3278 3009 3493 3076 (plaudo

1906 3066 2061 3126 potes
2079 3098 2095 3124 ,
2123 3074 2244 3118 cum
2272 3076 2444 3136 potes.
2473 3072 2629 3130 Aliud
2647 3076 2865 3146 jubebat
2884 3088 3105 3143 avaritia
3132 3110 3145 3145 :
3179 3066 3341 3151 Scr-va
3370 3100 3485 3166 tibi,

1903 3152 2123 3208 consule
2144 3155 2236 3211 tibi
2268 3158 2322 3213 in
2366 3171 2661 3230 posterum.
2693 3170 2847 3227 Aliud
2876 3175 3082 3234 luxuria
3109 3199 3124 3236 :
3160 3184 3326 3258 Eroga
3349 3232 3363 3257 ,
3405 3152 3490 3250 fac

1902 3256 2021 3297 cum
2049 3247 2221 3301 anima
2253 3257 2338 3305 tua
2366 3253 2526 3312 bene.
2846 3270 2851 3273 ’

1968 3334 2053 3430 Cri
2066 3336 2197 3394 PUT
2238 3339 2346 3397 VII.
2367 3346 2506 3400 ——7.
2535 3348 2611 3405 Ab
2646 3368 2816 3409 earnm
2853 3358 2984 3430 jngo
3026 3360 3255 3424 Christus
3288 3370 3482 3430 liberat.

1900 3423 2113 3482 deeat
2140 3437 2191 3484 te
2210 3473 2223 3495 ,
2244 3447 2276 3487 ο
2302 3432 2440 3491 liber
2462 3437 2512 3493 iu
2538 3423 3081 3518 libertatem'm'mte;
3111 3459 3299 3515 tmdent
3327 3471 3377 3518 te
3407 3477 3484 3520 ta-

1898 3514 2024 3570 lium
2075 3519 2410 3581 dominarum
2461 3532 2707 3589 servitus.
2770 3539 3014 3609 Agnosco
3070 3545 3481 3621 Redemptorem

1896 3611 2044 3660 tuum
2064 3649 2080 3675 ,
2109 3609 2545 3675 Manumissorem
2584 3631 2753 3680 tuum.
2801 3629 2880 3683 llli
2909 3634 3086 3689 servi:
3138 3609 3370 3696 faciliora
3394 3644 3482 3717 ju-

1898 3695 1980 3717 ,ω
2051 3714 2097 3717 μ
2147 3708 2167 3717 _
2259 3706 2273 3717 ,
2463 3710 2476 3717 ,
2517 3712 2532 3717 ,
2677 3715 2681 3717 .

1898 3695 2013 3764 bet,
2041 3706 2304 3759 contraria
2329 3723 2432 3762 non
2455 3710 2625 3780 jubet.
2658 3715 2897 3788 Amplius
2926 3725 3098 3781 audeo
3116 3728 3320 3788 dicere.
3339 3695 3478 3793 Cdn~

1896 3792 2054 3845 traria
2094 3794 2356 3864 jubebant
2406 3804 2631 3860 avaritia
2660 3816 2714 3864 et
2742 3812 2981 3884 luxuria,
3034 3819 3104 3874 ita
3137 3830 3191 3877 ut
3216 3792 3476 3887 ambabus

1890 3882 2261 3955 obtemperare
2287 3905 2391 3947 non
2410 3904 2639 3964 posses:
2669 3908 2723 3956 et
2748 3882 3087 3966 diccbatﬁnna
3108 3955 3122 3976 ,
3154 3914 3315 3971 Serva
3346 3919 3438 3975 tibi
3459 3964 3476 3983 ,

1890 3984 1945 4031 et
1972 3979 2189 4034 consule
2219 3981 2270 4037 in
2312 3996 2580 4053 posterum
2613 4009 2627 4045 :
2666 3992 2875 4051 diccbat
2928 3999 3028 4055 alia
3052 4044 3068 4068 ,
3129 4004 3300 4078 Emga
3322 4051 3336 4074 ,
3394 3979 3475 4066 fac

1890 4068 2025 4126 bene
2055 4086 2176 4127 tum
2220 4077 2393 4132 anima
2426 4088 2530 4135 tua.
2564 4083 2821 4141 Proccdat
2851 4089 3106 4149 Dominus
3132 4068 3267 4153 tuus
3282 4102 3470 4158 eadem

1887 4157 2161 4230 dicturus,
2192 4173 2245 4218 t-t
2265 4170 2527 4224 contraria
2569 4186 2674 4227 non
2710 4175 2951 4234 dicturus
2978 4181 3303 4258 Redemptor
3324 4199 3469 4247 tuus.

1885 4248 1940 4305 Si
1973 4251 2207 4309 nolueris
2229 4296 2243 4320 ,
2275 4255 2453 4314 domui
2485 4261 2600 4331 ejus
2629 4279 2734 4320 non
2761 4276 2842 4322 est
2874 4277 3208 4332 necessarius
3234 4281 3321 4349 qui
3352 4298 3473 4337 ser-

1886 4343 1961 4397 vit
2004 4343 2216 4401 invitus.
2278 4348 2510 4405 Attende
2565 4354 2973 4427 Redemptor-em
3020 4373 3202 4435 tuum,
3251 4343 3473 4430 attende

1887 4436 2114 4503 pretium
2153 4445 2321 4494 tuum.
2369 4439 2528 4498 Venit
2554 4455 2618 4500 ut
2645 4447 2901 4517 redimat,
2951 4457 3263 4525 sanguinem
3314 4460 3468 4519 fudit.

1882 4522 2117 4582 Cbarum
2155 4537 2210 4585 te
2228 4529 2431 4599 habuit,
2457 4548 2615 4606 quem
2646 4545 2752 4594 tam
2788 4552 2920 4600 eam
2948 4522 3170 4603 emerat.
3209 4552 3470 4624 Agnoscis

1881 4616 1972 4688 qui
2006 4620 2229 4690 emerit,
2263 4625 2477 4681 attende
2503 4627 2644 4685 unde
2670 4631 2918 4689 redimat.
2958 4636 3135 4695 Taceo
3163 4640 3230 4698 de
3258 4616 3469 4702 cmteris

1880 4711 2111 4780 superbe
2162 4713 2213 4768 in
2241 4722 2294 4769 te
2331 4715 2727 4778 dominantibus
2773 4724 2958 4783 vitiis:
2992 4730 3467 4793 innumerabilibus

1879 4802 2023 4856 enim
2055 4803 2209 4859 malis
2226 4804 2461 4863 dominis
2496 4812 2788 4869 serriebas.
2821 4812 2931 4873 llas
2956 4818 3087 4876 duas
3116 4822 3238 4878 dico
3271 4826 3466 4894 juben-

1879 4903 1961 4950 tes
1988 4897 2251 4952 contraria
2270 4938 2286 4964 ,
2330 4898 2380 4954 iu
2407 4899 2613 4959 diversa
2641 4905 2912 4976 rapientes
2935 4951 2949 4974 ,
3001 4913 3275 4968 avaritiam
3305 4922 3357 4970 et
3382 4917 3464 4971 lu~

1880 4985 2108 5041 auriam.
2153 4987 2310 5057 Eripe
2329 4996 2383 5043 te
2410 4988 2480 5045 ab
2502 4990 2614 5060 his,
2643 4996 2762 5050 veni
2788 4995 2854 5051 ad
2880 4998 3043 5054 Deum
3068 5010 3236 5058 tuum.
3269 5003 3326 5059 Si
3347 5020 3462 5062 ser-

1876 5092 1977 5132 vus
2005 5093 2126 5134 eras
2150 5079 2438 5151 iniquitatis
2457 5124 2473 5149 ,
2501 5094 2619 5140 esto
2660 5101 2846 5144 servus
2867 5090 3103 5157 justitlze.
3133 5094 3305 5151 Verba
3338 5088 3460 5169 qua:

1876 5169 1969 5225 tibi
1990 5169 2270 5239 dicebant,
2298 5181 2352 5228 ct
2372 5178 2638 5232 contraria
2659 5170 2950 5249 jubébant,
2970 5182 3088 5252 ipsa
3114 5180 3265 5243 audis
3288 5204 3316 5243 a
3352 5191 3460 5245 Do-

1874 5262 2022 5317 mino
2070 5271 2162 5318 tuo
2184 5305 2200 5331 ,
2229 5273 2283 5321 et
2310 5279 2416 5321 non
2437 5272 2706 5326 contraria
2727 5271 2902 5342 jubet.
2934 5273 3108 5332 Verba
3130 5294 3312 5337 earum
3348 5299 3454 5341 non

1876 5353 2011 5409 tollit
2040 5372 2054 5410 :
2080 5355 2175 5411 sed
2211 5364 2528 5428 potestatem
2556 5361 2715 5417 tollit.
2744 5363 2882 5433 Quid
2911 5367 3003 5422 tibi
3043 5369 3255 5426 dicebat
3287 5376 3460 5430 avari-

1876 5443 1991 5499 tia?
2019 5446 2182 5502 Serva
2206 5446 2337 5516 tibi,
2383 5451 2602 5508 consule
2642 5450 2697 5508 in
2736 5465 3027 5524 posterum.
3088 5458 3321 5520 Verbutn
3351 5480 3456 5523 non

1874 5544 2136 5603 mutatur,
2179 5538 2355 5594 bomo’
2387 5549 2641 5625 mutatur.
2713 5543 2829 5600 iam
2884 5548 2927 5601 si
2957 5550 3161 5621 placet,
3203 5569 3457 5627 eornpara

1874 5628 2231 5685 consulentes.
2262 5628 2357 5685 llla
2381 5618 2598 5687 avaritia
2631 5644 2709 5690 est
2728 5664 2746 5701 δ
2775 5635 2870 5691 ista
2894 5638 3120 5708 justitia.
3146 5618 3153 5621 ν
3228 5685 3239 5696 .
3329 5618 3343 5627 ’
3520 5714 3523 5715 ν

1949 5716 2002 5771 8.
2035 5713 2272 5774 Araritite
2292 5723 2557 5777 consilium
2587 5724 2898 5797 imprudens.
2937 5730 3051 5805 Ipsa
3078 5739 3340 5795 contraria
3375 5741 3449 5794 di-
