3922 6192
410 280 413 282 ’
441 301 572 357 ἐτι

446 425 641 474 ---scute.
669 414 833 472 Serva
863 412 954 469 tibi
979 453 992 476 ,
1023 409 1192 481 inquit
1216 407 1452 464 avaritia.
1504 405 1647 464 Pone
1692 416 1742 463 te
1771 407 1909 464 velle
1950 406 2050 462 ob-

472 520 810 576 temperare:
841 503 1107 572 interroga
1149 499 1238 554 ubi
1273 513 1477 555 serves.
1513 498 1606 554 Illa
1651 499 1744 553 tibi
1785 507 2049 554 monstra-

472 608 588 650 tura
615 603 700 651 est
724 592 982 648 munitum
1011 591 1494 658 Iocum,-muratum
1521 589 1842 666 cubiculum,
1872 605 2052 644 arcam

472 687 716 740 ferream.
763 681 951 738 Omnia
997 681 1144 736 muni
1177 699 1190 734 :
1220 679 1358 735 forte
1397 679 1722 736 domesticus
1767 677 1852 734 fur
1891 679 2052 735 etiam

439 839 442 844 _
469 777 728 830 interiora
752 782 1093 845 perrumpet;
1124 780 1180 828 et
1215 787 1338 827 cum
1369 771 1607 842 pecunia:
1647 781 1749 826 tua:
1782 771 2049 837 consulis,

470 867 592 919 vitae
621 873 725 920 tute
753 863 992 920 timebis.
1013 863 1174 918 Forte
1193 861 1319 917 dum
1347 862 1570 916 multum
1597 875 1798 928 servas,
1826 861 1914 931 qui
1941 861 2055 916 vult

472 957 927 1028 eripere,-eogitat
949 963 1004 1011 et
1028 954 1289 1011 occidere.
1321 953 1598 1010 Postremo
1627 953 1882 1008 adversus
1912 954 2055 1008 fures

474 1049 599 1103 licet
642 1037 976 1118 quocumque
1013 1046 1304 1101 munimine
1341 1045 1648 1100 thesaurum
1679 1053 1824 1100 tuum
1865 1053 1920 1101 et
1959 1059 2054 1100 ve-

472 1152 608 1195 stem
632 1148 774 1195 tuam
801 1139 1160 1204 communias;
1189 1139 1458 1193 communi
1485 1153 1546 1194 ea
1577 1137 1832 1193 adversus
1853 1137 2055 1207 rubigi-

438 1249 596 1288 «nem
635 1243 689 1287 et
731 1232 947 1286 tineam.
975 1229 1112 1296 Quid
1143 1229 1374 1285 facturus
1398 1230 1500 1284 es?
1534 1228 1651 1285 Non
1680 1235 1766 1284 est
1799 1227 1930 1283 foris
1958 1227 2057 1282 ho-

474 1327 574 1380 stis’
597 1324 865 1389 auferens,
893 1322 986 1378 sed
1013 1329 1096 1377 est
1121 1323 1264 1376 intus
1289 1321 1594 1376 absumens.

546 1413 768 1470 CAPUT
807 1412 943 1468 VIII.
977 1441 1050 1452 —
1087 1411 1142 1468 9.
1171 1411 1327 1465 Aliud
1353 1411 1590 1466 stolidum
1616 1411 1898 1466 consilium.
1939 1409 2056 1467 Non

473 1521 602 1576 ergo
631 1503 828 1559 bonum
869 1503 1150 1558 consilium
1177 1501 1327 1557 dedit
1358 1501 1602 1556 avaritia.
1633 1501 1772 1556 Ecce
1804 1500 1964 1571 jussit
2001 1507 2060 1554 ut

464 1610 656 1651 serves
677 1635 694 1662 ,
738 1603 792 1650 et
821 1609 926 1649 non
958 1593 1159 1648 invenit
1193 1591 1321 1647 dare
1348 1591 1523 1646 locum
1554 1593 1642 1646 ubi
1667 1604 1868 1647 serves.
1909 1591 2060 1646 Dicat

475 1689 635 1740 etiam
677 1683 1089 1754 consequentia,
1112 1683 1352 1738 Consule
1382 1682 1434 1737 in
1463 1690 1754 1753 posterum.
1795 1681 1852 1736 In
1886 1697 2057 1753 quan-

475 1786 586 1832 tum
610 1784 877 1846 posterum
900 1775 924 1829 ?
949 1773 1008 1828 In
1032 1773 1147 1828 dies
1169 1788 1363 1843 paucos
1382 1781 1437 1828 et
1461 1773 1709 1827 incertos.
1737 1773 1891 1836 Dicit,
1919 1770 2059 1826 Cou-

474 1865 590 1919 sule
619 1866 674 1918 in
699 1871 990 1933 posterum,
1014 1862 1216 1917 homini
1236 1861 1484 1917 fortassis
1508 1862 1713 1916 victuro
1742 1877 1842 1918 nec
1866 1863 1918 1917 iu
1944 1878 2061 1918 cra-

475 1957 695 2011 stinum.
737 1955 843 2011 Sed
885 1971 1012 2011 ecce
1040 1955 1183 2010 vivat
1208 1963 1463 2024 quantum
1494 1962 1644 2024 putat
1666 1953 1917 2020 avaritia,
1951 1970 2056 2009 non

474 2059 730 2120 quantum
759 2046 1014 2111 ostendit,
1043 2062 1149 2101 non
1177 2055 1432 2116 quantum
1458 2045 1636 2113 docet,
1667 2060 1772 2100 non
1805 2053 2061 2116 quantum

478 2140 634 2194 ﬁdit:
666 2138 759 2194 sed
789 2146 1044 2208 quantum
1074 2145 1225 2209 putat
1264 2136 1486 2201 vixerit,
1529 2137 1804 2202 senuerit,
1837 2135 2060 2204 ﬁnierit;

475 2231 649 2285 adhuc
678 2243 842 2284 senex
872 2228 1122 2283 incurvus
1141 2267 1158 2294 ,
1190 2227 1378 2282 baculo
1407 2227 1636 2291 innixus,
1677 2227 1885 2282 lucrum
1914 2243 2062 2298 qutu-

477 2323 566 2385 rit,
591 2333 646 2377 et
669 2321 815 2376 audit
833 2320 1110 2376 avaritiam
1130 2319 1414 2385 dicentem,
1441 2318 1670 2375 Consule
1692 2321 1744 2374 in
1770 2329 2059 2390 posterum.

476 2413 535 2467 In
549 2412 691 2482 quod
711 2421 978 2481 posterum
999 2412 1023 2464 ἲ
1047 2411 1164 2478 .lam
1187 2411 1467 2480 exspirans
1484 2411 1557 2482 (a)
1573 2413 1820 2482 loquitur.
1843 2413 2067 2484 Propter

479 2503 617 2558 ﬁlius
643 2511 781 2568 tuos,
815 2502 1006 2571 inquit.
1035 2499 1247 2556 Utinam
1287 2499 1371 2555 vel
1401 2499 1521 2554 illos
1550 2515 1706 2556 senes
1719 2517 1841 2557 non
1863 2517 2066 2559 avaros

480 2591 821 2654 haberemus,
853 2591 942 2660 qui
972 2589 1110 2644 ﬁlios
1137 2605 1240 2643 non
1269 2588 1486 2645 habent.
1509 2591 1692 2646 Etiam
1719 2592 1866 2664 ipsis,
1905 2593 2064 2649 etiam

479 2681 706 2746 talibus,
735 2681 895 2736 etiam
937 2681 1268 2750 iniquitatem
1307 2694 1458 2735 suam
1497 2681 1645 2736 nulla
1685 2683 1896 2752 pietatis
1928 2685 2063 2739 ima-

424 2829 428 2834 ,
461 2774 603 2844 ,ginc
630 2773 1004 2828 excusantibus
1031 2787 1138 2828 non
1167 2781 1340 2828 cessat
1363 2772 1542 2829 dicere
1561 2816 1576 2841 ,
1604 2773 1835 2831 Consule
1874 2777 1926 2831 in
1969 2793 2063 2846 po-

462 2873 700 2918 .stcrum.
743 2863 847 2920 Sed
886 2862 1022 2918 forte
1061 2863 1161 2933 ipsi
1198 2863 1305 2919 cito
1333 2864 1654 2921 erubescunt
1684 2884 1698 2919 :
1731 2867 2063 2924 illusvidea-

468 2973 601 3012 .mus
645 2957 734 3028 qui
780 2956 919 3010 ﬁlios
963 2955 1197 3021 habent,
1241 2966 1418 3010 utrum
1458 2958 1589 3011 certi
1627 2959 1732 3011 sint
1762 2958 1898 3014 ﬁlios
1936 2976 2063 3014 suos

477 3061 825 3117 possessuros
853 3060 971 3101 esse
995 3061 1114 3116 qua:
1145 3047 1473 3116 reliquerint.
1519 3047 1800 3105 Intcudant
1828 3066 1947 3105 cum
1979 3052 2064 3106 vi-

482 3144 613 3190 vunt
629 3177 645 3201 ,
675 3137 810 3191 ﬁlios
834 3136 1056 3190 aliorum
1073 3177 1088 3202 ,
1113 3137 1248 3191 alios
1268 3136 1456 3192 alienis
1478 3139 1902 3209 improbitatibus
1924 3142 2064 3212 quod

479 3227 772 3280 habuerant
798 3227 1121 3292 amittentes,
1145 3228 1278 3281 alios
1292 3229 1505 3300 propria
1528 3231 1759 3299 nequitia
1778 3231 1918 3300 quod
1939 3247 2064 3303 pos-

478 3320 732 3376 sederant
757 3330 1132 3375 consumentes
1161 3321 1176 3351 ¹
1213 3337 1226 3374 :
1257 3329 1616 3377 et'rcmanent
1643 3323 1829 3394 inepes
1857 3325 1947 3380 ﬁlii
1978 3325 2062 3380 di-

478 3411 668 3465 vitum.
693 3410 897 3464 Parcite
925 3410 1068 3465 nasci
1091 3410 1228 3466 servi
1251 3411 1486 3468 avaritia:
1513 3413 1554 3467 '.
1585 3412 1688 3468 Sed
1721 3415 2067 3484 possidebunt

481 3504 612 3567 hoc,
645 3503 846 3573 inquit,
875 3502 967 3557 lilii
996 3503 1119 3558 mei.
1162 3503 1424 3559 Incertum
1460 3513 1542 3560 est
1572 3524 1584 3558 :
1619 3521 1724 3562 non
1755 3507 1874 3562 dico
1895 3549 1908 3572 ,
1939 3508 2066 3564 Fal.

479 3611 600 3651 sum
627 3603 738 3660 est;
766 3594 860 3649 sed
885 3594 1025 3664 quod
1055 3594 1245 3651 feceris
1270 3596 1312 3663 ⁸,
1345 3597 1605 3653 incertum
1630 3607 1731 3654 est.
1764 3600 2060 3666 Postremo,

481 3686 566 3743 fac
591 3696 794 3742 certum
824 3703 839 3738 :
869 3686 994 3757 quid
1020 3687 1098 3742 eis
1125 3687 1204 3741 vis
1231 3689 1574 3758 relinquere?
1603 3689 1755 3758 Quod
1793 3693 2064 3764 acquisisti

483 3778 598 3833 tibi.
618 3776 774 3832 Certe
798 3776 938 3848 quod
966 3777 1236 3847 aequisisti
1267 3779 1506 3833 relictum
1543 3795 1648 3834 non
1687 3791 1835 3846 erat,
1873 3792 1927 3838 et
1965 3782 2062 3838 ha-

482 3868 597 3924 bes.
643 3867 700 3924 Si
749 3876 804 3922 tu
847 3867 1046 3922 habere
1084 3867 1298 3937 potuisti
1340 3869 1483 3939 quod
1531 3870 1623 3925 tibi
1668 3872 1911 3928 relictum
1956 3891 2061 3932 non

477 3965 598 4023 est,
621 3964 879 4028 .poterunt
912 3970 1040 4027 ergo
1067 3957 1264 4013 habere
1301 3967 1354 4013 et
1393 3957 1468 4013 illi
1505 3958 1646 4030 quod
1687 3969 1742 4016 tu
1781 3977 1887 4017 non
1931 3965 2060 4020 reli—

475 4048 677 4121 queris.

547 4137 774 4196 CAPUT
803 4136 902 4194 ιχ.
932 4166 1005 4180 --
1032 4138 1119 4195 I0.
1149 4138 1427 4195 Consilium
1468 4139 1565 4195 Dei
1597 4141 1651 4195 id
1664 4142 1890 4213 jubentis
1925 4147 2062 4215 quod

483 4232 713 4289 auaritia.
759 4230 1006 4290 Refutata
1052 4239 1177 4287 sunt
1227 4232 1456 4289 .consilia
1493 4233 1775 4290 avaritiae:
1808 4235 1902 4292 sed
1949 4236 2060 4292 Do-

414 4381 418 4384 ,
481 4326 658 4389 minus
685 4322 871 4380 eadem
897 4323 1057 4389 dicat,
1081 4324 1286 4394 justitia
1306 4327 1417 4394 jam
1445 4327 1693 4397 loquatur
1721 4348 1735 4384 :
1765 4330 1877 4401 ipsa
1905 4341 2063 4388 erunt

419 4487 422 4490 ἢ
478 4416 682 4481 verba,
711 4429 820 4469 non
839 4413 957 4484 ipsa
992 4415 1273 4470 sententia.
1315 4415 1483 4471 Serva
1524 4418 1655 4481 tibi.
1699 4420 1773 4475 ait
1802 4421 2060 4480 Dominus

415 4573 418 4578 _
479 4517 646 4582 tuus,
669 4503 893 4560 consule
931 4504 985 4559 in
1021 4513 1316 4574 posterum.
1346 4507 1411 4560 Et
1447 4505 1588 4562 hunc
1615 4509 1880 4582 interroga
1901 4555 1916 4578 ,
1962 4514 2061 4572 Ubi

477 4593 742 4652 servabo?
765 4592 987 4668 Habebis
1001 4595 1294 4649 thesaurum
1317 4597 1369 4651 in
1389 4597 1512 4652 caelo
1535 4613 1554 4652 :
1575 4599 1661 4654 ubi
1682 4601 1768 4656 fur
1787 4619 1896 4660 non
1911 4621 2063 4663 acce-

409 4734 424 4766 δ
477 4685 599 4750 det,
640 4700 814 4754 neque
858 4683 1000 4740 tinea
1041 4697 1367 4756 corrumpet.
1409 4688 1466 4744 In
1494 4701 1750 4760 quantum
1790 4705 2060 4765 posterum

411 4775 435 4856 ξ
477 4774 752 4832 servabis?
789 4771 997 4844 Venite,
1029 4774 1278 4832 benedicti
1320 4777 1489 4836 Patris
1519 4780 1618 4835 mei
1637 4821 1654 4848 ,
1697 4785 1939 4856 percipite
1977 4806 2060 4846 rs-

405 4833 435 4968 :
475 4882 632 4938 9mm,
655 4866 791 4936 quod
822 4863 958 4920 vobis
981 4833 1230 4937 paratum
1268 4879 1339 4923 est
1376 4833 1438 4925 ali
1467 4833 1672 4942 vort'g't'n'c

402 4958 434 5092 ἱ
476 4973 697 5030 regnum
742 4967 1065 5030 quantorum
1111 4958 1320 5017 dierum
1354 4971 1469 5029 est,
1510 4967 1742 5021 ostendit
1788 4970 1907 5026 linis
1945 4973 2059 5044 ipse

477 5048 773 5092 sontentiai-
806 5048 936 5092 Cum
967 5049 1034 5092 (In
1076 5050 1308 5092 sinitIn-ie
1347 5051 1542 5092 (“norat
1623 5056 1711 5092 Ωδμ
1741 5060 1880 5092 Hm“:
1906 5063 1982 5092 ειη
2005 5065 2056 5092 :..

406 5048 421 5115 Ξ
477 5048 773 5104 sementim.
806 5048 937 5104 Cum
967 5049 1035 5107 de
1075 5050 1308 5107 sinistris
1347 5051 1582 5120 diceret,
1621 5056 1711 5112 Sic
1741 5060 1880 5114 ibunt
1905 5063 1982 5116 illi
2005 5065 2057 5117 in

472 5143 834 5197 umbustionem
855 5153 1134 5210 aeternam;
1161 5144 1234 5199 ait
1260 5143 1328 5200 de
1355 5145 1587 5202 dexteris
1608 5189 1623 5213 ,
1649 5149 1788 5205 Justi
1816 5164 1982 5207 autent
2005 5155 2056 5209 in

482 5232 632 5285 vitam
654 5243 895 5288 (sternam
926 5232 1140 5302 (Matth.
1171 5251 1310 5302 xxv,
1347 5236 1416 5290 54
1434 5277 1449 5303 ,
1475 5237 1590 5307 46).
1618 5239 1729 5294 Hoc
1753 5251 1834 5296 est
1858 5259 2056 5298 consu-

409 5391 416 5394 _
539 5343 555 5375 ι
592 5341 747 5416 Editi,
789 5337 1126 5416 dicantdiqu
1151 5341 1703 5416 ,itnprolgilatibus__quod
1750 5353 2057 5416 possederant

477 5400 816 5478 τοῑιεξιιξηενξιεε-
830 5400 1017 5478 vel???
1032 5400 1156 5478 ξιξξοέ
1174 5400 1377 5478 etiam
1396 5400 1625 5478 neniae.

536 5467 554 5496 ί
580 5469 673 5514 Iste
712 5463 847 5538 locus
867 5471 1120 5538 corruptus
1144 5463 1350 5538 videtur.
1385 5476 1448 5516 An
1473 5463 1550 5538 '_ita
1574 5468 1866 5538 legendum,
1892 5473 2053 5538 parci,

407 5575 414 5583 ,
1057 5523 1324 5602 ?-_Lov
1339 5530 1559 5602 margine
1571 5523 1730 5602 terunt
1745 5523 1866 5602 hanc
1890 5523 2055 5590 haud:

471 5586 552 5651 nts_
568 5587 852 5651 varietatem
875 5599 889 5635 :
923 5603 946 5633 ι
961 5585 1100 5649 Alias,
1127 5588 1313 5651 Parcite
1330 5585 1468 5642 nosci
1475 5592 1602 5644 servi
1623 5585 1859 5650 ιηγινίιίιινξ
1882 5616 1902 5643 ν
1922 5585 1925 5586 ν
1947 5585 2048 5651 πὶ.

533 5647 882 5720 ξωὼεὶθιιειε
895 5654 1000 5708 Ils.,
1023 5647 1108 5701 sed
1129 5650 1330 5716 feceris;
1347 5655 1542 5716 omisso,
1565 5656 1706 5720 quod.

531 5718 606 5780 (α)
627 5727 786 5783 Forte,
807 5720 1092 5782 exspiranti.

1704 296 1759 350 S.
1803 295 2165 352 AUCUS'I'INI
2203 295 2501 354 EPISCOPI

3633 296 3724 352 528

2160 407 2268 464 lere
2293 409 2662 480 inposterum.
2689 406 2987 474 Posterum,
3017 405 3156 477 quod
3187 407 3479 476 posteriora
3504 422 3610 462 non
3637 407 3724 462 ha-

2157 497 2299 554 beat.
2332 497 2456 554 Dies
2475 498 2548 553 illi
2577 499 2693 554 sine
2719 497 2843 566 ﬁne,
2880 498 3008 553 dicti
3037 506 3160 552 sunt
3187 496 3330 561 dies.
3362 505 3418 552 et
3444 497 3616 553 dictus
3651 508 3728 554 est

2156 589 2290 645 dies.
2321 592 2412 645 Ait
2431 591 2572 646 enim
2598 591 2835 662 quidam,
2870 589 2937 646 Ut
2962 589 3181 644 habitem
3204 590 3256 644 in
3282 589 3431 644 domo
3458 589 3660 646 Domini
3678 593 3726 646 in

2158 680 2522 752 longitudinem
2547 681 2940 754 (ἤπυε-(ΡΜ.
2967 697 3104 748 xxu,
3134 681 3224 753 6),
3257 696 3379 737 eum
3403 682 3473 739 de
3504 683 3608 739 illis
3629 684 3732 741 die-

2156 769 2257 825 bus
2283 771 2504 827 diceret.
2554 773 2621 828 Et
2662 773 2776 827 dies
2817 772 2988 828 dictus
3016 781 3140 839 .est,
3173 771 3283 845 Ego
3324 774 3474 828 hodie
3513 776 3661 846 genui
3691 786 3736 830 te

2159 860 2328 932 (Psal.
2357 866 2428 929 n,
2481 863 2556 936 7).
2602 864 2667 919 Et
2703 865 2776 920 illi
2822 865 2937 920 dies
2967 879 3104 920 unus
3145 865 3298 933 dies;
3350 867 3469 938 quia
3507 868 3616 938 jam
3644 885 3736 924 nec
3823 869 3827 872 ’

2159 962 2368 1024 tempus
2397 973 2410 1010 :
2441 954 2556 1010 dies
2586 956 2676 1011 ille
2705 972 2804 1012 uec
2840 957 2908 1012 ab
2953 957 3205 1012 hesterno
3250 959 3570 1029 prmeeditur
3592 1002 3607 1026 ,
3645 978 3736 1017 nec

2157 1045 2394 1101 crastino
2424 1045 2740 1102 excluditur.
2772 1047 2913 1118 Ergo
2949 1047 3002 1102 in
3041 1048 3212 1118 ipsum
3242 1057 3516 1120 posterum
3545 1066 3735 1106 consu-

2159 1135 2331 1192 lamus
2359 1155 2372 1191 :
2403 1146 2458 1193 et
2485 1145 2592 1193 uOn
2629 1138 2836 1194 diversa
2865 1147 2990 1193 sunt
3027 1139 3188 1195 verba
3211 1180 3228 1206 ,
3270 1155 3389 1211 qua:
3419 1123 3509 1195 tibi
3535 1142 3739 1198 dicebat

2159 1228 2410 1294 avaritia;
2439 1237 2496 1284 et
2519 1244 2704 1284 eversa
2732 1237 2814 1283 est
2837 1227 3084 1283 avaritia.

2232 1319 2319 1372 Il.
2347 1348 2419 1359 —
2442 1318 2722 1373 Avarorum
2755 1318 2889 1390 falsa
2918 1319 3076 1388 pictas
3109 1319 3160 1372 in
3189 1318 3345 1388 ﬁlios.
3387 1318 3526 1374 Filio
3553 1331 3740 1376 mortuo

2161 1424 2256 1462 sua
2277 1425 2401 1480 pars
2445 1418 2516 1462 est
2546 1408 2948 1463 transmittenda.
2979 1408 3165 1464 Restat
3203 1419 3262 1464 ut
3288 1409 3435 1465 dicas
3464 1429 3478 1464 :
3525 1411 3588 1466 Et
3621 1413 3740 1482 quid

2161 1514 2262 1571 ago
2303 1498 2372 1554 de
2415 1499 2537 1554 ﬁliis
2575 1499 2750 1554 meis?
2789 1498 2927 1554 Audi
2961 1508 3018 1554 et
3053 1498 3177 1555 inde
3214 1501 3498 1555 consilium
3542 1501 3741 1557 Domini

2164 1590 2239 1644 tui
2266 1587 2363 1662 (a).
2392 1588 2448 1645 Si
2480 1589 2571 1645 tibi
2601 1589 2744 1644 dicat
2769 1590 3030 1645 Dominus
3055 1598 3195 1658 tuus,
3224 1590 3415 1647 Melius
3441 1586 3745 1664 ego-cogito

2164 1681 2253 1752 qui
2285 1681 2482 1747 creavi,
2513 1695 2672 1752 quam
2703 1689 2760 1736 tu
2784 1682 2872 1752 qui
2909 1682 3175 1752 generasti
3207 1699 3218 1735 :
3254 1682 3391 1738 forte
3431 1683 3574 1754 quod
3603 1683 3744 1740 dicas

2165 1787 2270 1826 non
2294 1771 2532 1826 habebis.
2565 1771 2670 1828 Sed
2699 1771 2917 1828 divitem
2948 1773 3095 1826 illum
3121 1783 3430 1844 aspecturus
3449 1790 3510 1830 es
3538 1777 3625 1846 qui
3656 1779 3746 1830 tri-

2165 1862 2261 1918 stis
2289 1862 2568 1930 abscessit,
2591 1871 2649 1918 et
2674 1862 2726 1917 in
2754 1863 3042 1933 Evangelia
3063 1865 3419 1935 reprehensus
3435 1874 3558 1931 est;
3587 1876 3640 1921 et
3668 1867 3747 1922 di-

2165 1971 2256 2011 ces
2286 1956 2381 2011 tibi
2409 1954 2546 2011 forte
2579 1973 2592 2008 :
2621 1955 2716 2010 Ille
2741 1955 2891 2012 dives
2921 1955 3041 2012 ideo
3066 1957 3204 2011 male
3241 1955 3365 2012 fecit
3388 1973 3493 2012 non
3522 1959 3749 2014 vendere

2167 2045 2345 2101 omnia
2367 2086 2381 2112 ,
2409 2053 2464 2101 et
2495 2045 2627 2101 dare
2655 2047 2995 2117 pauperibus,
3026 2048 3146 2118 quia
3176 2047 3314 2103 ﬁlios
3339 2064 3442 2104 non
3475 2048 3702 2106 habebat
3733 2069 3747 2106 :

2168 2152 2268 2207 ego
2306 2144 2480 2191 autem
2521 2136 2692 2192 habeo
2723 2136 2890 2203 ﬁlios;
2924 2137 3093 2193 habeo
3118 2139 3310 2209 quibus
3337 2154 3569 2195 servem.
3610 2142 3675 2196 Et
3697 2142 3748 2197 in

2159 2225 2269 2281 hac
2295 2226 2598 2282 inﬁrmitate
2626 2227 2870 2282 consistit
2896 2227 2992 2282 tibi
3019 2227 3277 2284 Dominus
3301 2237 3442 2285 tuus.

2237 2315 2464 2374 CAPUT
2501 2317 2572 2372 Χ.
2599 2349 2668 2360 —
2704 2318 2940 2374 Audeam
2969 2318 3149 2376 dicere
3177 2335 3273 2391 per
3301 2322 3417 2391 ejus
3442 2323 3751 2380 misericor-

2168 2407 2310 2462 diam
2343 2425 2358 2462 :
2388 2408 2609 2464 audeam
2636 2408 2816 2465 dicere
2844 2409 3041 2479 aliquid
3062 2451 3077 2476 ,
3107 2427 3213 2466 non
3241 2411 3308 2467 de
3347 2428 3464 2467 mea
3495 2429 3754 2483 pransum-

2169 2501 2371 2568 ptione,
2397 2498 2489 2571 sed
2518 2499 2584 2553 de
2612 2499 2776 2569 ipsius
2801 2499 3163 2556 miseratione.
3192 2501 3354 2556 Serva
3381 2512 3433 2557 et
3462 2504 3587 2558 ﬁliis
3613 2505 3749 2560 tuis:

2169 2589 2264 2645 sed
2285 2590 2406 2645 audi
2432 2607 2537 2646 me.
2553 2590 2630 2657 Si,
2660 2600 2716 2646 ut
2733 2601 2855 2647 sunt
2883 2595 3133 2659 humana,
3157 2593 3224 2649 de
3252 2593 3373 2650 ﬁliis
3394 2596 3620 2666 quisque
3645 2599 3754 2654 suis

2169 2680 2402 2751 aliquem
2428 2681 2662 2736 amiserit
2692 2699 2707 2736 :
2738 2683 3015 2748 intendite,
3048 2683 3272 2752 fratres,
3305 2686 3564 2743 intendite
3585 2730 3600 2753 ,
3633 2690 3752 2760 quia

2171 2771 2388 2824 avaritia
2417 2772 2812 2828 excusationem
2844 2789 2948 2830 non
2973 2774 3152 2842 habet,
3173 2792 3342 2848 neque
3366 2777 3473 2846 hic,
3501 2795 3674 2851 neque
3701 2783 3753 2837 in

2173 2861 2353 2918 futuro
2373 2865 2590 2919 sreculo.
2619 2865 2760 2921 Ecce
2779 2877 2833 2921 et
2854 2866 3082 2922 humana
3110 2880 3229 2924 sunt
3260 2887 3274 2924 :
3304 2885 3407 2925 non
3433 2871 3578 2926 enim
3601 2881 3753 2944 opta.

2173 2969 2328 3021 mus,
2358 2954 2450 3010 sed
2485 2957 2729 3025 exempla
2755 2958 3131 3028 conSpicimus.
3164 2959 3406 3016 Amissus
3441 2971 3526 3017 est
3565 2964 3758 3036 aliquis

2171 3044 2529 3110 Christianus,
2568 3044 2917 3102 christianum
2957 3046 3122 3102 ﬁlium
3172 3049 3395 3105 amisisti
3427 3069 3441 3105 :
3475 3067 3584 3107 non
3628 3069 3758 3125 ergo

2170 3134 2435 3202 amisisti,
2473 3135 2567 3191 sed
2607 3139 2933 3207 przemisisti.
2979 3138 3161 3210 Neque
3186 3141 3326 3195 enim
3359 3143 3444 3196 ille
3485 3142 3755 3209 decessit,

2171 3228 2264 3284 sed
2290 3231 2582 3300 prmcessit.
2615 3231 2884 3303 Interroga
2915 3232 3072 3288 ﬁdem
3102 3243 3242 3288 tuam
3277 3253 3290 3288 :
3320 3245 3468 3291 certe
3495 3247 3549 3292 et
3583 3248 3638 3291 tu
3667 3237 3760 3292 illo

2170 3318 2338 3373 iturus
2363 3335 2421 3374 es
2442 3359 2460 3386 ,
2487 3335 2592 3390 quo
2618 3321 2707 3376 ille
2734 3323 3042 3377 antecessit.
3073 3323 3206 3378 Bern
3233 3323 3451 3380 brevem
3480 3326 3605 3381 dico
3626 3369 3642 3395 ,
3674 3330 3762 3384 cui

2171 3419 2298 3478 puto
2327 3409 2467 3479 quod
2496 3427 2654 3466 nemo
2682 3413 3024 3482 reSpondeat'.
3056 3413 3195 3487 Vivit
3220 3414 3360 3471 ﬁlius
3383 3417 3548 3473 tuus?
3579 3419 3762 3476 luter-

2169 3515 2297 3572 roga
2325 3501 2481 3556 ﬁdem
2515 3510 2678 3557 tuam.
2702 3502 2757 3559 Si
2784 3519 2911 3574 ergo
2950 3506 3113 3572 vivit,
3147 3521 3312 3576 quare
3339 3508 3611 3566 invaditur
3636 3528 3765 3582 pars

2169 3590 2285 3660 ejus
2314 3605 2343 3644 a
2383 3592 2634 3647 fratribus
2661 3593 2818 3664 ejus?
2841 3594 2947 3650 Sed
2976 3595 3123 3652 dices
3152 3615 3166 3652 :
3195 3597 3458 3669 Numquid
3486 3601 3788 3662 rediturus

2169 3689 2252 3735 est
2272 3720 2288 3746 ,
2327 3689 2382 3737 et
2409 3685 2794 3752 possessurus?
2823 3684 3055 3741 Mittatur
3092 3702 3219 3758 ergo
3248 3689 3323 3743 illi
3348 3705 3453 3759 quo
3481 3695 3772 3761 pra-cessit

2168 3769 2258 3824 ille
2287 3787 2300 3824 :
2330 3771 2396 3826 ad
2422 3787 2534 3826 rem
2558 3788 2708 3827 suam
2735 3774 2917 3830 venire
2937 3791 3040 3830 non
3069 3787 3264 3847 potest,
3293 3795 3378 3834 res
3399 3780 3514 3850 ejus
3536 3783 3610 3837 ad
3636 3800 3768 3839 cum

2161 3860 2247 3916 ire
2285 3870 2479 3932 potest.
2521 3863 2652 3919 Vide
2693 3879 2813 3919 cum
2843 3881 2948 3936 quo
2973 3868 3061 3922 sit.
3091 3867 3147 3923 Si
3187 3869 3240 3923 iu
3277 3872 3470 3941 palatio
3498 3873 3776 3931 militaret

2169 3951 2309 4005 ﬁlius
2339 3961 2494 4019 tuus,
2533 3961 2587 4007 et
2626 3955 2828 4010 amicus
2856 3955 3196 4028 Imperatoris
3236 3960 3427 4029 ﬁeret,
3471 3972 3526 4018 et
3551 3965 3778 4022 diceret

2169 4039 2284 4104 tibi,
2319 4040 2503 4098 Vende
2533 4042 2602 4098 ibi
2625 4053 2834 4115 partem
2861 4062 3066 4116 meam,
3109 4058 3164 4104 et
3203 4051 3353 4106 mitte
3381 4051 3511 4107 mihi
3544 4071 3559 4107 :
3598 4071 3778 4111 num-

2165 4130 2294 4201 quid
2313 4131 2581 4189 invenires
2605 4135 2730 4205 quid
2758 4137 3148 4207 responderes?
3176 4139 3335 4196 Modo
3364 4158 3486 4198 cum
3512 4145 3777 4217 Impera-

2169 4231 2290 4277 tore
2313 4223 2549 4278 omnium
2579 4224 2980 4296 imperatorum,
3005 4237 3204 4285 etcum
3229 4231 3374 4304 Rege
3398 4236 3649 4291 omnium
3670 4254 3776 4292 re-

2107 4313 2110 4317 '
2167 4325 2294 4381 gum
2315 4352 2332 4380 ,
2360 4321 2416 4368 et
2444 4326 2565 4368 eum
2593 4312 2818 4370 Domino
2849 4318 3085 4373 omnium
3121 4320 3456 4379 dominorum
3502 4335 3589 4381 est
3622 4328 3786 4384 ﬁlius

2166 4408 2290 4456 tuus
2323 4419 2336 4456 :
2366 4402 2520 4460 mitte
2549 4403 2645 4459 illi.
2674 4403 2792 4461 Non
2819 4405 2959 4476 dico,
2989 4407 3362 4468 Necessarium
3403 4413 3570 4471 habet
3597 4418 3728 4487 ipse
3763 4437 3780 4472 :

2170 4489 2424 4546 Dominus
2464 4492 2664 4562 ipsius,
2705 4495 2844 4565 apud
2882 4512 3042 4566 quem
3068 4510 3147 4554 est
3175 4500 3311 4556 titius
3350 4511 3508 4568 tuus,
3555 4517 3692 4578 eget
3724 4509 3787 4563 in

2166 4587 2330 4634 terra.
2377 4581 2474 4636 I‘lic
2500 4583 2612 4637 vult
2638 4585 2881 4656 accipere
2910 4589 3050 4658 quod
3081 4590 3171 4645 dat
3212 4592 3263 4646 in
3294 4595 3451 4649 caelo.
3491 4596 3658 4663 Quod
3697 4599 3789 4653 fa-

2163 4686 2287 4726 cere
2299 4672 2534 4727 nonnulli
2558 4676 2703 4730 avari
2728 4678 2917 4746 solent,
2942 4679 3023 4734 fac
3053 4683 3390 4752 trajectitium
3421 4705 3436 4741 :
3465 4688 3530 4741 da
3554 4691 3616 4745 in
3641 4707 3791 4762 pcr-

2165 4763 2402 4832 egriuos,
2432 4764 2574 4832 quod
2596 4767 2823 4838 recipias
2853 4769 2902 4822 in
2933 4773 3096 4839 patria
3125 4783 3233 4828 tua.

2234 4851 2460 4909 CAPUT
2495 4852 2589 4910 XI.
2616 4885 2686 4896 -—
2713 4857 2795 4912 η.
2829 4857 3034 4915 Mortuo
3073 4862 3310 4933 debetur,
3343 4869 3480 4937 quod
3506 4871 3628 4926 rivo
3651 4889 3792 4928 ser-

2163 4942 2385 4996 cabatur.
2411 4943 2687 5001 Postremo
2703 4950 2811 5017 jam
2834 4949 2899 5005 de
2920 4960 2970 5007 te
2991 4952 3122 5007 nihil
3145 4971 3158 5019 ;
3186 4955 3254 5011 de
3286 4957 3391 5012 lilio
3418 4967 3508 5014 tuo
3537 4962 3789 5034 loquor.

2165 5033 2384 5091 Dubitas
2403 5037 2532 5092 dare
2557 5047 2726 5107 tuum,
2754 5041 2963 5098 dubitas
2985 5054 3039 5099 et
3058 5047 3282 5104 reddere
3307 5050 3540 5106 alienum
3569 5073 3584 5108 :
3613 5033 3797 5115 certo

2163 5124 2516 5193 convinceris,
2551 5130 2672 5199 quia
2715 5146 2821 5185 non
2851 5134 2969 5188 ﬁliis
3001 5137 3105 5190 tuis
3136 5139 3405 5196 servabas.
3453 5126 3605 5200 Ecce
3651 5163 3794 5205 non

2161 5213 2258 5269 das
2282 5216 2405 5271 ﬁliis
2440 5219 2542 5273 tuis
2561 5260 2576 5286 ,
2605 5221 2726 5290 quia
2756 5223 2909 5279 tolles
2936 5225 3059 5280 ﬁliis
3087 5229 3210 5282 tuis.
3244 5230 3373 5287 lluie
3397 5247 3545 5290 certe
3575 5240 3794 5297 tolles.

2161 5307 2334 5374 Quare
2358 5309 2602 5380 indignus
2626 5323 2710 5368 est
2736 5315 2996 5386 accipere,
3025 5319 3148 5389 quia
3174 5335 3294 5377 cum
3320 5323 3566 5395 diguiure
3587 5329 3750 5389 vivit
3767 5336 3802 5390 3

2161 5397 2348 5454 Merito
2372 5401 2416 5456 si
2446 5401 2535 5456 ille
2559 5417 2679 5458 cum
2709 5420 2818 5474 quo
2857 5407 2984 5462 vivit
3015 5410 3181 5467 nollet
3210 5414 3472 5484 accipere,
3503 5419 3625 5487 jam
3659 5421 3798 5478 do-

2159 5489 2269 5544 mui
2300 5500 2422 5554 tute,
2450 5492 2544 5548 sed
2572 5492 2750 5550 domui
2772 5496 2964 5554 divina:
2989 5499 3139 5556 dives
3173 5505 3212 5556 ί.
3239 5505 3389 5560 Absit
3415 5523 3548 5580 ergo
3575 5523 3638 5568 ut
3673 5518 3804 5574 tibi

2156 5577 2358 5647 dicam,
2402 5582 2475 5636 Da
2513 5585 2653 5653 quod
2695 5585 2859 5642 habes
2888 5607 2901 5642 :
2933 5587 3029 5646 sed
3056 5591 3175 5649 dico
3215 5595 3345 5663 tibi,
3381 5577 3568 5658 Redde
3613 5609 3807 5676 quod

2222 5682 2236 5712 ί
2262 5687 2394 5740 μοι,
2419 5681 2460 5734 si
2477 5681 2642 5736 domui
2658 5685 2837 5739 divina!
2850 5689 2997 5742 dir-es.
3063 5701 3120 5743 at.

2220 5743 2294 5807 (a)
2319 5745 2434 5796 Vide
2453 5759 2617 5811 supra,
2641 5762 2918 5802 sermonem
2943 5755 2989 5811 9.
3012 5768 3091 5805 un.
3119 5757 3194 5812 30.
3220 5759 3292 5810 Si.
