3954 6186
238 397 346 454 i529

238 509 428 564 debes.
462 503 572 561 Sed
606 503 874 559 habebunt
898 499 1048 568 illud,
1076 500 1175 568 ais,
1206 499 1397 556 fratres
1425 497 1588 554 illius.
1616 497 1661 554 Ο
1691 499 1829 553 mala

240 596 511 662 doctrina,
551 594 753 650 docens
783 593 918 646 filios
958 602 1076 646 tuos
1100 600 1326 646 mortem
1367 598 1552 659 optare
1580 587 1832 642 fratribus

240 691 352 744 suis
377 690 394 744 ε
435 687 494 742 Si
522 686 589 741 de
619 701 677 740 re
707 683 884 739 fratris
913 683 992 737 sui
1018 683 1210 736 mortui
1239 681 1458 737 ditiores
1482 688 1672 747 erunt,
1715 679 1834 734 vide

243 775 702 850 quemadmodum
759 789 819 829 se
874 772 1151 827 attendant
1213 772 1264 826 in
1331 771 1490 825 domo
1537 779 1647 825 tua.
1697 768 1833 838 Quid

243 886 372 942 ergo
439 867 653 924 facies?
716 864 1101 922 Patrimonium
1160 862 1388 929 dividis,
1445 870 1500 917 et
1555 859 1834 932 parricidia

245 963 404 1018 doces
426 961 453 1015 ἲ

317 1053 406 1107 15.
450 1079 528 1092 --
568 1046 803 1106 Christus
846 1048 966 1120 ﬁliis
1005 1044 1414 1100 annumerandus
1454 1045 1506 1098 in
1550 1043 1840 1116 patrimonii

247 1145 513 1200 diuisione.
536 1142 642 1198 Sed
671 1140 796 1194 nolo
814 1139 994 1194 dicere
1021 1137 1088 1194 de
1109 1153 1214 1193 uno
1233 1137 1450 1203 amisso,
1475 1152 1542 1192 ne
1562 1151 1717 1192 casus
1743 1135 1839 1190 bu-

251 1251 440 1290 manos
470 1233 655 1289 videar
680 1231 891 1286 minari.
938 1229 1128 1285 Melius
1167 1227 1395 1300 quodam
1427 1227 1587 1282 modo
1616 1241 1838 1297 prospe-

247 1330 472 1397 riusque
514 1327 812 1396 loquamur.
838 1323 952 1378 Non
981 1321 1136 1388 dico,
1171 1336 1335 1376 unum
1375 1320 1552 1375 minus
1588 1319 1837 1383 habebis,

247 1429 510 1489 computa
543 1418 659 1488 quia
688 1431 850 1471 unum
885 1415 1005 1486 plus
1039 1413 1225 1468 habes.
1263 1413 1373 1469 Fac
1412 1413 1588 1467 locum
1633 1410 1842 1466 Christo

247 1527 379 1566 cum
412 1510 535 1564 filiis
573 1507 711 1574 tuis,
755 1505 974 1561 accedat
1002 1503 1220 1558 familia:
1257 1513 1362 1558 tua:
1397 1503 1651 1558 Dominus
1680 1509 1840 1567 tuus,

249 1600 478 1655 accedat
511 1598 576 1653 ad
607 1597 806 1669 prolem
842 1594 1066 1650 Creator
1091 1603 1216 1649 tuus
1239 1635 1255 1660 ,
1292 1593 1519 1649 accedat
1551 1591 1618 1647 ad
1658 1604 1846 1646 nume-

249 1707 371 1746 rum
406 1692 638 1746 filiorum
674 1699 882 1744 tuorum
926 1687 1090 1742 frater
1117 1695 1258 1742 tuus.
1299 1684 1430 1741 Cum
1459 1685 1598 1740 enim
1640 1691 1840 1738 tantum

251 1783 489 1849 intersit,
518 1789 572 1836 et
597 1779 759 1834 frater
787 1794 908 1834 esse
931 1777 1180 1849 dignatus
1205 1785 1306 1832 est.
1351 1777 1416 1832 Et
1443 1791 1563 1832 cum
1595 1776 1663 1831 sit
1700 1775 1842 1830 Patri

250 1873 478 1932 Unicus.
509 1872 678 1928 voluit
703 1871 899 1926 habere
923 1869 1254 1926 colueredes.
1281 1869 1418 1924 Ecce
1447 1868 1535 1922 ille
1554 1883 1711 1938 quam
1739 1867 1845 1921 lar-

250 1968 431 2038 giter!
482 1976 536 2020 tu
575 1979 740 2035 quare
775 1971 882 2017 tam
922 1960 1226 2016 steriliter?
1277 1960 1418 2015 Duos
1458 1959 1593 2013 filios
1635 1957 1841 2024 habes,

253 2058 472 2113 tertium
505 2055 651 2110 illum
681 2060 927 2123 computa
957 2069 968 2104 :
1003 2061 1111 2105 tres
1141 2049 1327 2116 habes,
1356 2057 1574 2120 quartus
1595 2062 1846 2103 numere-

253 2155 342 2202 tur
375 2161 391 2200 :
420 2145 662 2216 quintum
687 2142 854 2197 habes
874 2181 890 2207 ,
919 2149 1101 2196 sextus
1137 2139 1344 2194 dicatur
1380 2157 1393 2194 :
1420 2137 1602 2193 decem
1644 2136 1808 2192 habes
1827 2179 1843 2204 ,

255 2240 581 2296 undecimus
616 2238 705 2291 sit.
746 2235 882 2290 Nolo
921 2233 1149 2303 amplius
1187 2232 1409 2287 dicere:
1448 2230 1606 2285 unius
1647 2228 1737 2282 ﬁlii
1773 2229 1853 2283 tui

255 2346 418 2386 serva
452 2331 627 2384 locum
655 2327 881 2382 Domino
922 2335 1031 2379 tuo.
1078 2322 1227 2391 Quod
1257 2322 1397 2377 enim
1432 2319 1584 2375 dabis
1622 2319 1852 2373 Domino

258 2431 354 2475 tuo
374 2463 393 2487 ,
434 2429 492 2476 et
531 2419 624 2473 tibi
657 2416 894 2488 proderit
917 2423 970 2470 et
1001 2413 1120 2467 filiis
1152 2409 1255 2467 tuis
1285 2429 1300 2466 :
1335 2410 1476 2482 quod
1503 2417 1680 2465 autem
1711 2409 1850 2464 male

256 2527 450 2568 servas
481 2510 602 2564 filiis
629 2510 732 2564 tuis
755 2551 770 2574 ,
810 2516 864 2563 et
889 2506 981 2561 tibi
1008 2505 1174 2559 oberit
1211 2512 1266 2560 et
1305 2503 1448 2558 filiis.
1481 2501 1642 2556 Dabis
1669 2509 1848 2556 autem

257 2602 569 2673 portionem
599 2613 757 2653 unam
780 2640 793 2661 ,
821 2612 978 2668 quam
1007 2595 1164 2650 unius
1194 2594 1286 2649 ﬁlii
1314 2591 1603 2664 deputasti.
1645 2591 1850 2662 Deputa

257 2705 308 2752 te
336 2709 508 2749 unum
533 2691 760 2760 amplius
784 2689 1052 2761 genuisse.

330 2783 564 2840 CAPUT
602 2782 719 2838 XII.
769 2812 839 2822 —
892 2781 980 2836 14.
1034 2779 1272 2833 Avaritia:
1321 2776 1576 2832 excusatio
1631 2775 1849 2832 sublata.

256 2874 401 2944 Quid
431 2889 678 2945 magnum
701 2915 713 2937 ,
744 2871 933 2927 fratres
956 2869 1103 2925 mei?
1133 2869 1424 2924 Consilium
1455 2868 1524 2922 do
1550 2908 1563 2930 ,
1595 2866 1852 2938 numquid

257 2976 448 3038 guttur
476 2965 626 3036 ligo?
663 2962 813 3018 Sicut
849 2962 923 3016 ait
958 2960 1244 3031 Apostolus
1276 2976 1289 3010 :
1321 2958 1449 3012 Ηωε
1491 2957 1558 3010 ad
1588 2958 1852 3011 utilitatem

257 3067 482 3113 uestram
507 3057 640 3123 dico,
669 3072 769 3109 non
793 3062 849 3108 ut
880 3051 1116 3123 laqueum
1135 3048 1271 3105 vobis
1291 3051 1514 3119 injiciam
1541 3047 1586 3119 (Ι
1612 3047 1728 3103 Cor.
1756 3063 1850 3114 vlt,

261 3151 385 3219 55).
412 3149 571 3213 Puto,
611 3146 802 3202 fratres
821 3187 835 3209 ,
864 3145 984 3214 quia
1013 3157 1171 3213 parva
1197 3149 1250 3197 et
1277 3141 1443 3196 facilis
1465 3139 1712 3210 c0gitatlo
1736 3147 1818 3193 est
1835 3180 1852 3206 ,

261 3251 460 3314 putare
490 3249 691 3310 patrem
719 3237 950 3292 filiorum
983 3235 1179 3289 habere
1203 3249 1364 3288 unum
1400 3232 1566 3286 lilium
1597 3231 1850 3301 amplius,

263 3345 318 3388 et
352 3346 666 3400 comparare
693 3329 812 3382 talia
837 3325 1035 3397 prmdia
1065 3339 1183 3394 quae
1208 3322 1479 3393 possideas
1500 3322 1553 3376 in
1574 3330 1853 3390 aeternum,

263 3433 315 3479 et
346 3423 464 3492 ipse
485 3430 539 3476 et
577 3419 667 3475 filii
689 3420 784 3473 tui.
815 3416 950 3485 Quid
980 3415 1122 3471 dicat
1145 3415 1364 3469 avaritia
1393 3428 1499 3468 non
1525 3413 1704 3468 habet.
1729 3412 1854 3469 Cla-

266 3515 459 3571 mastis
504 3512 573 3567 ad
611 3512 773 3566 verba
812 3510 932 3565 ista.
974 3507 1273 3577 Loquimini
1316 3514 1500 3561 contra
1531 3504 1674 3560 illam
1702 3546 1718 3572 ,
1749 3518 1855 3559 non

265 3622 366 3661 vos
412 3605 612 3665 vincat.
665 3617 768 3658 non
824 3603 943 3671 plus
1001 3599 1173 3654 valeat
1235 3597 1286 3652 in
1337 3596 1586 3653 cordibus
1642 3596 1856 3663 vestris,

268 3713 434 3769 quam
478 3695 803 3764 Redemptor
843 3700 1041 3747 vester.
1079 3687 1194 3744 Non
1238 3688 1358 3758 plus
1385 3686 1558 3740 valeat
1601 3686 1653 3740 in
1695 3685 1859 3740 corde

267 3799 474 3855 vestro,
503 3801 662 3858 quam
695 3785 782 3839 ille
807 3784 898 3855 qui
933 3791 1112 3837 monet
1137 3787 1194 3834 ut
1219 3791 1432 3833 sursum
1471 3775 1633 3831 corda
1663 3775 1858 3831 habea-

269 3898 413 3938 mus.
449 3879 568 3935 Jam
598 3892 726 3947 ergo
751 3877 903 3931 istam
942 3873 1289 3930 dimittamus.

343 3975 432 4029 {5.
463 4001 538 4014 —
561 3968 790 4026 Christus
817 3978 992 4022 contra
1019 3965 1271 4020 luxuriam
1305 3961 1438 4016 idem
1466 3959 1680 4014 consulit
1726 3959 1861 4027 quod

271 4066 500 4122 luxuria.
544 4061 696 4116 Dives
727 4059 1040 4131 imprudens.
1072 4055 1298 4111 Luxuria
1324 4045 1464 4124 quid
1485 4051 1644 4106 dicit?
1685 4050 1860 4118 Quid?

274 4156 381 4212 Fac
400 4171 524 4210 cum
548 4153 721 4207 anima
748 4159 830 4204 tua
864 4150 1018 4204 bene.
1043 4148 1179 4202 Ecce
1199 4145 1328 4200 dicit
1351 4153 1407 4199 et
1436 4143 1688 4198 Dominus
1713 4157 1731 4195 :
1758 4141 1863 4196 Fac

273 4265 395 4306 cum
424 4247 604 4300 anima
649 4252 734 4296 tua
766 4241 922 4294 bene.
951 4237 1102 4306 Quod
1132 4237 1222 4291 tibi
1251 4234 1463 4290 dicebat
1491 4233 1693 4286 luxuria
1715 4273 1730 4298 ,
1763 4231 1864 4286 hoc

275 4341 371 4395 tibi
410 4339 542 4393 dicit
568 4334 791 4404 justitia.
832 4331 936 4387 Sed
965 4329 1084 4384 vide
1125 4338 1179 4384 et
1206 4328 1290 4382 hic
1328 4324 1596 4396 quomodo
1634 4323 1860 4379 dicatur.

276 4435 331 4488 Si
363 4447 487 4488 cum
517 4429 692 4483 anima
723 4434 808 4480 tua
835 4425 914 4479 vis
939 4424 1111 4478 facere
1139 4421 1276 4476 bene
1301 4460 1315 4483 ,
1356 4417 1574 4474 attende
1603 4417 1752 4471 illum
1779 4415 1864 4469 di-

277 4525 439 4578 vitem
469 4519 560 4592 qui
586 4534 650 4572 ex
677 4516 898 4572 consilio
925 4513 1143 4567 luxuria:
1169 4520 1222 4565 et
1247 4509 1480 4564 avaritia:
1505 4505 1715 4562 volebat
1743 4519 1864 4560 cum

281 4616 456 4672 anima
479 4627 576 4674 sua
606 4611 743 4665 bene
768 4608 962 4663 facere.
990 4603 1260 4661 Successit
1283 4602 1331 4656 ei
1362 4600 1530 4671 regio,
1559 4607 1614 4655 et
1641 4613 1746 4653 non
1774 4598 1869 4652 ha-

279 4704 440 4760 Iebat
474 4701 563 4756 ubi
600 4699 915 4756 reconderet
951 4695 1152 4750 fructus
1194 4707 1352 4757 suos,
1384 4700 1437 4746 et
1465 4691 1539 4745 ait
1571 4707 1584 4744 :
1619 4689 1756 4756 Quid
1784 4693 1866 4762 fa-

282 4799 410 4854 (iam
437 4797 462 4849 .9
490 4810 590 4846 non
637 4791 790 4844 habeo
823 4803 922 4860 quo
957 4785 1212 4857 colligam.
1261 4782 1438 4835 Inueni
1475 4781 1596 4846 quid
1635 4781 1819 4852 faciam
1851 4795 1870 4834 .-

285 4888 544 4941 destruam
569 4881 838 4952 apothecas
862 4886 1048 4931 veteres
1064 4916 1079 4941 ,
1125 4884 1168 4928 et
1193 4882 1346 4927 nouas
1369 4870 1633 4940 azdiﬁcabo
1658 4910 1673 4936 ,
1704 4880 1750 4924 et
1793 4887 1874 4924 re.

285 4979 430 5048 plebo
470 4992 554 5029 eas
578 5015 594 5040 ,
637 4981 681 5027 et
723 4971 887 5024 dicam
925 4969 1110 5022 anima?
1143 4979 1268 5020 ntere
1293 4980 1311 5016 :
1338 4961 1510 5016 Habes
1535 4962 1693 5016 multa
1718 4962 1866 5027 bona,

281 5069 587 5142 jucundare.
632 5062 766 5119 Audi
803 5060 1082 5116 consilium
1125 5065 1310 5112 contra
1343 5053 1605 5109 luxuriam
1637 5070 1650 5106 :
1680 5052 1869 5120 Stulte,

289 5165 458 5218 anima
487 5172 575 5214 tua
602 5159 698 5211 hac
726 5165 869 5210 nocte
899 5155 1155 5224 auferetur
1177 5148 1266 5202 abs
1303 5156 1350 5202 te
1370 5161 1388 5200 :
1407 5161 1520 5216 quae
1544 5145 1870 5217 praeparasti,

291 5257 436 5326 mjus
465 5261 612 5306 erunt
642 5249 788 5319 (Luc.
814 5261 912 5312 xu,
940 5242 1168 5312 lli-20)?
1191 5240 1258 5294 Et
1284 5253 1390 5310 quo
1419 5238 1552 5292 itura
1583 5245 1665 5291 est
1697 5237 1874 5292 anima

292 5349 391 5402 ista
415 5389 430 5410 ,
462 5359 582 5415 qu:e
608 5341 874 5395 auferetur
897 5338 964 5392 ab
993 5333 1124 5390 illo?
1154 5333 1265 5388 Hac
1292 5341 1446 5386 nocte
1480 5329 1754 5385 auferetur
1778 5347 1798 5395 ,'
1821 5335 1877 5383 et

294 5437 460 5493 nescit
492 5449 599 5505 quo
628 5433 762 5487 itura
793 5437 894 5485 est.

366 5526 594 5584 CAPUT
632 5521 770 5579 XIII.
797 5547 868 5562 -ο
907 5517 995 5573 16.
1040 5514 1191 5570 Dives
1227 5513 1354 5568 alter
1394 5510 1702 5565 luxuriosus.
1745 5507 1878 5564 Vide

298 5624 458 5677 alium
505 5617 724 5674 divitem
766 5612 1132 5674 luxuriosum,
1192 5603 1501 5675 superbum.
1553 5601 1922 5672 Epulabatur'

301 5712 536 5786 quotidie
565 5706 841 5782 splendide
860 5746 875 5772 ,
902 5713 957 5759 et
980 5698 1295 5757 induebatur
1325 5709 1552 5766 purpura
1583 5703 1640 5749 et
1669 5693 1876 5786 bysso:

309 5782 358 5861 et
402 5817 603 5878 pauper
649 5799 919 5854 ulcerosus
956 5791 1160 5864 jaccbat
1207 5789 1272 5844 ad
1312 5786 1524 5856 ianuam
1550 5825 1564 5851 ,
1611 5783 1772 5840 micas
1812 5782 1879 5839 de

1609 386 1838 442 SEINO
1878 385 2180 442 LXXXVII.

3420 389 3581 444 Βδον

1943 511 2122 552 mensa
2152 496 2330 553 divitis
2364 497 2554 554 frustm
2583 498 3021 570 concupiscebat;
3059 515 3220 557 canes
3257 501 3527 558 ulceribus

1944 587 2191 657 pascebat
2218 629 2232 654 ,
2266 596 2318 642 et
2347 602 2376 642 a
2402 587 2564 645 divite
2593 605 2698 645 non
2738 591 3072 663 pascebatur.
3105 590 3341 663 Uterque
3384 607 3525 648 mon.

1943 685 2066 732 tuus
2093 685 2174 732 est
2206 693 2220 730 :
2252 693 2390 732 unus
2428 693 2610 734 eorum
2655 681 2896 750 sepultus
2931 690 3058 746 est;
3086 681 3156 736 de
3191 681 3362 743 altero
3399 681 3524 753 quid
3539 717 3569 750 ρ,

1942 765 2140 820 dictum
2167 767 2298 821 est?
2327 767 2538 823 Ablatus
2561 779 2634 824 est
2663 769 2724 823 ab
2752 769 2960 843 Angelis
2998 771 3050 824 in
3078 772 3245 829 sinum
3265 817 3268 822 .
3287 773 3525 829 Abraluc.

1945 855 2102 912 Videt
2125 855 2279 912 dives
2306 874 2616 930 pauperem,
2646 861 2754 916 imo
2775 860 2887 932 jam
2917 876 3115 932 pauper
3141 862 3360 918 divitem
3391 883 3406 920 :
3433 864 3573 921 dem.

1943 948 2142 1006 siderat
2168 949 2236 1005 de
2267 945 2436 1022 digito
2471 952 2665 1008 stillam
2706 968 2868 1024 aqua:
2891 955 2944 1010 in
2975 955 3205 1026 linguam
3243 971 3428 1024 suam,
3455 959 3573 1015 ab

1945 1039 2036 1093 illo
2055 1040 2142 1109 qui
2174 1039 2498 1096 desideravit
2522 1043 2712 1099 micam
2731 1043 2802 1100 de
2832 1060 3015 1101 mensa
3045 1045 3181 1116 ejus.
3211 1047 3368 1104 Certe
3386 1049 3534 1106 vices

1946 1139 2162 1187 mutata:
2203 1142 2348 1188 sunt.
2388 1134 2605 1190 Frustra
2635 1135 2737 1191 hoc
2761 1135 2889 1191 dicit
2915 1135 3065 1193 dives
3095 1146 3336 1194 mortuus
3367 1159 3382 1194 :
3421 1155 3528 1195 non

1946 1221 2140 1277 frustra
2171 1223 2272 1279 hoc
2300 1225 2578 1280 audiamus
2603 1227 2692 1297 qui
2725 1227 2974 1284 vivimus.
3007 1227 3139 1284 Nam
3171 1239 3225 1284 et
3249 1230 3340 1286 ille
3363 1231 3569 1290 voluit-.

1947 1311 2012 1366 ad
2054 1329 2284 1382 superos
2315 1317 2588 1381 revocari,
2625 1326 2680 1372 et
2722 1334 2825 1373 non
2875 1329 2956 1375 est
2992 1319 3282 1390 permissus
3316 1339 3329 1377 :
3361 1322 3532 1376 voluit

1947 1403 2176 1473 aliquem
2205 1417 2534 1461 mortuorum
2584 1409 2719 1463 mitti
2754 1409 2820 1465 ad
2857 1410 3048 1466 fratres
3086 1425 3247 1479 suos,
3289 1427 3390 1468 nec
3429 1411 3532 1466 hoc

1951 1494 2027 1549 illi
2049 1511 2362 1552 concessum
2391 1507 2490 1554 est.
2538 1499 2646 1556 Sed
2686 1501 2813 1571 quid
2843 1502 2893 1556 ei
2928 1502 3128 1558 dictum
3168 1505 3291 1561 est?
3331 1504 3564 1561 Habent.

1948 1585 2018 1640 ibi
2061 1585 2268 1656 Moysen
2299 1597 2344 1641 et
2382 1586 2685 1660 Pr0pltetas.
2737 1591 2804 1646 Et
2843 1593 2928 1648 ille
2960 1611 2973 1647 :
3009 1593 3128 1650 Non
3157 1595 3363 1652 audient
3390 1637 3406 1662 ,
3435 1597 3536 1651 nisi

1949 1675 2134 1746 aliquis
2156 1693 2188 1729 a
2216 1679 2423 1731 mortuis
2462 1679 2594 1734 ierit.
2637 1680 2726 1735 Ait
2774 1682 2847 1736 illi
2883 1683 3150 1738 Abraham
3179 1664 3200 1738 ἶ
3228 1684 3300 1740 Si
3319 1684 3565 1756 Moysen.

1950 1775 1998 1821 et
2024 1765 2308 1838 Prop/tetas
2338 1785 2438 1823 non
2468 1772 2705 1837 audiunt,
2736 1789 2846 1839 nec,
2888 1774 2931 1828 si
2953 1775 3066 1846 quis
3091 1792 3122 1828 a
3147 1776 3358 1830 mortuis
3383 1775 3530 1842 ierit,
3553 1829 3569 1838 _

1951 1856 2152 1911 credent
2191 1856 2338 1924 (Luc.
2360 1875 2458 1915 xv:
2477 1901 2493 1924 ,
2528 1860 2742 1931 19-51).

2020 1945 2245 2003 CAPUT
2271 1949 2422 2022 XIV.
2449 1981 2520 1991 —
2573 1952 2659 2008 l7.
2701 1951 2980 2008 Consilium
3027 1955 3125 2009 Dei
3180 1955 3244 2010 de
3288 1956 3556 2027 faciendis:

1952 2040 2280 2112 elemosynis
2326 2058 2460 2096 nunc
2505 2044 2926 2114 amplectendam.
2979 2047 3055 2102 De
3109 2047 3361 2102 faciendis
3409 2063 3554 2119 ergo.

1952 2131 2305 2203 eleemosynis
2328 2173 2342 2196 ,
2384 2141 2439 2188 et
2465 2134 2821 2203 comparanda
2847 2135 3038 2190 anima:
3068 2136 3252 2206 requie
3278 2137 3331 2190 in
3360 2146 3538 2206 poste-

1953 2237 2093 2287 rum,
2121 2231 2179 2276 ut
2204 2221 2460 2277 faciamus
2490 2223 2626 2278 bene
2651 2239 2772 2279 cum
2801 2224 2974 2278 anima
3005 2234 3206 2297 nostra,
3240 2226 3382 2296 quod
3415 2243 3538 2297 ρει-ς

1953 2325 2109 2365 verse
2124 2310 2256 2364 dixit
2277 2311 2478 2367 luxuria
2490 2353 2505 2379 ,
2519 2312 2650 2368 dixit
2665 2323 2718 2368 et
2737 2313 2968 2386 Moyses,
2982 2296 3291 2373 dixeruntet
3305 2296 3539 2387 Propheo

1956 2409 2042 2454 tte.
2059 2401 2346 2456 Audiamus
2361 2416 2480 2456 cum
2504 2401 2747 2457 vivimus.
2766 2402 2897 2474 Quia
2915 2403 2984 2458 ibi
2999 2403 3190 2460 frustra
3212 2406 3543 2477 concupiscit

1955 2491 2158 2556 audire,
2190 2493 2280 2561 qui
2314 2493 2632 2563 contempsit
2659 2494 2759 2548 ista
2802 2510 2922 2549 eum
2971 2495 3200 2550 audiret.
3234 2498 3314 2552 An
3347 2513 3542 2568 exSpe—

1956 2593 2161 2639 ctamus
2182 2593 2238 2640 ut
2253 2584 2441 2654 aliquis
2457 2593 2521 2639 et
2539 2599 2568 2638 a
2597 2585 2822 2641 mortuis
2848 2595 3107 2656 resurgat,
3125 2595 3179 2642 et
3199 2587 3341 2642 dicat
3361 2572 3539 2656 nobis,

1958 2685 2016 2731 ut
2045 2675 2302 2731 faciamus
2329 2677 2638 2730 cumanima
2655 2684 2834 2734 nostra
2857 2676 3016 2732 bene?
3031 2677 3147 2732 Jam
3163 2687 3214 2733 et
3227 2678 3329 2736 hoc
3345 2677 3540 2734 factum

1957 2776 2039 2822 est
2070 2785 2083 2822 :
2117 2782 2220 2822 non
2251 2767 2542 2822 resurrexit
2569 2762 2719 2837 pater
2740 2775 2860 2822 tuus
2880 2810 2894 2834 ,
2921 2767 3018 2823 sed
3041 2769 3335 2824 resurrexit
3360 2769 3545 2828 Domi-

1961 2872 2064 2912 nus
2103 2865 2246 2911 tuus.
2273 2855 2447 2926 Ipsum
2476 2855 2636 2923 audi,
2663 2856 2845 2927 accipe
2868 2857 3063 2912 bonum
3089 2859 3390 2914 consilium.
3423 2859 3541 2914 Noli

1959 2961 2179 3018 parcere
2209 2946 2470 3002 thesauris
2509 2947 2613 3002 tuis
2635 2988 2650 3014 ,
2678 2961 2835 3017 eroga
2883 2958 3136 3018 quantum
3164 2958 3334 3018 potes.
3366 2949 3544 3005 Luxu-

1959 3042 2053 3095 ria:
2079 3058 2181 3096 vox
2213 3048 2367 3096 orat:
2399 3039 2608 3095 Domini
2635 3055 2732 3095 vox
2769 3039 2906 3095 facta
2955 3049 3055 3096 est.
3086 3041 3260 3112 Eroga
3287 3051 3541 3114 quantum

1960 3142 2116 3202 potes
2138 3175 2154 3200 ,
2199 3131 2282 3188 fac
2330 3130 2467 3186 bene
2503 3146 2625 3186 cum
2666 3131 2844 3186 anima
2876 3140 2961 3187 tua
2982 3175 2997 3199 ,
3031 3147 3098 3187 ne
3127 3131 3402 3190 auferatur
3443 3133 3544 3190 hac

1961 3235 2116 3280 nocte
2162 3224 2338 3279 anima
2382 3233 2489 3278 tua.
2520 3222 2738 3278 Habetis
2777 3223 2830 3277 in
2861 3223 3074 3278 nomine
3103 3222 3341 3290 Christi,
3369 3240 3543 3297 quan-

1962 3323 2072 3369 tum
2122 3313 2381 3378 arbitror,
2422 3327 2722 3368 sermonem
2768 3309 2834 3366 de
2880 3311 3133 3369 faciendis
3163 3313 3544 3386 cleemosynis.

1963 3404 2077 3459 Vox
2109 3404 2208 3459 ista
2234 3413 2406 3459 vestra
2433 3403 2760 3458 laudantium
2788 3445 2802 3472 ,
2845 3412 2970 3458 tunc
2999 3388 3215 3476 accepta
3242 3405 3324 3460 est
3353 3405 3539 3461 Domi-

1964 3513 2058 3563 no,
2085 3497 2129 3551 si
2157 3495 2329 3550 videat
2358 3505 2411 3551 et
2439 3511 2626 3551 manus
2651 3495 3006 3566 operantium.

2388 3627 2616 3687 SERMO
2651 3628 2936 3684 LXXXVII
2961 3633 2977 3652 ‘
3017 3627 3115 3704 (a).

1967 3764 2186 3820 Habitus
2229 3763 2310 3820 die
2342 3765 2595 3820 dominica
2619 3807 2635 3834 ,
2666 3765 2728 3821 de
2766 3782 2823 3820 eo
2865 3766 3000 3838 quod
3031 3766 3275 3838 scriptum
3310 3774 3418 3832 est,
3459 3765 3548 3824 Si-

2035 3857 2161 3912 mile
2198 3865 2280 3913 est
2320 3871 2541 3926 regnum
2585 3857 2841 3914 coelorum
2891 3855 3091 3911 homini
3139 3855 3548 3926 patrifamilias,

2035 3950 2124 4022 qui
2143 3949 2288 4004 misit
2309 3949 2584 4021 operarios
2601 3949 2651 4004 in
2670 3949 2882 4005 vincam
2901 3964 3052 4006 suam
3069 3951 3108 4003 ¹.
3126 3948 3311 4004 Matth.
3326 3967 3440 4020 cap.
3456 3967 3548 4016 xx,

2052 4044 2124 4114 γ.
2168 4041 2320 4098 l-l6.

2037 4173 2265 4231 CAPUT
2329 4173 2613 4230 PRIMUM.
2666 4203 2739 4216 ο·-
2799 4173 2850 4228 i.
2917 4171 3141 4228 Colimus
3202 4188 3294 4229 nos
3342 4171 3580 4246 Deum“

1969 4276 2014 4321 et
2066 4268 2185 4322 colit
2232 4283 2324 4322 nos
2381 4265 2539 4321 Deus.
2594 4267 2672 4321 De
2727 4273 2914 4321 sancto
2964 4265 3252 4336 Evangelio
3299 4265 3584 4335 praesenti~

1971 4359 2197 4430 teu'npori
2239 4367 2620 4414 consonantem
2672 4357 3088 4415 similitudinem-
3120 4356 3444 4416 audistisode
3461 4357 3554 4412 his

1969 4455 2062 4526 qui
2087 4461 2380 4524 operantur
2409 4453 2462 4508 in
2491 4453 2667 4507 vinea.
2700 4451 2798 4507 Est
2826 4451 2969 4507 enim
3013 4451 3176 4506 modo
3203 4459 3415 4520 tempus
3442 4452 3560 4506 vin-

1971 4543 2162 4600 demia:
2185 4543 2500 4614 corporalis.
2532 4543 2630 4597 Est
2653 4549 2846 4600 autem.
2873 4541 3556 4612 et.spiritualis.viudemia,

1972 4634 2064 4690 ubi
2117 4634 2263 4688 Deus
2313 4631 2507 4704 gaudet
2548 4631 2628 4688 ad.
2655 4631 2884 4687 fructum
2921 4632 3092 4688 vinea:
3136 4647 3268 4688 suae.
3320 4632 3560 4687 Colimus

1973 4728 2116 4782 enim
2148 4726 2337 4784 Deum.
2365 4733 2422 4780 et
2443 4725 2568 4780 colit
2594 4739 2692 4779 nos
2719 4725 2883 4780 Deus.
2904 4723 3010 4780 Sed
3034 4740 3139 4779 non
3167 4725 3245 4780 sic
3276 4725 3438 4779 Deum
3468 4738 3560 4778 co-

1975 4819 2132 4874 limus
2152 4860 2170 4885 ,
2213 4829 2270 4873 ut
2312 4834 2416 4873 nos
2440 4831 2560 4872 eum
2589 4817 2864 4874 meliorem
2890 4815 3117 4872 colendo
3147 4815 3404 4871 facimnus
3453 4812 3556 4871 Co-

1975 4909 2133 4964 limus
2159 4909 2304 4963 enim
2341 4923 2463 4968 eum
2497 4905 2791 4972 adorando,
2835 4921 2944 4960 non
2981 4904 3200 4960 arando.
3246 4905 3338 4959 Ille
3382 4913 3560 4960 autem

1977 5000 2106 5054 colit
2125 5013 2229 5053 nos
2254 5007 2506 5065 tanquam
2529 4995 2760 5064 agricola
2787 5009 2994 5064 agrum.
3019 4996 3170 5061 Quod
3193 5010 3324 5064 ergo
3350 5009 3450 5049 nos
3473 4994 3562 5050 ille

1978 5093 2106 5147 colit
2128 5131 2143 5154 ,
2172 5090 2423 5144 meliores
2468 5103 2568 5142 nos
2615 5087 2826 5148 reddit;
2873 5086 2998 5156 quia
3033 5095 3088 5141 et
3114 5084 3351 5155 agricola
3375 5100 3561 5155 agrum

1980 5179 2206 5237 colendo
2238 5179 2363 5237 facit
2387 5177 2661 5233 meliorem
2694 5193 2708 5229 :
2737 5185 2791 5231 et
2833 5175 3004 5246 ipsum
3044 5174 3271 5231 fructum
3317 5176 3371 5231 in
3410 5175 3566 5232 nobis

2047 5362 2224 5408 1*Huuc
2245 5370 2408 5407 sermo
2431 5354 2618 5405 titulum
2658 5352 2855 5416 prtcfert
2885 5353 2934 5403 in
2957 5354 3208 5416 veteribus
3225 5351 3361 5403 libris
3376 5355 3568 5416 optima:

1982 5429 2110 5472 noue
2132 5419 2404 5469 Colbertino
2424 5426 2475 5466 et
2499 5415 2899 5466 Pbimarconensi.
2916 5421 2964 5464 In
2982 5415 3088 5464 aliis
3123 5427 3240 5465 vero
3270 5421 3374 5464 Mss.
3410 5415 3571 5464 minus

1983 5486 2114 5535 bene
2148 5482 2446 5596 .i‘uscripitur,
2465 5479 2528 5530 de
2565 5477 2730 5530 Verbis
2753 5476 2943 5528 Donzim'
2983 5475 3248 5527 secandum
3282 5485 3449 5535 Joan.,
3471 5483 3570 5538 Ego

1983 5559 2088 5596 sum
2112 5557 2156 5594 vi
2177 5557 2238 5596 ss.
2263 5557 2292 5592 e
2315 5556 2357 5591 c.

2223 5578 2238 5603 ς
2263 5578 2357 5592 νιν.

2049 5626 2062 5644 ⁹
2092 5625 2379 5687 necognitus
2408 5621 2682 5687 adcedices
2701 5633 2873 5687 omnes
2894 5626 3084 5687 notatos
3105 5632 3247 5684 supra
3272 5621 3319 5671 In
3343 5632 3590 5672 sermone.

1984 5687 2066 5746 ΘΞ,
2089 5681 2398 5749 κρτῐεῑθιιρει
2421 5684 2479 5732 ad
2498 5683 2577 5744 pb.
2606 5690 2657 5732 et
2678 5683 2736 5731 ml
2758 5683 2978 5745 quintum
3009 5681 3070 5730 cl.

2047 5767 2121 5832 (a)
2147 5765 2284 5818 Alias.
2309 5765 2372 5815 de
2398 5764 2566 5813 Verbis
2587 5764 2766 5814 Ποπιίηί
2785 5763 2863 5813 bl).
