3954 6186
460 286 627 343 53l‘

459 399 654 466 «μείω-ιι
675 438 692 463 ,
740 407 796 452 ut
825 412 946 453 eum
977 399 1233 455 celantes.
1267 400 1483 457 Cultura
1515 403 1678 472 ipsius
1706 411 1790 459 est
1820 402 1873 457 in
1900 417 1998 457 nos
2021 443 2038 469 ,

462 486 605 558 quod
632 503 736 543 non
775 492 949 544 cessat
988 490 1154 547 verbo
1198 507 1301 547 suo
1326 495 1624 565 exstirpare
1665 498 1870 553 semina
1902 499 2039 553 mala

458 578 531 636 de
551 578 800 635 cordilms
825 582 1013 648 nutris,
1042 586 1250 655 aperire
1273 601 1369 643 cur
1388 598 1625 644 nostrum
1650 598 1898 662 tanquam
1923 610 2039 648 ara-

460 678 543 726 tro
569 672 832 728 sermonis
850 712 867 741 ,
893 673 1137 745 plantare
1161 681 1365 736 semina
1394 692 1812 756 praceptorum,
1844 702 2040 759 exspe-

458 769 605 816 ctare
642 760 877 820 fructum
907 766 1137 836 pietatis.
1178 769 1311 828 Cum
1339 775 1482 831 enim
1511 775 1666 835 istam
1695 779 1958 836 crateram
1987 782 2040 837 in

458 870 554 910 eor
574 868 825 915 nostrum
852 862 930 917 sic
954 866 1340 935 acceperimus,
1368 878 1427 925 ut
1449 885 1572 927 eum
1599 873 1736 929 bene
1756 875 1997 930 colamus
2020 920 2036 942 ,

458 960 565 1009 non
604 950 884 1008 existimas
913 957 1099 1024 ingrati
1125 960 1371 1029 agricola:
1400 971 1583 1019 nostro
1605 1006 1621 1032 ,
1667 964 1760 1021 sed
1809 966 2037 1024 fructum

454 1037 730 1097 reddimus
783 1056 890 1113 quo
939 1048 1186 1117 gaudeat.
1223 1049 1291 1106 Et
1320 1051 1524 1111 fructus
1547 1067 1728 1112 noster
1752 1072 1862 1116 non
1892 1061 2039 1116 illum

454 1128 702 1188 ditiorem
729 1133 889 1203 facit,
919 1136 1015 1195 sed
1042 1156 1141 1198 nos
1167 1142 1450 1202 beatiores.

525 1222 581 1276 2.
626 1224 895 1289 Quomodo
934 1247 1028 1287 nos
1075 1232 1209 1290 Deus
1255 1238 1394 1292 colit.
1456 1239 1596 1298 Ecce
1649 1243 1862 1309 audite,
1916 1246 2040 1316 quia

454 1312 592 1368 sicut
618 1314 724 1370 dixi
750 1359 765 1383 ,
812 1319 941 1375 colit
980 1336 1077 1377 nos
1133 1325 1291 1380 Deus.
1337 1327 1468 1385 Nam
1512 1332 1636 1401 quia
1677 1348 1777 1389 nos
1814 1312 2042 1393 colimus

458 1408 623 1463 Deum
650 1451 665 1473 ,
696 1426 802 1467 non
831 1426 963 1484 opus
990 1426 1071 1472 est
1113 1428 1170 1473 ut
1200 1422 1456 1490 probetur
1483 1425 1650 1480 vobis.
1684 1426 1871 1484 Omnis
1896 1431 2038 1486 enim

458 1498 621 1555 homo
649 1501 749 1558 hoc
789 1502 946 1562 habia
974 1508 1025 1562 in
1054 1525 1182 1575 ore,
1216 1513 1338 1583 quia
1368 1513 1610 1572 homines
1634 1520 1818 1575 colunt
1847 1521 2037 1577 Deum.

452 1593 586 1659 Quia
616 1608 744 1648 vero
785 1595 927 1653 Deus
955 1601 1082 1655 colit
1125 1601 1369 1660 homines
1393 1646 1408 1670 ,
1440 1608 1593 1677 quasi
1606 1613 1920 1680 expavescit
1940 1627 2039 1668 au-

453 1684 596 1743 ditor
624 1689 836 1757 quando
860 1692 1007 1748 audit
1037 1712 1053 1747 :
1083 1696 1205 1766 quia
1237 1713 1343 1752 non
1372 1709 1455 1755 est
1481 1701 1532 1755 in
1559 1716 1658 1757 usu
1684 1702 1956 1760 hominum
1980 1715 2040 1761 ut

453 1778 663 1856 dicatur
681 1782 800 1853 quia
830 1782 972 1839 Dens
998 1786 1124 1842 colit
1158 1787 1437 1859 homines;
1481 1792 1575 1848 sed
1601 1794 1725 1865 quia
1753 1797 1915 1852 Deum
1943 1812 2038 1854 co-

454 1852 573 1923 lunt
619 1852 884 1929 homines.
932 1874 1196 1932 Debemus
1243 1894 1372 1951 ergo
1404 1852 1633 1953 probare:
1657 1886 1809 1942 vobis
1838 1891 1957 1959 quia
1985 1900 2041 1947 et

454 1958 596 2015 Deus
641 1963 768 2018 colit
805 1962 1088 2031 homines;
1132 1986 1197 2025 ne
1246 1969 1382 2029 forte
1423 1985 1671 2043 putemur
1695 1958 1915 2035 verbum
1952 1982 2039 2037 in-

452 2051 851 2124 disciplinatum
876 2055 1076 2115 dixisse
1098 2102 1113 2125 ,
1143 2074 1197 2116 et
1232 2063 1422 2136 aliquis
1452 2067 1505 2122 in
1533 2069 1698 2126 corde
1725 2086 1824 2128 suo
1852 2074 2038 2144 dispu~

453 2152 531 2202 tet
555 2155 740 2202 contra
768 2163 885 2217 nos,
916 2144 976 2206 et
999 2155 1245 2211 nesciens
1274 2156 1399 2229 quid
1429 2159 1724 2219 dixerimus
1749 2171 2038 2237 reprehen-

453 2234 546 2291 dat
594 2252 714 2295 nos.
780 2239 892 2297 lloc
946 2258 1075 2315 ergo
1126 2251 1473 2309 constitutum
1536 2265 1620 2312 est
1666 2234 2038 2318 demonstrare

452 2328 643 2397 vobis;
690 2333 812 2403 quia
852 2343 904 2390 et
950 2336 1092 2393 Deus
1128 2341 1258 2399 colit
1299 2359 1429 2413 nos;
1455 2348 1548 2403 sed
1573 2350 1683 2419 jam
1711 2351 1855 2424 dixi,
1902 2358 2039 2413 sicut

451 2435 637 2491 agrum
668 2466 684 2490 ,
735 2434 794 2480 ut
843 2427 1093 2486 meliores
1137 2447 1235 2490 nos
1278 2435 1453 2493 faciat.
1501 2440 1756 2500 Dominus
1803 2446 1929 2502 dicit
1983 2448 2035 2503 in

452 2511 741 2586 Evangelio
774 2536 787 2572 :
822 2516 935 2591 Ego
974 2537 1085 2577 sunt
1116 2527 1260 2593 vitis,
1302 2542 1389 2584 eos
1412 2532 1530 2587 estis
1556 2547 1809 2591 ramenta
1830 2581 1843 2603 ,
1880 2537 2038 2594 Pater

453 2625 596 2665 metu
622 2620 695 2664 est
722 2612 948 2682 agricola
988 2615 1009 2683 (
1026 2615 1185 2673 Joan.
1228 2636 1320 2689 xv,
1364 2622 1399 2679 5
1418 2666 1433 2692 ,
1468 2624 1556 2700 1).
1589 2629 1725 2694 Quid
1752 2629 1876 2686 facit
1900 2636 2033 2700 agri-

451 2698 612 2756 cola?
652 2701 924 2778 interrogo
969 2723 1065 2765 vos
1089 2751 1104 2776 ,
1131 2712 1221 2783 qui
1265 2698 1523 2786 agricolze
1540 2720 1710 2788 estis;
1756 2724 1881 2795 quid
1910 2698 2040 2783 facit

453 2791 727 2863 agricola?
765 2794 899 2852 Puto
925 2798 1047 2871 quia
1073 2815 1262 2874 agrum
1283 2806 1428 2865 colit.
1473 2806 1532 2865 Si
1557 2824 1688 2883 ergo
1714 2791 1873 2870 Pater
1898 2816 2038 2874 Deus

451 2884 682 2954 agricola
711 2899 793 2943 est
815 2931 830 2954 ,
861 2890 1020 2947 habet
1045 2907 1228 2964 agrum
1252 2938 1268 2964 ,
1300 2906 1355 2954 et
1381 2900 1508 2956 colit
1536 2918 1720 2975 agrum
1758 2922 1911 2963 suum
1939 2952 1951 2977 ,
1985 2920 2039 2966 et

453 2988 729 3048 exspectat
758 2981 881 3039 inde
910 2983 1163 3042 fructum.

525 3068 752 3129 CAPUT
790 3074 856 3130 ll.
886 3106 961 3145 —_-
984 3077 1038 3134 3.
1094 3077 1255 3137 Vinea
1292 3102 1325 3138 (ι
1367 3083 1473 3143 Deo
1522 3086 1773 3158 plantam.
1802 3092 2038 3165 Denique

450 3158 711 3229 plantavit
763 3166 1010 3237 vineam,
1065 3170 1202 3227 sicut
1252 3173 1381 3232 dicit
1434 3178 1547 3249 ipse
1598 3181 1852 3239 Dominus
1881 3158 2037 3243 Iesus

450 3249 697 3308 Christus
720 3296 736 3321 ,
764 3265 820 3312 et
845 3258 1041 3321 locavit
1068 3276 1185 3317 eam
1216 3265 1466 3336 agricolis
1485 3310 1500 3336 ,
1543 3271 1633 3342 qui
1677 3272 1964 3330 redderent
1986 3279 2035 3334 ei

451 3340 682 3399 fructum
715 3350 1045 3419 temporibus
1072 3356 1323 3425 propriis.
1368 3358 1435 3415 Et
1461 3340 1604 3417 misit
1624 3363 1690 3418 ad
1716 3380 1810 3421 eos
1851 3381 2035 3423 servos

450 3448 612 3497 suos,
647 3443 705 3489 ut
745 3446 992 3507 peterent
1037 3445 1336 3502 mercedem
1366 3449 1551 3506 viuere.
1583 3450 1660 3507 llli
1697 3466 1873 3511 autem
1901 3472 2035 3514 con-

453 3526 692 3582 tumeliis
717 3543 815 3585 eos
837 3532 1152 3603 atl'eeerunt,
1182 3538 1389 3611 aliquos
1413 3550 1470 3597 et
1492 3544 1825 3615 occiderunt,
1843 3559 1898 3605 et
1921 3550 2032 3606 fru-

418 3662 423 3666 .
450 3625 594 3687 enim
637 3620 864 3680 reddere
890 3635 1346 3699 contempserunt.
1378 3632 1521 3689 Misit
1545 3636 1679 3694 alios
1700 3655 1732 3705 ;.
1758 3640 1877 3695 talia
1910 3658 2032 3712 per-

448 3710 589 3779 pessi
617 3723 759 3768 sunt.
791 3713 858 3770 Et
881 3715 1011 3773 dixit
1033 3719 1122 3775 ille
1148 3720 1565 3794 paterfamilias,
1590 3730 1762 3786 cultor
1785 3733 1897 3804 agri
1910 3710 2029 3803 sui,

449 3811 502 3857 ct
530 3802 796 3881 plantator
835 3815 891 3862 et
938 3807 1142 3866 locator
1182 3813 1354 3870 vinea:
1398 3831 1509 3872 sua:
1542 3836 1555 3873 :
1591 3819 1794 3879 Mittunt
1824 3802 2033 3881 unicum

446 3894 613 3962 ﬁlium
638 3914 801 3952 meum
824 3915 845 3965 ;
873 3904 1004 3971 forte
1030 3904 1109 3959 rel
1136 3905 1303 3976 ipsum
1327 3908 1646 3966 uerebantur.
1676 3912 1743 3968 Et
1767 3917 1920 3984 misit,
1952 3918 2031 3972 iu-

444 3987 594 4058 quit,
621 3991 773 4046 etiam
795 3993 961 4061 ﬁlium
1000 4013 1166 4052 suum.
1198 3998 1455 4057 Dixerunt
1486 4004 1557 4059 illi
1582 4006 1722 4075 apud
1745 4020 1803 4062 se
1839 4007 1983 4079 ipsos
2013 4030 2026 4066 :

446 4078 550 4135 Hic
566 4092 639 4137 est
685 4084 887 4153 Itatres;
915 4090 1077 4147 venite
1104 4133 1119 4159 ,
1162 4095 1451 4153 occidantur
1477 4114 1591 4155 eam
1614 4134 1630 4169 ,
1657 4112 1704 4157 et
1733 4114 1906 4160 nostra
1935 4108 2029 4162 erit

443 4172 732 4231 hwrcditas.
774 4176 844 4234 Et
887 4182 1197 4241 occiderunt
1232 4202 1395 4255 eum;
1440 4199 1495 4248 et
1516 4194 1855 4264 proiecerunt
1879 4208 2027 4254 extra

446 4263 675 4319 vineam.
697 4267 832 4323 Cum
862 4272 1066 4328 venerit
1089 4274 1349 4333 Dominus
1376 4282 1566 4347 vinem,
1596 4263 1722 4356 quid
1749 4287 1906 4344 faciet
1926 4291 2029 4345 illis

444 4355 599 4409 malis
643 4357 890 4414 colonis?
918 4361 1253 4433 Responsum
1280 4378 1364 4424 est
1390 4387 1404 4424 :
1439 4355 1627 4429 Malos,
1646 4378 1780 4431 male
1819 4380 2024 4450 perdet,

443 4452 493 4504 et
514 4446 713 4504 vineam
761 4464 909 4505 sueta
955 4452 1141 4509 lambit
1174 4457 1292 4513 aliis
1318 4462 1559 4531 agricolis
1578 4505 1593 4531 ,
1622 4469 1708 4537 qui
1735 4446 1952 4525 reddant
1977 4472 2029 4528 ei

442 4539 743 4615 fructuaria
769 4548 993 4614 tempore
1014 4562 1105 4601 suo
1131 4546 1346 4621 (Matth.
1373 4567 1472 4606 xxt
1494 4594 1510 4622 ,
1530 4555 1745 4628 33-“).
1782 4560 2024 4618 Plautata

441 4636 526 4684 est
550 4629 725 4698 vinea,
756 4633 872 4704 lege
890 4635 1011 4691 data
1034 4637 1087 4692 in
1112 4639 1365 4698 cordibus
1382 4642 1706 4704 Judteorum.
1737 4650 1883 4708 Missi
1901 4664 2027 4710 sum

443 4716 745 4790 Propheta,
775 4738 1075 4795 quaerentes
1104 4729 1355 4799 fructum,
1381 4734 1576 4793 bonam
1601 4740 1765 4796 vitam
1791 4758 1976 4805 eorum
2004 4764 2020 4802 :

443 4809 725 4883 Prnpbetne
754 4816 822 4871 ab
847 4817 927 4874 eis
948 4821 1288 4883 contumeliis
1310 4824 1484 4882 euecti
1510 4870 1526 4896 ,
1567 4838 1622 4885 et
1665 4832 1825 4887 occisi
1875 4846 2015 4891 sunt.

438 4903 631 4960 Missus
671 4916 758 4963 est
794 4917 851 4965 et
880 4908 1126 4970 Christus
1162 4916 1349 4975 unicus
1382 4919 1549 4979 Filius
1586 4926 2019 4997 patrisfamilias;

432 5000 492 5050 et
522 4996 695 5068 ipsum
727 5001 1039 5061 occiderunt
1067 5006 1374 5081 lueredem,
1421 5023 1477 5070 et
1522 5016 1645 5073 ideo
1674 4996 2020 5089 perdiderunt

440 5086 825 5148 hauri-ditatem.
872 5092 929 5150 in
972 5101 1300 5157 contrarium
1328 5104 1406 5159 eis
1430 5109 1591 5163 vertit
1619 5086 1815 5167 malum
1841 5117 2019 5171 consi-

441 5177 587 5237 lium.
610 5180 678 5239 Ut
705 5187 1057 5257 possiderent,
1081 5192 1391 5257 occideruut
1418 5215 1432 5253 :
1454 5208 1510 5255 et
1531 5202 1655 5271 quia
1683 5205 2013 5275 occiderunt,

435 5271 797 5347 perdiderunt.

500 5378 731 5438 CAPUT
768 5382 858 5441 111.
882 5414 959 5430 --
989 5386 1046 5445 4.
1080 5387 1317 5463 Oper-atii
1333 5394 1405 5449 ad
1424 5397 1581 5453 viaea:
1607 5400 1861 5458 culturam
1888 5421 2014 5460 cott-

434 5470 591 5531 (θυαε.
634 5474 699 5528 Ει
739 5476 900 5533 modo
951 5480 1173 5539 audistis
1207 5485 1605 5547 similitudinem
1630 5508 1693 5549 ex
1725 5494 2013 5571 Evangelio

430 5571 639 5624 sancto.
670 5565 791 5631 quia
817 5568 982 5627 simile
1007 5582 1080 5628 est
1108 5591 1316 5646 regnum
1342 5580 1582 5637 caelorum
1607 5565 1967 5658 patrifamilias
1991 5636 2006 5659 ,

433 5647 516 5722 qui
555 5651 673 5708 exiit
715 5657 990 5715 conducere
1031 5669 1289 5735 operarios
1330 5672 1399 5724 ad
1442 5674 1633 5733 vineam
1662 5696 1826 5735 suam.
1867 5681 2009 5745 Exiit

1697 289 1751 345 s.
1788 236 2160 342 amissum
2204 285 2498 357 Ertscort
3592 314 3677 369 5,1

2155 414 2311 456 mane
2334 444 2349 469 ,
2391 409 2444 459 et
2483 419 2615 474 quos
2652 405 2850 462 invenit
2887 410 3170 478 conduxit;
3202 420 3251 468 et
3280 416 3460 485 ιιιειευῑι
3486 440 3590 480 cum
3613 437 3675 489 eis

2148 493 2447 548 mercedem
2463 493 2757 553 denarium.
2775 499 2911 555 Exiit
2930 511 2981 555 et
3003 501 3128 556 hora
3159 505 3327 568 tertia.
3346 507 3529 569 invenit
3545 519 3676 589 alios,

2146 594 2196 637 et
2225 584 2446 641 adduxit
2468 587 2534 642 ad
2563 603 2696 657 Opus
2726 591 2911 647 vincte.
2948 593 3009 647 Et
3046 603 3195 649 sexta
3221 596 3343 652 hora
3370 599 3464 657 hoc
3489 606 3610 673 fecit,
3637 584 3680 668 et

2145 688 2285 730 nona
2329 675 2431 731 hoc
2474 676 2617 733 fecit.
2663 679 2804 735 Exiit
2834 683 2997 739 etiam
3023 692 3075 738 et
3100 684 3227 740 hora
3257 690 3523 749 undecima
3544 714 3681 771 νιοβε

2145 764 2215 821 ad
2242 765 2401 821 tinem
2442 767 2545 823 diei
2572 812 2588 834 ,
2622 770 2825 826 invenit
2854 773 3110 844 quosdam
3151 792 3344 834 vacuus
3379 791 3430 838 et
3471 764 3682 856 stantes;

2145 865 2202 910 et
2237 857 2312 911 ait
2351 858 2454 913 illis
2484 876 2497 912 :
2527 859 2663 927 Quid
2693 861 2781 916 hic
2807 862 2997 918 statis?
3021 880 3183 936 quare
3216 884 3320 924 non
3346 877 3614 943 operamini
3642 880 3683 934 in

2146 949 2343 1005 vinea?
2379 951 2792 1021 Responderunt
2825 971 2838 1008 :
2862 955 2995 1024 Quia
3018 973 3174 1029 nemo
3193 976 3291 1014 nos
3310 965 3570 1022 conduxit.
3597 969 3686 1026 Ve-

2146 1040 2278 1107 rite,
2310 1041 2498 1112 inquit,
2530 1050 2585 1099 et
2609 1059 2706 1101 vos
2729 1086 2744 1110 ,
2776 1055 2828 1101 et
2854 1046 3220 1117 quod'justum
3247 1050 3428 1119 fuerit,
3459 1057 3583 1113 dabo
3607 1076 3687 1115 vo-

2147 1130 2244 1186 bis.
2273 1132 2569 1190 Mercedem
2597 1136 2873 1194 denarium
2913 1141 3124 1211 placuit.
3174 1143 3263 1198 lsti
3310 1148 3398 1218 qui
3443 1166 3535 1205 ttna
3578 1154 3689 1212 hora

2147 1233 2300 1283 erant
2321 1229 2592 1294 operaturi
2613 1272 2626 1293 ,
2653 1230 2865 1299 quando
2890 1233 2988 1287 sibi
3028 1234 3291 1292 auderent
3324 1253 3527 1309 sperare
3551 1245 3691 1300 dena-

2146 1314 2324 1373 rium?
2364 1315 2471 1372 Sed
2513 1327 2687 1373 tamcn
2727 1335 2786 1376 se
2823 1321 3018 1392 aliquid
3049 1336 3359 1396 accepturos
3383 1333 3693 1400 gratulaban-

2148 1415 2251 1462 tur.
2298 1407 2523 1465 Adducti
2567 1420 2689 1467 sunt
2725 1422 2780 1468 et
2826 1414 2929 1484 ipsi
2977 1415 3043 1471 ad
3074 1433 3235 1473 unam
3267 1419 3447 1478 horam
3477 1426 3512 1478 ⁸.
3544 1426 3693 1483 Finito

2144 1499 2271 1566 die,
2317 1500 2475 1570 jussit
2512 1504 2758 1573 omnibus
2795 1507 2943 1563 reddi
2972 1510 3273 1566 mercedem
3299 1554 3315 1580 ,
3361 1530 3389 1567 a
3427 1518 3697 1576 novissimis

2147 1606 2314 1663 usque
2339 1592 2406 1648 ad
2434 1595 2654 1664 primos.
2689 1596 2812 1663 inde
2842 1600 3005 1670 coepit
3030 1601 3261 1658 reddere
3283 1604 3348 1659 ab
3377 1607 3453 1661 eis
3476 1610 3558 1679 qui
3584 1610 3693 1666 hora

2145 1681 2422 1741 undecima
2448 1697 2725 1752 venerant,
2755 1688 2914 1758 jussit
2942 1692 3020 1746 eis
3048 1691 3178 1749 dare
3203 1693 3496 1752 denarium.
3528 1699 3597 1755 llli
3624 1703 3700 1772 qui

2147 1774 2317 1843 prima
2344 1776 2473 1830 hora
2506 1790 2801 1847 venerant,
2831 1781 3070 1839 videntes
3098 1784 3222 1841 illos
3258 1791 3521 1859 accepisse
3561 1792 3701 1848 dena-

2147 1868 2308 1928 rium,
2337 1882 2494 1938 quem
2523 1884 2643 1925 cutu
2674 1872 2803 1942 ipsis
2827 1875 3119 1943 placuerat,
3143 1891 3497 1947 speraverant
3522 1898 3576 1938 se
3602 1885 3702 1954 plus

2144 1957 2341 2028 aliquid
2370 1970 2687 2030 accepturos
2712 1982 2724 2016 :
2754 1974 2977 2033 ventum
3007 1978 3089 2024 est
3118 1978 3170 2024 et
3202 1971 3270 2025 ad
3298 1972 3459 2042 ipsos,
3491 1983 3543 2029 et
3565 1991 3702 2030 arce-

2145 2058 2335 2118 perunt
2361 2048 2661 2106 denarium.
2702 2054 3164 2114 Murmuraverunt
3193 2061 3455 2118 adversus
3498 2075 3703 2137 patrem-

2145 2137 2371 2205 familias
2393 2182 2410 2209 ,
2452 2141 2692 2198 dicentes
2720 2163 2732 2198 :
2761 2145 2900 2202 Ecce
2928 2164 3024 2202 nos
3063 2151 3153 2219 qui
3186 2153 3533 2210 sustinuimus
3566 2156 3705 2211 ardo.

2143 2248 2259 2289 rem
2284 2234 2387 2288 diei
2416 2245 2470 2290 et
2508 2246 2697 2292 :rstum
2722 2281 2738 2303 ,
2766 2243 2984 2311 :equasti
3015 2252 3069 2299 et
3099 2260 3265 2314 pares
3307 2246 3474 2303 fecisti
3514 2249 3608 2303 illis
3630 2250 3706 2320 qui

2146 2341 2303 2382 uuam
2333 2328 2518 2384 horam
2545 2333 2749 2400 operati
2770 2342 2895 2388 sunt
2924 2335 2976 2389 in
3004 2336 3180 2393 vinea.
3216 2338 3287 2394 Et
3315 2340 3390 2394 ait
3427 2341 3707 2411 paterfami-

2145 2418 2245 2475 lias
2270 2461 2286 2483 ,
2321 2420 2673 2488 iustissimum
2719 2441 3034 2495 responsum
3076 2429 3318 2486 reddens
3364 2433 3452 2487 uni
3494 2448 3705 2489 eorum:
3744 2452 3751 2465 ο

2144 2512 2375 2575 Sodalis.
2404 2529 2512 2570 non
2538 2516 2627 2570 tibi
2654 2516 2753 2573 feci
2779 2519 3057 2589 iniuriam;
3084 2521 3193 2579 hoc
3224 2534 3344 2592 est,
3386 2541 3488 2581 non
3516 2536 3564 2580 te
3582 2525 3713 2580 frau-

2145 2606 2300 2670 tlavi;
2329 2606 2469 2677 quod
2489 2608 2660 2678 placui
2692 2610 2895 2666 reddidi
2922 2613 3035 2669 tibi.
3055 2602 3330 2673 Fraudem
3358 2618 3450 2674 tibi
3480 2636 3579 2673 non
3603 2617 3712 2685 feci,

2142 2698 2265 2769 quia
2292 2699 2434 2769 quod
2463 2709 2651 2771 pactus
2689 2718 2806 2758 sum
2850 2705 3079 2761 reddidi.
3103 2707 3249 2764 lluic
3273 2725 3381 2765 non
3400 2710 3523 2764 volo
3547 2710 3716 2766 redde-

2143 2798 2224 2855 re,
2256 2788 2349 2846 sed
2385 2789 2608 2847 donare.
2648 2792 2764 2848 Non
2796 2795 2922 2851 licet
2958 2796 3089 2853 mihi
3133 2798 3321 2856 facere
3348 2801 3488 2872 quod
3516 2802 3626 2855 volo
3658 2801 3717 2859 de

2142 2882 2310 2937 meo?
2335 2883 2415 2938 An
2442 2885 2630 2941 oculus
2673 2894 2795 2944 tuus
2823 2904 3047 2961 nequam
3091 2902 3182 2948 est
3205 2935 3222 2961 ,
3256 2895 3384 2965 quia
3427 2911 3526 2966 ego
3567 2895 3719 2951 bonus

2142 2975 2307 3029 sum?
2341 2975 2396 3031 Si
2426 2976 2585 3032 alicui
2624 2978 2861 3036 tollerem
2888 2983 3121 3038 alienum
3150 3026 3170 3050 ,
3203 2998 3351 3043 recte
3382 2987 3719 3058 reprehende-

2140 3080 2252 3131 rer,
2267 3066 2414 3135 quasi
2442 3065 3042 3142 fraudatorctinjnstus;
3063 3075 3107 3130 si
3126 3076 3295 3131 alicui
3329 3094 3435 3132 non
3466 3078 3720 3133 redderent

2144 3153 2381 3211 debitum
2406 3198 2424 3220 ,
2466 3168 2614 3216 recte
2655 3162 3113 3233 reprehendi-rer,
3168 3169 3330 3239 quasi
3371 3171 3636 3226 fraudator
3676 3179 3722 3224 et

2142 3254 2367 3315 negator
2386 3248 2544 3304 alieni
2574 3270 2589 3305 :
2616 3266 2738 3307 cum
2766 3269 2893 3310 vero
2917 3254 3160 3312 debitum
3196 3260 3370 3315 reddo
3395 3303 3409 3325 ,
3439 3271 3492 3317 et
3519 3261 3596 3316 cui
3621 3260 3726 3313 volo

2140 3337 2305 3392 etiam
2322 3338 2487 3407 dono,
2515 3356 2615 3397 nec
2639 3343 2722 3397 cui
2751 3343 3006 3401 debebant
3038 3363 3126 3403 me
3156 3359 3343 3420 potest
3380 3350 3722 3421 reprehende-

2139 3441 2239 3492 re,
2285 3436 2343 3484 et
2383 3429 2467 3485 cui
2511 3429 2706 3489 donavi
2748 3433 2909 3492 debet
2934 3438 3170 3507 amplius
3199 3441 3466 3511 gaudere.
3493 3440 3606 3497 Non
3628 3449 3729 3496 crat

2139 3518 2286 3589 quod
2314 3521 2732 3591 responderetur
2757 3541 2771 3579 :
2801 3530 3072 3599 etmqoati
3103 3543 3241 3589 sunt
3265 3549 3460 3591 omnes
3483 3576 3498 3600 ,
3528 3544 3581 3591 et
3620 3533 3725 3588 facti

2139 3618 2269 3664 sunt
2294 3613 2575 3671 novissimi
2617 3616 2771 3685 primi
2815 3628 2871 3673 et
2904 3619 3062 3690 primi
3088 3625 3424 3693 novissimi;
3450 3626 3729 3697 atquando.

2139 3712 2247 3755 non
2294 3706 2743 3771 prmposterando.
2766 3707 2902 3775 Quid
2940 3719 3059 3775 est,
3092 3712 3255 3771 Facti
3302 3728 3432 3773 sunt
3476 3716 3729 3774 novissimi

2139 3789 2293 3859 primi
2314 3800 2367 3846 et
2388 3794 2542 3862 primi
2564 3798 2873 3855 novissimi?
2892 3799 3024 3870 Quia
3047 3806 3402 3864 tantumdem
3427 3815 3733 3880 acceperunt

2136 3887 2191 3934 et
2213 3880 2368 3949 primi
2392 3891 2450 3938 et
2472 3885 2764 3945 novissimi.

2205 3971 2432 4030 CAPUT
2470 3976 2558 4034 IV.
2581 3986 2655 4021 -‘-
2690 3982 2746 4038 5.
2777 3982 2970 4041 Merc-es
2997 3988 3302 4049 novissimis
3334 3995 3482 4066 prius
3510 3994 3699 4052 reddita
3718 4036 3732 4060 ,

2134 4063 2258 4132 quid
2299 4066 2598 4150 sital’at'ati
2638 4072 2764 4127 ltum
2805 4075 2971 4145 prima
3000 4118 3016 4145 ,
3075 4083 3237 4137 tertia
3260 4125 3278 4150 ,
3326 4063 3439 4141 etc.
3490 4088 3623 4156 Quid
3664 4096 3736 4142 est

2135 4170 2263 4228 ergo
2290 4199 2307 4225 ,
2359 4144 2502 4230 quod
2556 4178 2588 4220 a
2650 4144 2956 4225 novissimis
3013 4174 3187 4242 cmpit
3229 4144 3534 4236 reddere?~
3566 4181 3736 4236 Nonne

2134 4262 2345 4316 omnes,
2378 4253 2517 4310 sicut
2541 4255 2785 4327 legimus,
2815 4261 2972 4316 simul
3009 4270 3295 4335 accepturi
3323 4273 3736 4343 sunt?Legimus

2134 4339 2277 4394 enim
2298 4341 2349 4396 itt
2365 4344 2470 4399 alio
2492 4344 2610 4401 loco
2636 4346 2929 4420 Evangelii,
2956 4355 3079 4423 quia
3094 4356 3368 4416 dicturus
3396 4373 3481 4418 est
3507 4339 3602 4418 eisv
3616 4374 3737 4433 quos

2133 4442 2298 4500 ponet
2322 4433 2386 4488 ad
2410 4435 2688 4494 dexteram
2721 4458 2735 4494 :
2758 4438 2951 4507 Venite,
2984 4445 3242 4505 benedicti
3271 4450 3462 4508 Patris
3487 4455 3613 4518 mei,
3637 4470 3739 4523 per.

2132 4526 2285 4594 cipite
2323 4543 2532 4597 regnum
2559 4531 2696 4600 quod
2719 4533 2856 4588 vobis
2884 4546 3118 4606 paratum
3154 4552 3240 4596 est
3290 4546 3362 4599 ab
3398 4546 3547 4601 initio
3574 4544 3773 4645 ntundi‘

2138 4613 2329 4645 Ill-"L
2368 4634 2470 4645 ..-κ
2519 4618 2607 4645 τη
2648 4619 2704 4645 c2
2742 4639 2859 4645 μ.--
2896 4641 3063 4645 ,μηη
3098 4630 3135 4645 ,ο
3250 4632 3266 4645 .
3565 4638 3577 4645 .

2138 4613 2350 4686 (Matth.
2368 4634 2489 4682 xxv.
2517 4618 2705 4693 54).Si
2736 4639 2864 4693 ergo
2888 4641 3076 4683 omnes
3090 4630 3267 4687 simul
3292 4638 3578 4707 accepturi
3606 4645 3719 4691 sunt

2130 4708 2400 4777 quomodo
2425 4709 2515 4766 hic
2539 4712 2882 4785 intelligimus
2927 4718 3135 4788 priores
3159 4726 3483 4795 accepisse
3512 4729 3630 4782 illos
3657 4729 3739 4797 qui
3756 4708 3781 4732 ”

2132 4796 2410 4853 undecima
2438 4803 2642 4869 operati
2682 4814 2838 4874 sunt,
2887 4816 2942 4863 et
2983 4812 3332 4879 posteriores
3366 4816 3494 4872 illos
3524 4818 3610 4888 qui
3643 4818 3743 4886 pri—

2129 4890 2260 4944 ma?
2282 4890 2342 4949 Si
2372 4900 2594 4962 potuero
2619 4896 2697 4951 sic
2723 4897 2903 4956 dicere
2927 4940 2942 4963 ,
2987 4908 3045 4955 ut
3087 4908 3391 4971 perveniat
3433 4908 3504 4964 ad
3552 4909 3745 4964 intelle-

2127 4990 2272 5036 ctum
2305 4993 2536 5040 vestrum
2561 5025 2578 5052 ,
2607 4986 2716 5044 Deo
2741 4990 2959 5059 gratias.
2984 4991 3064 5053 illi
3102 4994 3266 5053 enim
3296 4998 3518 5056 debetis
3559 5000 3743 5072 gratias

2126 5085 2325 5141 agere,
2351 5073 2441 5144 qui
2463 5074 2616 5132 vobis
2642 5086 2738 5147 per
2762 5094 2859 5135 nos
2887 5092 3108 5153 erogat:
3145 5100 3266 5141 non
3294 5090 3448 5143 enim
3476 5090 3546 5145 de
3572 5096 3745 5144 nostro

2125 5177 2428 5234 crogamus.
2452 5165 2509 5222 Si
2537 5167 2835 5243 interroges
2861 5173 2931 5229 de
2950 5173 3192 5245 duobus,
3218 5181 3382 5238 verbi
3408 5185 3607 5257 gratia,
3633 5197 3745 5254 quis

2125 5254 2271 5323 prior
2298 5260 2597 5329 acceperit,
2641 5261 2733 5331 qui
2772 5274 2895 5335 post
2930 5281 3090 5322 unam
3124 5265 3340 5328 horam
3386 5254 3638 5347 accepit,
3680 5288 3743 5329 au

2122 5347 2211 5417 qui
2257 5357 2380 5419 post
2421 5351 2831 5422 duodecimam;
2858 5361 3033 5415 omnis
3076 5363 3259 5421 homo
3302 5372 3607 5441 respondet
3632 5370 3748 5441 quia

2120 5437 2268 5506 prior
2291 5442 2530 5512 accepit,
2579 5445 2671 5515 qui
2715 5457 2831 5516 post
2866 5465 3027 5506 unam
3056 5450 3265 5509 horam
3308 5437 3528 5529 acc—epit
3552 5502 3567 5524 ,
3596 5437 3747 5529 quam

2120 5530 2211 5599 qui
2259 5540 2379 5599 post
2420 5531 2810 5594 duodecimam.
2841 5540 2933 5598 Sic
2978 5556 3113 5613 ergo
3156 5550 3428 5615 quamvis
3477 5568 3583 5607 una
3628 5553 3749 5607 hora

2116 5638 2525 5761 υὼἷὲιῶτὲηἰηυε
2549 5652 2601 5696 et
2627 5647 2915 5700 rhtm..\tss.:
2938 5647 3172 5704 Adducti
3184 5660 3308 5705 sunt
3340 5657 3415 5708 ad
3433 5656 3623 5711 tineam
3642 5656 3754 5713 Item
