3954 6186
314 361 418 421 533

312 470 620 542 acceperint
661 481 850 524 omnes
874 506 890 533 ,
939 472 1115 520 tamen
1150 465 1273 535 quia
1310 462 1399 518 alii
1425 444 1743 531 acceperunt
1771 467 1895 530 post

310 578 469 620 uuam
513 560 702 615 horam
725 600 739 621 ,
766 557 854 612 alii
897 564 1220 627 acceperunt
1249 563 1366 624 post
1399 552 1766 608 duodecimam
1793 551 1892 606 hoc

307 670 420 710 ram
445 696 459 717 ,
491 649 570 707 illi
599 650 728 707 dicti
770 654 897 704 sunt
940 647 1143 716 priores
1172 646 1441 716 accepisse
1461 680 1478 712 ,
1508 644 1596 714 qui
1628 651 1748 713 post
1776 656 1892 697 mo-

308 747 483 803 dicum
512 741 771 812 temporis
798 746 1136 808 acceperunt.
1166 737 1328 793 Primi
1355 736 1485 806 justi
1509 778 1524 802 ,
1549 734 1688 788 sicut
1713 732 1887 799 Abel,

308 838 443 893 sicut
470 833 608 900 Nec,
635 830 786 903 quasi
813 830 980 900 prima
1004 828 1133 883 hora
1163 828 1355 895 vocati,
1382 827 1681 883 felicitatem
1705 838 1890 879 resur-

310 926 562 982 rectionis
608 922 887 977 nobiscum
923 919 1189 989 accepturi
1220 927 1359 972 sunt.
1387 917 1492 972 Alii
1526 915 1653 987 justi
1678 924 1798 985 post
1820 914 1899 969 il-.

309 1020 410 1084 los,
434 1015 703 1072 Abraham
723 1055 738 1078 ,
766 1011 932 1073 Isaac,
964 1010 1129 1066 Jacob
1147 1051 1162 1074 ,
1191 1018 1247 1064 et
1271 1009 1588 1079 quicumque
1609 1014 1764 1063 erant
1783 1020 1889 1061 sae-

309 1109 413 1165 culi
459 1108 701 1177 ipsorum
726 1144 743 1169 ,
784 1103 937 1175 quasi
968 1102 1121 1157 tertia
1162 1101 1291 1156 hora
1328 1100 1501 1155 vocati
1524 1141 1540 1167 ,
1585 1098 1888 1154 felicitatem

217 1262 225 1269 ,
309 1196 718 1255 resurrectionis
760 1192 1026 1263 accepturi
1068 1200 1194 1247 sunt
1232 1190 1528 1247 nobiscum.
1572 1189 1679 1244 Alii
1715 1188 1843 1260 justi
1868 1228 1887 1256 ,

306 1289 521 1361 Moyses
543 1297 596 1343 et
640 1287 818 1341 Aaron
843 1326 857 1349 ,
904 1291 961 1340 et
997 1282 1319 1354 quicumque
1361 1295 1482 1338 cum
1511 1281 1613 1336 illis
1639 1290 1888 1350 tanquam
1918 1315 1922 1319 -

308 1379 444 1435 hora
471 1386 617 1434 sexta
637 1375 828 1438 vocati,
852 1374 1157 1429 felicitatem
1180 1371 1589 1427 resurrectionis
1609 1369 1888 1425 nobiseum

305 1470 580 1542 accepturi
618 1476 757 1524 sunt.
793 1467 920 1522 Post
945 1467 1091 1536 ipsos
1120 1464 1399 1534 Propheta:
1428 1463 1596 1519 sancti
1636 1471 1887 1533 tanquam

311 1579 454 1619 nona
483 1561 613 1615 hora
640 1559 845 1626 vocati,
874 1557 1116 1614 eamdem
1161 1556 1466 1611 felicitatem
1495 1553 1768 1609 nobiscum
1794 1566 1888 1607 ac-

309 1654 520 1722 cepturi
568 1658 713 1706 sunt.
742 1650 799 1704 ln
847 1649 950 1703 tiae
990 1648 1172 1703 surculi
1221 1662 1409 1702 omnes
1444 1644 1727 1702 Christiani
1766 1654 1891 1699 tan-

303 1759 466 1815 quam
496 1741 775 1795 uudecima
807 1739 937 1794 hora
965 1737 1170 1805 vocati,
1207 1735 1511 1792 felicitatem
1542 1734 1684 1789 illius
1708 1747 1887 1788 resur-

303 1834 563 1889 rectionis
592 1846 713 1886 cum
740 1830 847 1885 illis
881 1829 1149 1900 accepturi
1188 1825 1551 1883 sunt.0mnes
1591 1825 1749 1881 simul
1793 1840 1884 1880 ac-

300 1924 511 1995 cepturi
537 1931 661 1976 sunt
687 1938 703 1974 :
738 1920 834 1976 sed
860 1919 1036 1975 videte
1066 1919 1189 1974 illos
1219 1918 1417 1988 primos
1435 1957 1451 1983 ,
1484 1924 1607 1987 post
1631 1922 1885 1986 quantum

304 2026 520 2084 tempus
543 2012 830 2083 accipiunt.
861 2011 919 2067 Si
947 2025 1075 2081 ergo
1099 2010 1173 2065 illi
1197 2009 1350 2080 primi
1373 2017 1492 2079 post
1511 2007 1734 2062 multum
1760 2016 1887 2061 temo

302 2122 427 2178 pus,
461 2119 561 2160 nos
588 2114 709 2177 post
733 2104 1000 2160 modicum
1029 2112 1270 2172 tempus;
1298 2100 1541 2173 quamvis
1562 2100 1723 2155 simul
1747 2099 1888 2154 acciv

307 2198 543 2269 piamns,
572 2197 779 2265 priores
806 2195 1045 2251 videmur
1071 2194 1340 2265 accepisse
1357 2233 1373 2260 ,
1399 2194 1519 2263 quia
1545 2206 1750 2249 merces
1787 2206 1885 2246 no-

303 2300 417 2345 stra
444 2304 548 2344 non
574 2287 819 2343 tardabit.

376 2380 431 2433 ϐ.
466 2377 717 2433 Denaris:
753 2377 855 2432 vita
889 2384 1094 2432 caterua.
1140 2375 1354 2431 Erimus
1392 2389 1520 2446 ergo
1556 2375 1609 2430 in
1635 2374 1722 2430 illa
1749 2389 1888 2430 mee-

301 2468 437 2526 ccde
482 2483 671 2524 omnes
713 2468 965 2538 aequales,
1005 2475 1255 2537 tanquam
1300 2466 1455 2537 primi
1497 2465 1793 2531 novissimi,
1831 2474 1887 2521 et

301 2561 582 2616 novissimi
620 2560 774 2631 primi
812 2576 830 2615 :
863 2559 984 2629 quia
1024 2557 1279 2614 denarius
1306 2556 1397 2613 ille
1423 2558 1528 2611 vita
1554 2565 1751 2611 aeterna
1780 2564 1883 2623 est,

300 2662 356 2708 et
378 2653 431 2706 in
456 2654 563 2708 vita
592 2658 790 2707 :etcrna
810 2664 997 2705 omnes
1024 2648 1254 2720 aquales
1274 2657 1449 2703 erunt.
1475 2648 1726 2715 Quamvis
1742 2648 1886 2703 enim

300 2744 620 2799 meritorum
658 2741 964 2797 diversitate
1003 2739 1296 2811 fulgebunt,
1339 2737 1475 2793 alius
1503 2736 1709 2807 magis,
1753 2738 1887 2794 alius

299 2835 484 2889 minus
532 2853 547 2889 :
597 2833 739 2904 quod
782 2840 961 2887 tamen
1013 2830 1097 2885 ad‘
1126 2829 1288 2885 vitam
1334 2839 1588 2885 aeternam
1634 2830 1884 2900 pertinet,

297 2926 525 2998 aequalis
568 2926 671 2981 erit
707 2924 975 2979 omnibus.
1018 2921 1134 2977 Non
1172 2921 1318 2976 enim
1343 2920 1501 2976 alteri
1529 2920 1630 2975 erit
1658 2919 1884 2990 longius,

296 3018 456 3073 alteri
499 3016 731 3080 brevius,
769 3012 908 3084 quod
938 3012 1139 3083 pariter
1170 3011 1552 3081 sempiternum
1576 3019 1664 3066 est
1701 3026 1715 3062 :
1746 3008 1888 3080 quod

299 3124 406 3163 non
454 3107 617 3162 habet
653 3104 833 3169 ﬁnem,
873 3117 978 3158 nec
1016 3101 1112 3158 tibi
1153 3102 1390 3170 habebit,
1429 3116 1530 3157 nec
1572 3100 1722 3155 mihi.
1768 3100 1888 3156 Alio

299 3200 463 3256 modo
492 3199 569 3268 ibi
609 3198 710 3253 erit
733 3195 954 3252 uastitas
988 3194 1299 3265 coniugalis,
1330 3195 1436 3249 alio
1477 3193 1637 3249 modo
1678 3192 1747 3248 ibi
1785 3193 1889 3249 erit

299 3290 583 3360 integritas
603 3286 921 3359 virginalis:
957 3284 1064 3340 alio
1086 3282 1247 3340 modo
1280 3283 1351 3338 ibi
1392 3283 1496 3340 erit
1532 3281 1734 3339 fructus
1760 3282 1885 3339 boni

297 3380 499 3450 operis,
533 3378 641 3433 alio
678 3375 838 3431 modo
861 3389 1058 3431 corona
1080 3373 1363 3445 passionis.
1388 3372 1522 3429 Illud
1549 3373 1654 3431 alio
1679 3372 1841 3429 modo
1870 3391 1883 3428 :

300 3471 428 3527 illud
459 3471 572 3526 alio
608 3467 768 3525 modo
793 3484 810 3521 :
839 3477 1014 3522 tamen
1048 3476 1300 3537 quantum
1340 3467 1568 3537 pertinet
1597 3466 1667 3522 ad
1705 3466 1886 3522 vivere

300 3564 352 3618 in
378 3572 664 3627 :eternum,
687 3574 789 3616 nee
816 3559 904 3616 ille
938 3559 1058 3629 plus
1078 3558 1222 3613 vivet
1249 3557 1362 3622 illo,
1385 3572 1488 3613 nec
1510 3557 1602 3612 ille
1628 3557 1746 3627 plus
1773 3556 1882 3611 illo.

299 3655 508 3710 Pariter
533 3652 678 3709 enim
721 3651 836 3707 sine
876 3649 983 3705 tlne
1018 3649 1222 3715 vivunt,
1250 3662 1373 3704 eum
1417 3648 1470 3702 in
1505 3647 1619 3703 suis
1664 3648 1886 3718 quisque

297 3744 632 3801 claritatibus
673 3741 813 3796 vivat
844 3757 857 3794 :
897 3748 952 3797 et
979 3740 1068 3796 iile
1102 3737 1358 3795 denarius
1395 3738 1504 3792 vita
1544 3746 1743 3794 αξιοι-ιιι
1778 3746 1883 3799 est.

298 3835 410 3890 Non
442 3840 742 3890 murmuret
765 3845 896 3901 ergo
920 3830 1009 3900 qui
1029 3836 1153 3900 post
1174 3827 1399 3883 multum
1422 3836 1630 3896 tempus
1656 3829 1882 3899 accepit,

297 3937 483 3981 contra
505 3940 627 3981 eum
649 3924 736 3994 qui
759 3930 879 3993 post
895 3921 1162 3976 modicum
1185 3927 1394 3989 tempus
1413 3920 1634 3990 accepit.
1660 3919 1737 3975 Illi
1765 3921 1885 3976 red-

298 4017 461 4081 ditur,
510 4016 587 4069 illi
631 4014 892 4078 donatur;
921 4010 1161 4081 utrisque
1189 4018 1366 4065 tamen
1393 4025 1497 4065 una
1524 4023 1612 4067 res
1635 4010 1881 4067 donatur.

364 4105 599 4162 CAPUT
652 4103 715 4159 γ.
736 4133 808 4145 -
827 4104 880 4156 7.
911 4101 1173 4168 Quomodo
1195 4101 1343 4155 aliter
1367 4100 1715 4172 intelliguntur
1738 4118 1885 4157 uoca-

300 4206 335 4255 ti
363 4204 494 4255 hora
533 4199 717 4267 prima,
747 4197 1033 4259 tertia,etc.
1061 4193 1155 4248 Est
1179 4202 1234 4249 et
1261 4194 1312 4248 in
1334 4193 1432 4249 ista
1460 4194 1564 4248 vita
1593 4194 1768 4248 simile
1789 4194 1885 4248 ali-

299 4290 447 4360 quid,
470 4298 527 4343 et
541 4299 758 4357 excepta
791 4286 879 4340 illa
902 4284 1167 4340 solutione
1194 4282 1556 4339 similitudinis
1583 4283 1761 4352 hujus,
1781 4300 1884 4355 qua

296 4381 669 4448 intelliguntur
699 4376 868 4447 prima
905 4374 1035 4429 hora
1062 4374 1236 4428 vocati
1272 4373 1405 4428 Abel
1432 4381 1487 4428 et
1516 4373 1682 4443 ipsius
1705 4374 1883 4433 seaculi

297 4473 447 4541 justi,
497 4469 651 4524 tertia
694 4466 961 4523 Abraham
1006 4473 1063 4520 et
1101 4465 1268 4535 ipsius
1316 4465 1497 4519 saeculi
1537 4465 1688 4534 justi,
1736 4474 1885 4521 sexta

301 4562 514 4633 Moyses
540 4567 596 4614 et
615 4560 791 4612 Aaron
811 4566 863 4612 et
886 4556 1048 4626 ipsius
1064 4555 1243 4611 smculi
1263 4554 1417 4621 juSIi,
1438 4570 1578 4610 nona
1607 4555 1886 4626 Propheta:

300 4664 355 4710 et
392 4653 565 4723 ipsius
593 4650 772 4707 seaculi
814 4649 963 4720 justi,
991 4647 1266 4703 undecima
1297 4656 1544 4716 tanquam
1570 4648 1621 4703 in
1653 4650 1756 4704 line
1782 4664 1885 4707 ste-

300 4746 405 4800 culi
436 4740 722 4799 Christiani
752 4755 968 4806 clunes;
998 4749 1219 4809 excepta
1262 4738 1525 4793 solutione
1566 4738 1663 4794 ista
1698 4740 1887 4797 simili-

304 4834 504 4890 tudinis
524 4833 701 4903 hujus,
729 4840 784 4887 et
813 4831 864 4886 in
893 4830 990 4885 ista
1006 4829 1119 4887 vita
1148 4836 1327 4883 nostra
1358 4836 1532 4897 potest
1550 4827 1752 4884 adverti
1773 4830 1887 4889 lucc

302 4924 615 4981 similitudo.
644 4923 915 4991 Tanquam
959 4920 1097 4974 enim
1137 4919 1307 4987 prima
1332 4917 1464 4973 hora
1493 4929 1764 4986 meant-Ir,
1795 4920 1884 4991 qui

304 5023 550 5071 recentes
591 5012 662 5068 ab
706 5019 860 5066 utero
906 5009 1090 5063 matris
1130 5008 1389 5078 incipiunt
1432 5022 1551 5064 esse
1578 5009 1883 5076 christiani;

305 5108 455 5177 quasi
488 5106 667 5171 tertia,
691 5103 871 5174 pueri;
898 5101 1048 5173 quasi
1076 5108 1243 5163 sexta,
1268 5099 1524 5169 juvenes;
1552 5101 1703 5171 quasi
1726 5117 1884 5170 noua,

304 5205 587 5267 vergentes
609 5195 665 5249 in
690 5193 929 5258 senium;
964 5192 1114 5262 quasi
1137 5190 1435 5255 undecima,
1456 5192 1675 5248 omnino
1696 5192 1884 5250 decre-

305 5290 400 5359 piti
430 5306 445 5343 :
475 5302 638 5343 unum
669 5297 844 5343 tamen
869 5285 991 5340 vitm
1017 5291 1232 5340 aeternae.
1257 5282 1536 5340 denarium
1575 5299 1760 5341 sumes
1795 5301 1887 5342 ac-

296 5379 529 5450 cepturi.

378 5468 460 5524 CA
470 5466 603 5526 PUT
643 5465 730 5521 Vl.
759 5495 790 5509 ο-
812 5495 833 5508 ·
855 5464 910 5521 8.
940 5462 1009 5519 In
1031 5478 1117 5518 eos
1139 5463 1227 5532 qui
1244 5462 1404 5517 uocati
1424 5461 1495 5516 ad
1516 5463 1707 5519 sineaut
1728 5464 1892 5519 uenire

313 5559 570 5627 diﬂ'eruut.
595 5559 702 5615 Sed
741 5555 997 5613 attendite
1028 5564 1083 5611 et
1110 5554 1404 5625 intelligite,
1451 5553 1643 5613 fratres
1670 5556 1794 5620 mei,
1823 5572 1892 5612 ne

1657 332 1888 397 εειιδιο
1921 332 2233 406 ωιιχιιι.

1998 471 2312 534 accepimus
2337 469 2433 518 est.
2481 460 2713 518 Securus
2738 470 2820 517 est
2850 461 3063 535 quidem
3097 461 3239 532 quod
3271 460 3384 532 ipse
3408 460 3589 525 denas

1999 553 2111 607 rius
2144 552 2221 607 illi
2260 553 2611 623 promittitur;
2632 551 2731 608 sed
2767 551 2981 609 differre
3020 566 3125 607 non
3141 551 3376 623 jubetur.
3408 550 3571 615 Num-

1996 642 2120 713 quid
2146 643 2287 698 enim
2312 652 2366 698 et
2393 644 2466 699 illi
2492 644 2581 713 qui
2607 652 2731 698 sunt
2754 642 2819 698 ad
2843 644 3049 698 vineam
3075 642 3343 709 conducti,
3360 643 3587 721 quando.

1995 733 2062 789 ad
2090 734 2208 789 illos
2230 734 2406 789 exibat
2432 734 2832 806 paterfamilias,
2854 743 2911 788 ut
2933 734 3251 791 conduceret
3275 748 3406 805 quos
3420 735 3575 791 iuves

1996 825 2074 880 nit
2119 825 2250 880 hora
2295 827 2469 891 tertia,
2511 835 2565 881 et
2600 826 2874 891 conduxit,
2903 826 3052 882 verbi
3090 826 3279 898 gratia,
3325 826 3574 884 dixetunt

1995 912 2091 979 illi,
2119 915 2398 985 Exspecta.
2440 930 2545 972 non
2589 917 2715 973 illuc
2755 917 2894 972 imus
2939 917 3039 972 nisi
3081 915 3213 973 hora
3257 918 3441 973 sexta?
3480 927 3599 983 aut-

1993 1018 2129 1075 quos
2156 1006 2356 1060 invenit
2382 1004 2518 1063 liora
2537 1017 2706 1072 sexta,
2729 1007 2994 1074 dixerunt,
3021 1008 3136 1063 Non
3159 1008 3295 1064 imus
3320 1009 3419 1064 nisi
3438 1009 3594 1068 hora.-

1996 1095 2270 1150 uona?aut
2293 1112 2429 1166 quos
2458 1112 2595 1152 nona
2624 1098 2842 1165 invenit,
2874 1098 3143 1165 dixerunt,
3162 1097 3275 1154 Non
3304 1101 3439 1156 imus
3470 1101 3596 1173 nisi,

1992 1186 2307 1245 undecima?
2332 1186 2588 1245 Omnibus
2631 1189 2773 1246 enim
2815 1189 3140 1245 tantumdem
3182 1190 3400 1245 daturus
3441 1200 3525 1247 est
3552 1208 3573 1251 :,

1992 1291 2156 1346 quare
2197 1293 2296 1339 nos
2333 1279 2561 1350 amplius
2602 1281 2914 1352 fatigamur?
2937 1281 3071 1351 Quid
3101 1281 3189 1338 ille
3216 1281 3436 1338 daturus
3477 1284 3567 1347 sit.

1992 1368 2192 1438 etquid
2220 1369 2450 1428 facturus
2484 1372 2574 1438 sit,
2623 1387 2787 1441 penes
2829 1373 2999 1443 ipsum
3041 1374 3317 1429 consilium
3358 1382 3439 1431 est
3469 1393 3483 1430 :
3512 1383 3577 1429 tu.

1991 1461 2204 1531 quando
2247 1464 2474 1529 vocaris,
2513 1465 2654 1521 veni.
2688 1465 2890 1522 Merces
2926 1466 3069 1521 enim
3107 1465 3313 1521 cunctis
3349 1467 3568 1538 atqualis

1994 1554 2313 1620 promittitur
2340 1573 2353 1608 :
2385 1555 2479 1610 sed
2513 1555 2577 1611 de
2609 1557 2719 1627 ipsa
2752 1556 2879 1612 hora
2899 1557 3174 1629 onerandi,
3201 1574 3390 1631 magna
3420 1574 3567 1630 (ιιιτιξο

1991 1641 2096 1697 stio
2129 1653 2231 1699 est.
2264 1644 2319 1698 Si
2358 1647 2499 1702 enim
2531 1646 2627 1713 illi,
2670 1648 2816 1702 verbi
2861 1651 3050 1719 gratia,
3100 1649 3189 1719 qui
3232 1650 3403 1703 vocati
3446 1658 3569 1703 sunt

1993 1733 2120 1789 hora
2150 1745 2318 1804 sexta,
2354 1738 2405 1792 in
2432 1738 2536 1793 hac
2568 1749 2727 1795 aetate
2760 1741 2998 1811 corporis
3026 1741 3320 1805 constituti,
3350 1740 3434 1793 ubi
3474 1739 3566 1808 ju-

1989 1826 2190 1886 veniles
2224 1829 2349 1886 anni
2388 1828 2610 1896 fervent,
2640 1830 2778 1885 sicut
2819 1832 2931 1899 ipsa
2963 1831 3092 1884 hora
3119 1841 3266 1885 sexta
3296 1832 3454 1885 fervet
3479 1847 3494 1895 ;
3523 1831 3567 1887 si

1988 1914 2225 1972 dicerent
2244 1918 2316 1972 illi
2332 1918 2555 1987 juvenes
2572 1920 2743 1979 vocati
2765 1937 2777 1972 :
2801 1920 3083 1992 Exspecta,
3106 1921 3408 1979 audivimus
3426 1923 3569 1976 enim

1991 2007 2046 2062 in
2072 2007 2378 2078 Evangelia,
2407 2010 2528 2081 quia
2554 2025 2741 2066 omnes
2768 2026 2927 2072 unam
2971 2012 3271 2070 mercedem
3300 2014 3565 2083 accepturi

1988 2115 2203 2166 sumus;
2230 2116 2352 2157 cum
2379 2117 2537 2158 senes
2568 2101 2691 2158 facti
2726 2102 2999 2172 fuerimus,
3029 2104 3156 2160 hora
3178 2105 3454 2160 undecima
3472 2121 3566 2159 ve—

1992 2190 2234 2256 niemus;
2261 2191 2586 2248 tantumdem
2620 2194 2910 2262 accepturi,
2949 2208 3114 2264 quare
3141 2194 3425 2250 laboraturi
3444 2190 3565 2265 («)2

1990 2281 2423 2352 Respondentur
2460 2284 2539 2339 eis
2579 2292 2636 2339 et
2671 2284 2939 2341 diceretur
2982 2302 2997 2340 :
3027 2284 3295 2341 Laborarc
3330 2300 3437 2341 non
3465 2285 3566 2348 vis,

1988 2376 2083 2446 qui
2123 2383 2299 2431 utrum
2338 2377 2486 2432 vivas
2528 2391 2695 2448 usque
2735 2377 2801 2432 ad
2845 2387 3135 2441 senectam,
3181 2377 3386 2435 nescis?
3412 2377 3567 2441 Sexta

1992 2465 2120 2522 hora
2136 2466 2358 2533 vocaris,
2382 2467 2523 2525 veni.
2544 2466 2928 2524 Paterfamilias
2948 2467 3039 2524 tibi
3062 2467 3272 2538 quidem
3299 2468 3458 2524 etiam
3482 2486 3569 2523 un-

1988 2555 2195 2613 deeima
2226 2558 2453 2613 venienti
2487 2558 2763 2614 denarium
2793 2559 3037 2630 promisit
3062 2577 3078 2614 :
3100 2560 3197 2616 scd
3224 2570 3397 2615 utrum
3424 2562 3569 2614 vivas

1990 2663 2157 2721 usque
2185 2649 2254 2706 ad
2286 2651 2591 2722 septimam,
2620 2665 2780 2707 nemo
2820 2652 2914 2707 tibi
2955 2652 3215 2722 promisit.
3260 2651 3374 2707 Non
3413 2651 3568 2717 dico,

1990 2755 2159 2809 usque
2182 2740 2248 2797 ad
2276 2741 2629 2810 undecimam,
2657 2743 2752 2798 sed
2779 2758 2948 2813 usque
2980 2743 3047 2798 ad
3075 2744 3371 2814 septimam.
3395 2744 3568 2817 Quare
3612 2747 3615 2751 ’

1989 2846 2119 2900 ergo
2143 2830 2324 2886 differs
2348 2841 2623 2887 vocantem
2653 2840 2725 2901 te,
2754 2842 2931 2889 certus
2950 2833 3019 2888 de
3044 2833 3310 2900 mercede,
3330 2834 3568 2890 incertus

1988 2920 2057 2977 de
2079 2921 2203 2977 die?
2227 2921 2362 2979 Vide
2387 2938 2456 2978 ne
2492 2922 2630 2979 forte
2664 2923 2806 2995 quod
2845 2924 2936 2980 tibi
2966 2924 3053 2979 ille
3078 2923 3298 2980 daturus
3325 2934 3406 2979 est
3445 2940 3568 2994 pro-

1991 3013 2268 3079 mittendo,
2291 3022 2348 3071 tu
2380 3014 2470 3071 tibi
2499 3014 2709 3072 auferas
2736 3014 3059 3076 differendm
3089 3015 3145 3072 Si
3185 3015 3285 3072 hoc
3315 3025 3456 3073 recte
3484 3016 3568 3093 dif

1989 3104 2128 3160 citur
2146 3104 2213 3161 de
2233 3105 2541 3173 infantibus,
2568 3114 2815 3176 tauquam
2837 3105 2903 3161 ad
2934 3106 3117 3161 horam
3148 3108 3368 3183 primam
3399 3105 3566 3183 perti~

1991 3194 2268 3261 tuentibus;
2293 3197 2340 3252 si
2365 3208 2513 3253 recte
2538 3196 2731 3252 dicitur
2758 3196 2824 3253 de
2849 3197 3048 3267 pueris,
3086 3205 3333 3268 tauquam
3368 3196 3432 3251 ad
3467 3197 3564 3265 ho:

1988 3301 2103 3341 ram
2143 3288 2350 3342 tertiam
2395 3287 2817 3358 pertinentibus;
2847 3288 2892 3343 si
2930 3296 3075 3343 recte
3101 3286 3295 3343 dicitur
3326 3286 3568 3359 dcjnve-

1989 3378 2166 3446 nibus,
2202 3388 2448 3450 tanquam
2477 3379 2531 3439 in
2559 3378 2707 3436 hora:
2734 3387 2899 3435 sexta:
2923 3368 3195 3451 flagrantia
3227 3380 3524 3434 constitutis
3551 3397 3565 3432 :

1988 3478 2187 3538 quanto
2221 3472 2388 3540 magis
2425 3478 2570 3526 recte
2599 3469 2669 3525 de
2708 3468 2992 3538 decrepitis
3033 3470 3243 3536 dicitur,
3288 3468 3423 3524 Ecce
3456 3469 3593 3536 jam,

1990 3560 2120 3617 hora
2138 3562 2416 3618 undecima
2441 3570 2543 3626 est,
2570 3570 2624 3617 et
2645 3560 2821 3623 adhuc
2835 3571 2964 3626 stas,
2997 3561 3176 3616 venire
3198 3561 3344 3630 piger
3363 3575 3421 3614 es
3435 3562 3460 3614 ?
3532 3544 3537 3551 ’

2058 3651 2284 3709 CAPUT
2316 3650 2428 3706 VII.
2456 3682 2527 3692 —
2547 3651 2604 3708 9.
2631 3651 2894 3718 Quomodo
2932 3650 3298 3722 paterfamilias
3330 3652 3450 3707 exiit
3477 3669 3565 3707 ro:

1987 3759 2104 3798 care
2143 3743 2212 3796 ad
2248 3743 2441 3797 vincant
2474 3757 2639 3797 suam.
2685 3740 2911 3797 Ecclesia
2938 3742 3156 3811 loquitur
3186 3742 3407 3797 omnium
3440 3760 3566 3813 ggu.

1990 3834 2114 3887 tium
2134 3830 2589 3903 linguis.Anforte
2612 3845 2716 3886 non
2738 3831 2865 3886 exiit
2892 3830 2958 3891 ad
2988 3839 3039 3886 te
3069 3830 3362 3886 vocandum
3388 3841 3565 3901 pater-

1989 3923 2251 3981 f:unilias?
2276 3923 2332 3979 Si
2358 3940 2463 3979 non
2483 3924 2629 3986 exiit,
2656 3923 2783 3994 quid
2806 3930 2887 3978 est
2912 3922 3055 3995 quod
3087 3923 3380 3993 loquimur?
3407 3923 3566 3979 Nem-

1988 4033 2059 4090 pe
2077 4032 2176 4073 nos
2199 4016 2336 4072 servi
2360 4016 2429 4072 de
2461 4014 2657 4071 familia
2684 4015 2859 4084 ipsius-
2875 4029 3081 4080 sumus,
3108 4014 3406 4071 conducere
3431 4029 3562 4084 0pc-

1989 4112 2158 4167 rarios
2186 4109 2335 4165 tnissi
2354 4123 2558 4164 sumus.
2584 4106 2720 4175 Quid
2742 4121 2868 4177 ergo
2888 4108 3032 4161 stas?
3056 4103 3238 4163 Finisti
3263 4106 3372 4176 jam
3396 4122 3563 4160 anno-

1989 4218 2107 4256 rum
2153 4214 2465 4263 numerum,
2507 4198 2694 4252 festina
2737 4196 2803 4252 ad
2838 4196 3132 4251 denarium.
3179 4195 3393 4254 llncacm
3421 4195 3562 4249 cnim

1987 4292 2136 4348 exire
2182 4288 2630 4360 patremfamilias,
2678 4288 3009 4343 inuetescere
3050 4288 3333 4357 :quoaiam
3378 4286 3466 4357 qui
3510 4285 3563 4340 in

1989 4381 2149 4436 domo
2172 4389 2276 4446 est,
2297 4380 2349 4434 in
2387 4378 2568 4433 abdito
2604 4387 2704 4443 est,
2734 4394 2839 4431 non
2868 4376 3075 4432 videtur
3112 4377 3179 4435 ab
3207 4376 3284 4437 eis
3321 4378 3406 4446 qui
3437 4377 3564 4431 furis

1989 4480 2144 4535 sunt;
2183 4484 2303 4527 cum
2345 4478 2521 4525 autem
2559 4469 2685 4523 exiit
2710 4467 2777 4523 de
2811 4467 2989 4534 domo,
3013 4467 3219 4522 videtur
3257 4468 3324 4523 ab
3363 4468 3440 4522 eis
3475 4468 3563 4537 qui

1989 4562 2118 4618 foris
2164 4568 2306 4616 sunt.
2336 4558 2600 4625 Christus,
2628 4557 2838 4630 quando
2884 4574 2989 4615 non
3035 4558 3343 4630 intelligitur
3380 4567 3431 4614 et
3459 4573 3562 4613 non

1989 4650 2312 4723 agnoscitur,
2340 4650 2394 4705 in
2413 4657 2622 4705 secrete
2641 4659 2723 4705 est
2754 4667 2767 4702 :
2799 4648 3010 4720 quando
3034 4659 3209 4704 autem
3241 4650 3564 4719 agnoscitur.

1989 4742 2119 4798 exiit
2140 4741 2457 4798 conducere.
2499 4740 2578 4799 Ex
2618 4740 2825 4795 occulto
2853 4741 2993 4794 enim
3034 4742 3289 4810 processit
3329 4741 3392 4794 ad
3425 4741 3565 4793 nuti-

1991 4834 2116 4888 tiam
2150 4849 2163 4886 :
2204 4842 2361 4887 notus
2398 4840 2481 4887 est
2521 4831 2781 4896 Christus,
2821 4830 3016 4901 ubique
3057 4831 3375 4903 praedicatur
3410 4832 3568 4887 Chri-

1991 4935 2133 4989 stus;
2181 4923 2406 4994 gloriam
2443 4922 2637 4976 Christi
2686 4922 2863 4976 omnia
2910 4938 3256 4993 qumcumque
3296 4932 3422 4978 sunt
3467 4925 3566 4979 sub

1990 5016 2128 5070 ctefo
2153 5015 2413 5075 clamant.
2436 5011 2555 5066 Fuit
2577 5011 2843 5067 irrisibilis
2867 5012 3095 5082 quodam
3126 5014 3283 5067 modo
3311 5023 3361 5069 ct
3393 5028 3567 5082 repre-

1995 5102 2272 5160 hensibilis
2296 5103 2431 5156 inter
2448 5100 2679 5168 Judaeos,
2701 5101 2846 5156 visus
2866 5111 2949 5159 est
2976 5101 3206 5167 humilis,
3232 5112 3565 5173 contemptus

1994 5202 2095 5251 est.
2122 5191 2439 5257 Occultabat
2457 5191 2597 5259 enim
2636 5191 2986 5263 tuajcstatem,
3017 5202 3315 5264 promptam
3342 5193 3569 5250 habebat

1996 5283 2372 5358 infirmitatem.
2397 5281 2770 5353 Cuntcmptum
2801 5294 2881 5338 est
2910 5284 2959 5339 in
2989 5283 3076 5338 illo
3100 5285 3239 5355 quod
3267 5294 3566 5356 promptum

1995 5386 2130 5443 erat,
2160 5390 2262 5432 nec
2286 5376 2551 5446 cognitum
2579 5375 2718 5445 quod
2746 5378 3006 5431 occultum
3040 5386 3171 5432 erat.
3210 5378 3262 5435 Si
3306 5379 3445 5433 etiim
3472 5394 3568 5433 co-

1993 5467 2322 5537 guovisseut,
2344 5482 2608 5536 nunquam
2639 5467 2916 5525 Dominum
2959 5468 3140 5539 gloria:
3183 5469 3569 5526 et'ucifixissent

2001 5558 2179 5629 (υἱον.
2210 5574 2268 5623 ιι,
2301 5558 2376 5628 8).
2419 5557 2681 5629 Numquid
2709 5558 2878 5614 adhuc
2900 5560 3316 5617 contemnendus
3360 5568 3442 5618 est
3484 5580 3572 5619 se-

314 5650 431 5707 ideo
452 5650 677 5722 quisque
699 5647 910 5703 differat
944 5646 1121 5702 venire
1148 5644 1215 5700 ad
1255 5645 1484 5710 vineam,
1513 5646 1634 5716 quia
1672 5662 1897 5702 securus
1998 5649 2129 5705 deus
2178 5647 2229 5715 in
2271 5649 2427 5709 caelo.
2458 5647 2501 5701 si
2543 5657 2877 5717 contemptus
2923 5634 3004 5705 est
3051 5666 3171 5727 eum
3214 5653 3468 5725 penderet
3516 5654 3572 5717 in

314 5753 392 5800 est
419 5742 667 5814 quoniam
695 5739 1130 5813 quandocumque
1161 5736 1381 5803 venerit,
1414 5737 1584 5808 ipsum
1615 5737 1887 5794 denarium

2063 5748 2137 5811 (α)
2154 5756 2309 5810 Forte,
2327 5746 2530 5811 mutatus
2547 5746 2821 5803 laboratum}
