3922 6192
434 356 540 413 835

430 470 610 539 ligno?
647 468 993 541 Agitaverunt
1036 473 1194 535 caput
1237 464 1326 536 qui
1367 479 1490 519 eum
1531 463 1928 523 crdeiﬂxerunt.
1958 472 2015 518 et

1673 350 1736 407 S.
1772 347 2136 407 AUGUSTINI
2169 351 2468 411 EPISCOPI

3604 363 3714 422 556

2122 466 2458 526 Ezechielem
2493 489 2508 527 :
2543 469 2604 526 In
2635 487 2944 544 quacumque
2973 473 3054 526 die
3077 489 3342 528 surirem“
3371 477 3520 546 fuerit
3554 478 3712 534 homo

429 573 555 619 alite
594 576 805 619 crucem
854 559 970 629 ejus
1017 565 1241 623 stantes,
1287 567 1341 612 et
1385 565 1634 627 tanquam
1677 555 1742 610 ad
1788 556 2018 610 fructum
2121 572 2152 608 η
2199 558 2278 612 ria
2318 575 2412 613 sua
2458 562 2696 629 pessima,
2740 578 2912 616 omnes
2961 562 3246 632 iniquitates
3289 564 3398 634 ejus
3440 565 3714 624 obliviscar

428 671 539 712 sum
577 654 795 709 saevitiae
838 652 1225 721 pervenientes.
1263 651 1578 705 insultantes
1606 651 1621 682 ⁸
1658 649 1898 705 dicebant
1921 648 2014 703 :Si

435 743 598 799 Filius
624 744 721 797 Dei
745 753 835 808 est,
858 743 1125 798 descendat
1145 745 1207 796 de
1234 759 1401 796 crure.
1434 744 1572 796 Alios
1600 743 1763 796 salvos
1793 741 1929 810 fecit,
1961 757 2016 795 se

427 838 592 913 ipsum
625 835 818 890 salvum
848 839 1013 907 facere
1042 851 1139 888 non
1163 834 1359 903 potest?
1387 832 1664 886 Descendo!
1685 832 1746 885 de
1769 847 1935 896 cruce,
1966 841 2014 884 et

427 927 675 980 credimus
699 927 749 979 in
777 942 889 979 eum
920 925 1129 994 (Matth.
1171 939 1344 985 xxv”,
1389 924 1595 992 5945).
1643 921 1760 976 Non
1785 921 2011 975 descens-

426 1020 605 1080 tlebat,
637 1020 757 1089 quia
797 1017 1015 1072 latebat.
1056 1016 1220 1070 Multo
1261 1017 1403 1069 enim
1446 1013 1651 1068 facilius
1695 1023 1901 1084 poterat
1944 1012 2012 1068 de

425 1123 584 1164 cruce
610 1105 953 1174 descendere,
987 1107 1075 1176 qui
1122 1107 1289 1176 potuit
1325 1106 1393 1160 de
1429 1106 1673 1175 sepulcro
1711 1117 2009 1174 resurgere.

426 1199 506 1255 Ad
537 1209 770 1253 nostram
794 1198 1219 1253 informationem
1247 1196 1649 1251 demonstrabat
1676 1195 2008 1266 patientiam,

425 1290 702 1345 differebat
729 1291 1040 1358 potentiam,
1086 1298 1140 1344 et
1176 1303 1280 1343 non
1323 1298 1405 1343 est
1441 1287 1670 1358 agnitus.
1714 1285 1829 1340 Non
1868 1286 2010 1340 enim

426 1391 553 1436 ttmc
594 1381 796 1434 evierat
822 1379 1121 1434 conducere
1149 1378 1442 1449 cperarios,
1487 1393 1594 1432 non
1633 1378 1854 1440 exierat,
1904 1390 2010 1430 non

426 1475 750 1528 innotuerat.
801 1471 982 1526 Tertio
1029 1471 1117 1526 die
1167 1470 1476 1536 resurrexit,
1521 1469 1904 1525 demonstravit
1951 1482 2010 1523 se

422 1563 718 1634 discipulis,
750 1563 990 1619 ascendit
1017 1563 1069 1618 in
1101 1563 1318 1626 cretum,
1349 1569 1406 1617 et
1430 1561 1574 1616 misit
1598 1561 1851 1632 Spiritum
1881 1574 2011 1614 san-

421 1667 566 1711 ctum
593 1653 1029 1728 quinquagesimo
1048 1653 1136 1708 die
1156 1661 1277 1724 post
1295 1651 1769 1719 resurrectionem,
1799 1649 2010 1704 decimo

423 1754 546 1815 post
581 1731 971 1800 ascensionem.
1021 1744 1215 1799 Missus
1251 1743 1481 1815 Spiritus
1522 1753 1739 1799 sanctus
1775 1743 2012 1814 implevit

424 1854 614 1894 omnes
641 1839 728 1909 qui
773 1837 982 1892 fuerunt
1027 1837 1080 1892 in
1127 1851 1234 1890 uno
1271 1835 1532 1901 conclavi,
1575 1844 1788 1892 centum
1827 1835 2010 1906 viginti

423 1914 670 1985 homines.
693 1927 826 2000 (Act.
857 1943 894 1996 ι,
928 1927 1039 1998 l5).
1066 1925 1275 1997 lmpieti
1303 1927 1378 1982 illi
1414 1925 1614 1997 Spiritu
1652 1937 1862 1992 sancto,
1897 1941 2012 1982 etn-

423 2028 617 2092 pcrunt
655 2019 801 2090 loqui
848 2018 1042 2088 linguis
1070 2018 1308 2071 omnium
1350 2017 1608 2087 gentium,
1649 2032 1900 2087 expressa
1927 2024 2013 2072 est

421 2112 654 2179 vocatio,
695 2111 827 2167 exiit
874 2111 965 2166 ille
1008 2109 1326 2166 conducere.
1371 2109 1548 2178 C(epit
1585 2108 1729 2163 enim
1773 2109 2011 2164 veritatis

422 2202 657 2273 potentia
685 2199 936 2257 omnibus
971 2200 1326 2255 innotescere.
1365 2197 1497 2252 Nam
1526 2207 1650 2253 tunc
1687 2198 1845 2252 etiam
1875 2213 2011 2254 unus

421 2303 642 2367 accepto
678 2293 877 2363 Spiritu
923 2302 1128 2358 sancto,
1169 2292 1329 2346 etiam
1375 2303 1511 2346 unus
1551 2289 1866 2360 loquebatur
1890 2305 2010 2346 om-

424 2388 570 2442 nium
600 2387 835 2458 gentium
877 2384 1090 2460 linguis.
1135 2384 1292 2441 Modo
1321 2391 1496 2440 autem
1541 2383 1592 2438 in
1638 2384 1872 2439 Ecclesia
1899 2384 2010 2454 ipsa

422 2481 599 2536 unitas
625 2489 876 2548 tanquam
905 2492 1040 2532 unus
1081 2477 1314 2548 loquitur
1357 2477 1594 2531 omnium
1635 2477 1868 2546 gentium
1912 2477 2014 2530 litt-

421 2571 559 2640 gnis.
585 2562 666 2634 Ad
694 2584 850 2640 quam
879 2569 1112 2639 linguam
1150 2568 1337 2638 religio
1364 2567 1652 2621 christiana
1688 2581 1792 2621 non
1819 2582 2010 2637 perve-

421 2663 539 2718 nit?
566 2661 633 2716 ad
658 2676 793 2732 quos
819 2661 954 2716 fines
981 2675 1086 2715 non
1127 2658 1430 2730 pertendit?
1454 2659 1570 2713 Jam
1598 2674 1702 2714 non
1729 2667 1809 2715 est
1837 2660 1926 2730 qui
1952 2674 2011 2716 se

419 2752 713 2810 abscondat
741 2767 770 2806 a
795 2752 973 2807 calore
1000 2751 1117 2822 ejus
1143 2749 1318 2823 (Psal.
1357 2766 1510 2818 xvnt,
1547 2747 1602 2822 7)
1631 2768 1644 2803 :
1678 2758 1733 2805 et
1752 2750 1925 2807 adhuc
1955 2751 2012 2807 fit

421 2861 570 2901 mora
609 2844 676 2900 ab
700 2859 766 2900 eo
789 2842 879 2914 qui
903 2851 1010 2898 stat
1034 2842 1085 2897 in
1108 2841 1424 2897 undecima!

492 2935 722 2991 CAPUT
765 2932 902 2990 Vill.
923 2963 996 2974 --
1015 2933 1098 2990 10.
1127 2933 1416 3005 Desperatio
1435 2942 1481 2988 et
1504 2949 1733 3002 perversa
1755 2950 1868 3002 spes
1889 2933 2014 2988 occi-

422 3030 551 3090 dunt
606 3027 822 3081 annuas.
885 3023 1223 3081 Manifestum
1275 3033 1359 3082 cst
1415 3040 1578 3096 ergo,
1627 3025 1819 3081 fratres
1870 3027 2008 3094 mei,

422 3119 643 3182 omnino
669 3116 1008 3173 manifestum
1035 3125 1138 3183 est,
1169 3123 1368 3184 tenete,
1386 3116 1518 3172 certi
1541 3125 1735 3184 estote,
1755 3117 2007 3188 quoniam

422 3210 568 3267 Deus
596 3217 779 3265 noster
802 3207 958 3263 Jesus
992 3206 1256 3273 Christus,
1283 3206 1496 3278 quando
1524 3207 1750 3278 quisque
1789 3221 1848 3263 se
1877 3223 2009 3263 con-

425 3299 644 3356 verterit
685 3298 750 3354 ad
783 3298 937 3354 fidem
981 3298 1167 3369 ipsius,
1199 3312 1230 3351 a
1264 3296 1348 3350 via
1387 3312 1482 3352 sua
1509 3298 1593 3352 vel
1633 3298 1900 3368 superflua
1927 3299 2011 3355 vel

423 3392 785 3464 nequissima,
837 3391 1016 3446 omnia
1074 3389 1148 3444 illi
1203 3389 1469 3460 praeterita
1529 3388 1902 3457 dimittuntur,
1957 3399 2014 3446 et

426 3484 671 3548 omnino,
691 3492 941 3554 tanquam
959 3481 1169 3536 donatis
1189 3480 1401 3547 debitis,
1422 3481 1551 3536 fiunt
1574 3495 1694 3536 cum
1714 3482 1803 3536 illo
1823 3481 2013 3538 tabula:

422 3591 597 3639 novae.
630 3575 854 3638 Prorsus
888 3573 1064 3627 oinnia
1111 3571 1466 3626 dimittuntur.
1497 3571 1664 3626 Nemo
1705 3572 1776 3627 sit
1812 3570 2010 3626 sollici-

425 3678 532 3732 tus,
556 3664 695 3746 quod
726 3663 922 3734 aliquid
949 3663 996 3718 ei
1029 3678 1132 3717 non
1159 3661 1472 3717 dimittatur.
1501 3662 1604 3719 Sed
1632 3663 1821 3718 iterum
1853 3678 2012 3718 nemo

425 3774 674 3832 perverse
702 3758 772 3812 sit
798 3771 1039 3813 securus.
1073 3754 1175 3810 ista
1203 3755 1344 3810 enim
1380 3754 1486 3810 duo
1511 3753 1760 3809 occidunt
1783 3754 2009 3820 animas,

423 3836 854 3922 autdesperatio,
887 3859 977 3904 aut
1009 3863 1256 3918 perversa
1288 3861 1431 3918 spes.
1460 3845 1533 3902 De
1559 3846 1642 3902 bis
1663 3847 1868 3902 duobus
1896 3863 2012 3901 ma-

425 3947 491 4002 lis
539 3960 704 4017 pauca
745 3942 942 3998 audite.
988 3939 1120 3996 Nam
1170 3940 1307 3995 sicut
1350 3939 1542 3994 liberat
1583 3938 1721 3994 bona
1767 3952 1914 4007 spes,
1959 3947 2014 3992 et

425 4049 567 4094 rrcta
596 4054 749 4109 Spes;
793 4037 861 4094 ita
889 4035 1086 4104 decipit
1126 4048 1372 4104 perversa
1408 4047 1552 4102 spes.
1585 4031 1738 4086 Prius
1757 4031 2014 4088 attendite

425 4129 870 4203 quemadmodum
936 4127 1166 4216 decipiat
1205 4125 1521 4196 desperatio.
1572 4123 1708 4180 Sunt
1771 4123 2015 4179 homines

425 4225 514 4294 qui
545 4239 666 4278 cum
714 4223 948 4294 cogitare
991 4215 1253 4290 coeperint
1293 4217 1429 4274 mala
1466 4232 1583 4287 qua:
1615 4215 1875 4280 fecerunt,
1908 4229 2012 4269 non

424 4315 525 4370 sibi
567 4323 754 4385 putant
792 4311 992 4382 ignosci
1038 4325 1226 4380 posse;
1261 4317 1312 4362 et
1352 4307 1476 4361 dum
1510 4320 1614 4360 non
1647 4313 1832 4375 putant
1859 4319 2014 4374 posse

426 4407 525 4461 sibi
553 4404 774 4476 ignosci,
803 4401 932 4460 dant
965 4399 1196 4455 animam
1223 4401 1243 4429 ¹
1267 4397 1377 4467 jam
1417 4397 1612 4466 perire,
1643 4395 2015 4466 desperatione

427 4505 672 4567 pereunt,
714 4493 955 4550 dicentes
1003 4492 1056 4545 in
1093 4488 1499 4560 cogitationibus
1537 4487 1648 4542 S'IiS
1677 4487 1831 4542 :Jam
1873 4488 2013 4542 nulla

428 4588 581 4654 nobis
607 4599 730 4655 Spes
758 4592 872 4649 est;
905 4597 1077 4652 neque
1104 4579 1248 4636 cnim
1278 4585 1420 4632 tanta
1457 4577 1541 4631 illa
1582 4593 1700 4647 qum
1740 4577 2013 4632 commisi-

427 4694 549 4736 mus
572 4675 759 4734 donari
803 4673 959 4730 nobis
999 4680 1094 4728 aut
1136 4668 1335 4740 ignosci
1382 4675 1639 4740 possunt;
1685 4682 1850 4737 quare
1889 4681 2016 4738 ergo

426 4788 533 4835 non
581 4767 936 4832 satisfacimus
993 4761 1372 4838 cupiditatibus
1415 4759 1649 4815 nostris?
1697 4758 2015 4828 ltnpleamus

421 4863 614 4928 saltem
658 4858 935 4932 praesentis
973 4853 1230 4937 temporis
1269 4854 1612 4923 Voluptatem,
1652 4851 1772 4922 quia
1817 4850 2013 4905 nullam

421 4953 682 5019 habemus
729 4951 781 5006 in
828 4947 1010 5013 futuro
1053 4944 1378 5011 mercedem.
1433 4942 1712 5006 Faciamus
1757 4940 2012 5011 quidquid

425 5043 575 5110 libet,
603 5043 702 5107 etsi
725 5057 832 5102 non
863 5039 1014 5106 licet;
1040 5046 1096 5094 ut
1121 5035 1411 5100 habeamus
1435 5034 1748 5090 suavitatem
1768 5032 1854 5088 vel
1880 5040 2014 5086 tem-

423 5136 659 5208 poralcm
686 5176 700 5200 ,
756 5132 878 5212 quia
927 5129 1202 5206 percipere
1255 5142 1360 5182 non
1416 5140 1683 5180 meremur
1734 5133 2010 5178 :cternam.

425 5225 567 5282 Talia
614 5225 854 5280 dicentes
893 5218 1231 5294 desperando
1281 5225 1526 5288 pereunt,
1575 5216 1686 5272 sive
1728 5223 2011 5285 antequam

422 5316 642 5377 Onntino
664 5313 904 5380 credant.
940 5295 1052 5368 sive
1072 5310 1183 5387 iam
1225 5307 1501 5363 christiani
1525 5317 1579 5362 et
1607 5306 1658 5362 in
1684 5305 1855 5375 aliqua
1886 5319 2010 5374 pec-

424 5421 542 5468 cata
577 5420 626 5464 et
671 5406 870 5464 scelera
916 5404 1054 5464 male
1082 5399 1310 5462 vivendo
1355 5397 1605 5468 prolapsi.
1652 5395 1900 5452 Procedit
1943 5395 2010 5450 ad

427 5517 522 5560 eos
551 5501 808 5557 Dominus
829 5497 1014 5561 vincte,
1035 5503 1089 5550 et
1105 5503 1353 5564 tanquam
1379 5489 1723 5566 desperantes
1743 5497 1798 5544 et
1818 5504 2012 5544 vocano

427 5592 466 5655 ti
496 5591 516 5622 ³
543 5602 745 5661 tergum
790 5586 1001 5653 dantes,
1047 5585 1221 5658 pulsat
1257 5593 1311 5639 et
1337 5582 1532 5648 clamat
1569 5597 1663 5661 per
1696 5581 2006 5654 prophetam

492 5683 507 5745 Ἰ
537 5679 721 5745 Aliquot
742 5686 870 5745 ait,
892 5676 1198 5728 exsultantes.

490 5743 514 5776 ί
532 5735 660 5794 τιθεῖ,
682 5735 908 5788 anitum.

494 5801 608 5862 tae
631 5798 810 5872 διξφιοι
831 5805 934 5856 uss.
967 5805 1016 5849 Αι
1041 5797 1174 5857 editi,
1203 5803 1432 5853 rotantes.

2121 645 2334 714 (ER'CII.
2365 665 2512 717 xvtn,
2539 649 2754 722 21-22).
2788 651 2898 707 liae
2926 666 3056 707 voce
3097 651 3274 707 audita
3317 662 3372 708 et
3410 657 3634 722 credita,
3676 674 3711 715 a

2117 735 2491 806 desperatione
2530 751 2859 807 recreantur,
2888 751 2940 798 et
2965 743 3033 798 ab
3063 743 3148 798 illa
3187 745 3441 800 altissima
3483 757 3534 802 et
3574 764 3709 820 pro-

2118 828 2277 884 funda
2307 833 2574 900 voragine,
2607 849 2706 903 qua
2733 834 2994 890 submersi
3022 835 3250 903 fuerant,
3282 849 3577 910 emergunt.

2188 920 2413 976 CAPUT
2459 922 2548 978 IX.
2571 954 2642 966 —-
2673 926 2753 980 ll.
2784 925 2916 994 Spes
2940 944 3172 997 perversa
3195 946 3294 1000 qua
3319 931 3552 998 differtur
3578 951 3710 988 con-

2117 1012 2296 1068 versio.
2330 1013 2473 1068 Diem
2505 1019 2780 1072 crastinum
2811 1017 2946 1073 Deus
2983 1021 3171 1074 nemini
3191 1024 3440 1092 promisit.
3478 1026 3583 1081 Sed
3619 1026 3706 1081 his

2118 1102 2406 1158 timendum
2451 1114 2554 1173 cst,
2585 1123 2652 1162 ne
2692 1108 2744 1162 in
2783 1109 2942 1163 aliam
2984 1113 3287 1182 voraginem
3325 1113 3620 1181 incurrant,
3650 1126 3706 1173 et

2116 1207 2368 1262 perverse
2408 1198 2672 1266 sperando
2716 1200 3030 1268 moriantur,
3073 1204 3161 1274 qui
3203 1205 3537 1276 desperando
3561 1211 3705 1266 muri

2117 1300 2220 1339 non
2253 1295 2555 1356 potuerunt.
2593 1290 2798 1347 Mutant
2834 1293 2976 1348 enim
3013 1296 3362 1366 cogitationes
3389 1299 3545 1371 longe
3573 1301 3704 1370 qui-

2115 1375 2235 1432 dem
2266 1378 2526 1448 diversas,
2551 1383 2645 1438 sed
2683 1401 2786 1439 non
2820 1389 2996 1441 minus
3032 1389 3392 1458 perniciosas;
3433 1403 3487 1447 et
3513 1410 3705 1449 rursus

2117 1468 2373 1539 incipiunt
2401 1471 2579 1529 dicere
2604 1475 2658 1530 in
2686 1476 2935 1532 cordibus
2971 1479 3082 1533 suis
3120 1496 3134 1533 :
3169 1481 3222 1535 Si
3258 1497 3588 1554 quacumque
3614 1485 3706 1541 die

2114 1575 2404 1617 conversus
2438 1562 2588 1619 fuero
2606 1580 2636 1619 a
2663 1565 2744 1620 via
2773 1582 2890 1622 mea
2920 1571 3166 1637 pessima,
3203 1571 3341 1626 Deus
3369 1573 3704 1640 misericors,

2114 1650 2250 1705 sicut
2286 1653 2545 1709 veraciter
2585 1671 2682 1725 per
2718 1656 3035 1728 Prophetam
3079 1661 3344 1730 promisit,
3372 1680 3558 1719 omnes
3595 1665 3708 1720 ini-

2113 1742 2344 1811 quitates
2372 1761 2522 1800 meas
2546 1747 2893 1816 obliviscitur,
2926 1766 3092 1821 quare
3122 1751 3282 1809 hodie
3306 1765 3614 1824 convertor,
3649 1767 3710 1813 et

2114 1846 2220 1886 non
2247 1835 2403 1888 cras?
2431 1835 2608 1902 Quare
2645 1837 2824 1906 hodie,
2852 1849 2907 1895 et
2947 1857 3052 1896 non
3094 1844 3251 1898 cras?
3282 1844 3381 1901 Eat
3409 1845 3705 1904 hodiernus

2113 1921 2229 1978 dies
2256 1925 2273 1956 ί
2299 1925 2439 1981 sicut
2483 1926 2784 1995 hesternos,
2829 1931 2898 1986 sit
2936 1931 2989 1986 in
3030 1933 3351 2004 nequissima
3395 1937 3703 2008 voluptate,

2113 2013 2184 2068 sit
2208 2014 2260 2069 in
2301 2015 2618 2087 flagitiorum
2648 2022 2874 2092 gurgite,
2905 2023 3178 2081 volutetur
3214 2027 3268 2083 in
3298 2028 3568 2085 mortifera
3601 2029 3709 2086 de-

2115 2104 2397 2163 lectatione
2425 2127 2440 2163 :
2468 2125 2588 2166 cras
2617 2121 2922 2180 convertar,
2960 2123 3017 2169 et
3053 2115 3172 2170 ﬁnis
3198 2126 3300 2173 est.
3329 2117 3709 2190 Respondetur

2116 2195 2208 2250 tibi
2251 2214 2264 2250 :
2296 2196 2460 2268 Cujus
2489 2201 2567 2256 rei
2613 2202 2786 2279 finis?‘
2814 2203 2956 2260 Dicis
2994 2222 3007 2260 :
3055 2204 3392 2276 luiquitatum
3435 2224 3703 2265 mearum.

2115 2288 2280 2358 Bene,
2309 2292 2480 2362 gaude
2507 2295 2551 2360 ’,
2581 2294 2702 2364 quia
2730 2297 2967 2352 crastino
2991 2298 3328 2369 iniquitatum
3357 2311 3562 2360 tuarum
3595 2304 3707 2364 erit

2112 2380 2256 2437 tinis.
2285 2382 2443 2452 Quid,
2483 2385 2528 2440 si
2557 2395 2682 2443 aute
2717 2390 3007 2444 crastinum
3055 2400 3175 2446 tuus
3215 2393 3318 2448 erit
3361 2391 3516 2452 ﬁnis?
3559 2393 3708 2464 Ergo

2113 2471 2255 2527 bene
2298 2473 2510 2544 quidem
2556 2477 2776 2547 gaudes,
2819 2480 2941 2548 quia
2986 2492 3204 2552 propter
3243 2482 3545 2552 iniquitates
3584 2494 3707 2540 tuas

2114 2574 2376 2618 converso
2405 2563 2501 2620 tibi
2529 2566 2912 2638 indulgentiam
2949 2569 3088 2626 Deus
3129 2571 3371 2640 promisit
3401 2590 3415 2626 :
3456 2572 3548 2628 sed
3579 2589 3707 2629 cra-

2114 2651 2312 2706 stinum
2337 2653 2476 2709 diem
2509 2656 2600 2710 tibi
2624 2659 3072 2728 nemo-promisit.
3094 2661 3202 2715 Aut
3220 2661 3265 2717 si
3288 2661 3426 2718 forte
3451 2663 3709 2732 promisit

2113 2741 2540 2810 mathematicus,
2585 2746 2742 2818 longe
2790 2749 2936 2804 aliud
2977 2757 3062 2806 est
3097 2766 3254 2822 quam
3301 2752 3462 2809 Deus.
3509 2753 3707 2812 Multos

2114 2835 2474 2891 mathematici
2520 2837 2826 2900 fefellerunt
2871 2841 2914 2910 ³,
2961 2843 3085 2912 quia
3135 2852 3190 2898 et
3235 2845 3338 2900 sibi
3389 2845 3707 2917 plerumque

2115 2925 2262 2982 lucra
2287 2928 2670 2997 promiserunt,
2701 2940 2755 2985 et
2779 2930 2975 2986 damna
3005 2931 3340 2995 invenerunt.
3366 2934 3506 3004 Ergo
3534 2936 3702 2998 etiam

2115 3026 2333 3088 propter
2359 3019 2491 3075 istos
2519 3022 2659 3077 male
2686 3033 2984 3092 sperantes,
3027 3026 3268 3092 procedit
3300 3027 3706 3097 paterfamilias.

2113 3109 2570 3177 Quemadmodum
2601 3115 2862 3184 processit
2895 3116 2961 3170 ad
2992 3117 3112 3174 illos
3147 3121 3236 3188 qui
3265 3119 3404 3174 male
3436 3119 3704 3190 despera-

2115 3212 2322 3272 verant,
2350 3213 2405 3261 et
2430 3206 2697 3276 perierant
2732 3206 3085 3278 desperando,
3114 3218 3170 3264 et
3203 3212 3473 3270 revocavit
3508 3227 3605 3274 eos
3650 3212 3704 3266 in

2114 3309 2266 3366 spem
2299 3314 2315 3352 :
2345 3297 2424 3352 sic
2453 3298 2694 3367 procedit
2713 3299 2873 3354 etiam
2901 3299 2969 3354 ad
2995 3300 3126 3356 istos
3149 3301 3240 3371 qui
3269 3301 3409 3359 male
3433 3303 3706 3370 sperando

2115 3388 2298 3443 volunt
2326 3389 2532 3458 perire;
2555 3399 2612 3445 et
2633 3389 2764 3446 dicit
2781 3391 2861 3446 eis
2885 3406 2981 3462 per
2999 3391 3160 3446 alium
3190 3393 3406 3460 librum,
3429 3393 3511 3448 Ne
3534 3394 3710 3450 tardes

2114 3479 2336 3534 converti
2362 3479 2432 3532 ad
2461 3478 2756 3534 Dominum.
2785 3481 3065 3549 Quomodo
3089 3483 3194 3538 illis
3219 3482 3449 3551 dixerat,
3481 3482 3545 3538 In
3572 3501 3708 3555 qua-

2115 3587 2328 3641 cumque
2349 3571 2433 3626 die
2468 3572 2670 3643 iniquus
2689 3588 2956 3629 conversus
2981 3574 3134 3643 fuerit
3171 3591 3206 3627 α
3229 3575 3311 3629 uia
3346 3591 3438 3630 sua
3465 3577 3707 3644 pessima,

2115 3679 2286 3720 clunes
2311 3663 2596 3733 iniquitates
2626 3665 2737 3733 ejus
2769 3663 3068 3730 obliviscar;
3093 3673 3151 3720 et
3181 3664 3300 3720 tulit
3332 3666 3411 3721 eis
3447 3664 3709 3734 deSpera-

2117 3756 2340 3821 tionem,
2369 3771 2472 3825 qua
2496 3755 2606 3825 jam
2632 3755 2892 3810 dederant
2925 3755 3158 3811 animam
3202 3771 3351 3811 suam
3392 3755 3709 3827 perditioni,

2116 3846 2263 3901 omni
2293 3847 2453 3901 modo
2497 3846 2878 3916 indulgentiam
2921 3846 3309 3918 desperantes:
3347 3846 3425 3902 sic
3467 3848 3713 3916 procedit

2115 3937 2276 3993 etiam
2302 3937 2368 3992 ad
2405 3938 2538 3993 istos
2565 3939 2654 4008 qui
2680 3937 2944 4008 sperando
2964 3946 3021 3994 et
3047 3938 3342 3994 differendo
3361 3938 3545 3995 volunt
3577 3955 3707 4008 per-

2119 4030 2230 4095 ire;
2260 4039 2316 4085 et
2358 4031 2593 4100 loquitur
2627 4030 2695 4085 ad
2736 4045 2852 4096 eos,
2891 4040 2946 4086 et
3003 4031 3241 4102 increpat
3273 4047 3386 4098 eos,
3415 4031 3498 4086 Ne
3533 4032 3712 4087 tardes

2117 4123 2336 4176 converti
2372 4122 2440 4176 ad
2481 4121 2778 4187 Dominum,
2807 4139 2964 4194 neque
2999 4123 3208 4190 differas
3241 4125 3306 4179 de
3337 4125 3420 4179 die
3457 4124 3512 4178 in
3549 4125 3709 4179 diem.

2121 4213 2302 4270 Subito
2331 4216 2461 4269 enim
2487 4216 2646 4269 veniet
2682 4216 2761 4269 ira
2785 4216 2913 4285 ejus,
2945 4224 2990 4269 et
3014 4216 3067 4268 in
3101 4225 3324 4285 tempore
3354 4216 3589 4269 uindicta
3626 4215 3712 4268 di-

2119 4305 2319 4374 sperdet
2365 4315 2412 4359 te
2465 4304 2648 4375 (Ereti.
2681 4321 2734 4370 v,
2766 4306 2821 4370 8,
2847 4305 2924 4375 9).
2979 4305 3119 4375 Ergo
3164 4305 3271 4359 noli
3320 4304 3556 4371 differre,
3599 4306 3713 4360 noli

2119 4394 2259 4464 quod
2299 4404 2443 4465 patet
2474 4405 2658 4450 contra
2692 4405 2742 4450 te
2771 4396 3042 4451 claudere.
3074 4397 3209 4452 Ecce
3239 4395 3582 4466 indulgentias
3611 4397 3711 4451 da-

2122 4492 2204 4538 tor
2230 4485 2400 4554 aperit
2441 4485 2532 4539 tibi
2563 4485 2792 4546 ostium:
2821 4485 2948 4556 quid
2977 4487 3238 4544 moraris?
3266 4486 3515 4543 Gaudere
3541 4487 3718 4543 debe-

2120 4591 2228 4642 res,
2261 4577 2304 4632 si
2344 4579 2576 4645 aperiret
2609 4577 2892 4647 aliquando
2917 4578 3149 4646 pulsanti
3180 4595 3194 4632 :
3235 4593 3338 4633 non
3383 4579 3627 4649 pulsasti,
3658 4589 3718 4633 ct

2119 4667 2312 4737 aperit,
2349 4677 2403 4722 et
2437 4668 2564 4724 foris
2602 4668 2884 4723 remanes?
2916 4667 2994 4722 Ne
3017 4683 3146 4738 ergo
3167 4668 3402 4724 differas.
3438 4668 3514 4723 De
3541 4668 3714 4723 mise-

2119 4762 2362 4817 ricordia:
2401 4761 2654 4832 operibus
2689 4759 2918 4831 quodam
2959 4761 3076 4816 loco
3117 4759 3389 4830 Scriptura
3426 4760 3579 4829 dicit,
3629 4759 3718 4816 Ne

2119 4852 2325 4918 dixeris,
2369 4852 2505 4907 Vade
2538 4861 2586 4905 et
2625 4861 2885 4916 revertere,
2923 4868 3036 4907 cras
3068 4868 3161 4922 ego
3200 4851 3367 4917 dabo;
3404 4869 3518 4906 cuni
3545 4854 3717 4922 possis

2119 4944 2354 4998 continuo
2395 4944 2516 4996 bene
2559 4946 2725 5014 facere
2770 4941 2948 5014 (Prov.
2995 4959 3074 5009 ιιι,
3113 4941 3202 5014 28)
3231 4961 3244 4997 :
3277 4960 3384 5000 non
3419 4945 3563 5000 enim
3605 4945 3716 5000 scis

2117 5033 2243 5104 quid
2282 5033 2554 5103 contingat
2580 5034 2820 5102 sequenti
2851 5031 2960 5087 die.
3001 5033 3206 5088 Audisti
3245 5044 3575 5104 praeceptum
3604 5052 3717 5090 non

2116 5122 2397 5178 differendi
2426 5133 2481 5176 ut
2509 5121 2562 5176 in
2601 5122 2763 5176 alium
2791 5123 2866 5176 sis
2895 5123 3221 5187 misericors,
3251 5132 3306 5179 et
3326 5123 3626 5180 differendo
3658 5127 3714 5179 in

2118 5223 2171 5268 te
2195 5228 2254 5268 es
2287 5213 2560 5268 crudelis?
2600 5213 2714 5268 Non
2741 5213 2904 5268 debes
2929 5213 3143 5268 dilferre
3176 5229 3365 5282 panem
3433 5213 3723 5274 'daturus.

2118 5315 2174 5360 et
2229 5305 2414 5361 differs
2461 5304 2844 5376 indulgentiam
2897 5306 3248 5376 accepturus!
3296 5305 3352 5362 Si
3404 5307 3722 5364 miserando

2181 5485 2195 5517 ⁸
2224 5489 2327 5534 llas.
2339 5482 2438 5544 alii,
2457 5486 2512 5533 ει
2532 5478 2829 5544 hodiernus;
2864 5479 2944 5532 alii
2960 5492 3070 5531 cum
3093 5487 3192 5531 Am.
3212 5487 3263 5532 et
3285 5487 3381 5542 ΕΓ..
3403 5479 3505 5532 Erit
3523 5479 3729 5533 hodierb

2114 5557 2416 5676 "ufoaliquot
2429 5611 2559 5662 Mss,
2587 5613 2705 5676 rene
2720 5603 2920 5670 gaudes.
2941 5611 2994 5654 Et
3017 5603 3157 5665 infra,
3184 5613 3306 5671 Ergo
3320 5600 3438 5668 quid
3455 5611 3528 5656 est
3543 5603 3571 5654 .’
3595 5613 3730 5656 rene

2115 5670 2301 5738 mdes
2333 5670 2448 5731 ιιτιία
2467 5672 2797 5738 mortesm-
2910 5726 2939 5738 ..

2180 5731 2198 5761 ³
2222 5733 2294 5842 »ἐξ
2332 5726 2434 5780 vss.
2464 5726 2514 5778 At
2539 5726 2676 5790 editi,
2703 5729 2838 5793 longe
2873 5726 3007 5780 aliud
3043 5734 3127 5779 cst.
3160 5737 3325 5792 Quam,
3355 5741 3385 5779 ο
3411 5735 3562 5792 treus,
3603 5729 3729 5782 υιιιιρ

2135 5806 2171 5853 ι,
2203 5805 2229 5841 e
2286 5828 2296 5840 .
