3954 6186
257 391 370 468 ssi

256 526 490 580 alterum
525 535 628 577 non
669 514 880 584 dim-rs,
926 518 1179 573 miserere
1215 525 1266 572 et
1295 516 1485 571 anima:
1512 523 1615 570 tua:
1645 516 1857 586 placens

259 617 373 670 Deo
402 614 595 681 (Er-cli.
634 627 766 673 xxx.
795 611 909 681 ει).
945 610 1148 664 Eshibe
1183 618 1238 664 et
1270 609 1462 662 anim-.e
1493 617 1595 661 tua:
1623 608 1859 662 eleerno—

253 721 467 777 synznn.
498 703 614 758 Non
635 703 865 757 dicimus
893 708 954 756 ut
974 709 1028 755 tu
1053 699 1100 755 ei
1125 699 1243 768 des,
1271 699 1366 755 sed
1394 714 1462 754 ne
1487 698 1714 770 repellas
1743 713 1857 751 rna-

256 811 384 850 uurn
413 795 616 848 daulis.

328 886 569 942 CAPUT
599 886 668 941 X.
694 915 768 926 —
800 884 884 939 12.
920 882 1208 939 Parentium
1226 883 1518 946 amicitiam,
1551 899 1663 936 cum
1700 880 1856 936 saluti

255 979 428 1045 obest,
467 977 888 1033 contemnendam
933 975 1075 1029 docet
1129 974 1377 1029 Christus.
1421 973 1524 1029 Sed
1571 973 1856 1043 aliquando

257 1071 513 1126 homines
540 1069 664 1126 inde
691 1069 789 1122 sibi
820 1069 1105 1138 plurimum
1136 1076 1350 1134 nocent,
1379 1082 1498 1122 cum
1528 1067 1660 1119 alios
1686 1064 1855 1120 oIl‘en-

255 1165 386 1220 dere
420 1164 632 1220 timent.
662 1163 882 1218 Mullum
911 1163 1091 1218 valent
1118 1169 1173 1217 et
1200 1161 1324 1217 boni
1354 1162 1509 1217 amici
1537 1160 1604 1216 ad
1633 1161 1850 1224 bonum,

253 1268 307 1312 et
337 1258 466 1312 mali
495 1257 652 1312 amici
682 1255 747 1310 ad
779 1256 999 1310 malum.
1024 1255 1149 1311 Ideo
1175 1256 1455 1323 Dominus,
1476 1267 1532 1310 ut
1559 1271 1654 1325 pro
1683 1255 1852 1309 salute

253 1359 448 1405 nostra
517 1349 809 1420 potentirrm
876 1347 1135 1403 amicitias
1186 1355 1625 1412 contemnamus,
1685 1344 1856 1399 nolrrit

253 1442 415 1511 prius
447 1442 641 1511 eligere
669 1448 966 1503 senatores,
998 1438 1090 1493 sed
1122 1437 1431 1508 piscatores.
1464 1436 1648 1506 Magna
1681 1432 1851 1488 artill-

251 1533 335 1588 cis
362 1530 732 1587 miscricordia
756 1532 796 1586 ¹.
821 1529 1036 1585 Sciebat
1061 1529 1205 1584 enim
1233 1529 1356 1600 quia
1385 1529 1429 1583 si
1456 1527 1673 1598 eligeret
1700 1541 1854 1580 sena-

257 1634 467 1690 torem,
505 1623 704 1678 diceret
745 1630 962 1676 senator
993 1639 1005 1674 :
1035 1620 1274 1690 Dignitas
1311 1635 1427 1674 mea
1464 1619 1629 1673 electa
1659 1627 1759 1672 est.
1797 1617 1852 1671 Si

257 1717 415 1786 prius
443 1715 668 1785 eligeret
693 1712 933 1778 divitem,
963 1711 1165 1766 diceret
1189 1710 1336 1765 dives
1370 1727 1383 1764 :
1419 1707 1693 1778 Opulentia
1733 1723 1852 1762 mea

252 1807 431 1861 electa
480 1813 582 1859 est.
638 1803 694 1859 Si
745 1804 890 1873 prirrs
932 1801 1154 1872 eligeret
1201 1801 1605 1869 imperatorem,
1653 1798 1854 1852 diceret

253 1899 560 1968 imperator
589 1913 602 1950 :
631 1896 874 1951 Potestas
904 1910 1020 1950 mea
1047 1893 1215 1949 electa
1247 1902 1348 1947 est.
1377 1891 1432 1948 Si
1461 1892 1604 1961 prius
1633 1891 1854 1960 eligeret

250 1999 554 2054 oratorem,
601 1987 801 2042 diceret
851 1995 1034 2040 orator
1086 2001 1099 2037 :
1151 1983 1466 2053 Eloquentia
1520 1997 1632 2036 mea
1683 1981 1850 2035 electa

253 2091 362 2136 est.
419 2081 478 2136 Si
527 2080 740 2150 eligeret
790 2077 1186 2148 philosophum,
1227 2075 1428 2130 diceret
1459 2075 1848 2145 philosophus:

255 2173 539 2244 Sapientia
583 2187 700 2226 mea
727 2171 895 2226 electa
921 2178 1022 2224 est.
1056 2168 1294 2235 Interim,
1323 2167 1510 2237 inquit,
1539 2166 1853 2220 dill'erantur

174 2308 182 2317 .
254 2266 479 2337 superbi
535 2264 620 2319 isti
645 2260 672 2329 ,'
715 2262 941 2318 multum
997 2269 1223 2316 tument.
1271 2259 1444 2314 Distat
1489 2268 1663 2313 autem
1716 2258 1854 2311 inter

255 2357 689 2430 magnitudinem
732 2365 786 2411 et
829 2363 1089 2410 tumorem
1126 2371 1138 2406 :
1173 2363 1456 2422 utrumque
1499 2349 1698 2420 grande
1731 2357 1851 2415 est;

257 2451 356 2507 sed
394 2466 502 2505 non
547 2459 828 2518 utrumque
868 2461 1055 2501 sanum
1103 2459 1204 2500 est.
1239 2443 1558 2497 DiITeramnr
1581 2456 1728 2511 ergo,
1771 2441 1852 2494 irr-

254 2542 401 2616 quit,
441 2541 529 2595 isti
559 2538 798 2608 superbi,
830 2537 1005 2607 aliqua
1035 2535 1300 2590 soliditate
1337 2533 1559 2589 sanandi
1586 2541 1727 2588 sunt.
1779 2532 1852 2586 Da

256 2633 421 2700 mihi,
453 2631 647 2702 inquit,
683 2630 829 2701 prius
869 2629 1028 2684 istum
1062 2628 1396 2698 piscatorem.
1437 2626 1567 2680 Veni
1614 2634 1689 2693 ιιι,
1724 2639 1854 2695 pau-

253 2740 382 2798 per,
413 2737 646 2797 sequere
691 2737 812 2787 me;
861 2720 993 2776 nihil
1036 2719 1220 2783 habes,
1266 2717 1398 2772 nihil
1435 2717 1598 2783 nosti,
1630 2731 1854 2786 sequere

252 2830 371 2874 me.
410 2812 576 2871 ldiola
619 2826 839 2882 pauper,
883 2825 1106 2879 sequere
1133 2824 1236 2864 me.
1278 2807 1394 2862 Non
1425 2816 1506 2862 est
1535 2807 1673 2877 quod
1720 2807 1770 2860 in
1804 2815 1854 2861 te

254 2911 677 2978 expavescatur,
724 2901 819 2956 sed
848 2901 1069 2954 multrrm
1099 2907 1183 2954 est
1207 2897 1348 2969 quod
1379 2897 1431 2952 in
1473 2906 1523 2952 te
1553 2897 1851 2967 impleatur.

253 2999 397 3053 Tum
427 2997 576 3066 largo
609 2993 738 3048 lonti
768 3009 859 3047 vas
900 2993 1056 3048 inane
1080 2990 1464 3046 admovendum
1494 2998 1592 3044 est.
1648 2989 1856 3042 Dimisit

254 3090 397 3145 retia
431 3090 683 3158 piscator,
713 3087 916 3154 accepit
945 3085 1167 3154 gratiam
1196 3092 1464 3152 peccator,
1488 3089 1542 3136 et
1571 3078 1739 3135 factus
1772 3091 1855 3134 est

257 3181 478 3235 divinus
503 3187 704 3232 orator.
736 3176 871 3230 Ecce
893 3173 1024 3244 'quid
1053 3173 1181 3230 fecit
1206 3172 1482 3237 Dominus,
1510 3171 1576 3226 de
1601 3185 1707 3241 quo
1728 3171 1855 3226 dicit

261 3268 558 3341 Apostolus
594 3285 606 3320 :
640 3265 857 3334 Inﬁrnra
895 3264 1070 3318 mundi
1105 3263 1249 3333 elegit
1294 3260 1450 3327 Deus,
1484 3270 1540 3314 ut
1578 3262 1855 3331 confundat

257 3361 463 3433 fortia;
506 3367 552 3412 et
590 3356 832 3428 ignobilia
860 3355 1035 3410 mundi
1074 3354 1223 3423 elegit
1255 3352 1409 3419 Deus,
1439 3361 1485 3406 et
1514 3368 1572 3406 ea
1605 3367 1718 3423 qua:
1753 3368 1855 3405 non

257 3463 382 3508 sunt
426 3462 668 3518 tanquam
711 3464 825 3521 qua:
866 3449 988 3513 sint,
1041 3459 1096 3499 ut
1137 3461 1196 3499 ea
1241 3460 1354 3514 qua:
1397 3454 1515 3498 sunt
1557 3453 1857 3497 evocarentur

260 3545 312 3618 (Ι
354 3543 476 3598 Cor.
505 3559 556 3608 ι,
594 3542 662 3596 27
696 3549 742 3594 et
767 3539 901 3608 28).
937 3538 1173 3607 Derriqne
1219 3537 1465 3606 leguntur
1495 3535 1653 3589 modo
1696 3534 1854 3589 verba

261 3639 617 3708 piseatorum,
665 3645 717 3690 et
760 3633 897 3688 colla
927 3631 1224 3686 subduntur
1251 3638 1543 3682 oratorum.
1577 3627 1855 3682 Tollantur

259 3743 393 3799 ergo
423 3727 492 3783 de
523 3725 700 3780 medio
749 3723 933 3778 inanes
962 3721 1144 3786 venti;
1195 3719 1412 3774 tollatur
1449 3718 1515 3772 de
1562 3715 1737 3772 medio
1770 3715 1856 3771 fu—

262 3837 408 3891 mus,
455 3819 547 3891 qui
593 3815 884 3874 crescendo
930 3813 1236 3878 evanescit;
1279 3823 1502 3883 prorsus
1546 3823 1642 3879 pro
1687 3808 1857 3864 salute

262 3916 365 3971 ista
393 3919 826 3969 contemnantur.

338 4009 427 4066 15.
455 4005 658 4062 Christo
698 4003 890 4057 medico
924 3998 1275 4064 obediendum,
1315 3994 1612 4066 contemptis
1641 3993 1857 4064 potenti-

265 4102 359 4156 bus
401 4100 491 4172 qui
539 4098 586 4153 ei
635 4096 980 4150 adversantur.
1035 4092 1090 4147 Si
1135 4091 1410 4161 quisquam
1441 4102 1664 4158 corpore
1690 4101 1857 4156 mgro—

267 4202 410 4248 taret
461 4185 513 4245 in
566 4189 812 4252 civitate,
863 4196 915 4240 et
959 4190 1103 4239 esset
1151 4182 1220 4236 ibi
1274 4179 1465 4250 aliquis
1508 4177 1858 4248 peritissimus

265 4286 532 4348 medicus,
565 4281 755 4338 amicis
778 4279 962 4350 aegroti
992 4275 1296 4351 potentibus
1325 4271 1570 4327 inimicus
1601 4287 1612 4322 :
1645 4269 1688 4322 si
1715 4268 1859 4338 quis-

266 4393 429 4449 quam
475 4389 606 4444 ergo
654 4373 707 4426 in
736 4371 948 4426 civitate
985 4367 1163 4436 aliquo
1193 4363 1492 4435 periculoso
1522 4359 1712 4414 morbo
1741 4372 1860 4412 cor-

267 4467 420 4539 poris
460 4471 766 4534 regrotaret,
795 4469 847 4516 et
886 4466 1029 4514 esset
1059 4459 1109 4511 iu
1151 4455 1336 4511 eadem
1364 4453 1577 4508 civitate
1605 4449 1861 4518 peritissi-

273 4537 394 4618 mus
422 4553 686 4620 medicus,
729 4550 933 4615 amicis,
965 4555 1024 4605 ut
1059 4543 1190 4611 dixi,
1220 4541 1527 4613 aegrotantis
1558 4537 1860 4610 potentibus

271 4646 543 4711 inimicus,
574 4643 662 4713 qui
690 4641 932 4698 dicerent
956 4639 1129 4694 amico
1155 4651 1272 4702 suo,
1297 4634 1415 4689 Noli
1439 4649 1561 4688 eum
1583 4631 1856 4699 adhibere,

272 4737 404 4799 nihil
448 4734 597 4792 novit
633 4749 646 4787 :
688 4729 927 4786 dicerent
968 4735 1168 4812 autem,
1211 4739 1315 4779 non
1350 4723 1618 4793 jrrdicante
1657 4721 1856 4786 animo,

269 4829 363 4885 sed
393 4826 666 4886 invidente
699 4843 713 4879 :
742 4837 920 4878 nonne
963 4821 1049 4876 ille
1099 4833 1196 4889 pro
1226 4818 1400 4872 salute
1438 4830 1532 4870 sua
1562 4820 1862 4868 removeret

269 4922 568 4976 amicorum
616 4916 909 4989 potentirrm
964 4912 1207 4978 fabulas,
1255 4917 1390 4963 etut
1450 4905 1629 4976 paucis
1673 4903 1861 4960 diebus

275 5014 393 5085 plus
421 5011 643 5076 viveret,
691 5024 811 5063 cum
849 5005 1058 5060 illorum
1106 5000 1342 5073 qualibet
1387 4996 1701 5061 otlensione,
1744 4996 1860 5065 pel-

273 5104 434 5160 lendo
482 5103 564 5158 sui
616 5099 860 5170 corporis
908 5095 1096 5152 morbo
1150 5091 1412 5148 medicrrm
1468 5088 1651 5153 Illum,
1703 5095 1862 5157 quem

276 5195 656 5267 peritissimum
688 5190 823 5245 fama
854 5184 1340 5246 commendaverat,
1371 5175 1688 5234 adhiberet?

351 5284 583 5342 CAPUT
630 5282 722 5340 XI.
761 5310 832 5322 ——
872 5278 1122 5350 Egrotat
1166 5273 1454 5328 humanum
1505 5281 1709 5339 genus,
1759 5280 1862 5320 non

279 5377 485 5433 morbis
515 5374 778 5444 corporis,
810 5370 903 5426 sed
937 5366 1186 5440 peccatis.
1216 5363 1364 5418 Jacet
1394 5369 1504 5416 toto
1531 5357 1662 5412 orbe
1692 5365 1864 5410 terra-

281 5487 402 5528 rum
430 5466 499 5524 ab
518 5469 728 5525 oriente
753 5478 920 5534 usqrre
947 5462 1001 5517 in
1025 5457 1350 5515 occidentem
1376 5450 1590 5525 grandis
1614 5459 1864 5520 :rgrotus.

284 5563 364 5620 Ad
393 5557 689 5618 sanandum
736 5555 992 5628 grandem
1037 5557 1292 5621 aegrotum
1323 5541 1598 5600 descendit
1627 5539 1870 5609 omnipo—

288 5664 406 5712 tens
430 5653 690 5710 medicus.
726 5645 1032 5706 Hnmiliavit
1071 5657 1129 5698 sc
1154 5655 1320 5711 usque
1347 5637 1411 5692 ad
1449 5632 1722 5690 mortalem
1751 5645 1870 5684 car-

289 5763 433 5812 ncm,
461 5754 713 5814 tanquam
739 5754 910 5811 usque
937 5737 1004 5794 ad
1032 5735 1224 5792 lectum
1252 5727 1574 5800 :egrotantis.
1608 5725 1701 5780 Dat
1733 5723 1872 5778 salu—

351 5856 608 5913 ⁸ιιθιιιιιιιιί
631 5864 753 5915 3:55.,
781 5861 949 5916 Magna
972 5862 1052 5899 ars
1073 5840 1434 5898 misericordia.

1594 400 1822 459 SEllilO
1861 400 2168 458 LXXXVII.

3445 406 3554 462 558

1973 516 2042 571 tis
2071 525 2358 586 praecepta,
2390 517 2747 572 contemnitur
2779 532 2817 572 :'
2843 518 2930 588 qui
2960 518 3200 585 audiunt,
3229 519 3546 574 liberantur.

1964 607 2359 674 Coutemnitur,
2387 621 2506 661 cum
2537 606 2721 662 dicunt
2744 608 2898 662 amici
2921 617 3187 678 potentes,
3211 607 3350 662 Nihil
3378 610 3547 664 novit.

1963 701 2018 754 Si
2049 699 2178 754 nihil
2228 710 2428 763 nosset,
2462 701 2694 769 potentia
2742 700 2858 770 ejus
2903 699 3088 771 g'entes
3140 717 3244 756 non
3277 701 3546 772 impleret.

1963 792 2018 849 Si
2051 793 2183 848 nihil
2230 803 2432 856 nosset,
2460 808 2566 847 non
2592 803 2734 846 esset
2769 803 3050 861 antequam
3090 793 3228 862 apud
3256 809 3353 847 nos
3381 809 3545 849 esset.

1962 884 2017 940 Si
2060 885 2192 939 nihil
2239 893 2439 950 nosset,
2486 883 2780 954 Pr0phetas
2821 894 2944 938 ante
2985 899 3044 938 se
3085 901 3189 940 non
3237 888 3544 940 mitteret‘.

1961 977 2147 1032 Nonne
2192 976 2350 1033 modo
2403 979 2694 1048 implentur
2738 993 2856 1047 qua:
2909 987 3034 1032 ante
3079 978 3329 1047 praedicta
3375 979 3550 1033 sunt?

1960 1067 2150 1123 Nonne
2175 1068 2364 1139 probat
2400 1068 2638 1122 medicus
2679 1068 2780 1122 iste
2803 1068 2932 1122 artis
2959 1084 3068 1122 suae
3099 1070 3388 1138 potentiam
3418 1086 3546 1139 pro-

1953 1158 2121 1213 missa
2166 1160 2525 1230 cornplendo?
2569 1159 2755 1213 Nonne
2801 1175 2894 1229 per
2939 1168 3105 1213 totum
3137 1161 3394 1214 mundum
3423 1176 3538 1230 per-

1959 1251 2149 1306 niciosi
2168 1261 2478 1306 evertuntur
2505 1267 2734 1316 errores,
2760 1261 2814 1307 et
2841 1253 3027 1306 tritura
3055 1253 3235 1306 mundi
3258 1253 3546 1306 domantur

1958 1343 2314 1412 cupiditates?
2355 1343 2522 1398 Nemo
2564 1343 2725 1404 dicat.
2757 1346 2923 1398 Antea
2950 1344 3141 1397 melior
3163 1352 3277 1398 erat
3317 1343 3548 1398 mundus

1959 1448 2116 1504 quam
2143 1433 2303 1488 modo
2330 1451 2343 1486 :
2385 1450 2451 1488 ex
2481 1449 2586 1504 quo
2611 1433 2769 1504 erepit
2799 1434 2897 1488 iste
2925 1434 3158 1489 medicus
3185 1442 3355 1488 artem
3383 1449 3543 1488 suam

1960 1541 2235 1592 exercere,
2270 1528 2435 1580 mrrlta
2477 1527 2562 1581 hic
2589 1527 2833 1582 videmus
2865 1526 3152 1581 horrenda.
3183 1525 3300 1580 Noli
3339 1526 3542 1580 mirari.

1960 1621 2261 1690 Antequam
2301 1620 2492 1689 aliquis
2520 1627 2818 1682 curaretur,
2852 1619 3048 1672 mrrnda
3087 1635 3116 1671 a
3146 1618 3402 1688 sanguine
3430 1626 3544 1671 sta-

1962 1714 2036 1768 tio
2065 1713 2258 1769 medici
2289 1713 2570 1767 videbatur
2598 1731 2610 1765 :
2654 1713 2761 1767 imo
2782 1712 2895 1781 jam
2930 1721 2981 1766 tu
3015 1711 3115 1765 hoc
3143 1710 3330 1764 videns
3355 1719 3547 1764 excute

1959 1817 2123 1858 vanas
2149 1803 2390 1868 delicias,
2420 1802 2539 1856 veni
2584 1802 2648 1856 ad
2695 1803 3000 1867 medicum;
3050 1800 3291 1856 sanitatis
3335 1808 3546 1868 tempus

1957 1905 2058 1962 est,
2091 1911 2194 1950 non
2221 1895 2525 1964 voluptatis.

2030 1989 2116 2044 M.
2157 1987 2477 2054 Plrrenetici,
2530 1986 2835 2058 Letlrargici.
2889 1985 3154 2040 Curemur
3212 1999 3377 2053 ergo,
3431 1981 3543 2037 I'ra-

1961 2089 2088 2136 tres.
2120 2078 2175 2135 Si
2209 2080 2432 2135 necdum
2465 2079 2730 2134 medicum
2758 2077 3095 2146 agnoscimus
3118 2078 3162 2141 ’,
3194 2090 3298 2129 non
3339 2075 3388 2128 iu
3420 2088 3544 2128 eum

1961 2181 2212 2240 tanquam
2244 2170 2544 2241 phrenetici
2595 2170 2896 2234 smviamus,
2943 2183 3049 2220 non
3091 2167 3159 2220 ab
3198 2181 3262 2220 eo
3293 2173 3541 2234 tanquam

1959 2263 2237 2333 letlrargici
2281 2272 2605 2317 avertamur.
2653 2259 2797 2314 Multi
2847 2259 2988 2313 enim
3038 2255 3339 2321 saeviendo,
3391 2255 3544 2308 mulli

1960 2356 2275 2412 dormiendo
2305 2357 2595 2426 perierunt.
2632 2351 2939 2408 Phreuetici
2984 2360 3126 2412 sunt,
3157 2349 3246 2420 qui
3287 2363 3389 2402 non
3419 2347 3546 2401 dor-

1960 2447 2177 2503 mienda
2207 2448 2496 2501 insaniunt.
2524 2443 2825 2513 Lelhargici
2857 2451 3001 2505 sunt,
3033 2440 3124 2511 qui
3159 2439 3383 2494 nmltnm
3417 2438 3544 2493 dor-

1959 2539 2174 2596 miendo
2223 2531 2558 2610 premuntur.
2623 2538 2850 2592 Prorsus
2911 2536 3045 2591 tales
3089 2542 3214 2589 sunt
3278 2532 3543 2586 homines.

1959 2631 2154 2687 Contra
2183 2630 2340 2684 istum
2387 2628 2649 2684 medicum
2691 2626 2780 2680 alii
2831 2626 3022 2680 saevire
3069 2625 3118 2677 in
3165 2639 3286 2678 eum
3317 2623 3542 2687 volunt;

1959 2730 2013 2777 et
2060 2721 2310 2791 quoniam
2354 2718 2468 2789 ipse
2511 2718 2621 2788 jam
2669 2718 2721 2771 in
2768 2717 2906 2772 coelo
2948 2715 3119 2782 sedet,
3149 2713 3386 2768 membra
3429 2713 3546 2782 ejus

1960 2811 2145 2867 Iideles
2194 2812 2418 2866 interra
2463 2820 2871 2882 persequuntur.
2904 2807 3067 2864 Curat
3106 2816 3160 2862 et
3203 2807 3354 2862 tales.
3396 2805 3544 2859 Multi

1959 2921 2024 2960 ex
2052 2904 2132 2960 eis
2169 2903 2411 2958 conversi
2453 2919 2517 2958 ex
2555 2902 2785 2956 inimicis
2825 2899 2943 2954 facti
2974 2908 3097 2954 srrnt
3124 2898 3300 2963 amici,
3329 2912 3393 2952 ex
3425 2911 3546 2965 per-

1947 2997 2294 3052 secutoribus
2321 2994 2439 3050 lacti
2467 3004 2590 3048 sunt
2610 2992 3009 3065 praedicatores.
3033 2989 3190 3045 Tales
3216 2989 3373 3043 etiam
3402 2988 3546 3056 ipsos

1959 3088 2196 3152 Judmos,
2225 3088 2276 3140 in
2306 3101 2364 3142 se
2401 3086 2596 3156 ipsum,
2622 3100 2743 3140 cum
2779 3084 2866 3138 hic
2902 3090 3063 3143 esset,
3099 3081 3400 3147 szevientrs,
3431 3088 3549 3132 tarr-

1959 3197 2116 3252 quam
2146 3180 2484 3251 phrcneticos
2521 3177 2745 3240 sanavit,
2778 3192 2873 3246 pro
2917 3175 3109 3244 quibus
3149 3173 3201 3227 in
3232 3171 3377 3241 ligno
3415 3187 3547 3242 pen-

1960 3272 2093 3328 dens
2143 3272 2333 3326 oravit.
2370 3271 2513 3326 Dixit
2555 3270 2697 3325 enim
2731 3288 2744 3323 2
2795 3267 2967 3334 Pater,
3018 3268 3222 3337 ignosce
3265 3265 3389 3329 illis,
3428 3266 3546 3334 quia

1961 3367 2188 3422 nesciunt
2231 3365 2354 3438 quid
2404 3363 2595 3434 faciunt
2645 3361 2795 3432 (Luc.
2829 3375 2982 3424 χχιιι,
3011 3360 3125 3427 54).
3174 3357 3319 3412 Multi
3368 3367 3545 3410 tamen

1959 3471 2165 3521 eorum,
2209 3455 2392 3509 sedato
2433 3453 2632 3519 furore,
2685 3461 2931 3519 tauquam
2977 3449 3226 3518 phrenesi
3267 3461 3542 3516 oppressa,

1961 3554 2325 3616 engrroverunt
2381 3544 2588 3604 Deum,
2646 3549 3010 3611 cognoverunt
3060 3538 3352 3592 Christum.
3419 3535 3546 3589 Post

1961 3637 2326 3691 ascensionem
2358 3635 2521 3687 misso
2548 3632 2745 3701 Spiritu
2787 3636 2990 3693 sancto,
3021 3626 3266 3682 conversi
3315 3634 3439 3680 sunt
3477 3624 3544 3677 ad

1961 3742 2080 3783 eum
2115 3741 2271 3795 quem
2303 3724 2697 3788 crrrciIixerunl,
2731 3733 2782 3775 et
2811 3720 2862 3774 in
2891 3720 3237 3774 Sacramenta
3264 3715 3546 3770 credentes

1963 3820 2274 3889 sanguinem
2321 3817 2436 3886 ejus
2465 3814 2734 3881 biberunt,
2768 3827 2926 3881 quem
2965 3809 3235 3865 stevicndo
3276 3808 3546 3862 fuderunt.

2032 3911 2258 3967 CAPUT
2305 3909 2422 3964 XII.
2473 3939 2542 3948 —
2588 3908 2674 3962 15.
2709 3905 2996 3961 Conclusio.
3054 3903 3320 3957 Habemus
3363 3916 3547 3960 exem-

1964 4007 2070 4078 pla.
2117 4003 2545 4074 Persequebatur
2596 3999 2834 4055 membra
2880 3998 2996 4066 ejus
3049 3997 3158 4065 jam
3217 3994 3452 4049 sedentis
3494 3993 3545 4046 in

1963 4100 2100 4155 coelo
2137 4097 2327 4154 Saulus
2372 4115 2384 4150 :
2433 4093 2849 4166 persequebatur
2894 4090 3128 4160 graviter
3173 4087 3224 4141 in
3276 4086 3546 4156 phrenesi,

1963 4198 2145 4244 mente
2187 4188 2427 4258 perdita,
2476 4187 2661 4240 morbo
2707 4181 2890 4238 nimie.
2923 4182 2992 4235 At
3034 4181 3123 4234 ille
3163 4194 3266 4232 una
3305 4192 3435 4232 voce
3481 4177 3548 4230 de

1965 4280 2102 4336 caelo
2139 4279 2376 4333 clamans
2410 4279 2482 4341 ei,
2525 4275 2703 4338 Sarrle,
2735 4272 2912 4336 Saule,
2943 4270 3065 4338 quid
3091 4287 3169 4324 me
3193 4268 3550 4340 persequeris?

1965 4369 2228 4444 percussit
2248 4369 2636 4440 phreneticrrm,
2657 4365 2828 4421 erexit
2842 4379 3052 4429 sanum;
3077 4361 3272 4418 occidit
3294 4374 3550 4431 persecu-

1967 4479 2158 4531 torem,
2190 4464 2472 4520 vivificavit
2499 4460 2902 4530 prredicatorem
2937 4456 3078 4528 (Act.
3123 4471 3199 4518 ιιι.
3245 4455 3327 4522 4).
3371 4453 3541 4508 Etiam

1969 4557 2240 4625 lethargiei
2279 4553 2430 4609 multi
2475 4534 2751 4606 sanantur.
2800 4547 2932 4618 Ipsis
2973 4546 3116 4601 enim
3161 4545 3364 4600 similes
3407 4552 3550 4608 sunt,

1967 4650 2058 4721 qni
2084 4663 2188 4702 non
2231 4645 2458 4700 smviunt
2498 4643 2551 4698 in
2577 4641 2875 4705 Christum,
2904 4653 3004 4693 nec
3030 4637 3277 4692 malitiosi
3304 4643 3429 4690 srrrrt
3455 4633 3552 4687 ad-

1966 4721 2152 4795 versus
2177 4737 2508 4793 Christianos
2533 4733 2590 4798 ³;
2632 4731 2724 4786 sed
2769 4737 2970 4784 tantum
3013 4726 3306 4783 diIl‘erendo
3337 4726 3556 4795 langue-

1967 4838 2125 4886 scunt
2151 4828 2330 4883 verbis
2352 4822 2725 4889 somnolentis,
2758 4821 2811 4874 in
2852 4821 3022 4874 lucem
3051 4819 3236 4873 oculos
3263 4816 3554 4872 extendere

1969 4923 2294 4993 pigrescurrt,
2325 4923 2376 4970 et
2422 4913 2509 4983 qui
2549 4927 2644 4967 eos
2671 4911 2906 4965 excitare
2926 4910 3130 4973 volunt,
3170 4905 3382 4961 molesti
3406 4916 3550 4959 sunt.

1971 5008 2182 5066 Recede
2225 5022 2253 5060 a
2295 5019 2402 5071 me,
2436 5002 2606 5071 inquit
2635 4999 2914 5069 languidus
2954 4999 3300 5067 lethargicus,
3331 4997 3556 5051 obsecro

1970 5111 2046 5168 te,
2081 5099 2273 5156 recede
2300 5113 2331 5151 a
2365 5111 2473 5151 me.
2496 5093 2715 5162 Quare?
2755 5093 2997 5148 Dormire
3033 5093 3173 5144 volo.
3215 5089 3322 5144 Sed
3364 5091 3561 5143 morie-

1974 5193 2048 5248 ris
2086 5188 2229 5245 inde.
2280 5186 2373 5241 Ille
2411 5199 2595 5240 amore
2633 5183 2839 5245 somni,
2878 5181 3010 5235 Mori
3045 5179 3202 5245 volo,
3248 5179 3554 5249 respondet.

1975 5286 2042 5341 Et
2077 5281 2309 5339 charitas
2342 5278 2592 5346 desuper,
2629 5274 2782 5329 Nolo.
2826 5273 3146 5340 Plerumque
3183 5271 3341 5324 istum
3378 5269 3558 5323 chari-

1974 5377 2099 5432 tatis
2118 5372 2364 5429 allectum
2391 5368 2608 5425 exhibet
2637 5367 2776 5421 lilirts
2805 5367 2964 5421 etiam
2993 5363 3125 5433 patri
3152 5364 3266 5417 seni
3297 5361 3560 5415 morituro

1931 5525 1939 5528 _
1977 5477 2098 5542 post
2121 5479 2317 5538 paucos
2345 5462 2480 5528 dies,
2502 5460 2612 5531 jam
2641 5459 2820 5528 utique
2846 5466 3000 5512 aetate
3025 5454 3192 5508 ﬁnita.
3216 5453 3270 5508 Si
3312 5451 3562 5522 lethargi-

2043 5583 2056 5613 ³
2081 5581 2155 5630 sic
2173 5576 2404 5629 meliores
2423 5581 2531 5624 Mss.
2565 5580 2620 5622 Αι
2642 5570 2778 5628 editi,
2802 5568 2850 5618 si
2879 5566 2999 5618 nihil
3036 5570 3174 5624 esset,
3190 5577 3293 5630 non
3313 5569 3434 5614 esset
3453 5569 3566 5615 astte

1978 5627 2274 5709 qnam—inpari
2291 5651 2374 5709 nos
2393 5641 2530 5707 esset.
2555 5631 2813 5709 Prpplrems
2826 5636 3004 5709 alue-.819
3025 5640 3117 5709 non
3133 5627 3354 5678 mitteret.

2043 5708 2062 5736 ³
2087 5696 2274 5768 Aliquot
2289 5707 2417 5768 mss,
2432 5696 2732 5768 sinrrredicum
2753 5696 3067 5768 agnoscimus:

2045 5768 2064 5796 ³
2085 5747 2436 5830 iii'iiffririsamh
2461 5759 2612 5817 libris,
2638 5769 2722 5806 nec
2749 5747 2928 5806 molesti
2963 5757 3067 5802 sunt
3091 5750 3322 5803 adversus
3336 5747 3563 5800 Christia—

1980 5841 2080 5878 1106.
