3922 6192
474 390 582 448 ’559

476 521 598 562 cum
630 503 795 570 videt,
822 509 879 557 et
915 497 1207 568 letbargico
1245 493 1432 550 morbo
1466 491 1632 563 premi
1658 506 1810 546 suum
1847 497 2049 559 patrem

477 615 506 651 τι
534 596 744 652 medico
768 591 1029 663 agnoscit,
1056 588 1266 646 dicente
1290 586 1412 652 sibi,
1443 584 1622 640 Excita
1650 588 1854 653 patrem
1882 589 2051 647 tuum,

477 688 585 741 nuli
627 699 748 740 eum
780 679 1376 752 permitteredormire,
1404 676 1450 731 si
1480 675 1559 730 vis
1595 683 1652 729 ut
1676 673 1817 727 vivat
1850 691 1865 727 :
1904 671 2054 728 adest

452 778 611 847 'puer
650 774 787 839 seni,
824 773 1020 843 pulsat,
1055 770 1287 834 vellicat,
1326 767 1527 839 pungit,
1559 765 1755 836 pietate
1795 763 2053 818 molestus

473 875 555 921 est
582 884 598 922 :
626 880 723 921 nec
747 866 883 920 mori
923 865 1031 919 cito
1065 862 1324 934 permittit
1355 861 1468 933 ipsa
1502 866 1776 915 senectute
1803 855 1910 914 cito
1938 870 2055 911 mo-

472 960 731 1020 riturum;
774 966 828 1013 et
855 958 899 1012 si
926 954 1348 1026 vixerit,gaudet
1372 952 1532 1019 ﬁlius,
1565 960 1622 1007 ut
1642 951 1913 1020 aliquanto
1938 947 2052 1018 plu-

477 1065 567 1104 res
590 1049 705 1103 dies
746 1049 886 1103 vivat
915 1063 1035 1103 cum
1073 1046 1363 1102 decessuro
1395 1054 1738 1098 successurus
1764 1042 1803 1092 ⁸.
1843 1039 2052 1107 Quanto

473 1140 678 1210 majore
718 1140 979 1194 charitate
1009 1153 1107 1193 nos
1133 1138 1321 1192 amicis
1347 1136 1545 1190 nostris
1583 1133 1789 1190 molesti
1818 1146 1937 1187 esse
1959 1130 2054 1187 de.

473 1231 680 1296 bemus,
721 1244 842 1284 cum
875 1231 1066 1299 quibus
1090 1243 1194 1283 non
1223 1241 1418 1297 paucos
1452 1226 1505 1280 iu
1545 1224 1648 1280 hoc
1678 1222 1877 1278 mundo
1911 1221 2048 1289 dies,

460 1321 566 1376 sed
605 1322 743 1391 apml
766 1321 932 1377 Deum
974 1322 1026 1375 in
1066 1328 1322 1375 teternum
1363 1314 1644 1371 vivamus?
1689 1315 1884 1370 Ament
1922 1325 2050 1381 ergo

470 1427 587 1475 nos,
618 1419 672 1468 et
696 1413 893 1468 faciant
917 1411 1056 1483 quod
1090 1411 1310 1465 audiunt
1336 1424 1430 1479 per
1458 1421 1577 1470 nos,
1601 1415 1657 1460 et
1694 1404 1874 1460 colant
1891 1417 2049 1472 quem

469 1505 694 1558 colimus
722 1513 775 1558 et
809 1519 926 1570 nos,
966 1512 1023 1557 ut
1061 1502 1318 1571 recipiant
1352 1498 1495 1571 quod
1524 1510 1804 1569 speramus
1841 1504 1897 1551 et
1930 1508 2047 1549 nos.

469 1595 721 1650 Conversi
749 1593 815 1648 ad
845 1594 1147 1658 Dominmn,
1189 1602 1295 1647 etc.

890 1728 1122 1785 SERth
1162 1726 1471 1784 LXXXVI"
1503 1731 1522 1750 ‘
1562 1724 1659 1796 (a).

473 1840 549 1894 De
602 1841 759 1895 verbis
812 1840 1075 1909 Evangelii
1130 1838 1384 1902 Matthwi,
1433 1836 1517 1890 ubi
1560 1836 1624 1889 de
1665 1834 1862 1888 duobus
1904 1832 2048 1887 caecis

541 1931 826 1984 sedentibus
852 1946 993 1983 secus
1019 1930 1167 1993 viam,
1192 1937 1241 1984 et
1267 1924 1619 1991 clamantibus,
1644 1924 1867 1979 Domine
1888 1923 2050 1977 mise-

538 2037 658 2076 rere
685 2021 873 2084 nostri,
908 2020 982 2075 lili
1011 2018 1175 2074 David
1206 2018 1303 2092 (ὁ).
1336 2016 1465 2085 Cap.
1495 2033 1602 2081 xx,
1651 2016 1686 2087 ᾖ
1711 2055 1725 2068 .
1748 2013 1937 2071 50-58.

536 2130 763 2187 CAPUT
792 2128 1079 2185 PRIMUM.
1099 2158 1172 2171 --
1224 2129 1278 2183 1.
1314 2127 1545 2182 Medicus
1570 2136 1755 2190 noster,
1794 2124 2045 2180 Christus.

470 2222 735 2277 Miraculis
783 2220 1127 2291 corporalibus
1163 2218 1446 2289 azdi/icabat
1489 2219 1662 2288 ﬁdem.
1693 2219 1838 2273 Bene
1870 2218 2051 2272 nobis-

465 2328 586 2369 eum
635 2313 779 2368 novit
807 2312 1073 2369 Sanctitas
1122 2322 1330 2377 vestra,
1376 2312 1656 2367 Dominum
1700 2321 1938 2366 nostrum
1994 2317 2050 2365 et

465 2408 779 2459 salvatorem
806 2403 987 2459 Jesum
1014 2401 1281 2458 Christum
1306 2401 1569 2457 medicum
1594 2416 1713 2456 esse
1742 2410 1937 2457 nostra:
1965 2415 2049 2456 sa-

467 2498 592 2551 lutis
625 2505 870 2561 aeternae;
910 2504 965 2550 et
989 2495 1058 2550 ad
1088 2494 1189 2549 hoc
1214 2509 1336 2550 eum
1362 2495 1662 2566 suscepisse
1688 2494 2047 2551 inﬁrmitatem

472 2597 672 2640 natura!
700 2595 997 2652 nostrm,ne
1025 2587 1346 2657 sempiterna
1374 2595 1514 2642 esset
1543 2587 1819 2641 inﬁrmitas
1843 2599 2044 2641 nostra.

465 2677 764 2746 Assumpsit
809 2676 949 2731 enim
996 2692 1190 2746 corpus
1233 2677 1491 2742 mortale,
1535 2678 1587 2731 in
1629 2692 1736 2748 quo
1777 2678 2050 2735 occideret

468 2776 712 2821 mortem.
740 2766 803 2820 Et
823 2768 1049 2837 quamvis
1070 2768 1340 2841 cruciﬁxus
1364 2780 1434 2825 cst
1458 2787 1522 2825 ea:
1541 2769 1830 2840 inﬁrmitate
1853 2780 2044 2838 nostra,

469 2860 606 2917 sicut
647 2858 721 2916 ait
761 2858 1082 2930 Apostolus;
1122 2862 1210 2916 sed
1242 2862 1356 2916 vivit
1388 2878 1451 2917 ca:
1482 2862 1663 2916 virtute
1700 2860 1791 2916 Dei
1831 2861 1896 2933 (ll
1927 2862 2044 2916 Cor.

467 2969 587 3019 xm,
621 2953 698 3024 4).
743 2951 991 3021 Ejusdem
1023 2952 1261 3021 Apostoli
1295 2953 1451 3007 verba
1481 2961 1606 3007 sunt
1637 2970 1649 3006 :
1684 2951 1749 3006 Et
1787 2953 1905 3023 quia
1932 2953 2049 3022 jam

466 3062 565 3098 non
596 3046 825 3110 moritur,
857 3055 902 3098 et
931 3060 1067 3099 mors
1101 3044 1148 3097 ei
1184 3044 1316 3098 ultra
1353 3062 1453 3099 non
1489 3043 1830 3099 dominabitur
1867 3044 2043 3111 (Rom.

468 3152 520 3190 vi
539 3178 553 3202 ,
586 3135 676 3209 9).
708 3135 832 3191 llam
860 3150 988 3206 ergo
1016 3136 1154 3191 bene
1183 3146 1302 3190 nota
1335 3145 1460 3191 sunt
1489 3136 1606 3190 lidci
1638 3142 1847 3191 vestrae.
1879 3135 2047 3191 Simul

464 3239 519 3283 et
544 3228 645 3283 hoc
670 3243 1000 3298 consequens
1027 3236 1128 3295 est,
1159 3237 1216 3282 ut
1243 3229 1541 3283 noverimus
1566 3228 1738 3284 omnia
1767 3229 2042 3297 miracula,

463 3334 581 3390 que
607 3319 954 3389 corporaliter
982 3319 1138 3385 fecit,
1177 3319 1354 3374 valere
1390 3318 1456 3373 ad
1492 3318 1909 3375 admonitionem
1947 3335 2048 3376 no.

460 3423 627 3466 stram
647 3452 664 3476 ,
695 3420 751 3465 ut
780 3412 1134 3482 percipianius
1166 3411 1236 3467 ab
1269 3426 1335 3468 eo
1372 3411 1509 3481 quod
1540 3426 1647 3466 non
1677 3418 1763 3467 cst
1791 3411 2044 3467 transitu-

446 3518 581 3557 .rnm
603 3545 617 3569 ,
649 3519 819 3570 neque
850 3502 1008 3558 ﬁnem
1036 3501 1358 3557 habiturum.
1386 3502 1579 3557 Oculos
1603 3501 1833 3557 reddidit
1856 3503 2042 3570 czecis,

458 3606 599 3661 quos
623 3601 738 3646 erat
764 3592 947 3661 utique
975 3607 1120 3647 mors
1144 3591 1429 3662 aliquando
1451 3593 1694 3647 clausura
1720 3611 1732 3647 :
1759 3595 2038 3649 resuscita-

461 3682 537 3735 vit
577 3682 866 3745 Lazarum.
914 3682 1102 3739 iterum
1146 3683 1478 3736 moriturum.
1511 3682 1577 3737 Et
1603 3699 1949 3755 qurecumquc
1976 3685 2042 3741 ad

462 3773 683 3829 salutem
714 3790 996 3843 corporum
1028 3774 1181 3838 fecit,
1215 3789 1318 3829 non
1349 3773 1414 3828 ad
1445 3774 1547 3829 boc
1574 3774 1695 3829 fecit
1715 3816 1730 3839 ,
1758 3784 1814 3831 ut
1843 3778 2040 3847 sempiv

464 3876 612 3921 terna
647 3877 827 3921 essent
860 3885 873 3922 :
903 3882 1023 3923 cum
1055 3875 1232 3921 tamen
1260 3867 1482 3921 daturus
1512 3867 1579 3921 sit
1606 3868 1765 3922 etiam
1797 3869 1895 3937 ipsi
1924 3884 2044 3924 cor-

464 3957 575 4024 pori
607 3956 657 4010 in
689 3956 791 4012 line
820 3957 1196 4025 sempiternam
1232 3957 1474 4011 salutem.
1515 3955 1620 4011 Sed
1654 3959 1776 4026 quia
1811 3959 1896 4012 illa
1922 3974 2043 4029 qua:

463 4061 567 4100 non
594 4046 927 4112 videbantur,
957 4062 1063 4100 non
1085 4046 1467 4111 credebantur;
1495 4061 1589 4116 per
1610 4047 1708 4101 ista
1731 4049 2039 4117 temporalia

459 4154 579 4208 quzn
625 4138 939 4194 videbantur
982 4138 1276 4193 mdiﬁeabat
1325 4130 1595 4192 ﬁdem‘ad
1642 4137 1730 4192 illa
1772 4153 1887 4208 qua)
1934 4154 2039 4193 non

460 4229 795 4284 videbantur.

530 4340 757 4396 CAPUT
796 4340 955 4394 ll.---
988 4340 1043 4393 2.
1071 4339 1312 4394 Ecclesia:
1356 4349 1527 4411 postea
1568 4341 1693 4407 [idea
1730 4341 1838 4397 sine
1880 4342 2038 4398 mira-

454 4433 588 4491 culis
612 4431 914 4485 laudabilior
958 4429 1226 4485 Cicatrices
1273 4435 1495 4500 corporis
1549 4435 1628 4486 sui
1677 4451 1770 4488 cur
1804 4436 2035 4491 servavit.

460 4504 630 4585 Nemo
664 4520 871 4589 itaque,
914 4518 1137 4583 fratres,
1177 4520 1350 4584 dicat,
1394 4537 1496 4575 nou
1536 4521 1712 4578 facere
1750 4524 1848 4579 ista
1880 4526 2039 4581 modo

458 4609 741 4673 Dominum
783 4616 1022 4662 nostrum
1059 4607 1240 4663 Jesum
1277 4608 1583 4677 Christum,
1612 4618 1669 4665 et
1697 4621 1909 4683 propter
1938 4615 2039 4671 hoc

456 4700 806 4771 praesentibus
847 4698 1099 4755 Ecclesia:
1134 4699 1458 4768 temporibus
1494 4700 1665 4769 priora
1707 4718 2034 4772 pra-ponere.

452 4791 695 4862 Quodam
733 4792 927 4862 quippe
967 4792 1084 4847 loco
1127 4790 1266 4846 idem
1312 4791 1567 4846 Dominus
1608 4793 1941 4863 videntibus,
1984 4807 2038 4852 et

455 4885 580 4947 ideo
606 4883 964 4949 credentibus,
996 4883 1254 4954 praeponit
1274 4898 1367 4936 eos
1390 4883 1479 4952 qui
1507 4899 1608 4939 non
1636 4883 1815 4940 vident
1837 4895 1892 4940 et
1914 4901 2021 4943 cre-

453 4977 606 5045 dunt.
654 4976 892 5047 Namque
938 4991 1105 5044 usque
1144 4990 1210 5030 eo
1254 4974 1342 5028 illo
1382 4985 1619 5046 tempore
1657 4975 2035 5047 discipulorum

449 5068 573 5137 ejus
598 5066 815 5122 nutabat
844 5065 1141 5130 inﬁrmitas,
1173 5073 1227 5119 ut
1251 5080 1412 5135 quem
1442 5066 1687 5123 videbant
1709 5067 1819 5137 jam
1852 5084 2033 5124 resur-

454 5159 657 5223 rexisse
674 5158 702 5226 ,‘
720 5158 879 5213 etiam
906 5154 1338 5211 contrectandum
1362 5164 1622 5227 putarent,
1652 5166 1709 5212 ut
1733 5159 2031 5215 crederent.

519 5290 536 5320 ¹
561 5289 633 5354 _sic
653 5288 882 5354 nonnulli
892 5288 1102 5354 codices.
1124 5286 1209 5354 Alii
1230 5301 1346 5354 vero
1365 5301 1475 5354 cum
1499 5289 1659 5354 editis,
1680 5290 1907 5354 permittit
1942 5292 2037 5343 cito

451 5349 815 5420 maritat-mmet
838 5350 883 5401 si
1084 5349 1205 5411 (vel,
1221 5348 1414 5412 viderit)
1430 5355 1479 5401 ut
1500 5348 1745 5415 aliquanto
1757 5352 1921 5416 plures
1933 5354 2036 5407 dies

452 5418 593 5473 ivvat,
613 5425 724 5463 cum
739 5413 997 5464 decesserit
1012 5423 1336 5473 successurus.

517 5474 842 5584 ‘mI-Zéuendatus
858 5474 920 5524 ad
944 5472 1143 5524 eosdem
1165 5472 1356 5522 codices
1384 5475 1624 5524 sermonis
1642 5473 1721 5536 82,
1746 5481 1797 5527 et
1818 5475 1877 5526 ad
1896 5476 2035 5540 quin-

450 5540 553 5583 tum
575 5540 639 5583 cl.

517 5595 591 5656 (a)
614 5595 756 5656 Alias,
779 5597 843 5647 de
860 5596 1030 5647 Verbis
1051 5595 1234 5646 Domini
1264 5594 1339 5647 18.

514 5656 586 5718 (b)
604 5662 660 5720 tu
680 5658 879 5720 Possidii
905 5658 1131 5719 lndiculo,
1162 5671 1268 5720 cap.
1302 5658 1335 5707 8
1374 5658 1664 5719 inscribitur,
1708 5678 1731 5709 ι
1751 5659 1816 5712 de
1846 5661 2035 5713 duoluis

458 5715 702 5785 caecis»
746 5719 966 5825 ejusdem
995 5715 1235 5770 sermonis
1259 5730 1491 5784 excerpta
1522 5715 1686 5774 retulit
1716 5722 1879 5776 Florus
1916 5726 1974 5791 ad
1999 5731 2032 5774 ll

445 5786 552 5830 tor.
574 5789 636 5830 vi,
660 5783 711 5825 et
731 5789 759 5824 ει
813 5779 981 5830 titubes.
1003 5794 1047 5827 v.
1942 5805 1950 5813 ε

516 5789 552 5834 r.
574 5789 636 5836 vi,
660 5789 711 5825 et
731 5789 788 5825 au
813 5789 981 5839 npnes.
1003 5794 1047 5827 v.
1942 5789 1950 5813 ;.

1699 373 1758 432 S.
1798 370 2160 431 AUGUSTINI
2188 371 2486 431 EPISCOPI

2160 487 2275 545 Non
2301 491 2597 549 sufﬁciebat
2616 493 2784 551 oculis
2804 535 2819 563 ,
2852 495 2999 568 quod
3028 497 3273 559 viderent
3290 539 3305 566 ,
3343 499 3446 557 nisi
3472 509 3527 558 et
3548 518 3743 562 manus

2158 582 2573 640 admoverentur
2598 585 2849 647 membris
2865 628 2883 655 ,
2920 597 2976 643 et
3000 588 3279 646 cicatrices
3301 593 3591 649 recentium
3622 596 3744 652 vui-

2159 688 2345 729 uerum
2373 681 2713 746 angerentur
2739 696 2754 731 :
2783 686 2841 734 ut
2867 679 2957 737 ille
2980 681 3071 752 qui
3103 678 3376 740 dubitabat
3409 683 3739 757 discipulus,

2158 772 2379 833 repente
2420 765 2574 821 tactis
2623 774 2677 821 et
2721 769 2945 839 cognitis
2989 771 3325 828 cicatricibus
3374 776 3741 845 exclamaret,

2157 852 2409 911 Dominus
2445 873 2582 912 meus
2610 867 2659 914 et
2684 857 2823 914 Deus
2850 861 3025 916 meus!
3063 859 3350 921 Cicatrices
3384 867 3743 924 ostendebant

2157 958 2280 1003 eunt
2298 987 2316 1012 ,
2345 946 2436 1016 qui
2464 952 2640 1003 omnia
2666 949 2883 1005 vulnera
2912 950 2967 1006 in
2994 952 3112 1007 aliis
3138 964 3438 1011 sanaverat.
3465 956 3741 1030 Numquid

2159 1049 2265 1090 non
2290 1044 2500 1105 poterat
2523 1037 2773 1093 Dominus
2798 1038 2915 1096 sine
2934 1041 3268 1099 cicatricibus
3292 1046 3609 1118 resurgere?
3629 1048 3741 1105 Sed

2158 1126 2211 1181 in
2239 1128 2401 1183 corde
2428 1129 2803 1202 discipulorum
2833 1133 3052 1191 vulnera
3081 1145 3335 1205 noverat,
3374 1148 3595 1211 propter
3616 1158 3742 1213 qua:

2155 1221 2387 1276 sananda
2412 1223 2687 1281 cicatrices
2709 1225 2762 1280 in
2786 1241 3012 1298 corpore
3033 1243 3132 1285 suo
3155 1240 3476 1286 servaverat.
3512 1233 3580 1288 Et
3607 1234 3741 1306 quid
3832 1243 3846 1256 ‘

2156 1312 2415 1369 Dominus
2443 1315 2517 1369 illi
2538 1315 2649 1385 jam
2674 1317 2947 1374 conﬁtenti
2973 1334 3037 1376 ac
3058 1320 3255 1381 dicenti
3272 1363 3289 1390 ,
3316 1320 3572 1380 Dominus
3596 1342 3742 1382 mm
3834 1320 3841 1323 ’

2156 1410 2202 1457 et
2228 1402 2365 1457 Deus
2393 1406 2569 1461 meus?
2590 1405 2722 1473 Quia
2746 1409 2914 1463 vidisti
2937 1426 3036 1478 me,
3065 1411 3251 1482 inquit,
3278 1413 3533 1468 credidisti
3560 1430 3580 1468 :
3608 1414 3743 1471 beati

2155 1495 2242 1564 qui
2254 1511 2356 1548 non
2368 1496 2558 1564 vident,
2570 1507 2617 1551 et
2642 1498 2852 1553 credunt
2880 1500 3054 1571 (Joan.
3086 1501 3560 1576 xx,25.29).0uos
3579 1506 3740 1572 dixit,

2154 1586 2346 1641 fratres
2371 1588 2469 1642 nisi
2491 1587 2625 1644 nos?
2646 1588 2760 1647 Non
2782 1591 2900 1660 quia
2921 1592 3066 1649 solos
3090 1608 3204 1659 nos,
3232 1594 3326 1650 sed
3350 1604 3404 1651 et
3432 1605 3552 1665 post
3573 1611 3676 1651 nos
3701 1599 3743 1649 ι.

2155 1674 2284 1731 Post
2331 1690 2551 1745 parvum
2594 1679 2736 1735 enim
2784 1689 3026 1751 tempus,
3073 1691 3411 1754 posteaquam
3455 1686 3525 1741 ab
3565 1687 3747 1743 oculis

2138 1764 2467 1824 mortalibus
2500 1770 2722 1825 recessit
2760 1779 2819 1825 ut
2854 1771 3153 1828 ﬁrmaretur
3190 1774 3323 1830 ﬁdes
3360 1776 3414 1829 in
3450 1776 3740 1841 cordibus,

2152 1856 2469 1926 quicumque
2490 1858 2861 1927 crediderunt,
2889 1876 2997 1916 non
3020 1862 3258 1918 videntes
3281 1864 3656 1932 crediderunt,
3683 1877 3747 1923 et

2152 1959 2401 2016 magnum
2428 1948 2675 2003 meritum
2705 1948 2889 2005 habuit
2916 1950 3047 2007 ﬁdes
3069 1967 3253 2008 eorum
3283 1969 3297 2011 :
3327 1955 3409 2009 cui
3437 1955 3556 2010 ﬁdei
3586 1972 3745 2012 com-

2152 2035 2401 2106 parandze
2420 2078 2435 2101 ,
2469 2052 2563 2093 cor
2591 2047 2793 2095 tantum
2822 2039 3170 2098 admoverunt
3195 2043 3339 2114 pium
3360 2085 3376 2110 ,
3406 2059 3509 2100 non
3538 2055 3594 2101 et
3624 2048 3745 2116 pal-

2155 2134 2366 2194 pantcm
2394 2142 2631 2183 manum.
3500 2192 3512 2203 ,

2223 2214 2451 2274 CAPUT
2480 2218 2579 2291 rlll.
2606 2222 2748 2278 —'5.
2792 2221 3046 2277 Miracula
3088 2241 3222 2279 nunc
3263 2226 3463 2295 majora
3501 2226 3742 2283 Christus

2152 2316 2407 2376 operatur.
2463 2309 2590 2365 Haec
2639 2327 2764 2383 ergo
2790 2311 2914 2367 fecit
2956 2313 3241 2380 Dominus,
3284 2324 3341 2370 ut
3377 2316 3623 2372 invitaret
3668 2318 3739 2373 ad

2154 2395 2333 2452 ﬁdem.
2372 2398 2499 2455 ibeo
2534 2399 2668 2457 ﬁdes
2702 2416 2842 2456 nunc
2877 2402 3043 2458 fervet
3070 2402 3123 2458 in
3149 2404 3384 2460 Ecclesia
3405 2447 3420 2471 ,
3452 2414 3564 2461 toto
3603 2408 3741 2463 orbe

2151 2489 2361 2549 dilfusa.
2399 2493 2467 2548 lit
2500 2510 2640 2550 nunc
2673 2495 2903 2568 majores
2933 2498 3188 2554 sanitates
3216 2511 3485 2570 operatur,
3515 2511 3741 2571 propter

2152 2596 2284 2652 quas
2311 2598 2414 2638 non
2441 2594 2524 2641 est
2548 2585 2861 2657 dedignatus
2888 2598 3013 2645 tunc
3042 2589 3295 2646 exhibere
3323 2591 3442 2647 illas
3471 2592 3734 2648 minores.

2152 2671 2304 2729 Sicut
2330 2675 2471 2730 enim
2500 2676 2709 2733 animus
2734 2679 2924 2734 melior
2947 2689 3030 2734 est
3056 2695 3315 2751 corpore;
3353 2685 3430 2738 sic
3460 2692 3514 2738 et
3542 2684 3737 2740 melior

2151 2762 2296 2817 Salus
2333 2764 2527 2831 animi,
2572 2782 2728 2837 quam
2762 2768 2903 2824 salus
2938 2770 3196 2842 corporis.
3232 2771 3385 2827 Modo
3425 2787 3551 2829 caro
3588 2790 3732 2830 caeca

2152 2867 2257 2906 non
2294 2855 2469 2923 aperit
2503 2856 2686 2913 oculos
2720 2859 2976 2916 miraculo
3017 2861 3257 2928 Domini;
3300 2873 3355 2918 et
3393 2878 3488 2919 cor
3526 2881 3733 2921 emcqu

2149 2942 2323 3012 aperit
2364 2945 2549 3001 oculos
2596 2948 2831 3003 sermoni
2881 2950 3109 3006 Domini.
3156 2951 3310 3008 Modo
3350 2969 3455 3009 non
3503 2957 3731 3026 resurgit

2152 3035 2377 3091 mortale
2399 3037 2655 3107 cadaver;
2681 3042 2907 3112 resurgit
2933 3043 3129 3110 anima,
3152 3059 3270 3116 qua:
3293 3054 3498 3100 mortua
3519 3047 3735 3118 jacebat

2151 3125 2204 3181 in
2245 3128 2367 3182 vivo
2405 3129 2680 3187 cadavere.
2727 3132 2884 3189 Modo
2922 3136 3080 3191 aures
3122 3138 3362 3209 corporis
3405 3138 3580 3194 surda:
3625 3156 3732 3196 non

2150 3219 2458 3291 aperiuntur
2499 3240 2512 3275 :
2554 3222 2650 3279 sed
2688 3238 2844 3294 quam
2889 3226 3040 3280 multi
3087 3226 3284 3283 habent
3321 3243 3479 3284 aures
3521 3230 3731 3287 clausas

2149 3310 2356 3379 cordis,
2398 3329 2515 3382 quae
2554 3322 2729 3370 tamen
2769 3317 2935 3372 verbo
2964 3318 3055 3372 Dei
3082 3328 3394 3388 penetrante
3420 3328 3727 3390 patescunt,

2150 3409 2209 3456 ut
2246 3401 2467 3458 credant
2502 3405 2592 3473 qui
2637 3420 2741 3461 non
2778 3406 3098 3476 credebant,
3144 3416 3199 3464 et
3243 3408 3378 3465 bene
3414 3411 3594 3466 vivant
3640 3413 3728 3483 qui

2150 3492 2291 3548 male
2317 3494 2597 3562 vivebant,
2638 3498 2695 3552 et
2736 3498 2987 3554 obediant
3021 3500 3111 3569 qui
3149 3515 3255 3556 non
3293 3501 3649 3558 obediebant?
3675 3515 3729 3560 et
3786 3492 3800 3505 ’

2147 3582 2405 3650 dicimus,
2437 3586 2527 3642 Ille
2555 3587 2812 3654 credidit;
2843 3603 2907 3645 ac
2935 3590 3210 3659 miramur,
3239 3606 3358 3647 cum
3389 3593 3634 3649 audimus
3662 3594 3730 3651 de

2150 3674 2231 3729 bis
2258 3692 2390 3745 quos
2417 3678 2702 3749 aliquando
2724 3680 2886 3737 duros
2912 3697 3250 3741 noveramus.
3288 3684 3399 3741 Cur
3434 3701 3561 3758 ergo
3587 3702 3731 3744 nunc

2147 3765 2356 3822 miraris
2400 3767 2739 3835 credentem,
2783 3770 3158 3841 innocentem,
3212 3773 3321 3830 Deo
3363 3774 3725 3843 servientem;

2147 3854 2244 3908 nisi
2294 3856 2418 3926 quia
2464 3858 2728 3926 conspicis
2779 3860 3081 3930 videntem,
3133 3878 3290 3934 quem
3340 3879 3566 3920 noveras
3618 3881 3727 3921 ea:-

2145 3959 2298 4012 cum;
2344 3950 2609 4019 conspicis
2651 3951 2945 4020 viventem,
2991 3968 3151 4024 quem
3177 3968 3723 4022 noverasmortuum;

2145 4037 2408 4107 conspicis
2451 4038 2751 4096 audientem
2777 4083 2794 4110 ,
2839 4057 2995 4113 quem
3039 4059 3262 4100 noveras
3301 4044 3554 4102 surdum?
3593 4048 3725 4104 Nam
3815 4096 3818 4098 ν

2146 4128 2321 4184 videte
2349 4130 2503 4187 aliter
2531 4143 2789 4201 mortuos,
2820 4135 2889 4190 de
2915 4136 3105 4206 quibus
3130 4137 3352 4192 mortuis
3377 4137 3589 4194 dicebat
3622 4142 3727 4196 Do-

2145 4220 2321 4277 minus
2344 4222 2550 4278 cuidam
2577 4224 2699 4281 ideo
2722 4226 2969 4294 tardanti,
2993 4242 3059 4282 ne
3084 4228 3362 4283 Dominum
3389 4242 3722 4301 sequeretur,

2142 4313 2265 4382 quia
2292 4315 2517 4382 sepelire
2544 4324 2744 4386 patrem
2776 4319 2987 4374 volebat
3017 4337 3030 4372 :
3062 4318 3216 4383 Sine,
3259 4321 3460 4391 inquit,
3499 4333 3729 4380 mortuos

2141 4403 2351 4473 sepelire
2378 4415 2600 4461 mortuos
2626 4423 2743 4462 suos
2771 4407 2995 4478 (Matth.
3025 4425 3118 4464 vnt
3141 4452 3155 4477 ,
3183 4410 3254 4464 22
3271 4408 3312 4482 ).
3343 4410 3501 4467 Certe
3527 4416 3727 4469 mortui

2142 4495 2438 4564 scpultores
2467 4510 2572 4551 non
2602 4506 2725 4552 sunt
2761 4513 2985 4569 corpore
3012 4501 3204 4555 mortui
3238 4520 3251 4555 :
3278 4503 3398 4571 quia
3427 4503 3471 4557 si
3503 4503 3609 4558 hoc
3639 4520 3701 4559 es

2143 4592 2293 4651 seut,
2335 4595 2540 4641 mortua
2583 4584 2805 4657 coipora
2847 4589 3075 4659 sepelire
3114 4605 3216 4644 non
3253 4600 3488 4661 possent.
3518 4592 3727 4651 Tamen

2142 4686 2380 4731 mortuos
2411 4693 2505 4733 eos
2532 4687 2686 4734 vocat
2717 4696 2730 4732 :
2764 4679 2888 4746 ubi,
2929 4680 3029 4734 nisi
3069 4681 3210 4735 intus
3239 4682 3290 4737 in
3315 4682 3530 4737 anima?
3576 4683 3730 4740 Sicut

2141 4767 2282 4823 enim
2317 4769 2474 4823 etiam
2514 4769 2788 4825 visibiliter
2824 4771 3135 4844 pleru'tnque
3160 4771 3212 4826 in
3239 4771 3400 4826 domo
3437 4773 3645 4845 integra
3674 4785 3729 4831 et

2141 4859 2284 4915 salva
2329 4859 2577 4916 dominus
2621 4860 2855 4931 ejusdem
2900 4861 3089 4917 domus
3133 4871 3372 4918 mortuus
3416 4862 3597 4935 jacet;
3648 4866 3730 4921 sic

2140 4951 2195 5005 in
2226 4965 2450 5020 corpore
2490 4952 2694 5022 integro
2734 4952 2883 5008 multi
2921 4953 3117 5009 habent
3145 4955 3285 5010 intus
3313 4957 3543 5010 animam
3576 4974 3728 5014 mor-

2142 5053 2282 5098 tuam
2324 5062 2337 5098 :
2369 5042 2548 5100 ethos
2577 5045 2655 5100 sic
2680 5046 2873 5101 excitat
2896 5046 3204 5117 Apostolus,
3246 5046 3443 5119 Surge,
3484 5049 3573 5119 qui
3600 5050 3729 5105 dor-

2140 5135 2268 5199 mis,
2312 5143 2359 5188 et
2406 5150 2620 5206 exsurge
2668 5152 2700 5189 a
2724 5136 2966 5202 mortuis,
3003 5145 3050 5190 et
3073 5137 3375 5192 illuminabit
3411 5146 3458 5192 te
3493 5138 3729 5197 Christus

2142 5222 2161 5294 (
2178 5222 2370 5294 Epltes.
2401 5242 2453 5291 v,
2488 5226 2615 5298 14).
2634 5226 3031 5298 lpseilluminat
3056 5239 3400 5293 excaecatum,
3422 5231 3510 5300 qui
3526 5234 3725 5288 excitat

2139 5326 2424 5373 mortuum.
2470 5318 2597 5389 Ejus
2631 5320 2774 5375 enim
2822 5335 2952 5376 voce
2980 5335 3077 5390 per
3114 5321 3423 5391 Apostolum
3462 5322 3731 5379 clamatur

2138 5407 2204 5462 ad
2229 5417 2517 5476 mortuum,
2547 5409 2731 5482 Surge,
2755 5411 2841 5481 qui
2867 5411 3075 5466 dormis.
3101 5411 3285 5467 Cacus
3307 5411 3426 5467 luce
3454 5412 3723 5468 illumina-

2139 5498 2308 5565 bitur,
2348 5515 2469 5555 cum
2509 5501 2819 5557 surrexerit.
2863 5500 3063 5557 Sardos
3107 5511 3283 5556 autem
3327 5516 3485 5572 quam
3527 5505 3728 5562 multos

2138 5600 2261 5647 ante
2284 5592 2467 5648 oculos
2505 5608 2632 5648 suos
2679 5593 2934 5649 Dominus
2973 5593 3294 5660 intuebatur,
3335 5609 3456 5648 cum
3484 5593 3726 5654 diceret:

2202 5725 2217 5756 ί
2246 5724 2328 5773 Hic
2360 5732 2602 5791 unus‘vs.
2648 5725 2809 5787 addit,
2849 5725 2931 5789 qui
2966 5732 3120 5778 erum.
3158 5733 3210 5778 Et
3241 5726 3469 5790 p‘osimo
3486 5732 3601 5790 post
3622 5726 3734 5778 loco

2137 5789 2275 5836 abest
2300 5800 2412 5846 vox,
2434 5785 2573 5848 ﬁdes,
2594 5801 2621 5836 a
2647 5794 2749 5837 ηδε.
