3922 6192
187 342 269 398 5H

193 457 284 523 θυι
305 453 452 508 habet
475 462 633 503 cum
654 439 893 498 audiendi
913 479 930 506 ,
952 434 1127 490 audiat
1169 426 1377 502 (.Hatth.
1409 440 1480 485 si,
1511 421 1621 488 l5).
1649 417 1778 485 Quis

193 509 325 605 :uim
368 534 497 598 a'nte
535 538 687 593 illum
729 533 846 588 sine
886 524 1128 596 corporis
1163 518 1381 575 nuribus
1417 510 1621 570 stabat?
1641 509 1783 575 Quas

196 652 313 706 ergo
344 633 480 687 alias
516 640 682 683 aures
729 622 830 678 nisi
880 614 1147 673 interioris
1182 606 1411 665 hominis
1445 596 1781 671 requirebat?

252 690 483 781 EAPUT
523 717 618 775 IV.
658 743 735 758 ——
776 714 831 768 ι.
868 709 1055 765 Oculus
1094 702 1308 766 utentis,
1358 711 1457 766 quo
1512 691 1646 746 Deus
1702 690 1781 743 ri-

198 821 382 879 deatur,
428 808 712 866 mandatur
749 809 838 873 per
873 799 1044 870 ﬁdem.
1078 794 1207 849 Item
1229 788 1412 861 quales
1431 784 1612 840 oculos
1637 795 1783 849 qua:-

200 873 378 971 rehat,
418 918 547 961 cum
595 903 907 970 loqueretur
951 890 1133 959 utique
1178 880 1511 941 videntibus,
1562 874 1658 932 sed
1700 873 1783 927 vi-

199 965 439 1060 dentibus
468 1011 565 1067 per
590 965 778 1048 oculos
803 982 1018 1043 carnis?
1046 980 1177 1035 Nam
1206 990 1327 1032 eum
1352 972 1401 1028 ei
1430 970 1627 1026 diceret
1657 965 1782 1020 Phi-

406 1054 648 1147 deinr,
669 1076 872 1135 ostende
889 1073 1033 1128 nobis
1058 1068 1285 1131 Patrem,
1313 1072 1360 1117 et
1382 1059 1559 1131 suﬁt'cit
1599 1054 1740 1110 nobis
1763 1067 1783 1106 :

352 1145 570 1250 quidem
726 1164 1052 1234 intelligebat
1070 1200 1087 1227 ,
1122 1167 1179 1214 ut
1212 1157 1604 1211 demonstratus
1630 1145 1785 1200 Pater

201 1235 692 1343 sufﬁcere;
734 1257 830 1313 sed
858 1254 945 1311 cui
974 1266 1078 1307 non
1107 1244 1407 1305 sufﬁciebat
1430 1238 1651 1310 :equalis
1684 1235 1783 1289 Pa-

201 1336 308 1428 tri,
354 1355 620 1431 quomodo
684 1348 954 1407 sufficeret
998 1339 1195 1398 Pater?
1240 1336 1420 1405 Quare
1458 1338 1635 1401 autem
1679 1340 1785 1383 non

550 1446 684 1514 Quia
706 1457 813 1497 non
838 1436 1131 1495 videbatur.
1155 1430 1332 1498 Quare
1352 1439 1461 1480 non
1482 1413 1786 1478 videbatur?

203 1547 334 1614 Quia
362 1505 604 1597 nondum
630 1510 750 1591 erat
772 1541 935 1585 sanus
959 1526 1147 1580 oculus
1164 1562 1179 1584 ,
1218 1516 1362 1573 unde
1390 1519 1573 1584 posset
1598 1505 1784 1562 videri.

206 1600 315 1690 llo:
336 1632 482 1687 enim
507 1625 653 1698 quod
678 1624 732 1679 in
762 1633 923 1678 carne
950 1610 1163 1670 Domini
1214 1605 1489 1662 videbatur
1532 1600 1618 1654 his
1660 1610 1788 1652 ocuo

206 1731 291 1789 lis.
319 1740 427 1781 non
445 1685 547 1777 soli
576 1713 824 1784 discipuli
851 1708 1097 1764 viderunt
1111 1701 1199 1771 qui
1243 1697 1660 1754 honoraverunt,
1693 1685 1788 1740 sed

206 1830 255 1874 et
278 1814 452 1872 Judxi
480 1810 581 1881 qui
603 1775 1009 1862 crucifixcrnnt.
1035 1793 1134 1862 Qui
1174 1804 1300 1858 ergo
1337 1786 1493 1841 aliter
1530 1795 1590 1835 se
1624 1775 1788 1832 videri

208 1869 439 1968 volebat,
461 1869 600 1958 alios
619 1897 802 1956 oculos
846 1888 1170 1961 requirebat.
1192 1884 1256 1938 Et
1284 1879 1404 1935 ideo
1428 1876 1503 1932 sic.
1522 1869 1792 1942 respondit

208 1961 671 2060 dicenti,'0steude
692 1986 834 2043 nobis
857 1983 1083 2043 Putrem,
1112 1984 1159 2029 et
1196 1971 1387 2044 sufﬁcit
1413 1967 1555 2022 nobis
1579 1979 1599 2019 :
1627 1961 1792 2017 Tanto

445 2085 702 2141 uobiscum
721 2093 857 2140 sunt,
887 2083 933 2128 ct
962 2087 1061 2126 non
1083 2084 1162 2121 me
1176 2060 1473 2135 cognovisti:
1490 2059 1515 2112 Ρ
1533 2055 1791 2123 Philippe,

409 2179 555 2239 uidit,
586 2173 709 2229 sidit
728 2180 778 2226 et
808 2167 1029 2222 Patrem.
1060 2160 1128 2216 Et
1157 2166 1213 2213 ut
1239 2152 1450 2210 interim
1475 2145 1800 2204 lideioculos

214 2236 444 2336 iuuaret,
466 2268 616 2340 prius
644 2262 961 2319 admonetur
997 2248 1290 2308 secundum
1327 2242 1506 2307 ﬁdem,
1533 2248 1593 2293 ut
1634 2236 1799 2305 possit

330 2327 562 2432 speciem
607 2349 911 2425 pervenire.
960 2344 1031 2399 Et
1065 2356 1135 2396 ne
1180 2337 1258 2392 sic
1282 2339 1490 2405 putaret
1526 2327 1798 2396 Philippus

213 2415 554 2524 cggitdndum
586 2415 755 2499 Deum
778 2481 795 2507 ,
838 2431 1106 2507 quomodo
1131 2426 1343 2484 videbat
1368 2423 1419 2477 in
1446 2431 1671 2488 corpore
1697 2415 1800 2469 Do-

218 2503 419 2601 natum
442 2538 630 2594 Jesum
650 2503 947 2591 Christum,
995 2520 1175 2578 statim
1206 2512 1466 2583 subjecit:
1497 2506 1617 2562 Non
1642 2503 1803 2559 credis

222 2593 461 2706 ἓῖξάο
486 2629 540 2689 in
565 2624 747 2688 Patre,
772 2628 818 2674 et
847 2617 1001 2671 Pater
1024 2613 1078 2667 iu
1099 2626 1176 2665 me
1195 2616 1266 2662 est
1291 2604 1469 2677 (Joan.
1489 2614 1598 2663 xw,
1628 2593 1805 2666 840)?

579 2684 810 2775 dixerat,
840 2707 942 2774 Qui
968 2720 1048 2759 me
1081 2700 1224 2766 cidit,
1242 2696 1361 2753 vidit
1381 2701 1425 2749 et
1452 2691 1679 2746 Patrem.
1698 2684 1806 2741 Sed

227 2776 457 2869 nondum
487 2804 720 2862 habebat
744 2799 1017 2868 Philippus
1036 2804 1224 2849 sanum
1243 2779 1631 2849 oculum,unde
1658 2776 1805 2830 vide-

227 2918 299 2962 ret
330 2906 542 2958 Patrem
573 2913 589 2952 :
620 2903 781 2964 atque
821 2864 1065 2945 ideonec
1096 2879 1238 2937 unde
1263 2875 1468 2932 videret
1494 2872 1667 2941 ipsum
1719 2864 1808 2921 Fi-

228 2997 354 3051 lium
400 2990 540 3047 Patri
592 2957 942 3053 cumqualem.
986 2974 1168 3043 Itaque
1212 2966 1379 3025 aciem
1420 2961 1615 3018 mentis
1638 2957 1813 3013 adhuc

229 3088 484 3145 unciam,
504 3090 560 3136 et
581 3084 781 3133 tantam
807 3073 982 3127 lucem
1008 3065 1247 3135 aspicere
1275 3074 1384 3114 non
1416 3057 1701 3119 valentem,
1729 3064 1817 3105 sa-

234 3178 456 3237 nandam
483 3183 647 3243 atque
694 3163 1006 3224 limandum
1033 3157 1157 3214 fidei
1180 3147 1585 3211 medicamentis
1610 3145 1817 3201 fomen-

236 3234 406 3339 tisque
432 3234 695 3333 suscepit,
723 3266 779 3314 et
820 3256 914 3318 ait,
944 3251 1068 3307 Non
1090 3246 1253 3303 credis
1293 3242 1413 3313 quia
1451 3255 1539 3311 ego
1557 3239 1611 3292 in
1639 3234 1815 3301 Putre,

237 3370 279 3416 rt
302 3325 459 3414 ῥοια-
492 3357 547 3410 in
595 3325 805 3406 brevest?
845 3345 945 3415 Qui
983 3355 1112 3412 ergo
1153 3334 1388 3392 nondum
1422 3337 1598 3405 potest
1638 3325 1819 3382 videre

239 3451 376 3525 quod
403 3450 871 3505 demonstraturus
897 3446 980 3493 est
1004 3431 1288 3493 Dominus,
1316 3441 1422 3481 non
1452 3426 1656 3492 quaerat
1673 3417 1823 3487 prius

241 3510 416 3602 videre
436 3537 586 3613 quod
612 3534 834 3591 credat:
868 3527 962 3584 sed
992 3527 1140 3596 prius
1165 3519 1372 3584 credat,
1402 3524 1459 3571 ut
1492 3510 1663 3584 possit
1686 3522 1819 3562 ocu-

242 3638 323 3695 lus
341 3634 516 3689 sanari
541 3644 654 3702 quo
676 3625 872 3680 videat.
902 3619 1032 3677 Sola
1071 3615 1216 3671 enim
1246 3611 1415 3666 forma
1439 3603 1578 3660 servi
1600 3598 1823 3655 exhibe-

243 3686 726 3784 bantur—servilibus
767 3712 937 3771 oculis
965 3727 980 3765 :
1009 3706 1136 3779 quia
1184 3703 1285 3758 ille
1311 3699 1400 3770 qui
1448 3709 1554 3751 non
1586 3686 1825 3759 rapinam

243 3818 529 3875 arbitratus
555 3819 641 3866 est
668 3821 789 3864 esse
806 3777 1182 3874 mqualis—lleo,
1212 3792 1258 3848 si
1289 3790 1357 3845 ab
1387 3786 1472 3843 eis
1492 3795 1629 3855 quos
1652 3777 1826 3834 sanari

244 3869 540 3976 volui—tjam
559 3900 729 3957 videri
756 3869 943 3968 posset
965 3887 1187 3960 mqualis
1215 3884 1349 3947 Deo,
1370 3892 1478 3934 non
1505 3888 1638 3945 opus
1661 3869 1829 3926 habe-

245 4011 327 4059 ret
348 4001 703 4067 semetipsum
735 3985 1031 4049 exinanire,
1060 3989 1115 4036 et
1154 3977 1382 4032 formam
1408 3967 1546 4025 servi
1590 3964 1832 4032 accipere

249 4056 506 4165 lPluhpp.
535 4056 595 4151 ιῖ,
625 4087 680 4152 ϐ,
718 4077 920 4153 7).Sed
941 4075 1064 4147 quia
1106 4085 1213 4127 non
1241 4074 1359 4124 erat
1394 4061 1534 4119 unde
1567 4056 1834 4112 videretur

252 4149 494 4249 ιιυωξὲι
524 4185 644 4233 erat
667 4149 813 4227 unde
854 4168 1128 4222 videretur
1179 4159 1371 4217 homo;
1425 4152 1513 4223 qui
1535 4149 1675 4202 Deus
1696 4150 1831 4207 erat,

253 4230 421 4331 factus
444 4280 533 4327 est
558 4268 742 4330 homo,
778 4270 838 4317 ut
862 4259 916 4315 id
948 4253 1088 4327 quod
1113 4248 1413 4312 videbatur,
1458 4246 1675 4297 sanaret
1704 4230 1834 4288 illud

256 4369 399 4422 unde
455 4380 563 4418 nun
601 4356 901 4413 videbatur.
944 4320 1062 4418 Ipse
1087 4343 1228 4397 enim
1258 4338 1363 4393 alio
1389 4335 1506 4389 loco
1551 4328 1662 4383 ait:
1695 4320 1839 4379 Beati

255 4415 632 4514 admito-corde
651 4490 667 4515 ,
706 4444 945 4518 quoniam
971 4415 1077 4510 ipsi
1106 4433 1270 4489 Deum
1292 4425 1522 4483 videbunt
1542 4415 1755 4485 (Matth.
1781 4429 1835 4477 v,

257 4508 586 4623 tiliPoterat
630 4508 815 4609 utique
858 4508 1137 4601 Philippus
1161 4519 1508 4593 respondere,
1556 4521 1611 4568 et
1640 4508 1839 4567 dicere,

261 4601 507 4702 Dbtniue,
535 4649 665 4694 ecce
796 4621 1199 4683 videoztalisne
1230 4624 1313 4670 est
1353 4612 1526 4671 Pater,
1568 4601 1726 4674 quale
1761 4604 1847 4653 est

262 4688 740 4801 ίιῖξεᾟῖιξιῖιῖιέιξξος
786 4718 1032 4791 quoniam
1083 4705 1279 4768 dixisti,
1315 4701 1414 4770 Qui
1454 4714 1532 4752 me
1556 4692 1695 4756 vidit,
1727 4688 1847 4744 vidit

567 4778 924 4882 'Aut'equam
944 4807 1045 4861 hoc
1075 4794 1422 4870 responderet
1445 4787 1742 4864 Philippus,
1766 4778 1849 4834 vel

266 4922 503 4970 tortasse
526 4914 813 4976 antequam
851 4897 1126 4968 cogitaret,
1163 4901 1283 4944 cum
1327 4880 1549 4938 dixisset
1570 4871 1849 4935 Dominus,

270 5278 544 5348 :cqnalem
578 5272 724 5329 Patri
771 5267 963 5323 Filium
992 5234 1141 5316 :sed'
1167 5264 1223 5311 ut
1263 5256 1540 5308 saltaretur
1567 5241 1753 5297 oculus
1795 5234 1862 5290 ad

274 5331 599 5431 videndum,
620 5355 949 5433 inungendus
980 5345 1181 5407 eratad
1212 5336 1554 5400 credendum.
1574 5331 1699 5385 ldeo
1720 5336 1866 5381 ante-

273 5419 658 5529 vvideas
673 5419 815 5521 quod
841 5444 1022 5501 videre
1052 5453 1158 5493 non
1189 5442 1362 5529 potes,
1387 5425 1547 5483 crede
1567 5419 1706 5493 quod
1734 5432 1868 5472 nou-

275 5496 1007 5607 duuiuvid‘esT-Xntbulaper
1041 5496 1220 5593 fidem,
1259 5531 1317 5580 ut
1350 5515 1628 5592 pervenias
1651 5510 1717 5566 ad
1751 5523 1872 5578 διιε-
1975 5496 2079 5607 mei
2100 5537 2116 5561 ,
2143 5506 2281 5607 (ιιιοη

748 5646 852 5686 non
892 5597 1181 5681 laetificabit
1216 5615 1269 5671 in
1319 5608 1511 5683 patria,
1552 5616 1711 5676 quem
1744 5597 1874 5654 fides

286 5746 411 5788 non
454 5691 759 5795 corisolatur
801 5721 854 5774 in
901 5716 1006 5772 via.
1051 5710 1139 5768 Sic
1177 5706 1317 5765 enim
1367 5700 1493 5759 dicit
1548 5691 1867 5767 Apostolus:

1505 304 1734 363 83".“th
1774 298 2108 356 LXXXVIII.

3354 287 3460 343 559

1893 411 2145 478 Quamdiu
2167 425 2340 467 sumus
2364 410 2415 462 in
2451 423 2674 478 corpore,
2719 406 3093 476 perrgr-‘aaumr
3134 418 3165 455 a
3221 399 3463 454 Domino.

1885 503 2179 571 Statimque
2236 498 2501 556 subnectit
2556 513 2721 567 quare
2787 496 2961 550 adhuc
3028 491 3465 563 peregrinamur,

1886 594 2128 665 quamvis
2148 593 2259 662 jam
2285 590 2700 647 crediderimus:
2736 586 2840 641 Per
2866 586 3039 656 ﬁdem,
3065 583 3253 654 inquit,
3280 580 3462 637 auibu-

1885 688 2068 750 lamus,
2091 703 2191 740 non
2217 702 2305 756 per
2329 683 2543 753 speciem
2567 681 2631 752 (ll
2657 679 2774 735 Cor.
2801 695 2855 746 v,
2883 673 3040 747 6,7).

1955 777 2180 835 CAPUT
2218 776 2285 833 ν.
2325 804 2397 816 --
2418 775 2471 830 5.
2503 771 2670 844 Opera
2699 780 2870 825 nostra
2903 783 3036 821 nunc
3061 776 3162 819 tota
3184 773 3256 820 est
3288 779 3468 819 sanare

1889 870 2092 925 ccidunt
2116 866 2301 922 cordis.
2322 865 2453 919 Tuta
2485 863 2642 931 igitur
2667 874 2828 930 opera
2853 865 3054 918 nostra,
3072 853 3349 920 fratres,in
3367 851 3465 906 hac

1889 962 1994 1016 vita
2019 968 2121 1026 est,
2168 972 2359 1013 sanare
2383 954 2594 1010 oculum
2634 950 2834 1016 cordis,
2878 947 3016 1003 unde
3041 946 3278 1001 videatur
3301 945 3466 998 Deus.

1889 1051 1971 1106 Ad
1998 1050 2101 1105 hoc
2119 1055 2454 1103 sacrosancta
2484 1042 2734 1116 mysteria
2759 1040 3124 1098 celebrantur;
3151 1036 3216 1090 ad
3243 1035 3342 1088 hoc
3363 1049 3471 1088 ser-

1889 1157 1978 1196 mo
2005 1141 2094 1194 Dei
2122 1137 2469 1209 praedicatur;
2507 1134 2574 1188 ad
2621 1134 2724 1188 hoc
2766 1128 3164 1186 exhortationes
3212 1124 3466 1178 Ecclesia:

1890 1229 2140 1292 murales.
2171 1227 2225 1283 id
2253 1236 2353 1292 est,
2386 1225 2713 1295 pertinentes
2737 1219 2801 1276 ad
2818 1216 3157 1287 corrigendos
3179 1226 3373 1274 mures,
3402 1211 3469 1266 ad

1890 1317 2248 1376 emendandas
2277 1315 2516 1371 carnales
2566 1308 3037 1380 concupiscendos,
3054 1304 3118 1359 ad
3160 1302 3471 1358 renuntian-

1891 1412 2015 1468 dum
2039 1427 2142 1466 nou
2174 1424 2305 1464 voce
2333 1414 2558 1467 tantum,
2602 1403 2696 1459 sed
2723 1409 2922 1456 mutata
2945 1399 3047 1453 vita
3095 1397 3216 1451 huic
3239 1392 3471 1457 smcnlo',

1892 1504 1958 1559 ad
1992 1505 2091 1557 hoc
2108 1511 2271 1587 agunt
2298 1497 2548 1570 quidquid
2583 1504 2742 1565 agunt
2768 1494 2959 1547 divinae
2984 1499 3282 1557 sanctasque
3309 1484 3473 1539 Litte-

1893 1611 1989 1661 tie,
2021 1604 2080 1651 ut
2115 1582 2369 1664 purgetur
2414 1588 2539 1643 illud
2584 1586 2806 1641 interius
2834 1584 2901 1637 ab
2930 1598 2992 1638 ea
3023 1597 3082 1635 re
3106 1595 3224 1650 qum
3252 1589 3350 1630 nos
3375 1574 3474 1626 im-

1895 1683 2132 1756 peditab
2175 1690 2394 1750 aspectu
2436 1678 2550 1733 Dei.
2593 1675 2741 1731 Sicut
2782 1673 2925 1728 enim
2962 1669 3147 1724 oculus
3187 1665 3356 1720 factus
3405 1660 3472 1715 ad

1896 1776 2032 1830 hanc
2071 1774 2243 1827 lucem
2290 1767 2631 1838 temporalem
2674 1761 2982 1824 videndam,
3014 1766 3068 1812 et
3101 1754 3342 1825 quamvis
3367 1764 3480 1805 ca:-

1896 1867 2113 1926 lestem.
2155 1874 2331 1918 tamen
2390 1870 2700 1928 corpoream
2746 1862 2903 1922 atque
2946 1847 3321 1918 conspicuam,
3371 1856 3477 1895 non

1896 1960 2068 2015 solum
2117 1953 2450 2018 hominibus,
2510 1948 2603 2004 sed
2660 1947 2819 2001 etiam
2870 1939 3140 1995 vilissimis
3190 1932 3479 1990 animanti-

1900 2049 1998 2104 hus
2033 2046 2120 2121 (ad
2149 2045 2250 2099 hoc
2281 2042 2421 2096 enim
2454 2039 2619 2092 factus
2647 2044 2729 2089 est
2748 2075 2762 2098 ,
2791 2040 2849 2086 ut
2878 2030 3013 2084 hanc
3038 2028 3208 2082 lucem
3240 2019 3473 2092 videat);

1901 2110 2074 2196 tamen
2104 2136 2147 2191 si
2185 2131 2384 2204 aliquid
2426 2129 2677 2199 injectum
2713 2122 2891 2188 fuerit,
2927 2120 3010 2173 vel
3061 2115 3295 2175 irruerit,
3340 2110 3481 2166 unde

1902 2230 2161 2292 turbetur,
2200 2221 2492 2280 secluditur
2512 2218 2580 2274 ab
2605 2217 2702 2270 hac
2729 2214 2879 2277 luce;
2910 2219 2964 2267 et
2989 2206 3227 2279 quamvis
3248 2218 3366 2258 eum
3385 2216 3483 2257 sua

1905 2317 2180 2392 praesentia
2208 2309 2614 2374 circumfundat,
2644 2306 2735 2361 ille
2781 2314 2957 2357 tamen
2987 2315 3045 2353 se
3083 2297 3294 2361 avertit,
3319 2302 3480 2362 atque

1905 2411 2098 2465 absens
2120 2414 2205 2462 est
2231 2422 2244 2459 :
2274 2419 2379 2459 non
2409 2400 2583 2456 solum
2598 2407 2771 2452 autem
2792 2394 2986 2448 absens
3008 2390 3063 2444 fit
3092 2384 3486 2457 perturbatione

1905 2514 2053 2556 suaa
2081 2497 2200 2552 luce
2243 2491 2529 2565 praesenti;
2575 2487 2668 2542 sed
2713 2484 2872 2540 etiam
2918 2479 3136 2552 pinnulis
3162 2476 3235 2530 illi
3265 2483 3347 2530 est
3372 2472 3485 2535 lux,

1907 2589 1975 2644 ad
2014 2603 2172 2658 quam
2219 2581 2500 2639 videndam
2547 2578 2717 2635 factus
2745 2582 2862 2630 est:
2892 2571 2969 2631 sic
2993 2579 3045 2624 et
3096 2566 3280 2622 oculus
3308 2561 3488 2617 cordis

1910 2678 2247 2753 perturbatus
2266 2683 2423 2744 atque
2452 2669 2717 2725 sauciatus
2742 2661 2933 2719 avertit
2962 2674 3020 2719 se
3049 2674 3080 2712 a
3115 2657 3231 2711 luce
3246 2651 3490 2725 justitim,

1913 2752 2011 2829 nec
2030 2769 2186 2824 audet
2209 2781 2325 2821 eam
2354 2757 2721 2830 contemplari,
2751 2769 2851 2810 nec
2872 2752 3028 2807 valet.

1986 2858 2208 2919 CAPUT
2249 2857 2336 2912 Vl.
2379 2885 2449 2897 -—
2489 2855 2543 2910 6.
2570 2806 2846 2906 ’ὲῖξιᾶίᾶιέζ
2872 2845 2934 2899 de
2972 2806 3276 2896 mandando
3313 2834 3479 2891 cordis
3568 2806 3575 2839 ³

1916 2955 2080 3011 oculo.
2129 2949 2265 3018 Quid
2305 2947 2481 3003 turbat
2520 2942 2730 2999 ocnlum
2768 2935 2978 2993 cordis?
3025 2930 3318 3002 Cupiditas,
3365 2942 3487 2980 ava-

1916 3049 2069 3113 ritia,
2143 3040 2427 3114 iniquitas,
2471 3029 2897 3104 concupiscentia
2954 3024 3223 3081 surcularis
3264 3018 3479 3082 turbat,

1920 3137 2150 3203 claudit,
2191 3139 2425 3189 excaecat
2453 3126 2663 3182 oculum
2693 3119 2889 3177 cordis.
2917 3117 2985 3172 Et
3027 3125 3201 3170 tamen
3230 3105 3498 3181 quomodo

1921 3227 2175 3300 qumritur
2219 3221 2485 3284 medicus,
2530 3229 2649 3270 eum
2676 3210 2860 3267 oculus
2887 3205 3061 3263 carnis
3105 3203 3340 3259 turbatus
3368 3205 3490 3260 est,

1923 3316 2189 3391 quomodo
2210 3328 2314 3368 non
2339 3310 2578 3365 differtur
2599 3314 2657 3359 ut
2682 3300 2950 3371 aperiatur
2968 3306 3123 3365 atque
3150 3299 3418 3364 purgetur,
3443 3295 3501 3347 ut

1925 3418 2139 3464 sanetur
2167 3403 2306 3459 unde
2334 3401 2422 3454 lux
2467 3398 2565 3452 ista
2592 3390 2868 3446 videatur?
2898 3384 3168 3449 Curritur,
3214 3391 3370 3433 nemo
3410 3390 3499 3428 re-

1927 3498 2151 3570 quiescit
2173 3536 2189 3562 ,
2230 3505 2388 3547 nemo
2423 3469 2636 3547 dilfert,
2665 3482 2713 3536 si
2753 3479 2837 3534 vel
2867 3476 3057 3546 stipula
3084 3473 3135 3525 in
3181 3468 3387 3522 oculum
3415 3478 3503 3517 ca-

1927 3590 2037 3645 dat.
2063 3586 2240 3643 Solem
2261 3589 2435 3645 certe,
2465 3590 2623 3648 quem
2651 3572 2795 3626 sanis
2823 3566 2991 3623 oculis
3014 3562 3194 3619 videre
3218 3557 3460 3612 volumus
3483 3592 3502 3615 ,

1930 3643 2070 3735 Deus
2096 3673 2237 3730 fecit.
2282 3643 2444 3725 Multo
2483 3643 2573 3719 est
2619 3662 2801 3732 utique
2848 3654 3072 3711 lucidior
3108 3650 3195 3705 ille
3220 3648 3305 3716 qui
3332 3643 3454 3699 fecit
3485 3660 3505 3696 τ

1932 3783 2032 3825 nec
2060 3765 2214 3832 hujus
2250 3759 2460 3833 generis
2487 3756 2572 3811 lux
2617 3762 2730 3816 est,
2761 3762 2878 3819 qum
2903 3744 3157 3815 pertineat
3184 3738 3249 3793 ad
3295 3734 3511 3789 oculum

1933 3830 2148 3915 mentis.
2179 3830 2294 3907 Lua
2316 3850 2402 3904 illa
2422 3855 2505 3901 est
2531 3852 2728 3898 acterna
2772 3834 3046 3907 sapientia.
3070 3830 3217 3886 Fecit
3246 3835 3421 3880 autem
3454 3833 3513 3877 te

1936 3952 2110 4015 Dens,
2134 3961 2167 4002 ο
2191 3944 2353 3998 homo
2373 3981 2388 4007 ,
2422 3938 2487 3992 ad
2517 3933 2798 4014 imaginem
2825 3942 2995 3984 suam.
3026 3923 3254 3977 Daretne
3283 3916 3377 3972 tibi
3408 3930 3509 3969 un—

1936 4043 2004 4099 de
2025 4039 2232 4094 videres
2257 4004 2420 4089 solem
2443 4042 2597 4098 quem
2614 4004 2753 4087 fecit,
2770 4029 2825 4076 et
2848 4032 2950 4072 non
2979 4013 3070 4069 tibi
3095 4012 3244 4066 daret
3270 4006 3407 4063 unde
3435 4004 3516 4059 vi-

1938 4133 2093 4189 deres
2112 4140 2231 4183 eum
2258 4122 2346 4194 qui
2378 4131 2428 4175 te
2455 4117 2608 4181 fecit,
2631 4127 2752 4168 cum
2780 4120 2831 4165 te
2855 4106 2920 4162 ad
2950 4102 3230 4174 imaginem
3258 4112 3407 4152 suam
3433 4093 3517 4149 fe-

1940 4187 2108 4280 ara?
2152 4187 2309 4274 Dedit
2335 4221 2390 4269 ct
2415 4210 2519 4265 hoc
2549 4227 2562 4262 ε
2596 4215 2880 4273 utrumque
2926 4196 3075 4253 dedit
3125 4192 3237 4247 tibi.
3261 4189 3363 4245 Sed
3392 4187 3520 4241 mulo

1943 4324 2055 4371 tum
2109 4310 2207 4365 bos
2250 4303 2437 4362 oculos
2490 4298 2782 4356 exteriores
2828 4291 3033 4360 diligis,
3085 4284 3306 4340 multum
3370 4280 3523 4343 illum

1944 4401 2248 4461 interiorem
2298 4390 2522 4464 negligis
2555 4407 2568 4442 :
2596 4386 2844 4442 detritum
2888 4386 3067 4449 portas
3111 4382 3272 4443 atque
3327 4367 3529 4424 sauciam

1947 4505 2078 4552 tum.
2110 4492 2272 4546 Poma
2302 4458 2397 4540 tibi
2425 4458 2505 4538 est
2526 4522 2540 4548 ,
2586 4477 2629 4533 si
2655 4491 2714 4530 se
2740 4468 2968 4528 voluerit
2990 4464 3271 4520 ostendere
3297 4458 3523 4513 fabrica-

1950 4594 2033 4641 tor
2054 4592 2211 4638 tuus:
2244 4590 2400 4650 poena
2428 4581 2509 4628 est
2533 4567 2689 4622 oculo
2731 4573 2854 4625 tuo,
2886 4565 3166 4627 antequam
3205 4559 3421 4608 curetur
3449 4554 3529 4599 at-

1951 4691 2054 4748 que
2080 4639 2314 4729 sanetur.
2344 4665 2475 4720 Nam
2515 4669 2564 4715 et
2609 4657 2661 4712 in
2690 4652 2936 4725 paradiso
2961 4644 3200 4717 peccavit
3243 4639 3412 4696 Adam
3436 4677 3452 4702 ,
3479 4644 3534 4695 et

1954 4737 2230 4822 abscondit
2268 4772 2327 4812 se
2354 4771 2384 4809 a
2415 4751 2546 4807 facie
2571 4747 2686 4802 Dei.
2722 4744 2852 4800 Cum
2895 4737 3117 4792 haberet
3143 4745 3270 4801 ergo
3311 4743 3404 4781 cor
3444 4739 3533 4778 sa-

1958 4876 2084 4917 num
2133 4868 2278 4928 pura:
2337 4839 2710 4903 conscientiae,
2753 4829 3013 4904 gaudebat
3070 4824 3137 4880 ad
3196 4818 3537 4892 praesentiam

1959 4951 2052 5009 Dei
2101 4909 2436 5015 :tpostquam
2480 4936 2700 5002 peccato
2742 4920 2926 4978 oculus
2970 4916 3060 4971 ille
3106 4909 3369 4966 sauciatus
3416 4910 3537 4974 est,

2780 5013 2788 5015 ξ
3046 5003 3068 5015 -
3135 5003 3167 5015 ..
3212 5000 3224 5012 .
3294 5006 3309 5015 ,
3347 4992 3537 5015 μνη,-

1961 5040 2122 5110 cmpit
2148 4992 2319 5091 Irucem
2366 5020 2649 5081 formidare
2687 5013 2917 5070 divinam
2938 5048 2954 5074 ,
2979 5003 3175 5073 refugit
3212 5000 3265 5053 in
3293 4992 3542 5051 tenebras

2857 5105 2868 5110 _
3067 5097 3087 5110 ,
3154 5096 3166 5109 ,
3248 5108 3262 5110 ὡ
3327 5088 3539 5110 "hu"

1964 5088 2121 5205 atque
2161 5129 2213 5184 in
2239 5125 2403 5181 densa
2424 5119 2686 5188 lignorum
2707 5150 2723 5177 ,
2760 5105 3036 5163 veritatem
3066 5096 3301 5170 fugiens,
3327 5088 3543 5146 umbras

1967 5231 2243 5298 appetens.

2038 5274 2287 5371 EXPITA
2326 5302 2415 5360 Vll
2451 5307 2505 5356 et
2538 5293 2750 5352 Vlll.—-
2775 5291 2829 5346 7.
2861 5283 3066 5357 ,Ἐργοτὶ
3094 5280 3160 5335 ad
3188 5274 3420 5357 poculum
3460 5287 3545 5325 δεμ

1972 5405 2210 5463 mendum
2272 5392 2497 5466 exemplo
2539 5385 2721 5444 Christi
2783 5379 3068 5435 inritantur.
3134 5370 3312 5439 Ergo,
3359 5364 3551 5418 fratres

2287 5488 2389 5544 iam
2416 5490 2470 5539 et
2498 5494 2596 5534 nos
2642 5474 2765 5531 inde
2793 5470 2899 5525 nati
2919 5479 3101 5522 sumus
3122 5503 3137 5526 ,
3168 5468 3221 5517 et
3262 5458 3399 5514 sicut
3425 5453 3551 5521 dicit

1978 5542 2375 5657 η
2401 5573 2562 5629 Adam
2587 5581 2756 5621 omnes
2782 5559 3061 5614 moriuntur
3083 5551 3124 5625 (ι
3151 5549 3268 5606 Cor.
3302 5562 3396 5611 xv,
3421 5542 3511 5609 22)
3536 5558 3549 5592 :

1981 5633 2280 5657 .-,ν---η,η,

1981 5691 2165 5735 omnes
2213 5671 2351 5728 enim
2380 5681 2477 5722 nos
2524 5660 2628 5717 duo
2672 5654 2913 5712 homines
2966 5644 3245 5718 aliquando
3273 5638 3467 5708 fuimus
3509 5633 3552 5701 si

3572 2920 3580 2971 ξ
