3954 6186
380 412 481 467 563

376 525 642 581 noluimus
661 520 1032 588 obtemperare
1059 511 1266 569 medico
1287 553 1300 574 ,
1326 517 1384 563 ut
1415 522 1520 561 non
1547 511 1958 575 :rgrotaremus;

376 621 842 683 ohtemperemus,
876 617 934 662 ut
981 606 1049 660 ab
1095 602 1404 674 aegritudine
1451 599 1761 652 liberemur.
1814 591 1964 646 Dedit

380 706 532 760 nobis
561 709 827 775 praecepta
857 697 1092 754 medicus
1112 737 1126 761 ,
1155 695 1300 749 sanis
1331 709 1344 745 :
1372 689 1520 745 dedit
1550 693 1813 758 pra-cepta
1845 699 1963 775 nte-

381 797 532 849 dicus
552 773 580 852 .ﬁ
596 806 662 847 ne
687 789 895 846 medico
917 787 1294 856 indigeremus.
1321 780 1442 834 Non
1471 795 1596 849 opus
1622 785 1695 830 est
1715 815 1728 838 ,
1754 773 1926 842 inquit
1949 812 1965 836 ,

380 884 522 939 sanis
559 882 779 936 medicus
797 922 812 946 ,
848 880 936 933 sed
957 873 1316 948 wgrotantibus
1338 870 1551 943 (Matth.
1580 883 1635 922 ix
1659 908 1673 932 ,
1703 866 1815 935 12).
1844 862 1970 918 Sani

387 983 650 1047 prtecepta
694 971 1137 1039 contempsimus,
1160 975 1214 1021 et
1237 965 1602 1034 experimento
1631 957 1896 1045 sensimus
1915 957 1970 1011 in

389 1074 641 1136 quantam
659 1063 946 1134 perniciem
972 1069 1208 1115 nostram
1231 1065 1552 1128 prleceptum
1581 1052 1708 1107 illud
1737 1052 1814 1123 (ιι)
1840 1065 1971 1104 eon-

338 1218 344 1225 ,
391 1136 786 1226 tempserimus.
837 1152 1120 1222 Egrotare
1159 1150 1268 1219 jam
1311 1147 1602 1217 coepimus,
1635 1142 1972 1204 laboramus,

395 1249 448 1302 in
497 1247 633 1300 Icelo
681 1241 1002 1299 infirmitatis
1047 1255 1229 1295 sumus
1265 1256 1278 1292 :
1321 1237 1414 1292 sed
1455 1235 1558 1290 non
1607 1233 1972 1301 desperemus.

396 1337 530 1403 Quia
556 1335 698 1391 enim
738 1333 804 1388 ad
851 1331 1115 1386 medicum
1156 1331 1335 1384 venire
1365 1342 1468 1382 non
1497 1334 1798 1397 poteramus
1818 1361 1832 1385 ,
1865 1321 1980 1390 ipse

396 1427 465 1481 ad
506 1441 603 1480 nos
629 1426 810 1480 venire
836 1424 1077 1493 dignatus
1100 1431 1200 1477 est.
1234 1421 1347 1475 Non
1391 1416 1709 1486 contempsit
1740 1413 1978 1468 saucium

399 1525 737 1584 contemptus
786 1530 815 1567 a
860 1528 1009 1567 sano.
1038 1512 1152 1567 Non
1184 1511 1386 1565 destitit
1429 1509 1556 1562 dare
1585 1507 1688 1560 alia
1717 1511 1981 1574 prteccpta

403 1605 708 1676 languenti,
735 1605 823 1676 qui
855 1606 1021 1674 prima
1049 1602 1316 1658 custodire
1341 1599 1545 1666 noluit,
1579 1612 1646 1651 ne
1668 1597 1939 1666 langueret
1965 1609 1980 1644 :

405 1709 657 1767 tanquam
686 1697 920 1761 diceret,
951 1695 1108 1750 Certe
1136 1691 1502 1763 experimento
1544 1685 1758 1744 sensisti
1801 1699 1985 1742 verum

409 1804 498 1844 me
526 1787 725 1843 dixisse
745 1829 758 1851 ,
801 1786 1011 1858 quando
1054 1786 1197 1851 dixi,
1224 1783 1344 1838 Noli
1391 1793 1606 1852 tangere
1633 1779 1754 1834 hoc.
1787 1777 1990 1832 Sanare

408 1895 539 1950 ergo
580 1879 828 1942 tandem,
880 1888 934 1932 et
963 1877 1238 1932 revivisce.
1267 1876 1402 1930 Ecce
1443 1883 1593 1942 porto
1635 1871 1990 1926 infirmitatem

411 1983 570 2026 tuam
609 1988 622 2024 :
669 1970 787 2025 bibe
830 1984 1068 2023 amarum
1097 1969 1336 2023 calicem.
1385 1965 1463 2019 Tu
1508 1965 1648 2020 enim
1695 1963 1788 2018 tibi
1825 1961 1993 2017 fecisti

410 2071 674 2135 praecepta
706 2061 793 2114 illa
846 2076 959 2114 mea
982 2102 996 2126 ,
1023 2075 1141 2130 quae
1181 2075 1311 2131 s-Lno
1336 2059 1456 2113 data
1485 2067 1609 2113 sunt
1635 2067 1738 2110 tam
1781 2055 1951 2110 dulcia
1976 2097 1992 2124 ,

413 2161 520 2206 tam
561 2153 844 2206 liboriosa.
891 2151 1203 2220 Contempla
1243 2159 1397 2215 sunt,
1450 2148 1657 2217 cmpisti
1707 2147 1991 2201 laborare:

413 2241 590 2295 sanari
640 2256 742 2294 non
779 2248 930 2308 potes
951 2281 965 2306 ,
998 2238 1097 2294 nisi
1139 2252 1382 2292 amarum
1413 2237 1630 2291 calicem
1655 2235 1880 2301 biberis,
1907 2250 1998 2289 ca—

415 2329 572 2385 licem
617 2331 966 2385 tcntationum
987 2370 1003 2397 ,
1049 2329 1238 2399 quibus
1281 2328 1516 2382 abundat
1549 2327 1666 2382 hzec
1694 2327 1799 2381 vita
1820 2368 1834 2392 ,
1866 2326 1999 2381 cali-

416 2436 535 2477 cem
568 2421 994 2487 tribulationum,
1034 2419 1430 2490 angustiarum,
1461 2418 1788 2488 passionum.
1829 2417 1959 2472 Bibe
1983 2458 1998 2482 ,

419 2511 626 2581 inquit,
678 2511 826 2576 bibe,
879 2519 935 2564 ut
964 2511 1129 2565 vivas.
1161 2511 1228 2565 Et
1257 2525 1325 2564 ne
1346 2509 1693 2579 responderet
1715 2508 1764 2563 ci
1795 2507 2001 2577 langui-

419 2603 547 2667 dus,
578 2603 693 2657 Non
727 2617 939 2673 possum
960 2643 975 2668 ,
1023 2618 1130 2656 non
1169 2602 1308 2669 fero,
1356 2616 1460 2656 non
1493 2601 1616 2655 bibo
1645 2619 1657 2655 :
1690 2600 1836 2670 prior
1873 2599 2004 2655 bibit

421 2695 660 2749 medicus
712 2709 903 2762 sanus,
957 2702 1018 2748 ut
1061 2693 1242 2748 bibere
1285 2709 1392 2748 non
1433 2692 1701 2748 dubitaret
1749 2700 2000 2762 mgrotus.

420 2785 557 2852 Quid
585 2786 724 2840 enim
752 2801 990 2839 amarum
1031 2793 1113 2839 est
1143 2785 1194 2839 in
1222 2785 1312 2839 tali
1335 2784 1524 2853 poculo
1544 2825 1558 2848 ,
1599 2782 1739 2852 quod
1769 2782 1856 2836 ille
1897 2796 2002 2836 non

421 2876 648 2931 biberit?
676 2875 730 2931 Si
769 2875 1089 2930 contumelia
1119 2891 1132 2928 :
1167 2875 1310 2944 prior
1342 2873 1544 2928 audivit
1582 2889 1700 2928 cum
1732 2872 2005 2929 daemones

424 2967 716 3038 expelleret
736 3011 750 3034 ,
783 2967 1098 3022 Dtemonium
1129 2967 1271 3022 habet
1302 2966 1448 3039 (Luc.
1473 2983 1542 3022 vn
1563 3009 1577 3033 ,
1609 2965 1699 3039 35)
1721 3009 1734 3031 ,
1763 2976 1818 3021 et
1864 2967 2006 3037 quod

423 3060 476 3113 in
503 3057 776 3114 Beelzebub
805 3060 940 3130 ejicit
982 3060 1232 3113 dwmonia
1264 3057 1372 3128 (Id.
1401 3076 1453 3113 ιιι
1475 3101 1490 3125 ,
1521 3059 1633 3130 15).
1659 3058 1812 3114 Unde
1843 3073 1898 3112 ut
1923 3060 2006 3128 ip-

425 3168 484 3208 se
513 3153 877 3207 consolaretur
922 3167 1092 3224 aegros
1113 3194 1128 3218 ,
1159 3151 1266 3218 ait,
1300 3151 1362 3206 Si
1413 3151 1830 3221 patremfamilias
1864 3149 2009 3205 Beel-

434 3242 591 3296 zebub
654 3251 990 3308 vocaverunt,
1065 3252 1251 3313 quanto
1305 3243 1467 3312 magis
1529 3241 1825 3296 domesticos
1898 3241 2008 3310 ejus

432 3333 640 3404 (Matth.
687 3350 757 3397 x,
802 3333 1012 3404 25)?Si
1044 3333 1255 3389 dolores
1304 3334 1469 3386 amari
1518 3341 1643 3388 sunt
1687 3332 1916 3402 :ligatus
1957 3341 2010 3387 et

415 3424 719 3493 .flagellatus
763 3432 816 3478 et
875 3423 1160 3478 crucifixus
1196 3431 1296 3478 est.
1359 3421 1413 3478 Si
1463 3438 1607 3476 mors
1660 3437 1838 3476 amara
1880 3432 2005 3479 est:

426 3514 588 3568 etiam
621 3524 857 3570 mortuus
884 3524 982 3569 est.
1029 3512 1082 3569 Si
1113 3529 1280 3585 genus
1323 3514 1510 3568 mortis
1556 3513 1884 3569 exhorrescit
1926 3515 2009 3569 in-

429 3609 648 3662 firmitas
674 3625 686 3660 :
711 3607 840 3662 nihil
886 3607 976 3661 illo
1004 3615 1241 3677 tempore
1286 3607 1380 3661 fuit
1420 3606 1823 3676 ignominiosius
1852 3622 2009 3676 quam

430 3713 576 3752 mors
616 3698 807 3752 crucis.
857 3697 972 3752 Non
1029 3698 1172 3753 enim
1231 3697 1424 3752 frustra
1470 3698 1851 3753 commendans
1897 3699 2013 3767 ejus

428 3788 782 3845 obedientiam
820 3789 1106 3860 Apostolus
1134 3788 1367 3855 addidit,
1414 3788 1594 3843 dicens
1629 3807 1643 3843 :
1671 3788 1862 3844 Factus
1898 3790 2014 3844 obe-

431 3881 572 3935 dicns
593 3899 748 3952 usque
775 3882 842 3935 ad
876 3891 1121 3949 mortem,
1151 3890 1359 3935 mortem
1380 3890 1545 3935 autent
1566 3882 1727 3935 crucis
1754 3879 2010 3952 (Philipp.

431 3987 506 4038 ιι,
539 3967 614 4042 3).

510 4059 738 4116 CAPUT
777 4059 867 4115 IX.
898 4090 966 4100 -—
991 4060 1042 4116 8.
1075 4060 1283 4114 Crucem
1331 4076 1477 4114 suam
1505 4076 1595 4113 cur
1623 4061 1704 4112 hic
1752 4061 2015 4115 honoravit

438 4151 687 4207 Christus.
729 4152 830 4208 Sed
858 4153 978 4223 quia
1008 4155 1119 4222 ipse
1143 4152 1499 4206 honoraturus
1529 4139 1860 4207 cratilideles
1886 4167 2015 4208 suos

432 4249 488 4301 in
547 4245 650 4302 fine
699 4245 856 4316 hujus
902 4248 1113 4310 saeculi,
1169 4247 1316 4317 prius
1371 4246 1650 4301 honoravit
1696 4262 1910 4301 crucem
1963 4249 2015 4302 in

439 4338 547 4395 hoc
593 4340 821 4404 saeculo;
879 4350 934 4392 ut
988 4349 1247 4393 terrarum
1308 4339 1571 4408 principes
1625 4339 1905 4395 credentes
1963 4341 2013 4394 in

435 4445 558 4482 eum
606 4429 947 4498 prohiberent
1002 4429 1230 4497 aliquem
1273 4430 1576 4483 nocentium
1615 4429 1847 4500 crncifigi
1899 4449 1912 4484 :
1964 4441 2019 4486 et

436 4518 578 4584 quod
616 4533 737 4572 cum
801 4534 986 4586 magna
1039 4517 1377 4572 insultatione
1432 4529 1801 4586 persecutores
1847 4521 2014 4576 Juda'i

439 4608 667 4662 Domino
697 4617 1062 4676 pr0cnrarunt,
1097 4623 1282 4675 magna
1312 4607 1497 4660 fiducia
1529 4609 1667 4662 servi
1695 4610 1826 4678 ejus,
1858 4613 2016 4666 etiam

436 4712 589 4766 rcges
619 4697 672 4751 in
721 4695 892 4752 fronte
941 4713 1080 4750 nunc
1112 4705 1340 4764 portant.
1387 4696 1500 4751 Non
1556 4707 1754 4752 tantum
1799 4710 2019 4770 apparet

435 4784 597 4841 modo
623 4786 829 4856 qualem
863 4797 1085 4840 mortem
1121 4802 1214 4855 pro
1242 4787 1393 4842 nobis
1435 4787 1688 4841 Dominus
1715 4789 1892 4844 subire
1934 4791 2017 4846 di-

432 4889 622 4948 gnatus
649 4889 728 4932 est
761 4895 772 4931 :
804 4882 940 4932 sicut
968 4878 1040 4932 ait
1063 4879 1369 4948 Apostolus,
1398 4879 1589 4935 Factus
1617 4897 1707 4949 pro
1734 4883 1875 4936 nobis
1907 4901 2018 4938 ma—

436 4967 671 5021 ledictum
697 4966 890 5037 (Galat.
925 4984 1018 5031 ιιι,
1049 4969 1158 5037 15).
1190 4969 1254 5022 Et
1282 4984 1402 5024 cum
1447 4969 1493 5023 ei
1528 4970 1775 5039 pendenti
1803 4971 2018 5026 Judzeon

437 5075 552 5112 rum
583 5059 790 5112 ca‘ritas
830 5059 1135 5123 insultarct,
1171 5069 1348 5128 posset
1374 5061 1552 5130 utique
1593 5061 1925 5120 descendere
1952 5065 2018 5120 de

435 5163 624 5214 cruce,
656 5149 742 5218 qui
775 5149 819 5203 si
870 5150 1064 5213 nollet,
1102 5165 1204 5203 non
1248 5159 1392 5205 esset
1435 5151 1488 5206 in
1533 5167 1691 5208 cruce
1720 5171 1733 5208 :
1762 5154 1854 5209 sed
1901 5171 2019 5209 am-

439 5239 579 5308 plius
606 5249 717 5293 erat
741 5239 808 5294 de
853 5241 1097 5309 sepulcro
1127 5256 1405 5311 resurgere
1423 5283 1438 5308 ,
1471 5258 1626 5313 quam
1651 5244 1718 5298 dc
1737 5260 1894 5300 cruce
1921 5245 2018 5300 dc-

437 5329 715 5385 scendere.
751 5330 874 5384 llaec
900 5346 1026 5401 ergo
1049 5331 1312 5388 Dominus
1340 5332 1538 5388 faciens
1580 5335 1784 5399 divina,
1818 5339 2019 5406 patiens

435 5417 700 5486 humana,
744 5420 992 5478 admonet
1018 5435 1116 5474 nos
1143 5423 1506 5491 corporalibus
1550 5426 1816 5481 miraculis
1845 5438 1899 5483 et
1927 5445 2020 5500 pa-

438 5511 617 5566 tientia
647 5512 908 5582 corporali
929 5553 944 5575 ,
972 5520 1028 5566 ut
1062 5511 1372 5578 credamus,
1404 5522 1458 5568 et
1483 5529 1732 5570 sanemur
1783 5517 1848 5571 ad
1889 5535 2019 5574 eon-

441 5599 711 5667 spicienda
739 5601 826 5654 illa
854 5601 1139 5656 invisibilia
1164 5619 1280 5672 qua:
1301 5603 1477 5659 carnis
1503 5606 1688 5661 oculus
1705 5611 1890 5662 nescit.
1912 5609 2022 5664 lloc

439 5702 566 5756 ergo
590 5704 750 5758 agens
778 5691 1166 5748 curavitcmcos
1188 5693 1317 5750 istos
1336 5735 1350 5761 ,
1384 5694 1450 5751 de
1469 5697 1663 5767 quibus,
1685 5715 1822 5754 nunc
1853 5701 2020 5756 Evan-

468 5796 544 5859 (a)
562 5803 724 5858 Forte,
745 5807 986 5862 pracepta
1013 5801 1160 5853 illius.

1570 392 1627 447 S.
1671 379 2034 445 AUGUS'I'INI
2077 377 2374 436 EPISCOPI

3541 375 3640 432 541

2070 496 2262 565 gelimn
2291 495 2569 550 recitatum
2614 501 2714 548 est.
2761 492 2826 548 Et
2856 493 2908 546 in
2933 489 3170 546 curando
3200 489 3370 546 videte
3392 490 3518 562 quid
3546 491 3642 548 Id-

2071 587 2337 643 monuerit
2363 593 2618 656 mgrotnm
2649 585 2976 640 interiorem.

2148 679 2373 734 CAPUT
2411 678 2479 733 Χ.
2531 707 2605 718 —
2641 677 2696 734 9.
2743 676 2972 731 Duorum
2999 692 3245 732 coxarum
3293 677 3486 731 curatio

2072 771 2343 842 signiﬁcat.
2388 769 2564 826 Iesum
2617 769 2829 824 transire
2852 770 2991 841 quid.
3049 767 3321 824 Attendite
3366 769 3531 837 ipsius
3567 768 3656 825 la-

2075 862 2146 916 cti
2175 861 2373 917 exitum
2403 871 2458 916 et
2502 859 2743 916 ordinem
2786 875 2984 915 rerum.
3039 858 3302 915 Sedentcs
3347 859 3421 914 illi
3465 861 3518 914 in
3571 862 3658 916 vis

2077 955 2184 1010 duo
2221 954 2384 1019 czcci,
2417 963 2726 1009 transeunte
2765 953 2990 1007 Domino
3035 951 3434 1018 exclamabant,
3477 961 3536 1007 ut
3564 968 3661 1006 eo-

2079 1065 2198 1104 rum
2244 1049 2604 1104 misereretur.
2651 1050 2694 1102 A
2732 1047 2883 1102 turba
2925 1061 3084 1113 vero,
3110 1060 3232 1116 qua:
3275 1061 3396 1100 cum
3434 1045 3665 1100 Domino

2081 1149 2196 1195 erat
2216 1182 2230 1204 ,
2260 1139 2735 1209 compescebantur
2773 1153 2842 1193 ne
2869 1137 3184 1192 clamarent.
3209 1136 3392 1206 Neque
3419 1135 3521 1190 hoc
3547 1136 3665 1191 sine

2083 1232 2339 1303 mysterio
2373 1231 2686 1286 derelictum
2717 1229 2934 1299 putetis.
2981 1228 3060 1283 Illi
3087 1236 3265 1283 autem
3314 1242 3665 1297 compescen-

2085 1330 2191 1376 tem
2221 1336 2278 1376 se
2302 1321 2507 1375 turbam
2539 1319 3066 1390 perseverantissimo
3084 1318 3320 1374 clamore
3345 1318 3664 1385 vincebant,

2087 1423 2145 1467 ut
2167 1412 2469 1482 perveniret
2491 1428 2591 1466 vox
2617 1427 2803 1467 eorum
2831 1411 2897 1466 ad
2921 1426 3080 1465 aures
3110 1410 3319 1464 Domini
3343 1429 3356 1464 :
3382 1410 3534 1480 quasi
3562 1427 3665 1465 non

2083 1500 2192 1572 jam
2220 1501 2306 1556 ille
2333 1501 2558 1572 cogitata
2579 1502 2898 1572 prrcvenerit
2923 1502 2964 1554 ¹.
2989 1500 3364 1556 Clamaverunt
3404 1515 3536 1571 ergo
3563 1500 3669 1555 duo

2089 1591 2247 1658 cmci,
2281 1600 2338 1646 ut
2381 1592 2686 1646 audirentur
2710 1607 2739 1644 a
2771 1592 2998 1646 Domino
3017 1631 3032 1658 ,
3060 1600 3112 1645 et
3137 1604 3167 1644 a
3197 1590 3363 1644 turbis
3386 1590 3671 1661 comprimi

2093 1683 2463 1752 nequiverunt.
2495 1681 2776 1737 Transihat
2820 1682 3106 1747 Dominus,
3159 1689 3210 1736 et
3243 1681 3317 1734 illi
3350 1680 3672 1734 clamabant.

2093 1773 2252 1830 Stetit
2280 1773 2566 1839 Dominus,
2607 1781 2660 1827 et
2688 1772 2856 1826 sanati
2883 1781 3026 1826 sunt.
3058 1771 3188 1825 Nam
3217 1771 3352 1825 stetit
3378 1771 3636 1824 Dominus
3656 1811 3673 1833 ,

2095 1864 2244 1920 Iesus
2263 1907 2277 1928 ,
2309 1873 2356 1919 et
2380 1865 2568 1919 vocavit
2594 1881 2677 1918 eos
2696 1907 2711 1929 ,
2743 1873 2789 1918 et
2813 1865 2884 1917 ait
2908 1879 2925 1918 :
2955 1864 3089 1932 Quid
3109 1865 3258 1917 vultis
3285 1863 3420 1917 vobis
3446 1863 3679 1934 faciam?

2098 1955 2164 2010 At
2202 1955 2277 2009 illi
2300 1955 2532 2008 dixerunt
2565 1971 2583 2008 :
2613 1953 2678 2009 Ut
2717 1955 3009 2023 aperiantur
3027 1953 3161 2008 oculi
3201 1954 3379 2009 nostri.
3423 1954 3528 2008 Pro
3575 1952 3680 2008 ﬁde

2099 2044 2334 2116 ipsorum
2361 2043 2482 2099 fecit
2523 2044 2808 2104 Dominus.
2837 2043 3149 2098 instauravit
3171 2043 3355 2099 oculos
3377 2058 3584 2098 eorum.
3623 2043 3682 2098 Si
3723 2027 3732 2036 ’

2103 2136 2460 2191 intelleximus
2504 2136 2614 2204 jam
2663 2135 2968 2191 interiorem
3013 2147 3302 2206 aegrotum,
3368 2135 3683 2191 interiorem

2102 2227 2318 2282 surdum
2341 2268 2356 2294 ,
2387 2219 2689 2281 interiorem
2717 2237 3014 2291 mortuum;
3041 2227 3110 2281 ibi
3139 2241 3440 2296 quaeramus
3463 2235 3516 2280 et
3543 2227 3687 2282 inte-

2102 2321 2298 2374 riorem
2326 2334 2547 2374 caecum.
2594 2318 2772 2374 Clausi
2801 2328 2925 2372 sunt
2952 2318 3090 2372 oculi
3115 2317 3291 2372 cordis
3322 2335 3337 2371 :
3368 2318 3560 2372 transit
3593 2316 3688 2372 Je-

2105 2424 2227 2475 sns,
2279 2419 2335 2465 ut
2387 2410 2698 2464 clamemus.
2745 2408 2883 2476 Quid
2925 2417 3045 2477 est,
3102 2409 3292 2463 transit
3328 2407 3520 2464 Iesus?
3567 2408 3694 2478 Agit

2107 2502 2417 2571 temporalia
2479 2502 2655 2557 Iesus.
2719 2501 2853 2569 Quid
2909 2510 3020 2568 est,
3077 2502 3265 2556 transit
3329 2502 3524 2558 Jesns?
3563 2503 3694 2572 Agit

2109 2593 2408 2648 transitoria
2431 2593 2604 2648 Jesus.
2647 2592 2916 2648 Attendite
2945 2603 3001 2649 et
3021 2593 3194 2649 videte
3217 2603 3412 2664 quanta
3437 2595 3553 2664 ejus
3570 2609 3693 2665 ges-

2110 2691 2161 2736 ta
2192 2683 2511 2738 transierint.
2541 2683 2707 2738 Natus
2749 2693 2832 2739 est
2876 2683 2942 2739 de
2970 2684 3171 2754 virgine
3198 2684 3358 2739 Maria
3387 2703 3401 2740 :
3434 2684 3695 2755 numquid

2109 2789 2319 2844 semper
2343 2776 2612 2831 nascitur?
2636 2775 2812 2831 Infans
2855 2777 3081 2832 laetatus
3107 2785 3190 2831 est
3221 2794 3234 2830 :
3266 2777 3522 2847 numquid
3549 2793 3699 2832 sem-

2112 2881 2207 2936 per
2231 2866 2409 2935 sugit?
2434 2866 2537 2945 Per
2565 2875 2748 2922 anates
2776 2868 3010 2923 cucurrit
3035 2871 3201 2935 usque
3225 2867 3292 2922 ad
3309 2867 3642 2938 juventutem
3678 2885 3693 2922 :

2112 2958 2364 3030 numquid
2390 2975 2602 3026 semper
2636 2961 2985 3030 corporaliter
3024 2961 3253 3016 crescit?
3301 2961 3539 3017 Infantia:
3566 2978 3700 3033 pue-

2109 3048 2263 3115 ritia,
2304 3049 2542 3118 pueritiae
2593 3050 2982 3118 adolescentia,
3035 3051 3409 3107 adolescentia:
3441 3053 3700 3122 juventus

2114 3139 2404 3195 transeunti
2450 3139 2767 3211 cedentique
2792 3142 3049 3198 successit
3074 3144 3116 3195 ³.
3146 3142 3262 3213 Ipsa
3287 3145 3444 3198 etiam
3471 3160 3592 3214 quae
3623 3144 3702 3200 fe-

2112 3231 2185 3284 cit
2227 3231 2517 3298 miracula,
2559 3233 2880 3288 transierunt
2929 3252 2942 3288 :
2991 3235 3244 3304 leguntur
3289 3245 3344 3290 et
3383 3235 3696 3291 creduntur.

2113 3323 2244 3390 Quia
2273 3324 2412 3377 enim
2438 3324 2557 3377 talia
2580 3324 2776 3393 scripta
2799 3333 2924 3379 sunt
2945 3334 3001 3380 ut
3020 3325 3121 3396 legi
3149 3327 3373 3396 possint,
3404 3328 3702 3383 transibant

2114 3429 2233 3469 cum
2266 3413 2476 3469 fierent.
2510 3415 2788 3470 Postremo
2818 3431 2886 3470 ne
2911 3416 2962 3470 in
2992 3417 3170 3471 multis
3191 3431 3496 3483 moremur,
3527 3420 3703 3474 cruci-

2115 3507 2252 3562 fixus
2279 3517 2362 3563 est
2389 3523 2402 3560 :
2434 3508 2688 3577 numquid
2735 3523 2947 3578 semper
2969 3508 3168 3580 pendet
3194 3510 3246 3563 in
3275 3511 3468 3564 cruce?
3506 3511 3702 3580 Sepul-

2117 3607 2201 3653 tus
2245 3608 2358 3666 est,
2407 3599 2730 3666 resurrexit,
2779 3601 3013 3655 ascendit
3059 3601 3110 3655 in
3155 3601 3348 3656 caelum
3399 3621 3412 3655 :
3453 3603 3564 3672 jam
3594 3619 3701 3658 non

2117 3689 2374 3756 moritur,
2400 3698 2453 3744 ct
2477 3705 2620 3744 mors
2647 3690 2722 3744 illi
2752 3690 2886 3744 ultra
2930 3706 3034 3745 non
3065 3691 3455 3747 dominabitur:
3479 3702 3536 3747 et
3559 3693 3704 3748 divi-

2119 3780 2256 3833 nitas
2275 3781 2390 3849 ejus
2415 3794 2627 3849 semper
2654 3789 2833 3834 manct
2851 3822 2865 3845 ,
2895 3789 2948 3835 et
2979 3781 3346 3836 immortalitas
3364 3781 3472 3850 jam
3505 3797 3704 3852 corpo-

2118 3871 2192 3925 ris
2218 3871 2334 3940 ejus
2361 3887 2625 3942 nunquam
2655 3870 2882 3926 deficiet.
2927 3871 3032 3926 Sed
3063 3881 3238 3926 tamen
3267 3873 3350 3925 illa
3375 3873 3551 3926 omnia
3580 3889 3704 3943 qua:

2121 3963 2479 4032 temporaliter
2503 3963 2570 4017 ab
2599 3979 2663 4019 eo
2688 3971 2831 4034 gesta
2859 3973 2981 4018 sunt
3001 4005 3014 4027 ,
3043 3963 3400 4028 transierunt;
3430 3973 3482 4019 et
3518 3963 3705 4034 legen-

2119 4055 2187 4110 da
2239 4056 2434 4125 scripta
2486 4064 2638 4120 sunt,
2691 4067 2744 4112 et
2769 4055 3033 4110 credenda
3075 4055 3443 4127 pra'dicantur.
3498 4055 3553 4111 ln
3597 4057 3707 4112 illis

2120 4162 2247 4217 ergo
2271 4147 2516 4201 omnibus
2547 4147 2750 4200 transiit
2778 4147 2950 4201 Jesus.

2192 4236 2414 4292 CAPUT
2452 4236 2636 4291 XL—
2659 4237 2742 4291 10.
2765 4235 2897 4291 0ωεί
2916 4236 3016 4291 duo
3035 4279 3050 4298 .
3080 4237 3180 4290 duo
3207 4238 3399 4308 populi.
3433 4237 3710 4309 Angularis

2122 4329 2254 4396 lapis
2319 4327 2565 4383 Christus.
2624 4328 2761 4395 Quid
2822 4328 2928 4384 duo
2976 4329 3102 4383 carci
3151 4329 3297 4398 juxta
3354 4329 3488 4384 viam
3542 4338 3706 4394 sunt,

2122 4419 2222 4474 ιιίςί
2269 4420 2374 4474 duo
2405 4422 2614 4492 populi,
2646 4421 2710 4475 ad
2739 4437 2870 4492 quos
2911 4421 3173 4476 sanandos
3212 4422 3358 4476 venit
3382 4422 3570 4477 Iesus?
3600 4421 3710 4478 Os-

2123 4512 2401 4567 tendamus
2450 4513 2547 4566 hos
2591 4512 2726 4567 duos
2769 4513 2992 4583 populos
3041 4513 3092 4566 in
3133 4511 3422 4582 Scripturis
3479 4513 3706 4567 sanctis.

2125 4601 2217 4655 Est
2262 4602 2312 4656 in
2347 4603 2632 4672 Evangelia
2679 4603 2962 4672 scriptum,
3003 4601 3180 4656 Habeo
3223 4601 3353 4655 alias
3398 4619 3544 4668 oves,
3592 4619 3712 4672 qua:

2123 4710 2221 4746 non
2241 4703 2356 4747 sunt
2376 4693 2438 4746 de
2471 4693 2564 4747 hoc
2603 4693 2722 4747 ovili
2739 4711 2756 4758 ;
2779 4704 2822 4746 et
2851 4693 2967 4747 illas
2999 4701 3190 4764 oportet
3214 4709 3293 4746 me
3322 4693 3604 4758 adducere,
3654 4703 3711 4745 ut

2122 4786 2186 4840 sit
2225 4803 2355 4839 unus
2384 4803 2507 4856 grex
2543 4797 2590 4841 et
2626 4804 2756 4840 unus
2783 4798 2954 4856 pastor
2979 4787 3154 4859 (Joan.
3184 4803 3252 4854 Χ,
3286 4787 3397 4857 16).
3440 4787 3540 4854 Qui
3582 4796 3713 4841 sunt

2122 4893 2248 4946 ergo
2295 4877 2401 4930 duo
2452 4879 2660 4947 populi?
2714 4878 2858 4934 Unus
2907 4878 3243 4944 Judzeorum,
3286 4888 3339 4934 et
3379 4880 3516 4933 alius
3566 4878 3713 4954 Cen-

2125 4969 2274 5022 tinm.
2311 4968 2430 5022 Non
2458 4970 2796 5036 summissus,
2819 4970 2922 5036 ait,
2953 4972 3051 5024 nisi
3070 4970 3138 5023 ad
3177 4988 3289 5024 oves
3317 4987 3429 5040 quae
3455 4973 3712 5042 perierunt

2123 5060 2304 5113 dmnus
2342 5058 2524 5114 Israel.
2553 5059 2755 5127 Quibus
2796 5061 2897 5116 hoc
2930 5060 3095 5115 dixit?
3139 5062 3418 5132 Diseipulis
3447 5080 3460 5115 :
3491 5061 3712 5130 quando

2125 5150 2210 5204 illa
2235 5147 2532 5204 Chananma
2559 5151 2856 5228 clamabat,
2904 5168 3022 5222 qua:
3052 5168 3110 5208 se
3139 5167 3258 5208 esse
3285 5169 3468 5207 canem
3494 5152 3712 5208 confes-

2124 5254 2180 5293 sa
2208 5249 2318 5304 est,
2366 5249 2425 5294 ut
2462 5243 2628 5295 micas
2665 5241 2731 5296 de
2777 5258 2957 5297 mensa
3001 5242 3336 5298 dominorum
3386 5253 3707 5302 mereretur.

2125 5329 2190 5384 Et
2217 5332 2337 5400 quia
2385 5332 2610 5398 meruit,
2652 5333 2760 5402 jam
2790 5333 2896 5388 duo
2933 5334 3280 5389 demonstrati
3321 5344 3443 5389 sunt
3480 5336 3546 5405 ad
3573 5351 3714 5405 quos

2124 5432 2344 5478 venerat
2372 5441 2384 5477 :
2416 5423 2667 5478 Iudaicus
2692 5425 2897 5480 scilicet
2936 5427 3158 5496 p0pu|us
3177 5467 3192 5492 ,
3224 5427 3291 5481 de
3319 5442 3426 5496 quo
3454 5403 3716 5488 ait,'Non

2123 5531 2232 5568 sum
2263 5515 2442 5570 missus
2463 5516 2560 5568 nisi
2583 5519 2651 5569 ad
2676 5533 2788 5570 oves
2831 5533 2944 5587 qua:
2995 5518 3248 5586 perierunt
3289 5519 3465 5572 domus
3495 5515 3663 5572 Israel
3694 5535 3714 5572 :

2126 5615 2178 5661 ct
2207 5605 2452 5661 Gentium
2485 5609 2737 5678 populus,
2779 5607 2930 5678 cujus
2975 5618 3156 5680 typum
3187 5609 3549 5679 pmtendebat
3595 5608 3717 5665 hac

2193 5759 2207 5826 ξ
2233 5757 2304 5826 sic
2320 5765 2423 5826 ~uss.
2453 5759 2565 5826 Fxliti
2591 5773 2729 5826 vero,
2753 5759 3286 5826 cogitattcoguosrcrrt.

2189 5820 2207 5849 ²
2233 5819 2345 5868 t-‘diti
2366 5855 2379 5879 ,
2411 5821 2716 5883 credentiqcc
2756 5819 2994 5874 successit.
3025 5819 3327 5886 i'astigantur
3352 5824 3428 5874 hic
3453 5838 3514 5874 ex
3542 5831 3649 5876 Mss
