3922 6192
195 275 298 330 545

199 387 421 452 iuulier,
457 401 622 457 quam
653 383 825 455 primo
851 388 1154 452 respuerat,
1198 378 1383 436 dicens
1405 421 1419 444 ,
1452 377 1573 432 Non
1603 389 1672 432 est
1702 376 1793 431 bo-

203 499 317 536 num
360 493 553 550 panem
600 477 822 547 ﬁliorum
849 475 1042 529 mittere
1063 472 1273 527 canibus
1313 489 1330 528 :
1368 479 1422 527 et
1457 473 1540 527 cui
1561 470 1794 537 dicenti,

207 571 284 628 ιω
301 613 318 639 ,
347 569 601 634 Domine,
631 584 750 622 nam
774 576 820 621 et
857 582 1007 620 canes
1041 565 1192 618 edunt
1219 564 1282 618 de
1310 563 1452 617 micis
1480 578 1592 634 qua:
1610 561 1797 615 cadunt

213 667 459 724 demenso
489 661 811 715 dominorum
837 674 1076 722 suorum;
1099 655 1477 728 responderat;
1512 654 1556 710 0
1589 654 1793 721 mulier,

215 773 386 828 stagna
414 764 490 810 est
517 752 646 823 ﬁdes
683 761 769 805 tua
789 793 803 818 ,
836 750 926 820 ﬁat
965 748 1053 803 tibi
1077 749 1206 802 sicut
1225 748 1298 801 vis
1323 745 1536 820 (Matth.
1569 762 1641 800 xv
1661 788 1676 811 ,
1699 745 1798 799 22-

208 851 314 921 28).
361 847 494 905 lude
539 847 684 902 enim
715 854 830 900 erat
871 852 926 898 et
969 843 1057 897 ille
1093 841 1380 906 Centurio,
1426 839 1494 894 de
1522 853 1628 908 quo
1670 839 1798 894 dicit

209 943 341 1000 idem
375 939 641 995 Dominus
681 953 696 990 :
727 935 886 989 Amen
915 934 1028 987 dico
1060 933 1195 988 vobis
1215 973 1230 998 ,
1277 947 1377 985 non
1417 929 1578 984 inueni
1606 939 1798 982 tantam

209 1034 355 1102 ﬁdem
388 1032 443 1085 in
479 1027 667 1084 Israel.
696 1026 829 1093 Quia
855 1025 944 1080 ille
969 1024 1175 1079 dixerat
1208 1040 1220 1076 :
1259 1019 1378 1075 Non
1401 1037 1514 1074 sum
1539 1021 1719 1091 dignus
1745 1029 1798 1073 ut

209 1128 357 1178 intres
376 1121 470 1176 sub
507 1130 691 1173 tectum
719 1129 920 1178 meum;
967 1114 1054 1168 sed
1083 1122 1279 1166 tantum
1304 1111 1387 1164 die
1412 1110 1588 1175 uerbo,
1629 1120 1672 1163 et
1708 1126 1795 1163 su-

209 1213 406 1269 mbitur
431 1226 561 1281 puer
590 1223 731 1262 meus
761 1204 872 1278 (Id.
909 1220 1023 1268 vm,
1056 1203 1156 1270 l0,
1189 1201 1357 1273 8).lta
1386 1216 1514 1271 ergo
1541 1201 1798 1255 Dominus

208 1313 328 1358 ante
359 1300 662 1372 passionem
689 1306 742 1352 et
767 1293 1198 1351 clariﬁcationem
1223 1307 1375 1346 suam
1405 1291 1541 1345 duos
1562 1291 1670 1360 jam
1702 1305 1798 1360 po-

207 1396 362 1468 pulos
407 1389 764 1458 designabat:
792 1401 988 1451 unum,
1035 1384 1101 1439 ad
1128 1400 1287 1454 quem
1331 1392 1549 1438 venerat
1585 1391 1800 1451 propter

140 1531 141 1534 η
209 1485 466 1556 promissa
500 1481 750 1545 Patrum;
783 1488 836 1534 et
855 1478 1102 1542 alterum,
1133 1491 1293 1546 quem
1325 1481 1540 1543 propter
1583 1472 1796 1526 miscri-

207 1576 438 1631 cordiam
469 1589 574 1627 non
605 1569 897 1641 repellebat
925 1585 938 1621 :
973 1575 1030 1622 ut
1059 1565 1367 1635 impleretur
1391 1563 1532 1634 quod
1565 1563 1796 1633 promis-

209 1682 322 1721 sum
353 1673 472 1720 erat
511 1663 774 1728 Abrahzc,
804 1659 868 1714 In
892 1660 1080 1713 semine
1102 1667 1186 1711 tuo
1230 1657 1582 1710 benedicentur
1627 1670 1797 1709 omnes

207 1769 372 1832 gentes
402 1755 556 1827 (Gen.
587 1752 872 1822 3311,18).
918 1752 1203 1821 Propterea
1252 1759 1305 1804 et
1352 1749 1638 1818 Apostolus
1685 1747 1795 1816 jam

209 1859 324 1921 post
370 1845 826 1904 resurrectionem
879 1841 1086 1897 Domini
1133 1849 1187 1895 et
1245 1839 1650 1902 ascensionem,
1704 1838 1796 1892 uhi

208 1951 548 2011 contemptus
597 1945 681 1992 est
708 1953 737 1991 a
765 1934 996 1996 Judaais,
1052 1931 1286 2003 perrexit
1309 1931 1375 1986 ad
1421 1929 1640 1984 Gentes.
1687 1927 1798 1984 Nec

210 2043 384 2087 tamen
418 2029 675 2086 Ecclesiis
710 2043 829 2098 qua:
866 2025 932 2081 de
957 2023 1154 2080 Judazis
1181 2020 1554 2086 crediderant,
1589 2019 1753 2074 tacuit
1781 2037 1794 2075 :

212 2125 394 2188 Eram,
445 2123 652 2192 inquit,
701 2120 902 2190 ignotus
939 2117 1070 2187 facie
1113 2113 1354 2168 Ecclesiis
1405 2112 1633 2177 Judtetc,
1686 2128 1799 2182 qua:

211 2226 318 2270 sunt
342 2217 394 2270 in
415 2213 638 2268 Christo.
675 2210 893 2265 Tantum
920 2217 1090 2262 autem
1135 2203 1405 2258 audiebant
1445 2205 1562 2273 quia
1591 2204 1799 2266 quiali-

209 2308 406 2378 quando
425 2321 520 2359 nos
548 2301 960 2374 persequebatur,
991 2315 1122 2352 nunc
1145 2296 1455 2368 evangelizut
1478 2297 1629 2364 ﬁdem
1649 2312 1800 2364 quant

209 2399 481 2468 aliquando
522 2397 748 2451 vastabat
774 2410 792 2448 :
821 2402 869 2447 et
910 2393 961 2446 in
1006 2407 1113 2457 me,
1159 2391 1361 2460 inquit,
1408 2387 1800 2460 magniﬁcabant

211 2493 372 2548 Deum
401 2491 599 2564 (Colat.
635 2505 688 2554 ι,
713 2485 922 2558 22-24).
953 2483 1042 2541 Sic
1071 2493 1124 2540 et
1153 2482 1423 2553 angularis
1453 2480 1586 2551 lapis
1608 2479 1801 2534 dicitur

208 2585 474 2649 Christus,
501 2581 594 2652 qui
625 2579 750 2636 fecit
779 2588 1000 2649 utraque
1029 2591 1192 2631 unum
1222 2574 1437 2646 (Ephes.
1469 2589 1526 2638 ιι,
1557 2571 1650 2638 20,
1688 2571 1796 2639 Η).

212 2674 450 2744 Angulus
477 2672 623 2730 enim
672 2671 808 2726 duos
845 2669 1078 2740 parietes
1117 2665 1332 2735 copulat
1373 2663 1441 2719 de
1466 2663 1678 2718 diverso
1708 2677 1800 2716 ve-

213 2766 436 2823 nientes.
479 2763 618 2834 Quid
661 2772 765 2817 tam
818 2759 1124 2824 diversum,
1183 2771 1341 2826 quam
1374 2752 1712 2810 circumcisio
1749 2759 1803 2806 et

217 2857 558 2929 praeputium,
613 2851 818 2907 habens
849 2863 1010 2904 unum
1043 2845 1298 2917 parietem
1330 2844 1396 2898 de
1423 2843 1640 2907 Juda-a,
1669 2841 1802 2895 alte-

213 2965 327 3005 rum
364 2947 613 3017 parietem
654 2942 721 2997 de
759 2938 1056 2997 Gentibus?
1084 2935 1194 2992 Sed
1224 2934 1463 3005 angulari
1496 2933 1669 3003 lapide
1711 2947 1803 2987 Cu-

214 3040 481 3109 pulantur,
508 3032 755 3104 Lapidem
781 3030 926 3086 enim
953 3044 1100 3100 quem
1127 3024 1519 3094 reprobaverunt
1546 3023 1804 3091 (edi/icun-

214 3147 280 3189 tcs
307 3174 324 3197 ,
369 3131 444 3184 hic
470 3135 640 3202 factus
677 3135 750 3180 est
791 3126 846 3179 in
873 3131 1024 3193 caput
1066 3119 1242 3191 anguli
1275 3118 1443 3190 (Psal.
1471 3131 1645 3178 cxvu,
1685 3113 1799 3186 22).

215 3223 447 3294 Angulus
474 3223 527 3275 in
569 3216 795 3274 aedilicio
840 3229 950 3269 non
988 3220 1100 3278 est,
1131 3211 1232 3264 nisi
1265 3223 1382 3264 cum
1437 3207 1542 3262 duo
1573 3203 1802 3276 parietes

213 3331 276 3372 ex
302 3315 517 3370 diverso
562 3309 840 3365 venientes
872 3305 926 3359 in
966 3317 1127 3358 unum
1169 3300 1492 3356 conveniunt
1521 3299 1560 3363 ¹,
1589 3305 1644 3351 et
1669 3312 1800 3366 qua-

215 3413 338 3467 dam
378 3409 579 3464 unitate
617 3405 930 3475 junguntur.
985 3397 1072 3451 isti
1116 3409 1245 3464 ergo
1286 3392 1392 3447 duo
1439 3392 1670 3463 parietes
1717 3405 1802 3444 se-

215 3500 440 3557 cundum
482 3510 698 3570 typum,
725 3492 832 3548 duo
859 3489 983 3546 caeci
1019 3494 1171 3542 erant
1197 3486 1487 3539 clamantes
1527 3481 1592 3536 ad
1617 3481 1800 3536 Domi-

215 3609 503 3737 nquxiPUT
543 3674 658 3732 XII.
679 3703 753 3715 —-
771 3673 797 3728 l
813 3673 828 3727 I
843 3709 858 3725 .
893 3669 1159 3725 Transiens
1183 3665 1218 3721 .1
1222 3682 1334 3722 esus
1364 3661 1733 3734 interpellatur,
1758 3672 1801 3716 et

215 3781 378 3828 sanat.
423 3767 698 3826 Attendite
743 3778 903 3828 nunc,
937 3757 1288 3816 dilectissimi.
1343 3754 1596 3809 Dominus
1625 3762 1800 3808 trans-

217 3864 353 3926 ibat,
382 3860 510 3916 ca:ci
551 3855 872 3912 clamabant.
911 3849 1047 3918 Quid
1087 3857 1202 3912 est,
1235 3843 1528 3901 transibat?
1581 3843 1801 3898 Transi-

216 3956 344 4010 toria
387 3967 554 4024 opera
594 3947 853 4012 iaciebat,
882 3945 1018 3999 sicut
1053 3946 1162 4012 jam
1207 3939 1456 3995 diximus.
1497 3936 1800 3993 Secundum

219 4047 325 4102 haec
355 4040 667 4101 transitoria
697 4051 860 4109 opera
887 4035 1018 4089 ﬁdes
1048 4040 1228 4087 nostra
1267 4029 1577 4084 aediﬁcatur.
1617 4026 1804 4083 Credi-

217 4158 330 4195 mus
359 4139 506 4196 enim
545 4137 597 4190 in
627 4132 818 4188 Filium
861 4129 991 4194 Dei,
1023 4140 1126 4180 non
1172 4130 1373 4178 tantum
1419 4121 1539 4192 quia
1576 4120 1802 4174 Verbum

219 4233 306 4289 Dei
336 4239 452 4294 est,
487 4244 584 4298 per
608 4240 767 4296 quem
796 4221 932 4276 facta
960 4227 1084 4274 sunt
1103 4217 1281 4273 omnia
1305 4233 1319 4270 :
1348 4215 1392 4270 si
1421 4215 1564 4269 enim
1593 4228 1805 4282 semper

217 4326 265 4378 in
304 4325 473 4379 forma
508 4321 600 4375 Dei
644 4330 864 4372 manens
889 4311 1108 4383 aequalis
1139 4310 1280 4376 Deo,
1319 4322 1424 4362 non
1459 4306 1803 4375 semetipsum

217 4413 510 4469 esinaniret
538 4409 758 4464 formam
779 4403 918 4460 servi
935 4401 1236 4471 accipiens;
1260 4414 1356 4454 nec
1375 4398 1632 4452 sentirent
1652 4395 1803 4461 caeci,

220 4517 274 4560 ut
300 4513 521 4577 possent
548 4502 810 4558 clamare.
839 4494 947 4552 Sed
978 4509 1097 4550 cum
1133 4498 1443 4562 operaretur
1471 4488 1767 4544 transitoria
1787 4530 1802 4554 ,

221 4599 268 4652 id
295 4608 380 4654 est
397 4640 413 4658 .
445 4593 750 4650 humiliaret
777 4605 835 4645 se
855 4630 871 4655 ,
903 4589 1069 4642 lactus
1098 4582 1352 4638 obedicns
1376 4597 1543 4650 usque
1567 4579 1632 4634 ad
1662 4594 1806 4633 mor-

221 4700 356 4752 tem,
389 4693 618 4742 mortem
660 4689 839 4736 autem
874 4676 1079 4741 crucis,
1107 4673 1466 4728 clainaveruut
1505 4669 1608 4724 duo
1644 4668 1768 4722 ιιωεί
1790 4707 1805 4731 ,

222 4780 466 4836 Miserere
507 4777 698 4842 nostri,
728 4773 808 4844 ﬁli
833 4771 1020 4828 David.
1059 4768 1190 4836 Quia
1235 4776 1289 4823 et
1327 4765 1426 4819 hoc
1461 4765 1632 4834 ipsum
1665 4761 1808 4832 quod

221 4868 483 4924 Dominus
510 4875 564 4922 et
589 4873 801 4922 creator
823 4859 1008 4928 David,
1035 4861 1194 4916 etiam
1221 4857 1359 4912 ﬁlius
1385 4854 1544 4909 David
1571 4869 1689 4908 esse
1719 4867 1812 4907 vo-

219 4960 349 5023 luit,
384 4958 439 5013 in
469 4967 709 5026 tempore
732 4953 836 5018 hoc
864 4954 972 5024 egit
990 4994 1002 5016 ,
1038 4951 1299 5005 transiens
1323 4946 1426 5002 hoc
1453 4945 1594 5002 fecit.

288 5048 520 5106 CAPUT
556 5046 694 5103 Xlll.
721 5077 794 5088 —
825 5046 912 5101 η.
954 5043 1184 5099 Clamare
1223 5042 1291 5094 ad
1331 5039 1584 5094 Christum
1608 5079 1624 5105 ,
1669 5037 1810 5108 quid.

217 5143 359 5210 Quid
398 5150 479 5196 est
515 5149 718 5206 autem,
749 5136 982 5193 clamare
1026 5134 1092 5189 ad
1129 5133 1420 5195 Christum,
1461 5129 1672 5192 fratres,
1714 5128 1813 5182 nisi

217 5236 410 5306 gratia:
457 5233 652 5289 Christi
679 5245 974 5301 congruere
1013 5225 1166 5282 bonis
1192 5221 1480 5308 operibus?
1507 5221 1618 5276 Hoc
1655 5220 1774 5274 dico
1798 5261 1812 5284 ,

219 5327 456 5391 fratres,
486 5339 551 5380 ne
595 5323 730 5378 forte
766 5322 934 5376 simus
970 5326 1269 5388 strepentes
1297 5312 1515 5368 vocibus
1537 5353 1554 5379 ,
1595 5321 1650 5367 et
1687 5310 1815 5364 muti

221 5419 488 5476 moribus.
517 5416 647 5486 Quis
677 5423 761 5471 est
787 5414 879 5485 qui
903 5414 1096 5468 clamat
1123 5408 1189 5464 ad
1223 5407 1524 5470 Christum,
1565 5414 1623 5459 ut
1648 5404 1817 5474 pella-

222 5525 311 5567 tur
342 5510 566 5564 inlerior
585 5507 798 5562 caecitas
819 5511 1126 5560 transeunte
1153 5500 1386 5566 Christo,
1411 5497 1462 5552 id
1483 5506 1582 5560 cst,
1606 5494 1821 5565 dispen-

221 5614 386 5661 sante
422 5603 576 5657 nobis
603 5597 910 5671 temporalia
940 5604 1290 5660 sacramenta,
1323 5591 1513 5664 quibus
1538 5588 1820 5645 admonea-

295 5719 317 5754 ¹
336 5724 469 5780 καί..
487 5714 539 5769 in
561 5712 702 5767 illum
721 5709 1015 5763 conveniunt.

1553 265 1781 322 SERSIO
1822 265 2149 322 LXXXV“.

1909 395 2028 433 mur
2068 377 2132 432 ad
2175 386 2372 438 aeterna
2419 381 2714 450 capienda?
2755 383 2885 452 Quis
2931 394 3012 442 est
3058 387 3146 459 qui
3190 389 3385 446 clamat
3425 391 3493 449 ad

1906 471 2219 526 Christum?
2245 469 2343 538 Qui
2370 475 2666 529 contemnit
2701 477 2954 532 mundum
2976 519 2991 545 ,
3023 479 3216 536 clamat
3245 482 3309 535 ad
3339 481 3494 538 Chri-

1907 574 2067 619 stum.
2101 564 2200 632 Qui
2225 566 2428 634 spernit
2458 568 2638 622 szcculi
2669 570 2964 640 voluptates
2982 613 2996 637 ,
3020 573 3217 628 clamat
3239 575 3304 628 ad
3332 576 3494 630 Chri-

1905 664 2066 709 stum.
2096 655 2196 722 Qui
2239 657 2368 711 dicit
2409 674 2515 712 non
2545 660 2757 730 lingua,
2797 663 2891 717 sed
2931 665 3070 730 vita,
3101 665 3230 718 Mihi
3275 671 3494 724 mundus

1904 747 2175 815 cruciﬁxus
2201 757 2303 812 est,
2338 757 2386 802 et
2422 765 2512 819 ego
2556 751 2743 805 mundo
2775 752 2968 822 (Galat.
3001 771 3052 809 Vl
3074 797 3088 821 ,
3122 757 3252 828 ib);
3300 758 3495 815 clamat

1905 838 1972 894 ad
2018 839 2306 895 Christum.
2344 840 2480 908 Quid
2518 842 2807 913 dispergit,
2855 855 2908 900 et
2954 846 3046 900 dat
3076 850 3413 918 pauperibus,
3437 861 3496 908 ut

1902 929 2103 999 justitia
2124 931 2240 1001 ejus
2264 942 2472 987 maneat
2496 934 2547 988 in
2579 935 2832 989 s:cculum
2861 939 3041 992 sicculi
3069 938 3239 1010 (Psal.
3263 957 3371 1006 CXI,
3397 943 3490 1014 9);

1905 1021 2102 1076 clamat
2145 1023 2210 1076 ad
2239 1020 2529 1080 Christum.
2554 1027 2656 1093 Qui
2696 1029 2837 1082 enim
2865 1029 3042 1093 audit,
3069 1043 3124 1086 et
3158 1048 3264 1088 non
3299 1035 3494 1089 surdus

1905 1111 2085 1176 audit,
2127 1112 2224 1166 lies
2254 1125 2442 1168 vestras
2484 1117 2711 1181 vendite,
2755 1127 2803 1172 et
2829 1120 2944 1174 date
2981 1124 3314 1192 pauperibus;
3344 1127 3493 1196 facite

1906 1201 2042 1256 vobis
2063 1204 2291 1258 sacculos
2311 1221 2413 1259 non
2433 1216 2804 1274 veterascentes,
2826 1214 3115 1265 thesaurum
3137 1230 3237 1266 non
3257 1214 3496 1282 deﬁcien-

1907 1301 2004 1346 tem
2028 1294 2080 1346 in
2105 1295 2228 1348 caelo
2260 1295 2408 1366 (Luc.
2435 1313 2541 1364 xu,
2561 1288 2683 1369 35):
2712 1309 2958 1370 tanquam
2985 1304 3325 1374 vestigiorum
3348 1307 3496 1360 soni-

1908 1393 2018 1440 tum
2037 1385 2235 1443 Christi
2264 1392 2586 1444 transeuntis
2610 1392 2830 1448 audiens
2858 1394 3048 1449 clamet
3069 1396 3133 1450 ad
3164 1397 3277 1452 haec
3295 1413 3491 1464 uncus,

1908 1477 1958 1531 id
1988 1487 2096 1544 est,
2131 1478 2283 1534 faciat
2306 1482 2422 1534 ista.
2450 1481 2561 1536 Vox
2586 1483 2700 1551 ejus
2721 1484 2773 1538 in
2804 1486 2949 1540 factis
2975 1486 3063 1540 sit.
3097 1487 3315 1558 Incipiat
3341 1505 3497 1544 mun-

1905 1566 2034 1622 dum
2066 1579 2444 1638 contemnere,
2494 1573 2637 1642 inOpi
2674 1589 2768 1630 sua
2805 1575 3151 1642 distribuere,
3191 1594 3286 1648 pro
3331 1580 3534 1639 nihilo-

1908 1658 2106 1714 habere
2131 1677 2249 1730 quae
2278 1661 2520 1718 homines
2542 1674 2759 1732 amant;
2790 1676 3094 1722 contemnat
3122 1669 3362 1738 injurias,
3387 1687 3492 1726 non

1905 1760 2121 1820 appetat
2166 1751 2456 1817 vindicari,
2500 1766 2646 1824 paret
2685 1759 2950 1812 maxillam
2990 1762 3333 1828 percutienti,
3376 1772 3499 1818 oret

1907 1855 2004 1910 pro
2035 1842 2299 1907 inimicis;
2323 1844 2367 1898 si
2393 1844 2510 1913 quis
2531 1847 2578 1900 ei
2605 1847 2888 1902 abstulerit
2909 1864 3024 1912 sua,
3054 1865 3158 1904 non
3185 1863 3418 1921 repetat;
3450 1853 3496 1908 si

1905 1930 2030 2001 quid
2059 1933 2212 1987 alicui
2243 1933 2552 2001 abstulerit,
2584 1937 2770 1992 reddat
2794 1939 3168 2008 quadruplum.

1976 2022 2221 2080 CAPUT.
2264 2025 2404 2081 XIV.
2451 2055 2522 2067 -—-
2567 2029 2652 2083 15.
2698 2028 2863 2082 Turba
2915 2031 3182 2100 prohibens
3252 2034 3494 2090 clamare.

1906 2114 2038 2169 Cum
2069 2115 2167 2170 ista
2195 2114 2372 2172 facere
2392 2118 2642 2187 coeperit,
2675 2133 2863 2173 omnes
2888 2121 2970 2174 sui
2997 2123 3239 2190 cOgnati,
3271 2122 3492 2190 amnes,

1906 2207 2062 2261 amici
2091 2217 2512 2264 commoventur.
2558 2209 2658 2276 Qui
2687 2210 2913 2281 diligunt
2951 2215 3203 2268 saeculum
3224 2256 3240 2281 ,
3279 2227 3497 2272 contra-

1907 2297 2108 2352 dicunt.
2140 2297 2277 2364 Quid
2318 2299 2551 2354 insanis?
2579 2299 2784 2356 Nimius
2820 2317 2918 2358 es:
2953 2304 3209 2374 numquid
3254 2306 3344 2361 alii
3388 2323 3494 2362 non

1907 2396 2031 2442 sunt
2070 2387 2384 2444 christiani?
2413 2388 2514 2443 Ista
2549 2390 2770 2444 stultitia
2814 2401 2926 2458 est,
2957 2392 3054 2447 ista
3093 2393 3362 2451 dementia
3388 2407 3492 2452 est.

1911 2480 1974 2534 Et
1999 2488 2190 2536 caetera
2217 2481 2337 2534 talia
2369 2481 2518 2536 turba
2544 2483 2755 2547 clamat,
2788 2499 2855 2538 ne
2878 2486 3005 2539 c:cci
3035 2486 3288 2542 clament.
3317 2487 3492 2543 Turba

1907 2571 2198 2626 clamantes
2226 2571 2547 2641 corripiebat
2571 2591 2584 2626 :
2612 2573 2707 2627 sed
2736 2589 2920 2628 eorum
2945 2575 3207 2631 clamores
3237 2593 3343 2632 non
3379 2581 3498 2633 vin-

1907 2661 2080 2716 cebat.
2111 2660 2408 2732 lntelligant
2446 2663 2570 2733 quid
2599 2663 2791 2718 faciant
2813 2705 2827 2731 ,
2858 2665 2947 2735 qui
2978 2666 3161 2721 volunt
3196 2670 3395 2725 sanari.
3427 2670 3499 2726 Et

1909 2766 2050 2806 nunc
2075 2751 2230 2806 Jesns
2257 2753 2482 2807 transit:
2517 2755 2604 2823 qui
2627 2754 2776 2824 juxta
2808 2757 2944 2811 viam
2972 2767 3115 2825 sunt,
3147 2759 3398 2815 clament.
3432 2763 3495 2818 lli

1907 2854 2032 2900 sunt
2053 2845 2195 2900 enim
2216 2846 2304 2916 qui
2329 2846 2482 2900 labiis
2503 2845 2786 2913 honorant,
2815 2863 2910 2903 cor
2929 2859 3107 2904 autem
3133 2865 3319 2906 eorum
3339 2853 3497 2922 longe

1908 2945 1991 2990 est
2017 2952 2046 2990 a
2077 2937 2184 2991 Dco
2213 2935 2365 3008 (Isai.
2394 2952 2552 3003 χχιι,
2585 2938 2693 3007 15).
2729 2938 2830 3008 ipsi
2860 2949 2982 2992 sunt
3005 2940 3155 3008 juxta
3183 2942 3347 3006 viam,
3377 2943 3500 3012 qui-

1908 3026 2008 3081 bus
2035 3028 2274 3096 praecipit
2299 3027 2554 3082 Dominus
2579 3029 2787 3082 obtritis
2812 3029 2992 3084 corde.
3023 3029 3156 3086 Nam
3191 3047 3312 3088 cum
3357 3035 3496 3101 reci-

1912 3127 2088 3174 tantur
2106 3135 2166 3174 ea
2189 3136 2310 3190 qua:
2332 3120 2454 3176 fecit
2475 3121 2727 3176 Dominus
2743 3123 3090 3192 transeuntia,
3115 3141 3327 3196 semper
3341 3127 3498 3183 nobis

1909 3210 2190 3266 exhibetur
2212 3213 2475 3267 transiens
2501 3212 2674 3268 Jesus.
2698 3214 2830 3280 Quia
2859 3231 3027 3286 usque
3054 3216 3105 3271 in
3129 3218 3289 3274 linem
3314 3221 3496 3276 saeculi

1909 3317 2014 3357 non
2045 3303 2239 3358 desunt
2266 3305 2391 3360 cazci
2418 3305 2666 3360 sedentes
2691 3307 2756 3360 ad
2793 3308 2952 3361 viam.
2995 3310 3141 3379 (lpus
3167 3294 3294 3380 ergo
3331 3321 3414 3366 est
3439 3320 3497 3367 ut

1908 3393 2141 3449 clament
2167 3395 2239 3448 illi
2260 3395 2410 3464 juxta
2436 3396 2571 3449 viam
2599 3395 2868 3451 sedentes.
2896 3397 3070 3451 Turba
3098 3415 3216 3468 qua:
3241 3416 3361 3455 cum
3393 3401 3498 3456 Do-

1909 3483 2055 3538 mino
2078 3495 2193 3538 erat
2212 3525 2227 3550 ,
2256 3485 2628 3554 compescebat
2652 3486 2942 3540 clamorem
2971 3489 3318 3556 quaerentium
3344 3489 3494 3543 saui-

1909 3581 2091 3628 tatem.
2122 3573 2354 3639 Fratres,
2378 3575 2569 3630 videtis
2592 3574 2718 3644 quid
2744 3576 2957 3630 dicam?
2985 3577 3175 3632 Nescio
3197 3580 3339 3633 enim
3361 3592 3496 3649 quo-

1909 3665 2066 3719 modo
2095 3665 2264 3720 dicam
2292 3684 2306 3720 :
2337 3665 2429 3720 sed
2457 3666 2575 3734 plus
2602 3667 2785 3722 nescio
2825 3669 3093 3738 quomodo
3123 3680 3345 3726 taceam.
3381 3673 3498 3729 llnc

1908 3761 2050 3826 dico,
2080 3769 2133 3814 et
2156 3769 2340 3829 aperte
2362 3759 2502 3814 dico.
2533 3759 2718 3814 Timeo
2745 3761 2887 3814 enim
2917 3761 3100 3818 Jesum
3131 3772 3495 3821 transeuntem

1909 3860 1963 3907 et
2003 3861 2344 3906 manentem:
2399 3859 2454 3904 et
2495 3849 2614 3905 ideo
2659 3858 2838 3906 tacere
2876 3868 2982 3908 non
3033 3870 3268 3925 possunt.
3319 3856 3498 3912 Bonos

1908 3943 2260 4008 Christianos,
2290 3958 2414 3996 vere
2439 3942 2725 4007 studiosos,
2756 3944 2996 4000 volentes
3022 3945 3196 4002 facere
3228 3956 3494 4017 praecepta

1913 4034 2026 4097 Dei,
2057 4049 2177 4103 qua:
2203 4034 2253 4087 in
2280 4033 2563 4103 Evangelio
2587 4035 2780 4104 scripta
2810 4044 2949 4100 sunt,
2979 4033 3263 4091 Christiani
3290 4038 3410 4093 mali
3441 4050 3498 4095 et

1913 4126 2072 4196 tepidi
2103 4125 2400 4195 prohibent.
2440 4125 2614 4180 Turba
2655 4127 2767 4195 ipSa
2796 4143 2915 4196 qua:
2948 4142 3068 4182 cum
3113 4129 3336 4184 Domino
3371 4142 3496 4199 est,

1914 4217 2157 4286 prohibet
2180 4216 2504 4281 clamantes;
2537 4216 2587 4270 id
2616 4225 2720 4280 est,
2750 4216 2996 4286 prohibet
3021 4219 3156 4275 bene
3180 4234 3499 4291 operantes,

1914 4325 1981 4365 ne
2006 4309 2398 4379 perseverando
2421 4318 2694 4364 sanentur.
2718 4308 2959 4365 Clamcnt
2983 4311 3077 4374 illi,
3103 4327 3208 4367 non
3224 4313 3498 4380 deficiant,

1913 4417 2086 4472 neque
2112 4401 2374 4456 ducantur
2405 4402 2555 4472 quasi
2590 4404 2905 4457 auctoritate
2939 4403 3243 4470 turbarum;
3282 4419 3382 4460 nec
3407 4419 3503 4460 eos

1914 4495 2002 4566 qui
2048 4494 2254 4565 priores
2295 4491 2570 4548 christiani
2608 4494 2728 4549 facti
2771 4503 2929 4560 sunt,
2962 4495 3102 4549 male
3128 4497 3403 4563 ~viventes,
3449 4507 3504 4552 et

1915 4586 2070 4640 bonis
2115 4585 2366 4655 Operihus
2417 4583 2716 4640 invidentes
2765 4585 3058 4640 imitentur.
3111 4585 3227 4642 Non
3279 4587 3502 4643 dicant:

1915 4675 2196 4744 Quomodo
2232 4677 2316 4732 isti
2348 4677 2531 4731 vivunt
2571 4687 2675 4729 tam
2705 4676 2889 4742 multi,
2918 4676 2995 4732 sic
3036 4677 3293 4732 vivamus.
3325 4678 3504 4748 Quare

1917 4783 2023 4824 non
2051 4768 2221 4838 potius
2249 4767 2514 4838 quomodo
2541 4767 2670 4821 dicit
2692 4766 3076 4836 Evangelium?
3102 4767 3277 4835 Quare
3307 4769 3386 4822 vis
3419 4768 3504 4822 vi-

1918 4876 2044 4917 vere
2068 4858 2360 4915 secundum
2400 4857 2816 4926 increpationem
2857 4856 3025 4910 turba:
3055 4858 3384 4926 prohibentis
3404 4896 3419 4922 ,
3452 4869 3508 4913 et

1921 4969 2029 5008 non
2067 4950 2358 5007 secundum
2396 4948 2613 5016 vestigia
2642 4946 2852 5001 Domini
2879 4937 3246 5002 transeuntis?
3284 4947 3507 5003 Insulta-

1922 5045 2086 5108 bunt,
2111 5028 2504 5110 vituperabunt,
2533 5037 2859 5093 revocabunt
2887 5053 2900 5090 :
2930 5046 2986 5090 tu
3015 5037 3184 5091 clama
3213 5052 3318 5107 quo
3341 5053 3510 5109 usque

1923 5133 2202 5205 pervenias
2227 5131 2294 5186 ad
2322 5145 2479 5184 aures
2505 5128 2654 5184 Jesu.
2682 5127 2814 5182 Nam
2843 5127 2932 5197 qui
2960 5129 3419 5196 perseveraverint
3455 5130 3510 5184 in

1924 5224 2166 5281 iaciendo
2191 5223 2311 5278 talia
2341 5221 2514 5293 qualia
2540 5219 2793 5290 prmcepit
2816 5219 3058 5274 Christus
3075 5259 3090 5283 ,
3113 5229 3169 5273 et
3195 5235 3300 5274 non
3331 5230 3508 5274 atten-

1924 5319 2100 5375 derint
2119 5316 2298 5371 turbas
2317 5313 2678 5385 prohibentes,
2697 5317 2868 5382 n'eque
2889 5310 3347 5382 magnipenderint
3366 5312 3510 5382 quod

1925 5410 2193 5466 Christum
2223 5406 2470 5463 videntur
2493 5405 2673 5475 sequi,
2709 5403 2761 5458 id
2788 5411 2868 5457 est
2888 5444 2902 5466 ,
2939 5401 3079 5472 quod
3109 5403 3384 5459 christiani
3418 5419 3514 5476 ap.

1929 5503 2223 5574 pellantur;
2261 5498 2355 5553 sed
2395 5498 2512 5568 plus
2543 5494 2836 5549 amaverint
2869 5494 3039 5548 lucem
3077 5508 3236 5564 quam
3265 5493 3516 5551 Christus

1927 5603 2011 5652 est
2043 5591 2344 5648 redditurus
2367 5631 2382 5656 ,
2409 5602 2566 5657 quam
2606 5584 2882 5639 timuerint
2917 5585 3196 5653 strepitum
3224 5587 3512 5656 prohiben-

1929 5691 2102 5743 tium:
2145 5685 2287 5755 nullo
2327 5681 2485 5738 modo
2527 5677 2941 5751 separabantur,
2979 5687 3033 5734 et
3060 5679 3219 5734 stabit
3242 5678 3434 5746 Jesus,
3459 5686 3518 5735 et
