3954 6186
402 313 506 367 5i?

398 425 611 482 uitabit
632 438 747 481 eos.
1254 496 1257 499 Δ

467 516 697 573 CAPUT
736 513 849 569 XV.
869 514 1041 568 —M.
1084 510 1349 579 Quomodo
1378 511 1512 566 oculi
1541 520 1804 565 sanantur.
1840 506 1996 564 Stare

396 600 575 662 lerunt
619 605 760 675 quid.
800 603 1083 671 Quomodo
1127 604 1270 659 enim
1318 612 1574 658 sanantur
1602 600 1743 656 oculi
1783 598 1995 654 nostri?

396 696 675 766 Quomodo
703 710 798 765 per
828 695 985 751 fidem
1021 695 1281 750 sentimus
1319 693 1991 749 Christum‘transenntem

396 785 676 855 temporali
718 785 1147 854 dispensatione;
1209 788 1287 838 sic
1324 783 1677 853 intelligamus
1718 781 1992 837 Christum

394 886 626 934 stantem
666 877 1086 931 incomututabili
1117 877 1430 930 a'ternitate.
1477 873 1551 929 lbi
1593 875 1735 929 enim
1775 882 1993 927 sanatur

393 967 604 1032 oculus,
632 967 844 1037 quando
871 968 1178 1037 intelligitur
1206 965 1399 1021 Christi
1425 965 1693 1021 divinitas.
1727 964 1991 1033 Percipiat

394 1056 500 1113 hoc
544 1056 787 1113 Charitas
824 1066 999 1113 vestra
1033 1076 1047 1113 :
1092 1058 1347 1113 attendite
1387 1056 1529 1133 quod
1575 1056 1747 1110 dicant
1787 1055 1989 1125 grande

394 1157 806 1205 sacramentum.
853 1149 1042 1203 Omnia
1088 1149 1452 1219 tempznaliter
1494 1159 1642 1217 gesta
1684 1162 1713 1201 a
1764 1147 1988 1202 Domino

394 1248 580 1295 nostro
607 1240 733 1294 Jesu
760 1239 975 1294 Christo
996 1281 1010 1306 ,
1045 1238 1200 1293 fidem
1228 1238 1381 1293 nobis
1412 1239 1672 1292 inserunt.
1703 1235 1988 1292 Credimus

395 1334 450 1389 in
481 1333 671 1388 Filium
703 1331 829 1397 Dei,
862 1348 968 1387 non
994 1334 1164 1386 solum
1195 1333 1246 1385 iu
1276 1330 1507 1386 Verbum
1534 1344 1629 1399 per
1665 1328 1805 1399 quod
1850 1328 1985 1382 facta

393 1432 520 1479 sunt
555 1424 765 1487 omnia;
793 1422 887 1476 sed
918 1422 969 1476 in
1011 1423 1181 1492 ipsum
1232 1420 1464 1475 Verbum
1496 1419 1695 1473 factum
1723 1433 1940 1472 carnem
1966 1456 1982 1481 ,

394 1526 453 1568 ut
495 1512 756 1568 habitaret
798 1513 853 1567 in
894 1511 1078 1577 nobis,
1108 1520 1289 1565 natum
1333 1510 1402 1565 de
1443 1509 1647 1579 virgine
1689 1509 1887 1574 Maria,
1934 1516 1988 1562 et

388 1614 585 1659 cetera
609 1619 729 1674 qua:
756 1602 887 1658 fides
915 1603 1092 1668 habet,
1124 1618 1245 1673 qua:
1274 1601 1429 1656 nobis
1477 1600 1710 1654 exhibita
1742 1611 1901 1667 sunt,
1930 1608 1987 1655 ut

394 1694 636 1750 Christus
676 1695 965 1760 transiret,
1020 1704 1074 1747 et
1117 1704 1172 1747 ut
1219 1692 1349 1747 caeci
1392 1692 1614 1762 vestigia
1663 1691 1986 1745 transeuntis

388 1784 706 1848 audientes,
753 1783 1050 1838 clamarent
1094 1783 1388 1851 operibus,
1435 1782 1542 1835 vita
1600 1781 1983 1851 professionem

395 1873 516 1930 fidei
553 1882 1057 1928 commemorantes.
1106 1872 1223 1926 lam
1271 1880 1329 1925 ut
1372 1871 1665 1927 clamantes
1707 1880 1981 1937 sanentur,

392 1980 498 2026 stat
521 1969 697 2025 Jesus.
728 1967 939 2023 Etenim
966 1967 1077 2037 jam
1108 1974 1337 2021 stantem
1364 1964 1509 2021 videt
1535 1964 1714 2020 Jesum
1737 2008 1750 2031 ,
1783 1966 1870 2037 qui
1897 1966 1980 2020 di-

388 2062 502 2117 cit:
534 2059 602 2115 Et
638 2061 683 2115 si
707 2074 1000 2114 noveramus
1028 2056 1282 2114 Christum
1324 2056 1599 2112 secundum
1627 2073 1826 2111 carnem
1851 2098 1867 2122 ,
1895 2058 1984 2111 sed

292 2193 295 2197 ν
392 2154 499 2221 iam
536 2168 670 2206 nunc
708 2167 811 2206 non
839 2150 1067 2204 novimus
1097 2147 1165 2219 (ll
1194 2148 1310 2202 Cor.
1349 2163 1415 2214 v,
1459 2148 1569 2218 16).
1601 2147 1796 2203 Christi
1841 2150 1980 2204 enint

390 2245 720 2301 divinitatem
756 2241 1003 2308 videbat,
1029 2248 1285 2312 quantum
1315 2240 1366 2293 in
1401 2240 1498 2295 hac
1532 2240 1635 2294 vita
1662 2248 1855 2312 potest.
1891 2241 1985 2295 Est

392 2336 641 2392 divinitas
690 2333 921 2398 Christi,
971 2343 1054 2388 est
1095 2332 1396 2387 humanitas
1441 2330 1661 2385 Christi.
1724 2331 1983 2387 Div-initas

390 2436 528 2495 stat,
580 2427 883 2482 humanitas
928 2425 1140 2479 transit.
1186 2423 1322 2492 Quid
1365 2431 1481 2489 est,
1536 2422 1789 2478 Divinitas
1832 2424 1981 2477 stat?

390 2522 506 2577 Non
535 2527 788 2582 mutzitur,
823 2534 927 2573 non
956 2517 1292 2582 convellitur,
1320 2529 1427 2570 non
1452 2514 1670 2570 recedit.
1696 2514 1811 2569 Non
1838 2516 1979 2570 enim

388 2613 467 2667 sic
487 2610 557 2665 ad
578 2625 675 2665 nos
698 2609 877 2676 venit,
906 2616 962 2662 ut
985 2623 1015 2662 a
1044 2608 1198 2662 Patre
1217 2605 1519 2662 discederet
1543 2622 1556 2660 :
1584 2621 1684 2660 nec
1703 2605 1773 2659 ita
1795 2619 1981 2660 ascen-

387 2704 498 2769 dit,
526 2712 585 2757 ut
610 2702 730 2757 loco
755 2709 1078 2755 moveretur.
1106 2699 1391 2767 Assumpta
1412 2712 1573 2753 carne
1597 2698 1636 2764 ¹,
1663 2697 1835 2752 locum
1863 2712 1981 2752 mu-

386 2798 518 2851 tavit
542 2813 556 2851 :
586 2794 723 2850 Deus
744 2800 920 2848 autem
944 2806 1225 2847 assumens
1244 2806 1481 2857 carnem,
1509 2790 1631 2861 quia
1655 2790 1706 2845 in
1734 2790 1851 2846 loco
1873 2807 1977 2847 non

384 2898 499 2955 est,
546 2902 646 2943 nee
672 2894 841 2941 mutat
870 2886 1065 2939 locum.
1095 2884 1399 2954 Tangamur
1436 2892 1611 2938 stante
1635 2880 1975 2949 Cbristo,sa-

388 2991 584 3038 nentur
617 2979 758 3036 oculi
788 2979 975 3033 nostri.
1015 2976 1121 3033 Sed
1163 2991 1389 3048 quorum
1416 2975 1597 3031 oculi?
1624 2973 1977 3031 Clamantium

386 3071 617 3138 scilicet,
646 3085 768 3125 cum
813 3069 1037 3123 transit:
1079 3066 1132 3123 id
1168 3075 1285 3135 est,
1331 3066 1469 3122 bene
1517 3068 1850 3136 operantium
1884 3072 1980 3134 per

385 3179 502 3220 eam
533 3162 721 3225 fidem,
760 3175 877 3232 qua:
912 3159 1218 3231 dispensata
1257 3167 1340 3214 est
1367 3157 1734 3229 temporaliter
1758 3156 1825 3212 ad
1848 3171 1976 3211 eru-

383 3252 608 3310 diendos
634 3265 736 3307 nos
761 3251 1032 3322 parvulos.

455 3344 545 3399 15.
585 3341 797 3397 Sanatis
824 3350 1003 3396 autent
1037 3339 1243 3403 oculis,
1287 3338 1412 3409 quid
1456 3337 1741 3409 pretiosius
1777 3337 1977 3393 habere

379 3434 698 3506 poterimus,
718 3431 941 3486 fratres?
962 3431 1162 3486 Lumen
1184 3431 1287 3486 hoc
1306 3431 1396 3501 qui
1413 3431 1593 3485 vident
1615 3430 1758 3500 quod
1779 3429 1974 3486 factum

376 3537 499 3596 est,
527 3524 670 3598 quod
697 3523 862 3595 fulget
888 3523 957 3579 de
982 3525 1122 3580 caelo
1140 3564 1156 3590 ,
1185 3524 1271 3579 vel
1298 3523 1439 3594 quod
1476 3522 1761 3579 exhibetur
1784 3522 1851 3577 de
1890 3523 1975 3576 lu-

377 3617 831 3690 cerna,gaudent.
863 3616 932 3671 Et
954 3615 1223 3684 quomodo
1252 3614 1434 3671 miseri
1463 3614 1729 3678 videntur,
1756 3613 1846 3685 qui
1875 3613 1977 3667 hoc

382 3713 568 3768 videre
595 3726 700 3767 non
734 3710 995 3782 possunt?
1020 3708 1135 3780 Ego
1163 3717 1340 3763 autem
1370 3723 1533 3779 quare
1564 3707 1753 3778 loquor
1770 3748 1785 3773 ,
1813 3720 1978 3776 quare

380 3804 484 3860 ista
514 3804 662 3869 dico,
706 3803 805 3857 nisi
834 3812 891 3856 ut
921 3801 1102 3857 horter
1139 3815 1327 3855 omnes
1361 3815 1455 3854 vos
1491 3800 1560 3855 ad
1606 3799 1972 3861 clamandum,

376 3913 505 3954 cum
523 3897 713 3952 transit
729 3895 916 3952 Jesus?
938 3894 1132 3950 Lucem
1151 3892 1469 3948 commendo
1483 3891 1762 3946 Sanctitati
1782 3899 1977 3945 vestra:

379 3988 686 4055 amandum,
712 4002 874 4058 quam
901 3986 1037 4041 forte
1065 3999 1169 4040 non
1195 3983 1406 4039 videtis.
1431 3982 1667 4047 Credite,
1691 3980 1816 4035 dum
1844 3997 1978 4036 non-

379 4080 510 4136 dum
541 4079 765 4144 videtis;
799 4087 854 4134 et
880 4078 1137 4141 ctamate,
1168 4083 1227 4130 ut
1256 4074 1496 4129 videatis.
1525 4072 1731 4141 Quanta
1764 4080 1979 4142 putatur

385 4171 664 4228 infelicitas
693 4170 986 4236 hominum,
1013 4170 1103 4240 qui
1132 4169 1301 4224 lucem
1330 4170 1484 4222 istam
1505 4165 1835 4237 corporalem
1864 4179 1971 4219 non

385 4262 608 4319 uident?
636 4262 951 4317 Excaecatus
981 4270 1064 4317 est
1090 4260 1279 4329 aliquis
1303 4278 1317 4313 :
1351 4258 1604 4314 continuo
1632 4257 1845 4320 dicitur,
1871 4256 1980 4311 Ira-

383 4363 497 4410 tum
531 4354 698 4408 Deum
724 4351 936 4416 habuit,
969 4350 1167 4419 aliquid
1209 4350 1334 4403 mali
1371 4349 1659 4403 commisit.
1704 4348 1815 4403 Hoc
1844 4362 1978 4401 uxor

384 4443 566 4499 Tobiae
589 4441 799 4497 dicebat
822 4439 957 4493 viro.
986 4438 1263 4494 Clamabat
1287 4438 1375 4491 ille
1402 4449 1620 4507 prepter
1648 4437 1883 4502 bardum,
1910 4450 1977 4491 ne

382 4534 454 4591 de
479 4534 621 4589 furto
659 4543 836 4595 esset;
867 4532 1081 4586 nolebat
1109 4544 1298 4584 sonum
1340 4529 1465 4584 furti
1509 4530 1694 4585 audire
1724 4533 1776 4586 in
1815 4532 1976 4587 domo

380 4640 481 4681 sua
512 4641 525 4678 :
566 4624 655 4679 illa
684 4621 981 4679 defendens
1018 4620 1212 4675 factum
1241 4636 1425 4683 suum,
1458 4620 1747 4691 opprobrio
1783 4637 1976 4691 percu~

385 4715 552 4772 tiebat
591 4714 874 4770 maritum:
911 4721 968 4769 et
995 4712 1231 4768 camille
1258 4712 1493 4777 diceret,
1525 4710 1784 4777 Reddite,
1820 4712 1866 4766 si
1908 4713 1977 4768 do

385 4807 527 4863 furto
544 4816 625 4862 est
645 4822 662 4873 ;
690 4806 779 4861 illa
799 4803 1159 4876 respondebat
1182 4803 1462 4870 insultans,
1493 4801 1593 4859 Ubi
1614 4810 1736 4857 sunt
1755 4803 1976 4871 justitire

386 4909 492 4957 true
519 4897 667 4971 (Teo.
699 4914 736 4954 ιι
753 4941 768 4965 ,
794 4898 859 4953 2i
884 4938 901 4965 ,
926 4894 1063 4969 22)?
1089 4894 1257 4964 Quam
1276 4909 1419 4950 caeca
1444 4901 1592 4961 erat,
1623 4908 1743 4964 qua:
1775 4892 1974 4948 furtum

382 4991 735 5049 defendebat:
763 5000 820 5047 et
839 5000 997 5060 quam
1025 4988 1196 5043 lucem
1217 4985 1429 5042 videbat
1447 5027 1463 5052 ,
1489 4985 1578 5057 qui
1607 4983 1804 5040 furtum
1825 4984 1973 5040 reddi

384 5083 712 5155 imperabat!
744 5082 837 5138 Illa
862 5088 977 5136 erat
1001 5078 1132 5134 foris
1154 5078 1213 5133 in
1237 5079 1356 5134 luce
1380 5077 1548 5132 solis:
1579 5076 1672 5132 ille
1695 5085 1811 5132 erat
1836 5077 1977 5130 intus

387 5179 442 5235 in
469 5180 585 5233 luce
605 5175 845 5246 justitize.
877 5172 1009 5243 Quis
1035 5187 1219 5228 eorum
1248 5179 1366 5228 erat
1390 5171 1442 5225 in
1469 5170 1588 5225 luce
1616 5169 1878 5225 meliore?

454 5266 686 5325 CAPUT
707 5265 849 5322 XVI.
866 5264 1041 5320 ~16.
1072 5261 1188 5317 Lua:
1211 5263 1414 5317 interior
1435 5277 1550 5315 cum
1575 5260 1756 5316 άτιὺὲιὶ
1770 5275 1978 5330 compa-

387 5369 547 5415 ratur.
581 5357 662 5414 Ad
702 5357 839 5413 hanc
867 5357 1040 5412 lucem
1060 5396 1075 5423 ,
1114 5353 1312 5411 fratres
1331 5396 1347 5421 ,
1384 5351 1666 5409 amandam
1700 5352 1979 5414 hortamur

387 5450 737 5508 Dilectionem
766 5458 997 5505 vestram
1023 5465 1039 5513 ;
1072 5454 1130 5503 ut
1153 5445 1395 5504 clametis
1413 5446 1662 5517 operibus
1682 5487 1696 5510 ,
1719 5459 1841 5502 cum
1872 5446 1975 5502 Do-

388 5542 565 5598 minus
586 5541 811 5599 transit:
844 5549 997 5597 sonet
1020 5554 1122 5595 vox
1142 5538 1301 5605 ﬁdei;
1334 5548 1392 5594 ut
1418 5546 1567 5594 stans
1592 5535 1770 5602 Jesus,
1798 5536 1850 5592 id
1873 5548 1974 5601 est,

306 5629 327 5657 ³
391 5633 841 5693 incommutabilis
881 5647 1105 5689 manens
1142 5631 1237 5687 Dei
1279 5630 1581 5703 Sapientia,
1632 5637 1689 5685 et
1729 5628 1978 5701 majestas

456 5743 475 5776 ⁸
496 5743 744 5793 rauciores
774 5751 877 5793 uss.
892 5772 910 5798 ο
934 5748 1174 5805 assumpta
1195 5756 1328 5795 curo.

1648 305 1705 359 S.
1749 300 2113 359 AUGUSTI-Nl
2149 298 2449 356 EPISCOI‘!

3592 302 3621 356 ες
3632 303 3690 359 58

2106 415 2261 469 \‘erhi
2290 416 2378 469 Dei
2395 458 2408 480 ,
2444 430 2536 485 per
2561 415 2700 486 quod
2720 413 2858 471 facta
2884 425 3008 471 stmt
3033 415 3208 469 omnia
3232 458 3247 483 ,
3276 416 3480 485 aperiat
3508 420 3689 475 oculos

2101 516 2326 561 vestros.
2359 505 2504 562 Idem
2537 507 2732 563 Tobias
2769 523 2993 564 monens
3033 509 3199 564 filium
3246 524 3399 564 suum
3422 552 3438 579 ,
3479 512 3548 566 ad
3591 513 3690 569 hoc

2100 600 2348 652 monebat
2373 608 2430 653 ut
2466 599 2719 654 clamaret
2745 617 2760 654 :
2792 600 2843 654 id
2875 612 2953 654 ρει
2975 643 2988 666 ,
3022 599 3087 655 ad
3119 602 3254 655 bona
3292 615 3458 670 opera
3503 618 3687 657 mone-

2098 688 2207 742 bat.
2238 689 2456 745 Dicebat
2485 690 2559 744 illi
2592 699 2648 745 ut
2687 690 2837 746 daret
2874 693 3221 761 pauperibus,
3269 694 3610 762 percipiebat
3637 706 3687 751 ut

2098 782 2465 852 eleetnosynas
2491 780 2691 837 faceret
2720 783 3103 853 indigentibus,
3131 793 3185 837 et
3209 784 3435 840 docebat
3461 786 3644 841 dicens
3672 807 3687 841 :

2102 870 2225 938 Fili,
2245 871 2573 942 elecmosynae
2592 887 2692 925 non
2712 874 2882 926 sinunt
2895 873 2969 927 ire
2986 874 3036 927 in
3054 876 3282 928 tenebras
3303 874 3454 946 (Tob.
3472 891 3546 940 tv,
3574 878 3685 949 il).

2093 961 2388 1016 Consilium
2420 963 2773 1032 percipiendae
2810 972 2967 1033 atque
2994 965 3296 1019 obtinendze
3340 966 3472 1021 luris
3514 982 3686 1023 czncus

2094 1052 2271 1105 dabat.
2302 1051 2663 1124 Eleomosynae,
2700 1054 2894 1123 inquit,
2929 1071 3027 1108 non
3057 1055 3229 1109 sinunt
3258 1058 3332 1111 ire
3359 1058 3411 1111 in
3434 1060 3683 1114 tenebras.

2093 1143 2145 1197 Si
2179 1142 2228 1197 ei
2258 1144 2394 1198 filius
2422 1146 2768 1215 responderet
2796 1147 3016 1199 miratus
3035 1189 3048 1212 ,
3079 1146 3214 1215 Quid
3242 1161 3390 1219 ergo,
3426 1160 3597 1218 pater,
3629 1157 3684 1205 tu

2093 1236 2459 1308 eleenmsynas
2491 1250 2594 1291 non
2625 1237 2820 1304 fecisti,
2851 1247 2906 1291 ut
2934 1237 3093 1292 modo
3118 1253 3293 1292 cmcus
3324 1240 3601 1309 loquaris?
3629 1251 3683 1296 tu

2094 1343 2233 1382 nunc
2254 1345 2429 1382 nonue
2451 1329 2501 1382 in
2524 1330 2757 1383 tenebris
2776 1344 2853 1394 es,
2883 1330 2971 1397 qui
2995 1330 3121 1383 mihi
3148 1330 3301 1390 dicis.
3331 1330 3680 1402 Eleemosyuw

2092 1435 2192 1472 non
2213 1420 2382 1472 sinunt
2407 1421 2481 1475 ire
2503 1422 2555 1474 in
2585 1422 2849 1475 tenebras?
2869 1421 3096 1477 Noverat
3119 1423 3206 1477 ille
3225 1422 3294 1476 de
3318 1439 3421 1492 qua
3448 1424 3564 1479 lucc
3586 1427 3681 1479 do-

2092 1522 2236 1565 ceret
2266 1513 2460 1578 liliunt,
2487 1522 2705 1568 noverat
2732 1516 2782 1568 in
2813 1515 3066 1570 interiore
3096 1515 3311 1571 homine
3351 1516 3492 1586 quod
3524 1518 3675 1572 vide-

2093 1603 2198 1657 bat.
2234 1602 2395 1660 Filius
2423 1604 2557 1674 patri
2584 1606 2882 1675 porrigebat
2907 1618 3152 1672 manum,
3182 1616 3239 1661 nt
3263 1607 3559 1663 ambularet
3581 1626 3677 1680 per

2094 1704 2324 1760 terram;
2357 1705 2411 1750 et
2442 1705 2587 1766 pater
2613 1697 2739 1763 filio,
2768 1706 2826 1751 ut
2857 1696 3123 1752 habitaret
3150 1698 3200 1752 in
3231 1699 3392 1752 cmlo.

2165 1788 2251 1841 Π.
2294 1785 2628 1841 Clantandum
2681 1787 2811 1841 inter
2857 1787 3027 1842 turbas
3075 1788 3297 1842 clamare
3340 1788 3678 1858 prohibentes.

2093 1876 2347 1943 Breviter,
2380 1885 2435 1931 ut
2462 1877 2792 1942 concludam,
2823 1877 3037 1946 fratres,
3070 1892 3370 1934 sermonem
3405 1881 3586 1946 istum,
3613 1898 3677 1939 er

2088 1983 2154 2021 eo
2178 1968 2317 2038 quod
2344 1983 2442 2023 nos
2470 1968 2750 2038 plurimum
2782 1969 2947 2039 tangit
2973 1979 3129 2040 atque
3155 1970 3327 2040 angit,
3358 1972 3534 2028 videte
3557 1988 3678 2028 esse

2091 2057 2270 2111 turbas
2300 2073 2418 2127 qua:
2444 2059 2730 2128 corripiant
2755 2056 2927 2114 émcos
2951 2061 3259 2115 clamantes.
3286 2060 3486 2117 Omnes
3512 2066 3677 2134 quiin

2090 2151 2189 2202 hac
2231 2150 2382 2205 turba
2425 2150 2599 2205 sanari
2632 2150 2824 2215 vultis,
2877 2167 2983 2206 non
3025 2168 3119 2209 vos
3162 2153 3508 2211 deterreant:
3554 2159 3677 2227 quia

2088 2241 2237 2295 inulti
2267 2250 2390 2295 sunt
2417 2242 2632 2297 nomine
2659 2241 2965 2310 christiani,
2996 2251 3051 2300 et
3078 2246 3331 2315 operibus
3358 2248 3539 2318 impii;
3569 2266 3675 2304 non

2087 2347 2182 2387 vos
2205 2331 2510 2388 deterreant
2532 2347 2561 2387 a
2590 2333 2743 2389 bonis
2768 2335 3034 2405 operibus.
3062 2334 3299 2392 Clamate
3328 2337 3468 2393 iutcr
3493 2340 3679 2395 turbas

2086 2435 2489 2495 compescentes
2508 2466 2523 2492 ,
2552 2435 2863 2485 revocantes
2882 2468 2897 2496 ,
2929 2422 3283 2496 insultantes,
3316 2431 3455 2486 male
3486 2432 3647 2487 viret:

2088 2525 2187 2573 tes.
2215 2517 2330 2573 Non
2357 2518 2499 2574 enim
2522 2518 2652 2574 solis
2677 2520 2894 2575 vocibus
2920 2522 3281 2591 comprimunt
3310 2522 3481 2577 bonos
3505 2523 3674 2578 Citri-

2084 2610 2287 2663 stianos
2324 2610 2448 2664 mali
2468 2652 2483 2676 ,
2520 2610 2614 2665 sed
2652 2619 2707 2666 et
2738 2612 2891 2668 malis
2916 2611 3188 2682 operibus.
3215 2613 3329 2669 Non
3357 2615 3471 2669 vult
3499 2615 3675 2671 bonus

2083 2700 2415 2757 Christianus
2440 2704 2517 2759 ire
2542 2713 2803 2774 spectare.
2834 2704 2947 2762 lloc
2976 2707 3144 2776 ipsum
3168 2706 3310 2777 quod
3340 2707 3514 2763 frenat
3538 2725 3673 2766 con-

2083 2793 2463 2864 cupiscentiam
2492 2810 2676 2863 suam,
2705 2811 2773 2852 ne
2814 2806 2995 2868 pergat
3030 2798 3098 2852 ad
3138 2799 3443 2866 theatrum;
3478 2801 3680 2859 clamat

2084 2899 2204 2958 post
2229 2887 2530 2954 Christum,
2576 2892 2771 2944 clamat
2797 2898 2857 2946 ut
2882 2899 3116 2946 sanetur.
3156 2892 3257 2947 Alii
3297 2903 3672 2960 concurrunt,

2082 2978 2179 3034 sed
2206 2977 2343 3034 forte
2383 2979 2606 3051 Pagani,
2636 2977 2776 3036 forte
2816 2980 3004 3037 Judmi.
3037 2979 3146 3037 lmo
3187 2996 3315 3039 vero
3363 2990 3469 3039 tam
3519 2984 3676 3054 pauci

2083 3080 2263 3126 essent
2304 3071 2355 3126 in
2400 3072 2648 3139 theatris,
2695 3080 2754 3128 ut
2795 3073 3160 3131 erubescendo
3202 3073 3577 3145 discederent,
3627 3077 3674 3133 si

2081 3159 2365 3215 Christiani
2394 3161 2461 3216 ad
2488 3162 2692 3217 theatra
2722 3178 2826 3217 non
2848 3164 3183 3220 accederent.
3206 3164 3439 3221 Currunt
3465 3182 3597 3239 ergo
3620 3177 3676 3223 et

2083 3253 2177 3319 illi,
2202 3263 2473 3324 portantes
2489 3256 2728 3310 sanctum
2751 3269 2945 3311 nomen
2973 3254 3039 3310 ad
3062 3270 3273 3327 paruam
3294 3271 3465 3312 suam.
3485 3258 3674 3314 Clama

2083 3358 2210 3415 ergo
2238 3361 2342 3399 non
2388 3343 2592 3413 eundo,
2624 3361 2869 3415 premens
2907 3346 2961 3402 in
2988 3347 3150 3403 corde
3193 3357 3285 3403 tuo
3315 3349 3673 3422 temporalem

2080 3435 2598 3505 concupiscentiam;
2632 3443 2686 3491 et
2726 3444 2847 3491 tene
2885 3445 2937 3492 te
2962 3438 3015 3492 iu
3044 3439 3280 3494 clamore
3308 3437 3431 3495 forti
3461 3447 3518 3494 ct
3550 3455 3675 3510 per-

2081 3526 2348 3581 severanti
2374 3524 2439 3579 ad
2466 3540 2623 3581 aures
2645 3525 2965 3595 Salvatoris,
2998 3539 3056 3584 ut
3083 3538 3188 3585 stet
3208 3529 3367 3586 desus
3386 3572 3402 3596 ,
3433 3540 3487 3585 ct
3523 3539 3678 3587 curet

2085 3628 2150 3673 te.
2185 3616 2325 3672 Inter
2350 3617 2491 3688 ipsas
2519 3618 2698 3673 turbas
2733 3619 2903 3675 clama
2923 3661 2939 3687 ,
2971 3637 3038 3677 ne
3067 3622 3322 3693 desperes
3360 3624 3427 3679 de
3452 3625 3677 3680 auribus

2085 3709 2313 3765 Domini.
2344 3707 2458 3764 Non
2484 3710 2628 3765 enim
2655 3718 2709 3766 et
2733 3710 2808 3765 illi
2837 3711 2968 3767 caeci
2994 3728 3059 3768 ex
3089 3713 3180 3769 illa
3215 3722 3363 3785 parte
3391 3716 3675 3770 clamave-

2082 3809 2205 3856 runt
2225 3844 2239 3865 ,
2267 3801 2359 3856 ubi
2390 3802 2541 3857 turba
2571 3817 2678 3857 non
2705 3813 2818 3859 erat
2839 3844 2855 3871 ,
2887 3813 2943 3858 ut
2970 3820 3035 3860 ex
3064 3820 3127 3860 ea
3153 3815 3307 3876 parte
3334 3807 3673 3874 audirentur,

2084 3893 2171 3947 ubi
2220 3909 2323 3947 non
2373 3904 2517 3949 esset
2562 3894 2998 3965 impedimentum
3053 3897 3467 3967 prohibentium.
3526 3898 3674 3955 Inter

2084 3985 2222 4055 ipsas
2245 3984 2426 4040 turbas
2454 3985 2813 4042 clamaverunt
2837 4005 2850 4040 :
2883 3996 2939 4043 et
2970 3997 3143 4044 tamen
3167 3989 3422 4045 Dominus
3443 3990 3671 4045 audivit.

2082 4076 2171 4132 Sic
2190 4084 2244 4132 et
2267 4091 2366 4132 vos
2392 4077 2551 4132 etiam
2580 4077 2718 4133 inter
2743 4091 3052 4149 peccatores
3078 4089 3133 4136 et
3158 4080 3508 4149 luxuriantes,
3533 4085 3676 4142 inter

2083 4177 2347 4223 annatores
2376 4167 2712 4223 smeularium
2742 4169 3033 4225 vanitatum
3055 4212 3070 4237 ,
3098 4158 3456 4239 ibi-clamate,
3491 4184 3547 4229 ut
3576 4191 3672 4231 sa-

2084 4268 2175 4314 net
2199 4276 2295 4316 vos
2323 4260 2593 4316 Dominus.
2614 4260 2789 4316 Nolite
2810 4277 2909 4333 per
2933 4263 3087 4317 aliam
3117 4273 3320 4333 partem
3348 4265 3581 4323 clamare
3603 4267 3673 4323 ad

2083 4350 2395 4418 Dominum,
2427 4349 2590 4405 nolite
2616 4350 2682 4406 ad
2712 4351 2992 4406 ltmrcticos
3016 4352 3125 4417 ire,
3153 4362 3207 4408 et
3238 4354 3307 4408 ibi
3336 4356 3570 4410 clamare
3599 4357 3671 4413 at!

2086 4445 2385 4501 Dominum.
2414 4443 2714 4511 Attenditc,
2743 4443 2933 4499 fratres
2955 4485 2971 4512 ,
2999 4445 3118 4516 quia
3150 4446 3203 4501 in
3240 4447 3325 4501 iila
3358 4449 3509 4503 turba
3549 4465 3677 4518 qua:

2081 4539 2312 4594 clamare
2345 4535 2687 4606 prohibebat,
2736 4536 2805 4592 ibi
2842 4537 3012 4591 sanati
3052 4546 3176 4593 sunt
3217 4541 3307 4609 qui
3345 4540 3672 4596 clamabant.

2150 4628 2377 4686 CAPUT
2414 4626 2574 4683 XVII.
2605 4658 2677 4668 —
2715 4627 2801 4684 18.
2850 4626 3230 4683 Perseverantia
3268 4631 3677 4686 eoruradictores

2081 4725 2366 4778 vincuntur.
2434 4720 2566 4775 Nam
2604 4729 2658 4775 ct
2698 4719 2801 4775 hoc
2839 4720 3079 4776 attettdat
3133 4720 3398 4778 Sanctitas
3453 4733 3672 4791 vestra,

2081 4814 2206 4887 quid
2234 4815 2301 4869 sit
2334 4827 2681 4884 perseverare
2717 4810 2769 4867 in
2804 4812 3103 4868 clamando.
3138 4812 3316 4870 Dicam
3346 4815 3486 4886 quod
3520 4817 3675 4873 multi

2082 4922 2290 4962 mecum
2336 4904 2543 4974 experti
2584 4910 2711 4958 sunt
2753 4904 2805 4957 in
2847 4905 3062 4960 nomine
3106 4903 3347 4963 Christi:
3378 4921 3481 4962 non
3525 4909 3676 4964 enim

2081 5006 2257 5053 cessat
2287 4995 2521 5051 Ecclesia
2544 4995 2676 5050 tates
2706 5009 2913 5065 parere.
2939 4991 3072 5051 Cum
3093 4996 3317 5069 quisque
3336 4996 3677 5054 Christianus

2082 5088 2306 5160 cmperit
2328 5086 2469 5144 bene
2506 5087 2714 5148 vivere,
2740 5085 2962 5149 fervere
2998 5087 3153 5143 bonis
3185 5088 3468 5160 operibus,
3510 5105 3675 5145 mun-

2084 5180 2318 5251 dumque
2338 5186 2709 5243 contemnere;
2740 5178 2792 5232 in
2817 5176 2927 5247 ipsa
2950 5178 3183 5234 novitate
3202 5193 3422 5250 operum
3449 5195 3675 5235 suorum

2086 5274 2280 5345 patitur
2307 5271 2723 5342 reprehensores
2744 5279 2799 5326 et
2824 5272 3244 5329 contradictores
3272 5270 3488 5345 frigidos
3514 5273 3678 5329 Chri-

2084 5364 2307 5421 stianos.
2345 5363 2400 5420 Si
2437 5375 2611 5420 autem
2641 5368 3091 5436 perseveraverit,
3122 5377 3177 5423 et
3212 5380 3306 5424 eos
3344 5373 3676 5439 superaverit

2084 5456 2443 5527 perdurando,
2472 5467 2524 5512 et
2553 5471 2658 5512 non
2683 5455 2935 5513 defecerit
2957 5472 2987 5513 a
3017 5460 3172 5516 bouis
3197 5462 3475 5532 operibus;
3511 5460 3676 5517 iidem

2086 5549 2184 5620 ipsi
2222 5549 2330 5617 jam
2366 5550 2744 5619 obsequentur,
2774 5550 2864 5623 qui
2893 5560 3018 5608 ante
3049 5551 3417 5624 prohibebant.
3444 5551 3679 5609 Tamdiu

2084 5638 2227 5693 enim
2252 5639 2546 5709 corripiunt
2569 5649 2623 5695 et
2653 5639 2963 5710 perturbant
2990 5650 3044 5697 et
3071 5652 3269 5710 vetant,
3298 5644 3551 5715 quamdiu
3573 5644 3679 5699 sibi

2092 5725 2205 5777 cedi
2237 5743 2390 5798 posse
2417 5741 2761 5799 praesumunt.
2795 5731 2849 5787 Si
2888 5743 3065 5790 autem
3097 5735 3219 5791 victi
3262 5734 3455 5790 fuerint
3484 5750 3672 5804 perse-
