3922 6192
164 302 257 361 549

165 414 377 474 mnia
399 411 819 488 proﬁcientium,
845 414 1163 465 convertunt
1195 420 1275 470 se,
1306 412 1360 459 et
1381 403 1560 459 dicere
1587 400 1723 456 inci-

169 511 297 583 piunt
322 527 338 565 :
366 507 587 575 Haguus
620 504 807 565 homo,
846 510 1061 556 sanctus
1089 498 1279 554 homo:
1310 494 1430 551 telis
1467 494 1554 550 cui
1586 493 1724 547 Deus

171 597 426 656 concessit.
463 596 768 659 llonorant,
812 591 1177 663 gratulantur,
1216 587 1568 649 benedicunt,
1604 585 1724 639 lau-

173 690 280 746 dant
309 706 324 740 :
352 683 621 756 quomodo
662 682 750 737 illa
795 680 947 735 turba
989 694 1111 750 quae
1153 691 1274 732 cum
1325 674 1550 731 Domino
1587 680 1721 728 erat.

175 780 269 851 Ipsa
305 776 614 848 prohibebat
647 788 717 829 ne
752 772 879 827 caeci
921 771 1260 825 clamarent:
1310 766 1402 822 sed
1446 774 1724 836 postquam

174 873 238 927 itll
260 871 323 925 ita
342 868 720 931 clamaveruat,
746 871 802 918 ut
820 869 1156 919 mererentur
1172 858 1344 917 audiri
1363 867 1416 913 et
1438 858 1726 927 impetrare

177 959 560 1018 misericordiam
588 955 814 1017 Domini.
844 956 958 1024 ipsa
984 953 1137 1008 turba
1160 964 1366 1006 rursum
1388 948 1536 1015 dicit,
1572 946 1727 1002 Vocat

178 1071 245 1108 res
262 1051 426 1106 deus.
448 1049 565 1105 1am
585 1057 639 1103 et
660 1047 957 1101 hortatores
978 1044 1126 1105 liuut,
1151 1042 1238 1112 qui
1266 1040 1422 1112 paulo
1443 1048 1570 1094 ante
1604 1052 1726 1093 cor-

179 1143 411 1213 ripiebant
437 1150 497 1194 ut
524 1147 775 1193 tacerent.
805 1134 965 1191 Solus
992 1141 1170 1188 autem
1193 1132 1282 1186 ille
1320 1145 1427 1185 non
1455 1139 1671 1183 vocatur
1693 1142 1723 1180 a

181 1234 397 1297 Domino,
420 1232 510 1303 qui
543 1245 647 1285 non
686 1229 890 1282 laborat
919 1227 970 1281 in
998 1225 1100 1280 hoc
1125 1223 1342 1279 sacculo.
1381 1220 1485 1276 Sed
1524 1219 1641 1288 quis
1672 1219 1726 1271 in

176 1327 260 1382 hac
276 1324 379 1377 vita
400 1338 502 1376 non
524 1319 726 1375 laborat
741 1319 791 1373 in
813 1317 1043 1389 peccatis
1059 1323 1113 1371 et
1132 1315 1183 1369 in
1201 1312 1566 1383 iniquitatibus
1581 1309 1727 1363 suis?

174 1418 220 1470 Si
244 1426 413 1470 autem
436 1428 620 1469 omnes
644 1412 902 1475 laborant,
930 1407 1176 1463 omnibus
1195 1405 1395 1459 dictum
1420 1411 1524 1465 est,
1558 1399 1730 1454 Venite

174 1506 230 1559 sd
251 1522 353 1571 me,
380 1520 547 1557 comes
572 1502 658 1575 qui
688 1500 923 1555 laboratis
953 1496 1162 1570 (Matth.
1193 1510 1278 1558 χι,
1305 1493 1423 1565 28).
1464 1489 1520 1546 Si
1546 1498 1725 1545 autem

172 1598 397 1654 omnibus
419 1595 617 1651 dictum
642 1602 724 1649 est
740 1632 758 1659 ,
786 1604 950 1663 quare
972 1589 1186 1658 culpam
1216 1595 1359 1641 tuam
1381 1584 1568 1640 tribuis
1594 1581 1727 1637 invi-

176 1688 309 1741 latori
346 1695 433 1740 tuo
455 1686 509 1739 εἳ
540 1684 693 1739 Veni.
733 1681 845 1738 Non
876 1680 968 1735 tibi
1000 1678 1060 1733 lit
1096 1685 1320 1746 augusta
1345 1674 1538 1729 domus
1561 1672 1722 1739 ejus:

176 1778 350 1846 pariter
385 1775 450 1830 ab
476 1773 756 1837 omnibus,
787 1778 953 1826 totum
978 1784 1009 1824 a
1051 1767 1272 1839 singulis
1311 1763 1611 1835 possidetur
1634 1777 1725 1819 re~

176 1884 312 1937 μείω
347 1867 472 1933 Dei;
511 1873 788 1921 crescente
816 1874 1182 1934 possessorum
1222 1872 1446 1913 numero
1484 1871 1589 1910 non
1618 1855 1724 1910 mi-

175 1961 343 2025 suitur,
376 1960 501 2030 quia
529 1971 635 2014 non
668 1956 936 2011 dividitur.
978 1952 1277 2022 Unicuique
1312 1952 1577 2022 integrant
1604 1956 1722 2014 est,

176 2052 292 2122 quod
315 2049 650 2107 concorditer
673 2047 897 2103 habetur
915 2060 946 2101 a
972 2044 1172 2100 multis.

229 2140 442 2198 CAPUT
481 2137 830 2196 XVlll.—-l9.
846 2135 1033 2191 Boniet
1062 2132 1185 2189 moli
1208 2133 1262 2188 in
1287 2130 1515 2187 Ecclesia
1533 2129 1724 2200 peruti-

175 2236 254 2289 sti.
278 2232 439 2287 ﬂetus
466 2232 650 2287 bonum
678 2228 871 2284 duobus
896 2226 1061 2282 modis
1084 2242 1185 2281 non
1212 2224 1456 2280 maculat.
1493 2224 1604 2280 lloc
1645 2232 1725 2277 ta-

177 2338 283 2380 mea
304 2324 354 2379 in
381 2322 633 2392 mysterio
658 2319 902 2376 lectionis
923 2317 1083 2388 hujus
1109 2317 1478 2387 cognovimus,
1510 2312 1722 2382 fratres,

176 2414 299 2485 quod
323 2415 437 2469 aliis
472 2412 759 2469 Librorum
777 2418 1082 2466 sanctorum
1119 2409 1251 2464 locis
1276 2406 1608 2478 apertissime
1632 2421 1718 2460 so-

178 2515 284 2569 nas,
312 2519 424 2561 esse
450 2504 594 2558 intus
628 2502 685 2557 in
709 2499 945 2557 Ecclesia
974 2509 1028 2555 et
1061 2497 1233 2554 bonos
1261 2504 1317 2551 et
1350 2495 1551 2562 malos,
1584 2493 1725 2565 quod

175 2612 298 2667 sape
319 2596 542 2652 dicimus
565 2593 884 2649 frumentum
907 2600 963 2648 et
990 2591 1217 2662 paleam.
1240 2589 1409 2645 Nemo
1437 2597 1562 2645 autc
1586 2596 1723 2643 tem-

179 2704 256 2758 pus
274 2688 481 2743 deserat
506 2701 716 2751 aream,
755 2684 946 2740 toleret
973 2683 1177 2754 paleam
1203 2683 1254 2736 iu
1283 2682 1468 2736 tritura
1487 2722 1503 2748 ,
1534 2679 1728 2736 toleret

178 2780 219 2832 in
240 2795 380 2835 area.
401 2777 552 2847 Quod
590 2777 731 2832 enim
771 2775 997 2840 toleret,
1028 2775 1082 2828 in
1123 2774 1316 2828 horreo
1350 2786 1455 2827 non
1489 2771 1723 2826 habebit.

182 2867 345 2924 Veniet
388 2866 689 2931 ventilator,
732 2864 822 2934 qui
868 2862 1070 2919 dividet
1105 2862 1275 2918 malos
1316 2875 1348 2916 a
1391 2861 1562 2916 bonis.
1609 2859 1729 2915 Erit

176 2962 310 3015 etiam
355 2958 641 3030 corporalis
686 2954 985 3024 separatio,
1029 2968 1188 3023 quam
1235 2951 1395 3006 modo
1437 2949 1727 3023 spiritualis

178 3051 422 3122 pratum.
464 3050 506 3104 Α
558 3046 710 3102 malis
751 3043 914 3103 corde
960 3059 1173 3113 semper
1219 3041 1611 3113 disjungimini;
1657 3038 1725 3095 ad

179 3156 366 3217 tempus
387 3152 533 3201 caute
557 3136 1152 3212 corporecopulamini.
1193 3128 1304 3190 Nec
1347 3144 1523 3188 tamen
1555 3131 1726 3203 negli-

177 3251 339 3308 gentes
367 3239 470 3293 sitis
495 3237 548 3292 iu
590 3230 919 3303 corrigendis
950 3228 1176 3293 vestris,
1215 3226 1282 3281 ad
1312 3240 1496 3281 curam
1522 3225 1726 3280 scilicet

181 3342 396 3384 vestiam.
418 3342 630 3399 quoquo
669 3323 825 3379 modo
853 3319 1239 3393 pertinentibus
1258 3359 1272 3382 ,
1305 3316 1601 3382 monendo,
1630 3315 1729 3371 do-

180 3422 348 3486 cendo,
374 3417 646 3483 hortando,
679 3413 949 3472 terrendo.
980 3407 1608 3484 Quibuscumqntgmodis
1635 3420 1731 3478 po-

180 3514 334 3578 testis,
364 3511 513 3583 agite.
559 3509 702 3575 Nec,
741 3520 863 3563 cum
905 3501 1158 3559 invenitis
1183 3500 1237 3556 in
1265 3498 1553 3570 Scripturis
1590 3506 1646 3553 et
1673 3498 1725 3553 in

179 3605 410 3675 exemplis
430 3610 765 3661 sanctorum,
790 3596 902 3652 sive
926 3594 1014 3665 qui
1041 3600 1195 3660 ante,
1222 3592 1335 3647 sive
1362 3590 1450 3661 qui
1477 3598 1595 3659 post
1620 3588 1726 3642 Do—

182 3696 288 3749 mini
319 3695 593 3749 adventum
624 3692 677 3746 in
703 3690 800 3743 hac
831 3688 935 3743 vita
963 3685 1209 3750 fuerunt,
1241 3682 1381 3753 quod
1407 3679 1533 3735 mali
1561 3680 1729 3735 bonos

184 3787 225 3839 in
247 3788 432 3842 unitate
459 3801 564 3841 non
603 3780 904 3846 maculant,
944 3774 1248 3833 efﬁciamiui
1284 3772 1418 3843 pigri
1452 3771 1519 3827 ad
1559 3770 1729 3826 corri-

181 3877 359 3944 gendos
380 3876 563 3931 malos.
590 3873 807 3928 Duobus
835 3869 1008 3926 modis
1046 3881 1154 3923 non
1186 3863 1494 3921 temaculat
1519 3862 1688 3918 maius
1712 3880 1728 3918 :

182 3969 220 4023 si
252 3985 350 4024 non
385 3966 705 4031 consentias,
745 3972 800 4020 et
849 3962 895 4017 si
932 3960 1260 4031 redarguas:
1307 3957 1410 4013 hoc
1452 3964 1568 4023 est,
1623 3970 1731 4010 non

180 4062 565 4124 communicare,
586 4075 693 4115 non
711 4055 1033 4113 consentire.
1054 4052 1489 4108 Communicatur
1512 4051 1728 4120 quippe,

180 4152 368 4221 qmndo
394 4152 530 4208 facto
554 4150 668 4221 ejus
692 4147 1016 4205 consortium
1042 4143 1330 4199 voluntatis
1355 4144 1436 4198 vel
1465 4141 1730 4212 approba-

183 4244 321 4300 tionis
345 4243 663 4316 adjungitnr.
706 4240 818 4295 lloc
842 4253 970 4309 ergo
996 4252 1095 4292 nos
1119 4235 1412 4291 admonens
1446 4233 1733 4304 Apostolus

179 4337 277 4393 ait:
305 4336 469 4391 Nolite
488 4334 854 4391 communicare
879 4330 1116 4401 operibus
1143 4325 1472 4397 infructuosis
1507 4323 1734 4379 tenebra-
1757 4378 1763 4384 ,

180 4442 299 4480 nm.
321 4426 387 4482 Et
406 4427 522 4497 quia
538 4438 720 4496 parum
737 4431 868 4487 erat,
891 4435 997 4477 non
1016 4417 1336 4482 consentire,
1359 4416 1735 4484 sisequcretur

181 4520 478 4590 negligentia
503 4516 793 4587 disciplinae
819 4531 833 4569 :
861 4511 1030 4583 Magis
1053 4519 1241 4575 autem,
1271 4507 1460 4578 inquit,
1490 4516 1536 4560 et
1560 4505 1733 4560 redar-

181 4611 302 4679 guite
320 4609 529 4682 (Ep/tes.
554 4625 607 4673 v,
631 4607 743 4678 11).
770 4603 955 4659 Videte
982 4599 1423 4672 quemadmodum
1452 4609 1733 4666 utrumque

181 4702 467 4772 amplexus
499 4706 606 4766 est,
641 4697 815 4752 Nolite
840 4692 1212 4750 communicare
1232 4707 1252 4746 :
1280 4690 1440 4760 magis
1475 4698 1643 4743 autent
1685 4697 1733 4741 et

181 4794 465 4865 redarguam
492 4789 623 4859 Quid
649 4797 749 4855 est,
779 4785 955 4842 Nolite
974 4782 1379 4839 comnmnicare?
1403 4780 1579 4836 Nolite
1605 4795 1734 4835 con-

174 4885 399 4950 sentire,
429 4884 585 4941 nolite
620 4882 864 4946 laudare,
900 4878 1065 4934 nolite
1092 4875 1405 4945 approbare.
1441 4872 1577 4942 Quid
1612 4880 1730 4939 est,

179 4974 339 5046 legis
363 4984 519 5031 autem
542 4983 588 5029 et
620 4971 941 5046 νεωμὶιεῖ
980 4964 1372 5038 Reprehenditc
1392 5004 1407 5030 ,
1447 4962 1728 5032 corripite,

177 5076 431 5123 coerecte.

238 5157 326 5216 ω
359 5155 599 5215 Concedo
642 5172 741 5213 non
777 5152 993 5229 superbo
1027 5151 1198 5207 citima
1235 5148 1486 5223 facienda.
1528 5146 1734 5203 Deinde

176 5252 227 5311 in
249 5251 363 5322 ipsa
388 5252 700 5309 correctione
725 5248 813 5306 vel
853 5245 1174 5305 coercitione
1213 5243 1505 5299 alienorum
1540 5255 1733 5312 pecca-

175 5357 345 5400 torum
395 5343 670 5401 cavendum
721 5349 838 5409 est,
891 5355 962 5397 ne
1003 5353 1063 5395 se
1106 5335 1322 5393 extollat
1370 5332 1462 5405 qui
1506 5333 1732 5389 alterum

179 5438 423 5508 corripit;
448 5445 500 5494 et
531 5436 813 5510 apostolica
850 5434 941 5491 illa
982 5428 1260 5504 cogitanda
1301 5428 1560 5484 sententia
1605 5435 1729 5483 est:

182 5527 488 5601 Dupropter
531 5530 615 5598 qui
656 5545 712 5583 se
758 5535 900 5599 putat
941 5534 1108 5589 stare,
1153 5522 1317 5605 rideat
1364 5536 1428 5575 ne
1475 5521 1624 5575 cadat
1671 5518 1732 5591 (I

182 5618 289 5674 Cor.
326 5636 398 5687 ι,
432 5619 536 5693 12).
576 5619 729 5677 Foris
771 5616 1078 5675 terribiliter
1115 5622 1368 5687 peramet
1409 5613 1732 5684 increpatio;

239 5733 255 5765 ε
276 5730 569 5786 comm
584 5739 688 5798 κδ..
708 5728 936 5786 imitatori
954 5734 1052 5783 tuo.

1461 285 1692 345 SERMO
1732 284 2049 342 LXXXVIII.

3303 305 3407 363 550

1834 400 1975 455 intus
2004 401 2235 459 lenitatis
2257 411 2494 460 teneatur
2514 407 2746 465 dilectio.
2771 413 2833 467 Si
2854 426 3227 488 prazoccnpatns
3255 425 3411 490 {ueris

1833 492 1981 546 homo
2005 494 2056 546 in
2083 494 2253 561 aliqua
2278 496 2478 562 delicto,
2511 500 2647 556 sicut
2669 501 2795 558 dicit
2826 504 2965 560 idem
2994 512 3297 576 apostolus;
3321 529 3408 569 vos

1830 583 1917 651 qui
1933 583 2221 652 spiritunlcs
2248 587 2383 652 estis,
2416 589 2702 657 lmjusmodi
2729 594 2955 649 instruite
2980 597 3033 650 in
3060 600 3240 668 spiritu
3264 619 3410 658 mart-

1831 675 2112 730 suctudinis
2131 717 2144 740 ,
2186 677 2445 734 intendens
2469 690 2516 735 te
2539 683 2730 749 ipsum,
2771 704 2834 742 ne
2856 699 2902 742 et
2930 700 2984 743 tu
3011 695 3231 748 tenteris.
3269 697 3414 753 Alter

1832 763 2038 819 alterius
2063 782 2215 821 onera
2236 779 2431 838 portate
2447 812 2460 835 ,
2503 781 2548 826 et
2574 774 2647 827 sic
2675 776 3015 845 atlintplebitis
3037 785 3191 850 legem
3220 783 3413 839 Clu-isti

1834 851 2116 925 (Calat.vt,
2144 857 2163 913 1
2189 868 2234 911 et
2258 858 2338 928 Ξ).
2357 859 2485 915 item
2511 863 2615 917 alio
2639 864 2791 921 loco:
2820 867 3053 935 Servum,
3083 873 3269 943 inquit,
3301 875 3412 930 Do-

1832 945 1955 998 mini
1979 963 2078 1000 non
2107 956 2300 1016 oportet
2324 948 2551 1021 litigare;
2578 953 2668 1007 sed
2685 956 2851 1010 mitem
2879 976 2985 1012 esse
3001 962 3070 1015 ad
3094 980 3282 1031 omnes,
3310 970 3412 1024 do-

1831 1036 2047 1101 cibilem,
2071 1040 2359 1108 patientem,
2384 1042 2435 1095 in
2457 1046 2697 1100 modestia
2714 1050 3277 1119 corripientcm’diuersa
3294 1078 3410 1117 sen-

1834 1126 2109 1216 tientesme
2131 1131 2260 1200 forte
2288 1130 2371 1186 det
2396 1132 2496 1186 illis
2511 1132 2645 1190 Deus
2665 1139 3004 1205 paenitentiam
3020 1145 3088 1196 ad
3107 1162 3412 1216 cognoscen-

1833 1215 1968 1310 dam
1986 1216 2238 1272 veritatem
2258 1261 2273 1285 ,
2317 1230 2364 1274 et
2403 1223 2697 1293 resipiscam
2736 1244 2768 1281 a
2792 1229 2979 1285 diaboli
3003 1215 3224 1304 laqueis,
3253 1256 3285 1293 tt
3311 1258 3410 1310 quo

1831 1306 1968 1401 capti
1989 1315 2217 1363 tenentur
2237 1311 2251 1340 ¹
2274 1310 2343 1363 ad
2360 1312 2521 1380 ipsius
2544 1315 2844 1373 voluntatem
2869 1321 2934 1393 (ll
2958 1322 3086 1379 Tim.
3115 1342 3170 1390 ll,
3192 1306 3403 1401 24-26).

1831 1393 2015 1464 Neque
2041 1412 2168 1468 ergo
2192 1403 2586 1460 consentientes
2615 1407 2728 1461 sitis
2754 1411 2907 1466 malis
2926 1453 2941 1479 ,
2986 1423 3040 1468 ut
3068 1393 3374 1487 approbctis
3389 1438 3406 1487 ;

1834 1501 2003 1557 neque
2030 1491 2376 1561 negligentes,
2407 1504 2463 1549 ut
2487 1512 2592 1552 non
2612 1503 2870 1570 arguatis;
2900 1520 3072 1575 neque
3098 1512 3411 1580 superbien-

1833 1585 1937 1643 tes,
1969 1589 2026 1634 ut
2051 1582 2364 1641 iusultanter
2387 1591 2640 1658 arguatis.

1900 1670 1991 1724 21.
2022 1671 2203 1729 Unitas
2230 1692 2489 1747 nunquam
2522 1680 2816 1737 deserenda.
2857 1685 3238 1743 Donatistarum
3262 1708 3413 1761 sepa-

1830 1761 1960 1815 ratio
2002 1764 2314 1832 improbatur
2346 1785 2408 1822 ea:
2442 1772 2684 1839 parabole
2724 1775 3053 1832 zizaniorum.
3103 1779 3201 1845 Qui
3232 1791 3406 1837 autem

1831 1851 2063 1909 deseruit
2092 1857 2367 1924 unitatem,
2387 1861 2546 1915 violat
2564 1862 2872 1920 charitatem
2890 1884 2902 1919 :
2920 1880 2972 1923 et
2991 1870 3224 1940 quisquis
3250 1874 3409 1929 violat

1831 1943 2165 2012 charitatem,
2195 1950 2465 2018 quodlibet
2492 1969 2739 2024 magnum
2770 1957 2979 2025 habeat,
3012 1962 3123 2030 ipse
3143 1964 3274 2019 nihil
3303 1977 3406 2023 est.

1832 2032 1888 2087 Si
1918 2034 2107 2104 linguis
2149 2037 2420 2095 hominum
2451 2042 2694 2111 loquatur
2736 2055 2787 2101 et
2812 2049 3162 2118 Angeiorum,
3194 2054 3240 2108 si
3278 2056 3413 2112 sciat

1831 2126 2006 2181 omnia
2030 2138 2385 2196 sacramenta,
2408 2133 2453 2186 si
2475 2135 2665 2189 habent
2689 2152 2900 2193 omnem
2925 2139 3101 2207 (idem,
3126 2154 3180 2197 ut
3202 2157 3410 2202 montes

1833 2215 2144 2283 transferat,
2187 2218 2231 2274 si
2272 2220 2554 2277 distribuat
2603 2227 2779 2280 omnia
2830 2242 2925 2283 sua
2970 2234 3322 2300 pauperibus,
3362 2237 3410 2292 si

1822 2320 2029 2375 corpus
2058 2323 2209 2363 suum
2241 2309 2432 2375 tradat,
2462 2321 2518 2365 ut
2537 2312 2738 2381 ardeat,
2767 2315 3077 2374 charitatem
3100 2336 3275 2378 autem
3299 2340 3407 2380 non

1832 2396 2049 2465 habent;
2085 2400 2212 2454 nihil
2240 2410 2355 2467 est,
2387 2402 2512 2457 nihil
2540 2404 2588 2459 ei
2623 2406 2838 2474 prodest
2866 2409 2921 2478 (Ι
2972 2409 3088 2464 Cor.
3121 2430 3240 2479 Xlll,
3297 2417 3408 2487 13}.

1832 2489 2087 2547 Uuiversa
2108 2493 2373 2549 inutiliter
2416 2495 2605 2560 habet,
2648 2500 2735 2568 qui
2769 2516 2929 2556 unum
2954 2503 3116 2568 illud,
3156 2523 3262 2575 quo
3289 2511 3411 2563 uni-

1832 2584 2000 2638 versis
2030 2593 2225 2643 utatur.
2256 2602 2362 2640 non
2404 2586 2585 2643 habet.

1899 2676 2129 2732 CAPUT
2166 2678 2308 2734 XIX.
2330 2709 2402 2720 —
2429 2681 2826 2751 Amplectamur
2855 2685 3030 2755 itaque
3062 2687 3411 2758 charitatem,

1830 2766 2107 2823 studentes
2130 2783 2344 2824 servare
2384 2771 2639 2827 tmitatem
2680 2774 2901 2843 spiritus
2936 2776 2990 2829 in
3018 2777 3227 2832 vinculo
3266 2781 3415 2849 pacis

1832 2855 2046 2929 (Ephes.
2080 2875 2152 2927 tv,
2184 2859 2264 2931 5).
2287 2860 2402 2916 Non
2432 2877 2529 2918 nos
2552 2863 2808 2920 seducunt
2830 2867 2916 2935 qui
2944 2869 3229 2924 carnaliter
3256 2871 3414 2926 intel-

1831 2949 2002 3020 ligunt
2028 2959 2081 3005 et
2101 2952 2431 3021 corporalem
2460 2955 2852 3024 separationem
2896 2956 3181 3025 facientes,
3214 2961 3282 3016 ab
3307 2961 3411 3016 Ec-

1830 3039 2006 3095 clesia:
2030 3039 2307 3098 frumentis
2330 3051 2442 3099 toto
2461 3044 2592 3100 orbe
2616 3044 2822 3102 tlill‘usis
2848 3047 3105 3117 Spirituali
3133 3052 3419 3122 sacrilegio

1830 3140 2164 3212 separantur.
2192 3132 2297 3189 Per
2329 3142 2497 3190 totum
2527 3135 2667 3190 enim
2694 3136 2949 3192 mundum
2979 3140 3293 3196 seminatum
3330 3150 3415 3196 est

1830 3218 2026 3277 bonum
2055 3239 2259 3280 semen.
2290 3224 2471 3281 Bonus
2504 3226 2592 3282 ille
2629 3228 2918 3283 seminator
2950 3228 3112 3285 Filius
3145 3231 3413 3297 hominis,

1831 3326 1938 3367 non
1969 3313 2020 3367 in
2048 3313 2222 3371 Africa
2248 3316 2382 3381 sola,
2411 3316 2503 3371 sed
2536 3316 2730 3387 ubique
2758 3320 2953 3390 sparsit
2977 3336 3159 3378 semen
3192 3322 3409 3379 bonum.

1827 3401 2079 3461 inimicus
2113 3414 2292 3461 autem
2332 3410 2780 3475 superscminavit
2820 3411 3041 3466 zizania.
3087 3413 3189 3467 Sed
3231 3423 3415 3470 tamen

1831 3494 1956 3563 quid
1976 3493 2049 3549 ait
2077 3494 2494 3565 paterfamilias?
2519 3498 2683 3555 Sinite
2702 3510 2913 3572 utraque
2929 3517 3148 3558 crescere
3166 3520 3320 3574 usque
3345 3504 3419 3558 ad

1829 3602 2058 3640 messem.
2091 3589 2195 3644 Per
2216 3588 2343 3659 quid
2384 3592 2663 3647 crescere?
2690 3592 2880 3660 Utique
2920 3610 3017 3663 per
3051 3610 3256 3665 agrum.
3283 3595 3422 3664 Q‘uis

1828 3689 1914 3736 cst
1950 3681 2111 3750 ager?
2134 3681 2528 3753 Numquidnam
2555 3685 2770 3740 Alrica?
2797 3685 2934 3740 Non.
2974 3686 3104 3755 Quis
3129 3696 3213 3743 est
3248 3688 3423 3759 ergo?

1833 3771 1948 3828 Non
1975 3773 2384 3845 interpretemur
2416 3790 2534 3843 nos,
2571 3778 2824 3835 Dominus
2843 3779 2984 3835 dicat
3008 3798 3023 3833 :
3050 3781 3316 3837 neminem
3342 3779 3416 3835 si—

1832 3882 2025 3921 namus
2049 3867 2244 3937 aliquid
2284 3884 2383 3939 pro
2420 3870 2640 3926 arbitrio
2675 3873 2955 3941 suspicari.
2989 3874 3245 3930 Dixerunt
3268 3877 3412 3933 enim

1837 3960 2087 4032 Magistro
2125 3961 2370 4030 discipuli
2401 3980 2414 4017 :
2446 3961 2651 4017 Enarra
2691 3966 2833 4020 nobis
2873 3967 3163 4037 parabolam
3194 3969 3415 4024 insanim-

1834 4068 1968 4107 mm.
1997 4053 2061 4108 Et
2086 4054 2355 4109 enarravit
2374 4055 2632 4111 Dominus
2657 4075 2669 4111 :
2696 4055 2879 4113 Semen
2908 4058 3110 4121 bonum,
3137 4059 3291 4127 dixit,
3320 4061 3421 4130 ﬁlii

1834 4155 1952 4199 sunt
1978 4148 2149 4218 regni;
2176 4147 2375 4202 sizania
2400 4163 2514 4202 vero
2532 4189 2547 4214 ,
2575 4148 2671 4218 ﬁlii
2696 4149 2837 4204 ntali.
2860 4150 2993 4218 Quis
3012 4167 3075 4208 ea
3093 4151 3423 4211 seminavit?

1837 4236 2082 4292 Inimicus
2109 4248 2273 4292 autem
2293 4281 2307 4301 ,
2339 4240 2541 4310 inquit,
2569 4242 2656 4310 qui
2680 4258 2740 4295 ea
2763 4246 3040 4310 seminavit,
3071 4242 3302 4299 diabolus
3321 4254 3415 4300 est.

1837 4329 1967 4396 Quis
1991 4339 2071 4413 est
2096 4329 2254 4399 ager?
2282 4329 2417 4402 Ager
2439 4341 2544 4413 est,
2575 4332 2771 4400 inquit,
2799 4333 2881 4387 hic
2914 4335 3150 4388 mundus.
3179 4334 3308 4402 Qua:
3335 4346 3420 4393 cst

1836 4410 2068 4475 messis?
2100 4420 2279 4499 Messi:
2302 4431 2410 4486 est,
2438 4410 2534 4490 ait,
2565 4424 2683 4491 linis
2713 4425 2905 4478 muti.
2930 4424 3030 4493 Qui
3054 4435 3181 4481 stant
3209 4442 3412 4482 messe.

1836 4513 1961 4566 res?
1992 4510 2259 4578 Messores,
2288 4513 2474 4583 inquit,
2510 4513 2686 4584 Angeli
2706 4524 2822 4569 sunt
2852 4514 3062 4587 (Matth.
3093 4532 3204 4583 aut,
3231 4516 3413 4586 24-30,

1834 4591 2046 4673 56-45).
2070 4603 2336 4674 Numquid
2359 4605 2530 4661 Africa
2550 4615 2633 4661 est
2653 4606 2916 4662 mundus?
2941 4607 3208 4677 Numquid
3226 4610 3423 4665 messis

1838 4695 1942 4751 hoc
1981 4695 2226 4766 tempus?
2253 4695 2521 4767 Numquid
2562 4711 2771 4752 messor
2800 4698 3066 4753 Donatus?
3106 4700 3209 4756 Per
3246 4708 3414 4755 totum

1837 4787 2021 4844 orbem
2049 4796 2307 4843 terrarum
2331 4795 2639 4857 exspectate
2672 4802 2939 4853 messem,
2986 4802 3085 4857 per
3114 4798 3282 4845 totum
3321 4805 3418 4844 or-

1836 4878 1959 4934 bem
1993 4887 2248 4935 terrarum
2276 4879 2502 4933 crcscite
2530 4877 2585 4947 in
2622 4889 2850 4932 messem
2869 4917 2885 4945 ,
2914 4892 3010 4947 per
3035 4888 3201 4933 totum
3229 4880 3417 4934 urbem

1840 4979 2098 5024 terrarum
2124 4966 2325 5021 zizania
2357 4966 2577 5021 tolerate
2605 4979 2773 5035 usque
2798 4965 2866 5019 ad
2896 4980 3148 5022 messem.
3177 4966 3289 5021 Non
3316 4983 3412 5033 vos

1837 5056 2093 5114 seducant
2118 5054 2389 5124 perversi,
2430 5054 2597 5123 paleas
2639 5054 2798 5109 nimis
2832 5054 3011 5118 leves,
3050 5070 3170 5124 quae
3203 5056 3412 5113 evolant

1837 5160 1961 5206 ante
1987 5148 2273 5205 adventant
2309 5146 2637 5203 ventilatoris
2670 5160 2738 5202 ex
2784 5161 2945 5201 area:
2978 5161 3083 5201 non
3123 5161 3220 5202 vos
3247 5147 3410 5204 sedu—

1837 5254 1978 5299 cant.
2018 5240 2218 5296 Tenetc
2258 5254 2352 5295 eos
2388 5238 2460 5294 ad
2502 5238 2655 5295 istam
2691 5239 2779 5294 vel
2815 5239 2984 5294 solam
3012 5237 3412 5297 similitudinem

1838 5333 2185 5413 zizaniorum,
2216 5346 2388 5401 neque
2412 5331 2528 5386 illos
2551 5330 2738 5387 sinatis
2762 5329 2905 5402 loqui
2923 5328 3169 5400 amplius.
3200 5327 3293 5385 ille
3320 5345 3415 5384 cn-

1838 5426 1986 5484 dices
2014 5424 2250 5482 tradidit.
2280 5423 2419 5480 Non.
2447 5422 2554 5481 Sed
2579 5423 2665 5480 ille
2691 5421 2902 5481 codices
2924 5419 3156 5477 tradidit.
3185 5421 3419 5491 Quilibet

1842 5516 2146 5583 tradiderit,
2186 5514 2440 5586 numquid
2482 5512 2767 5569 inﬁdelitas
2791 5510 3104 5567 traditorum
3132 5510 3293 5567 [idem
3323 5512 3417 5568 Dei

1840 5608 2147 5666 evacuavit?
2163 5606 2294 5675 Qua:
2311 5615 2394 5681 est
2414 5604 2546 5660 fides
2568 5604 2698 5661 Dei?
2715 5603 2887 5670 Quam
2909 5602 3150 5673 promisit
3168 5601 3419 5671 Abrahm,

1909 5724 1925 5757 ι
1953 5719 2169 5771 Manlii
2194 5727 2318 5781 uss,
2344 5730 2376 5768 a
2391 5728 2485 5781 quo
2505 5711 2680 5781 captiti
2704 5717 2938 5766 tenentur.
