  <div class='ocr_page' id='page_1' title='image "/cluster/home/n/w/nwhite01/storage/ocr_20150623/38/hvd.32044096580600/281.png"; bbox 0 0 3852 6182; ppageno 0'>
   <div class='ocr_carea' id='block_1_1' title="bbox 417 307 522 368">
    <p class='ocr_par' dir='ltr' id='par_1_1' title="bbox 417 307 522 368">
     <span class='ocr_line' id='line_1_1' title="bbox 417 307 522 368; baseline -0.057 0"><span class='ocrx_word' id='word_1_1' title='bbox 417 307 522 368; x_wconf 67' lang='grc' dir='ltr'><strong>δξεὶ</strong></span> 
     </span>
    </p>
   </div>
   <div class='ocr_carea' id='block_1_2' title="bbox 421 393 2004 478">
    <p class='ocr_par' dir='ltr' id='par_1_2' title="bbox 421 393 2004 478">
     <span class='ocr_line' id='line_1_2' title="bbox 421 393 2004 478; baseline -0.02 1"><span class='ocrx_word' id='word_1_2' title='bbox 421 425 610 478; x_wconf 81' lang='lat' dir='ltr'><strong>dicens</strong></span> <span class='ocrx_word' id='word_1_3' title='bbox 634 437 647 473; x_wconf 91' lang='lat'><strong>:</strong></span> <span class='ocrx_word' id='word_1_4' title='bbox 684 416 746 472; x_wconf 85' lang='lat' dir='ltr'><strong>In</strong></span> <span class='ocrx_word' id='word_1_5' title='bbox 769 413 955 470; x_wconf 81' lang='lat' dir='ltr'><strong>semine</strong></span> <span class='ocrx_word' id='word_1_6' title='bbox 975 420 1060 464; x_wconf 81' lang='lat' dir='ltr'><strong>tuo</strong></span> <span class='ocrx_word' id='word_1_7' title='bbox 1074 406 1429 462; x_wconf 59' lang='lat' dir='ltr'><strong>benedicentur</strong></span> <span class='ocrx_word' id='word_1_8' title='bbox 1445 415 1616 456; x_wconf 63' lang='grc' dir='ltr'><strong>ωηιξη</strong></span> <span class='ocrx_word' id='word_1_9' title='bbox 1637 408 1824 471; x_wconf 80' lang='lat' dir='ltr'><strong>gentes.</strong></span> <span class='ocrx_word' id='word_1_10' title='bbox 1849 393 1915 468; x_wconf 74' lang='grc' dir='ltr'><strong>(Ο</strong></span> <span class='ocrx_word' id='word_1_11' title='bbox 1921 411 2004 449; x_wconf 86' lang='lat' dir='ltr'><strong>en.</strong></span> 
     </span>
    </p>
   </div>
   <div class='ocr_carea' id='block_1_3' title="bbox 426 494 2012 581">
    <p class='ocr_par' dir='ltr' id='par_1_3' title="bbox 426 494 2012 581">
     <span class='ocr_line' id='line_1_3' title="bbox 426 494 2012 581; baseline -0.022 -8"><span class='ocrx_word' id='word_1_12' title='bbox 426 531 537 572; x_wconf 78' lang='lat' dir='ltr'><strong>x-xn</strong></span> <span class='ocrx_word' id='word_1_13' title='bbox 557 555 572 578; x_wconf 97' lang='lat'><strong>,</strong></span> <span class='ocrx_word' id='word_1_14' title='bbox 600 511 710 581; x_wconf 77' lang='lat' dir='ltr'><strong>l8).</strong></span> <span class='ocrx_word' id='word_1_15' title='bbox 741 507 870 575; x_wconf 66' lang='lat' dir='ltr'><strong>Quae</strong></span> <span class='ocrx_word' id='word_1_16' title='bbox 908 512 991 559; x_wconf 90' lang='lat' dir='ltr'><strong>est</strong></span> <span class='ocrx_word' id='word_1_17' title='bbox 1033 500 1165 555; x_wconf 82' lang='lat' dir='ltr'><strong>ﬁdes</strong></span> <span class='ocrx_word' id='word_1_18' title='bbox 1193 497 1324 552; x_wconf 80' lang='lat' dir='ltr'><strong>Dei?</strong></span> <span class='ocrx_word' id='word_1_19' title='bbox 1355 494 1520 550; x_wconf 91' lang='lat' dir='ltr'><strong>Sinite</strong></span> <span class='ocrx_word' id='word_1_20' title='bbox 1544 502 1753 560; x_wconf 76' lang='lat' dir='ltr'><strong>utraque</strong></span> <span class='ocrx_word' id='word_1_21' title='bbox 1792 501 2012 541; x_wconf 80' lang='lat' dir='ltr'><strong>crescere</strong></span> 
     </span>
    </p>
   </div>
   <div class='ocr_carea' id='block_1_4' title="bbox 427 581 2007 676">
    <p class='ocr_par' dir='ltr' id='par_1_4' title="bbox 427 581 2007 676">
     <span class='ocr_line' id='line_1_4' title="bbox 427 581 2007 676; baseline -0.021 -14"><span class='ocrx_word' id='word_1_22' title='bbox 427 623 583 676; x_wconf 83' lang='lat' dir='ltr'><strong>usque</strong></span> <span class='ocrx_word' id='word_1_23' title='bbox 627 603 694 656; x_wconf 84' lang='lat' dir='ltr'><strong>ad</strong></span> <span class='ocrx_word' id='word_1_24' title='bbox 734 614 961 655; x_wconf 89' lang='lat' dir='ltr'><strong><em>messem.</em></strong></span> <span class='ocrx_word' id='word_1_25' title='bbox 1010 595 1111 650; x_wconf 90' lang='lat' dir='ltr'><strong>Per</strong></span> <span class='ocrx_word' id='word_1_26' title='bbox 1151 589 1278 662; x_wconf 80' lang='lat' dir='ltr'><strong>quid</strong></span> <span class='ocrx_word' id='word_1_27' title='bbox 1329 582 1607 644; x_wconf 74' lang='lat' dir='ltr'><strong>crescere?</strong></span> <span class='ocrx_word' id='word_1_28' title='bbox 1658 581 1760 638; x_wconf 85' lang='lat' dir='ltr'><strong>Per</strong></span> <span class='ocrx_word' id='word_1_29' title='bbox 1802 593 2007 648; x_wconf 88' lang='lat' dir='ltr'><strong>agrum.</strong></span> 
     </span>
    </p>
   </div>
   <div class='ocr_carea' id='block_1_5' title="bbox 429 679 1502 766">
    <p class='ocr_par' dir='ltr' id='par_1_5' title="bbox 429 679 1502 766">
     <span class='ocr_line' id='line_1_5' title="bbox 429 679 1502 766; baseline -0.017 -17"><span class='ocrx_word' id='word_1_30' title='bbox 429 696 563 766; x_wconf 83' lang='lat' dir='ltr'><strong>Quid</strong></span> <span class='ocrx_word' id='word_1_31' title='bbox 587 703 688 755; x_wconf 89' lang='lat' dir='ltr'><strong>est,</strong></span> <span class='ocrx_word' id='word_1_32' title='bbox 721 692 824 746; x_wconf 86' lang='lat' dir='ltr'><strong>Per</strong></span> <span class='ocrx_word' id='word_1_33' title='bbox 851 685 1074 759; x_wconf 82' lang='lat' dir='ltr'><strong>agrum?</strong></span> <span class='ocrx_word' id='word_1_34' title='bbox 1099 685 1200 739; x_wconf 86' lang='lat' dir='ltr'><strong>Per</strong></span> <span class='ocrx_word' id='word_1_35' title='bbox 1218 679 1502 736; x_wconf 84' lang='lat' dir='ltr'><strong>mundum.</strong></span> 
     </span>
    </p>
   </div>
   <div class='ocr_carea' id='block_1_6' title="bbox 499 760 2012 842">
    <p class='ocr_par' dir='ltr' id='par_1_6' title="bbox 499 760 2012 842">
     <span class='ocr_line' id='line_1_6' title="bbox 499 760 2012 842; baseline -0.019 -1"><span class='ocrx_word' id='word_1_36' title='bbox 499 788 589 842; x_wconf 86' lang='grc'><strong>22.</strong></span> <span class='ocrx_word' id='word_1_37' title='bbox 637 783 1016 838; x_wconf 88' lang='lat' dir='ltr'><strong>Donatistarum</strong></span> <span class='ocrx_word' id='word_1_38' title='bbox 1055 783 1392 831; x_wconf 81' lang='lat' dir='ltr'><strong>commentum</strong></span> <span class='ocrx_word' id='word_1_39' title='bbox 1437 769 1500 822; x_wconf 69' lang='lat' dir='ltr'><strong>de</strong></span> <span class='ocrx_word' id='word_1_40' title='bbox 1535 767 1900 837; x_wconf 76' lang='lat' dir='ltr'><strong>frumentorum</strong></span> <span class='ocrx_word' id='word_1_41' title='bbox 1929 760 2012 814; x_wconf 79' lang='lat' dir='ltr'><strong>di-</strong></span> 
     </span>
    </p>
   </div>
   <div class='ocr_carea' id='block_1_7' title="bbox 432 859 2015 935">
    <p class='ocr_par' dir='ltr' id='par_1_7' title="bbox 432 859 2015 935">
     <span class='ocr_line' id='line_1_7' title="bbox 432 859 2015 935; baseline -0.017 -1"><span class='ocrx_word' id='word_1_42' title='bbox 432 879 723 935; x_wconf 75' lang='lat' dir='ltr'><strong>minutione.</strong></span> <span class='ocrx_word' id='word_1_43' title='bbox 751 874 845 929; x_wconf 91' lang='lat' dir='ltr'><strong>Ilic</strong></span> <span class='ocrx_word' id='word_1_44' title='bbox 871 873 948 927; x_wconf 85' lang='lat' dir='ltr'><strong>illi</strong></span> <span class='ocrx_word' id='word_1_45' title='bbox 967 870 1152 925; x_wconf 85' lang='lat' dir='ltr'><strong>dicunt</strong></span> <span class='ocrx_word' id='word_1_46' title='bbox 1175 884 1187 920; x_wconf 88' lang='lat'>:</span> <span class='ocrx_word' id='word_1_47' title='bbox 1219 864 1473 920; x_wconf 80' lang='lat' dir='ltr'><strong>Creverat</strong></span> <span class='ocrx_word' id='word_1_48' title='bbox 1497 859 1711 931; x_wconf 88' lang='lat' dir='ltr'><strong>quidem</strong></span> <span class='ocrx_word' id='word_1_49' title='bbox 1733 865 2015 924; x_wconf 83' lang='lat' dir='ltr'><strong>utrumque</strong></span> 
     </span>
    </p>
   </div>
   <div class='ocr_carea' id='block_1_8' title="bbox 432 944 2014 1038">
    <p class='ocr_par' dir='ltr' id='par_1_8' title="bbox 432 944 2014 1038">
     <span class='ocr_line' id='line_1_8' title="bbox 432 944 2014 1038; baseline -0.016 -16"><span class='ocrx_word' id='word_1_50' title='bbox 432 987 527 1038; x_wconf 84' lang='lat' dir='ltr'><strong>per</strong></span> <span class='ocrx_word' id='word_1_51' title='bbox 557 966 833 1030; x_wconf 87' lang='lat' dir='ltr'><strong>mundum,</strong></span> <span class='ocrx_word' id='word_1_52' title='bbox 864 962 956 1017; x_wconf 82' lang='lat' dir='ltr'><strong>sed</strong></span> <span class='ocrx_word' id='word_1_53' title='bbox 977 962 1086 1031; x_wconf 86' lang='lat' dir='ltr'><strong>jam</strong></span> <span class='ocrx_word' id='word_1_54' title='bbox 1120 958 1381 1013; x_wconf 78' lang='lat' dir='ltr'><strong>frumenta</strong></span> <span class='ocrx_word' id='word_1_55' title='bbox 1407 951 1666 1009; x_wconf 90' lang='lat' dir='ltr'><strong>diminuta</strong></span> <span class='ocrx_word' id='word_1_56' title='bbox 1713 955 1852 1012; x_wconf 89' lang='lat' dir='ltr'><strong>sunt,</strong></span> <span class='ocrx_word' id='word_1_57' title='bbox 1961 944 2014 998; x_wconf 92' lang='lat' dir='ltr'><strong>in</strong></span> 
     </span>
    </p>
   </div>
   <div class='ocr_carea' id='block_1_9' title="bbox 434 1034 2018 1122">
    <p class='ocr_par' dir='ltr' id='par_1_9' title="bbox 434 1034 2018 1122">
     <span class='ocr_line' id='line_1_9' title="bbox 434 1034 2018 1122; baseline -0.016 -8"><span class='ocrx_word' id='word_1_58' title='bbox 434 1034 589 1115; x_wconf 84' lang='lat' dir='ltr'><strong>istam</strong></span> <span class='ocrx_word' id='word_1_59' title='bbox 621 1046 855 1112; x_wconf 73' lang='lat' dir='ltr'><strong>nostram</strong></span> <span class='ocrx_word' id='word_1_60' title='bbox 879 1051 1148 1122; x_wconf 78' lang='lat' dir='ltr'><strong>regionem</strong></span> <span class='ocrx_word' id='word_1_61' title='bbox 1173 1046 1595 1118; x_wconf 74' lang='lat' dir='ltr'><strong>paucitatemque</strong></span> <span class='ocrx_word' id='word_1_62' title='bbox 1611 1049 1880 1096; x_wconf 81' lang='lat' dir='ltr'><strong>revocata.</strong></span> <span class='ocrx_word' id='word_1_63' title='bbox 1898 1034 2018 1090; x_wconf 78' lang='lat' dir='ltr'><strong>Non</strong></span> 
     </span>
    </p>
   </div>
   <div class='ocr_carea' id='block_1_10' title="bbox 435 1128 2018 1222">
    <p class='ocr_par' dir='ltr' id='par_1_10' title="bbox 435 1128 2018 1222">
     <span class='ocr_line' id='line_1_10' title="bbox 435 1128 2018 1222; baseline -0.016 -14"><span class='ocrx_word' id='word_1_64' title='bbox 435 1164 486 1208; x_wconf 92' lang='lat' dir='ltr'><strong>te</strong></span> <span class='ocrx_word' id='word_1_65' title='bbox 515 1149 770 1222; x_wconf 88' lang='lat' dir='ltr'><strong>permittit</strong></span> <span class='ocrx_word' id='word_1_66' title='bbox 811 1145 1066 1202; x_wconf 89' lang='lat' dir='ltr'><strong>Dominus</strong></span> <span class='ocrx_word' id='word_1_67' title='bbox 1107 1137 1442 1209; x_wconf 79' lang='lat' dir='ltr'><strong>interpretari</strong></span> <span class='ocrx_word' id='word_1_68' title='bbox 1483 1134 1625 1206; x_wconf 89' lang='lat' dir='ltr'><strong>quod</strong></span> <span class='ocrx_word' id='word_1_69' title='bbox 1655 1133 1756 1186; x_wconf 88' lang='lat' dir='ltr'><strong>vis.</strong></span> <span class='ocrx_word' id='word_1_70' title='bbox 1787 1131 1902 1200; x_wconf 90' lang='lat' dir='ltr'><strong>Ipse</strong></span> <span class='ocrx_word' id='word_1_71' title='bbox 1926 1128 2018 1222; x_wconf 84' lang='lat' dir='ltr'><strong>qui</strong></span> 
     </span>
    </p>
   </div>
   <div class='ocr_carea' id='block_1_11' title="bbox 435 1221 2021 1315">
    <p class='ocr_par' dir='ltr' id='par_1_11' title="bbox 435 1221 2021 1315">
     <span class='ocr_line' id='line_1_11' title="bbox 435 1221 2021 1315; baseline -0.018 -15"><span class='ocrx_word' id='word_1_72' title='bbox 435 1221 655 1315; x_wconf 78' lang='lat' dir='ltr'><strong>exponit</strong></span> <span class='ocrx_word' id='word_1_73' title='bbox 681 1242 817 1295; x_wconf 90' lang='lat' dir='ltr'><strong>hanc</strong></span> <span class='ocrx_word' id='word_1_74' title='bbox 847 1235 1173 1308; x_wconf 88' lang='lat' dir='ltr'><strong>parabolam,</strong></span> <span class='ocrx_word' id='word_1_75' title='bbox 1202 1230 1401 1287; x_wconf 77' lang='lat' dir='ltr'><strong>claudit</strong></span> <span class='ocrx_word' id='word_1_76' title='bbox 1430 1243 1491 1282; x_wconf 89' lang='lat' dir='ltr'><strong>os</strong></span> <span class='ocrx_word' id='word_1_77' title='bbox 1520 1237 1689 1292; x_wconf 82' lang='lat' dir='ltr'><strong>tuum,</strong></span> <span class='ocrx_word' id='word_1_78' title='bbox 1718 1239 1780 1278; x_wconf 89' lang='lat' dir='ltr'><strong>os</strong></span> <span class='ocrx_word' id='word_1_79' title='bbox 1802 1221 2021 1315; x_wconf 76' lang='lat' dir='ltr'><strong>sacrile-</strong></span> 
     </span>
    </p>
   </div>
   <div class='ocr_carea' id='block_1_12' title="bbox 435 1314 2020 1405">
    <p class='ocr_par' dir='ltr' id='par_1_12' title="bbox 435 1314 2020 1405">
     <span class='ocr_line' id='line_1_12' title="bbox 435 1314 2020 1405; baseline -0.014 -19"><span class='ocrx_word' id='word_1_80' title='bbox 435 1314 559 1405; x_wconf 82' lang='lat' dir='ltr'><strong>gum</strong></span> <span class='ocrx_word' id='word_1_81' title='bbox 582 1377 595 1399; x_wconf 91' lang='lat'><strong>,</strong></span> <span class='ocrx_word' id='word_1_82' title='bbox 628 1348 688 1389; x_wconf 93' lang='lat' dir='ltr'><strong>os</strong></span> <span class='ocrx_word' id='word_1_83' title='bbox 715 1331 931 1400; x_wconf 89' lang='lat' dir='ltr'><strong>impium</strong></span> <span class='ocrx_word' id='word_1_84' title='bbox 953 1369 967 1392; x_wconf 95' lang='lat'><strong>,</strong></span> <span class='ocrx_word' id='word_1_85' title='bbox 1005 1342 1065 1380; x_wconf 91' lang='lat' dir='ltr'><strong>os</strong></span> <span class='ocrx_word' id='word_1_86' title='bbox 1092 1323 1368 1395; x_wconf 81' lang='lat' dir='ltr'><strong>profanum</strong></span> <span class='ocrx_word' id='word_1_87' title='bbox 1387 1363 1401 1388; x_wconf 95' lang='lat'><strong>,</strong></span> <span class='ocrx_word' id='word_1_88' title='bbox 1429 1335 1491 1375; x_wconf 90' lang='lat' dir='ltr'><strong>os</strong></span> <span class='ocrx_word' id='word_1_89' title='bbox 1533 1318 1625 1372; x_wconf 85' lang='lat' dir='ltr'><strong>tibi</strong></span> <span class='ocrx_word' id='word_1_90' title='bbox 1656 1314 2020 1377; x_wconf 79' lang='lat' dir='ltr'><strong>contrarium,</strong></span> 
     </span>
    </p>
   </div>
   <div class='ocr_carea' id='block_1_13' title="bbox 435 1407 2024 1493">
    <p class='ocr_par' dir='ltr' id='par_1_13' title="bbox 435 1407 2024 1493">
     <span class='ocr_line' id='line_1_13' title="bbox 435 1407 2024 1493; baseline -0.013 -14"><span class='ocrx_word' id='word_1_91' title='bbox 435 1427 524 1493; x_wconf 79' lang='lat' dir='ltr'><strong>qui</strong></span> <span class='ocrx_word' id='word_1_92' title='bbox 547 1422 866 1479; x_wconf 89' lang='lat' dir='ltr'><strong>contradicis</strong></span> <span class='ocrx_word' id='word_1_93' title='bbox 894 1417 1155 1480; x_wconf 88' lang='lat' dir='ltr'><strong>testatori,</strong></span> <span class='ocrx_word' id='word_1_94' title='bbox 1187 1416 1346 1470; x_wconf 89' lang='lat' dir='ltr'><strong>etiam</strong></span> <span class='ocrx_word' id='word_1_95' title='bbox 1377 1421 1428 1467; x_wconf 90' lang='lat' dir='ltr'><strong>te</strong></span> <span class='ocrx_word' id='word_1_96' title='bbox 1451 1411 1516 1466; x_wconf 88' lang='lat' dir='ltr'><strong>ad</strong></span> <span class='ocrx_word' id='word_1_97' title='bbox 1539 1407 1903 1464; x_wconf 68' lang='lat' dir='ltr'><strong>hmrcditatem</strong></span> <span class='ocrx_word' id='word_1_98' title='bbox 1931 1418 2024 1458; x_wconf 88' lang='lat' dir='ltr'><strong>vo-</strong></span> 
     </span>
    </p>
   </div>
   <div class='ocr_carea' id='block_1_14' title="bbox 438 1494 2026 1579">
    <p class='ocr_par' dir='ltr' id='par_1_14' title="bbox 438 1494 2026 1579">
     <span class='ocr_line' id='line_1_14' title="bbox 438 1494 2026 1579; baseline -0.014 -10"><span class='ocrx_word' id='word_1_99' title='bbox 438 1510 619 1569; x_wconf 72' lang='lat' dir='ltr'><strong>canti‘tl</strong></span> <span class='ocrx_word' id='word_1_100' title='bbox 662 1509 940 1579; x_wconf 85' lang='lat' dir='ltr'><strong>Quomodo</strong></span> <span class='ocrx_word' id='word_1_101' title='bbox 982 1506 1182 1562; x_wconf 92' lang='lat' dir='ltr'><strong>claudit</strong></span> <span class='ocrx_word' id='word_1_102' title='bbox 1225 1519 1286 1558; x_wconf 92' lang='lat' dir='ltr'><strong>os</strong></span> <span class='ocrx_word' id='word_1_103' title='bbox 1327 1501 1507 1556; x_wconf 87' lang='lat' dir='ltr'><strong>tuum?</strong></span> <span class='ocrx_word' id='word_1_104' title='bbox 1554 1495 1816 1561; x_wconf 86' lang='lat' dir='ltr'><strong>Dicendo,</strong></span> <span class='ocrx_word' id='word_1_105' title='bbox 1863 1494 2026 1548; x_wconf 96' lang='lat' dir='ltr'><strong>Sinite</strong></span> 
     </span>
    </p>
   </div>
   <div class='ocr_carea' id='block_1_15' title="bbox 439 1583 2021 1675">
    <p class='ocr_par' dir='ltr' id='par_1_15' title="bbox 439 1583 2021 1675">
     <span class='ocr_line' id='line_1_15' title="bbox 439 1583 2021 1675; baseline -0.015 -16"><span class='ocrx_word' id='word_1_106' title='bbox 439 1618 649 1675; x_wconf 81' lang='lat' dir='ltr'><strong>utraque</strong></span> <span class='ocrx_word' id='word_1_107' title='bbox 677 1616 893 1656; x_wconf 80' lang='lat' dir='ltr'><strong>crescere</strong></span> <span class='ocrx_word' id='word_1_108' title='bbox 925 1613 1084 1668; x_wconf 82' lang='lat' dir='ltr'><strong>usque</strong></span> <span class='ocrx_word' id='word_1_109' title='bbox 1111 1596 1177 1648; x_wconf 85' lang='lat' dir='ltr'><strong>ad</strong></span> <span class='ocrx_word' id='word_1_110' title='bbox 1203 1609 1428 1648; x_wconf 88' lang='lat' dir='ltr'><strong>messem.</strong></span> <span class='ocrx_word' id='word_1_111' title='bbox 1455 1590 1509 1645; x_wconf 89' lang='lat' dir='ltr'><strong>Si</strong></span> <span class='ocrx_word' id='word_1_112' title='bbox 1531 1589 1640 1659; x_wconf 76' lang='lat' dir='ltr'><strong>jam</strong></span> <span class='ocrx_word' id='word_1_113' title='bbox 1677 1586 1776 1640; x_wconf 83' lang='lat' dir='ltr'><strong>fuit</strong></span> <span class='ocrx_word' id='word_1_114' title='bbox 1801 1583 2021 1648; x_wconf 78' lang='lat' dir='ltr'><strong>messis,</strong></span> 
     </span>
    </p>
   </div>
   <div class='ocr_carea' id='block_1_16' title="bbox 441 1679 2028 1749">
    <p class='ocr_par' dir='ltr' id='par_1_16' title="bbox 441 1679 2028 1749">
     <span class='ocr_line' id='line_1_16' title="bbox 441 1679 2028 1749; baseline -0.014 0"><span class='ocrx_word' id='word_1_115' title='bbox 441 1695 721 1749; x_wconf 82' lang='lat' dir='ltr'><strong>credamus</strong></span> <span class='ocrx_word' id='word_1_116' title='bbox 749 1707 868 1745; x_wconf 88' lang='lat' dir='ltr'><strong>esse</strong></span> <span class='ocrx_word' id='word_1_117' title='bbox 895 1689 1158 1743; x_wconf 83' lang='lat' dir='ltr'><strong>frumenta</strong></span> <span class='ocrx_word' id='word_1_118' title='bbox 1179 1685 1459 1738; x_wconf 81' lang='lat' dir='ltr'><strong>diminuta.</strong></span> <span class='ocrx_word' id='word_1_119' title='bbox 1481 1679 1791 1747; x_wconf 84' lang='lat' dir='ltr'><strong>Quanquam</strong></span> <span class='ocrx_word' id='word_1_120' title='bbox 1815 1690 1881 1728; x_wconf 89' lang='lat' dir='ltr'><strong>ne</strong></span> <span class='ocrx_word' id='word_1_121' title='bbox 1902 1683 2028 1726; x_wconf 89' lang='lat' dir='ltr'><strong>tunc</strong></span> 
     </span>
    </p>
   </div>
   <div class='ocr_carea' id='block_1_17' title="bbox 440 1761 2028 1854">
    <p class='ocr_par' dir='ltr' id='par_1_17' title="bbox 440 1761 2028 1854">
     <span class='ocr_line' id='line_1_17' title="bbox 440 1761 2028 1854; baseline -0.014 -15"><span class='ocrx_word' id='word_1_122' title='bbox 440 1784 654 1854; x_wconf 86' lang='lat' dir='ltr'><strong>quidem</strong></span> <span class='ocrx_word' id='word_1_123' title='bbox 701 1783 1021 1839; x_wconf 89' lang='lat' dir='ltr'><strong>minuentur,</strong></span> <span class='ocrx_word' id='word_1_124' title='bbox 1053 1775 1145 1830; x_wconf 88' lang='lat' dir='ltr'><strong>sed</strong></span> <span class='ocrx_word' id='word_1_125' title='bbox 1173 1776 1224 1828; x_wconf 92' lang='lat' dir='ltr'><strong>in</strong></span> <span class='ocrx_word' id='word_1_126' title='bbox 1250 1773 1499 1826; x_wconf 89' lang='lat' dir='ltr'><strong>horreum</strong></span> <span class='ocrx_word' id='word_1_127' title='bbox 1529 1767 1900 1823; x_wconf 76' lang='lat' dir='ltr'><strong>reconduntur.</strong></span> <span class='ocrx_word' id='word_1_128' title='bbox 1938 1761 2028 1818; x_wconf 85' lang='lat' dir='ltr'><strong>Sic</strong></span> 
     </span>
    </p>
   </div>
   <div class='ocr_carea' id='block_1_18' title="bbox 443 1855 2028 1941">
    <p class='ocr_par' dir='ltr' id='par_1_18' title="bbox 443 1855 2028 1941">
     <span class='ocr_line' id='line_1_18' title="bbox 443 1855 2028 1941; baseline -0.017 -10"><span class='ocrx_word' id='word_1_129' title='bbox 443 1877 585 1931; x_wconf 84' lang='lat' dir='ltr'><strong>enim</strong></span> <span class='ocrx_word' id='word_1_130' title='bbox 618 1875 690 1928; x_wconf 86' lang='lat' dir='ltr'><strong>ait</strong></span> <span class='ocrx_word' id='word_1_131' title='bbox 713 1890 726 1925; x_wconf 88' lang='lat'>:</span> <span class='ocrx_word' id='word_1_132' title='bbox 756 1870 989 1941; x_wconf 80' lang='lat' dir='ltr'><strong>Colligite</strong></span> <span class='ocrx_word' id='word_1_133' title='bbox 1009 1868 1226 1938; x_wconf 83' lang='lat' dir='ltr'><strong>primunt</strong></span> <span class='ocrx_word' id='word_1_134' title='bbox 1254 1862 1471 1926; x_wconf 73' lang='lat' dir='ltr'><strong>zizania,</strong></span> <span class='ocrx_word' id='word_1_135' title='bbox 1503 1869 1550 1913; x_wconf 88' lang='lat' dir='ltr'><strong>et</strong></span> <span class='ocrx_word' id='word_1_136' title='bbox 1577 1857 1782 1928; x_wconf 87' lang='lat' dir='ltr'><strong>alligate</strong></span> <span class='ocrx_word' id='word_1_137' title='bbox 1808 1855 2028 1924; x_wconf 62' lang='lat' dir='ltr'><strong>[ascietu-</strong></span> 
     </span>
    </p>
   </div>
   <div class='ocr_carea' id='block_1_19' title="bbox 447 1942 2031 2028">
    <p class='ocr_par' dir='ltr' id='par_1_19' title="bbox 447 1942 2031 2028">
     <span class='ocr_line' id='line_1_19' title="bbox 447 1942 2031 2028; baseline -0.014 -10"><span class='ocrx_word' id='word_1_138' title='bbox 447 1967 552 2028; x_wconf 88' lang='lat' dir='ltr'><strong>los,</strong></span> <span class='ocrx_word' id='word_1_139' title='bbox 595 1963 662 2016; x_wconf 85' lang='lat' dir='ltr'><strong>ad</strong></span> <span class='ocrx_word' id='word_1_140' title='bbox 691 1959 1080 2016; x_wconf 74' lang='lat' dir='ltr'><strong>comburendum</strong></span> <span class='ocrx_word' id='word_1_141' title='bbox 1105 1970 1202 2018; x_wconf 86' lang='lat' dir='ltr'><strong>ea;</strong></span> <span class='ocrx_word' id='word_1_142' title='bbox 1247 1956 1555 2024; x_wconf 77' lang='lat' dir='ltr'><strong>frumentum</strong></span> <span class='ocrx_word' id='word_1_143' title='bbox 1582 1957 1752 2000; x_wconf 89' lang='lat' dir='ltr'><strong>autem</strong></span> <span class='ocrx_word' id='word_1_144' title='bbox 1777 1942 2031 1998; x_wconf 87' lang='lat' dir='ltr'><strong>recondite</strong></span> 
     </span>
    </p>
   </div>
   <div class='ocr_carea' id='block_1_20' title="bbox 444 2038 2026 2114">
    <p class='ocr_par' dir='ltr' id='par_1_20' title="bbox 444 2038 2026 2114">
     <span class='ocr_line' id='line_1_20' title="bbox 444 2038 2026 2114; baseline -0.015 -6"><span class='ocrx_word' id='word_1_145' title='bbox 444 2057 498 2108; x_wconf 83' lang='lat' dir='ltr'><strong>in</strong></span> <span class='ocrx_word' id='word_1_146' title='bbox 528 2055 761 2107; x_wconf 80' lang='lat' dir='ltr'><strong>horreum</strong></span> <span class='ocrx_word' id='word_1_147' title='bbox 785 2065 970 2105; x_wconf 88' lang='lat' dir='ltr'><strong>meum.</strong></span> <span class='ocrx_word' id='word_1_148' title='bbox 1002 2045 1059 2102; x_wconf 91' lang='lat' dir='ltr'><strong>Si</strong></span> <span class='ocrx_word' id='word_1_149' title='bbox 1084 2059 1211 2114; x_wconf 81' lang='lat' dir='ltr'><strong>ergo</strong></span> <span class='ocrx_word' id='word_1_150' title='bbox 1232 2055 1398 2111; x_wconf 89' lang='lat' dir='ltr'><strong>usque</strong></span> <span class='ocrx_word' id='word_1_151' title='bbox 1421 2038 1486 2093; x_wconf 93' lang='lat' dir='ltr'><strong>ad</strong></span> <span class='ocrx_word' id='word_1_152' title='bbox 1509 2050 1738 2092; x_wconf 81' lang='lat' dir='ltr'><strong>utessem</strong></span> <span class='ocrx_word' id='word_1_153' title='bbox 1759 2041 2026 2096; x_wconf 89' lang='lat' dir='ltr'><strong>crescunt,</strong></span> 
     </span>
    </p>
   </div>
   <div class='ocr_carea' id='block_1_21' title="bbox 447 2123 2032 2216">
    <p class='ocr_par' dir='ltr' id='par_1_21' title="bbox 447 2123 2032 2216">
     <span class='ocr_line' id='line_1_21' title="bbox 447 2123 2032 2216; baseline -0.015 -15"><span class='ocrx_word' id='word_1_154' title='bbox 447 2155 566 2216; x_wconf 87' lang='lat' dir='ltr'><strong>post</strong></span> <span class='ocrx_word' id='word_1_155' title='bbox 598 2157 826 2199; x_wconf 83' lang='lat' dir='ltr'><strong>messem</strong></span> <span class='ocrx_word' id='word_1_156' title='bbox 858 2137 1247 2199; x_wconf 89' lang='lat' dir='ltr'><strong>reconduntur;</strong></span> <span class='ocrx_word' id='word_1_157' title='bbox 1274 2131 1564 2215; x_wconf 72' lang='lat' dir='ltr'><strong>improbe,</strong></span> <span class='ocrx_word' id='word_1_158' title='bbox 1595 2127 1756 2196; x_wconf 90' lang='lat' dir='ltr'><strong>impie</strong></span> <span class='ocrx_word' id='word_1_159' title='bbox 1776 2168 1790 2191; x_wconf 93' lang='lat'><strong>,</strong></span> <span class='ocrx_word' id='word_1_160' title='bbox 1821 2123 2032 2216; x_wconf 79' lang='lat' dir='ltr'><strong>quando</strong></span> 
     </span>
    </p>
   </div>
   <div class='ocr_carea' id='block_1_22' title="bbox 446 2214 2032 2294">
    <p class='ocr_par' dir='ltr' id='par_1_22' title="bbox 446 2214 2032 2294">
     <span class='ocr_line' id='line_1_22' title="bbox 446 2214 2032 2294; baseline -0.018 0"><span class='ocrx_word' id='word_1_161' title='bbox 446 2214 794 2294; x_wconf 78' lang='lat' dir='ltr'><strong>minuuntur?</strong></span> <span class='ocrx_word' id='word_1_162' title='bbox 823 2229 1070 2286; x_wconf 83' lang='lat' dir='ltr'><strong>Concedo</strong></span> <span class='ocrx_word' id='word_1_163' title='bbox 1103 2227 1154 2280; x_wconf 91' lang='lat' dir='ltr'><strong>in</strong></span> <span class='ocrx_word' id='word_1_164' title='bbox 1181 2214 1578 2292; x_wconf 80' lang='lat' dir='ltr'><strong>comparatione</strong></span> <span class='ocrx_word' id='word_1_165' title='bbox 1602 2217 1924 2271; x_wconf 85' lang='lat' dir='ltr'><strong>zizaniorum</strong></span> <span class='ocrx_word' id='word_1_166' title='bbox 1954 2214 2032 2268; x_wconf 90' lang='lat' dir='ltr'><strong>si-</strong></span> 
     </span>
    </p>
   </div>
   <div class='ocr_carea' id='block_1_23' title="bbox 448 2309 2032 2394">
    <p class='ocr_par' dir='ltr' id='par_1_23' title="bbox 448 2309 2032 2394">
     <span class='ocr_line' id='line_1_23' title="bbox 448 2309 2032 2394; baseline -0.015 -12"><span class='ocrx_word' id='word_1_167' title='bbox 448 2329 556 2382; x_wconf 84' lang='lat' dir='ltr'><strong>mul</strong></span> <span class='ocrx_word' id='word_1_168' title='bbox 587 2336 745 2394; x_wconf 87' lang='lat' dir='ltr'><strong>atque</strong></span> <span class='ocrx_word' id='word_1_169' title='bbox 791 2321 1060 2392; x_wconf 84' lang='lat' dir='ltr'><strong>palearum</strong></span> <span class='ocrx_word' id='word_1_170' title='bbox 1092 2316 1356 2370; x_wconf 84' lang='lat' dir='ltr'><strong>frumenta</strong></span> <span class='ocrx_word' id='word_1_171' title='bbox 1385 2325 1504 2366; x_wconf 89' lang='lat' dir='ltr'><strong>esse</strong></span> <span class='ocrx_word' id='word_1_172' title='bbox 1534 2309 1779 2379; x_wconf 83' lang='lat' dir='ltr'><strong>pauciora</strong></span> <span class='ocrx_word' id='word_1_173' title='bbox 1809 2322 1822 2357; x_wconf 91' lang='lat'><strong>:</strong></span> <span class='ocrx_word' id='word_1_174' title='bbox 1855 2315 2032 2359; x_wconf 89' lang='lat' dir='ltr'><strong>tamen</strong></span> 
     </span>
    </p>
   </div>
   <div class='ocr_carea' id='block_1_24' title="bbox 453 2396 2032 2488">
    <p class='ocr_par' dir='ltr' id='par_1_24' title="bbox 453 2396 2032 2488">
     <span class='ocr_line' id='line_1_24' title="bbox 453 2396 2032 2488; baseline -0.017 -14"><span class='ocrx_word' id='word_1_175' title='bbox 453 2430 675 2488; x_wconf 87' lang='lat' dir='ltr'><strong>utraque</strong></span> <span class='ocrx_word' id='word_1_176' title='bbox 698 2421 950 2470; x_wconf 89' lang='lat' dir='ltr'><strong>crescunt</strong></span> <span class='ocrx_word' id='word_1_177' title='bbox 977 2423 1145 2478; x_wconf 87' lang='lat' dir='ltr'><strong>usque</strong></span> <span class='ocrx_word' id='word_1_178' title='bbox 1167 2404 1233 2460; x_wconf 88' lang='lat' dir='ltr'><strong>ad</strong></span> <span class='ocrx_word' id='word_1_179' title='bbox 1259 2416 1509 2458; x_wconf 83' lang='lat' dir='ltr'><strong>messem.</strong></span> <span class='ocrx_word' id='word_1_180' title='bbox 1535 2399 1666 2453; x_wconf 86' lang='lat' dir='ltr'><strong>Cum</strong></span> <span class='ocrx_word' id='word_1_181' title='bbox 1687 2396 1831 2452; x_wconf 90' lang='lat' dir='ltr'><strong>enim</strong></span> <span class='ocrx_word' id='word_1_182' title='bbox 1860 2396 2032 2449; x_wconf 84' lang='lat' dir='ltr'><strong>abun-</strong></span> 
     </span>
    </p>
   </div>
   <div class='ocr_carea' id='block_1_25' title="bbox 450 2492 2035 2576">
    <p class='ocr_par' dir='ltr' id='par_1_25' title="bbox 450 2492 2035 2576">
     <span class='ocr_line' id='line_1_25' title="bbox 450 2492 2035 2576; baseline -0.015 -12"><span class='ocrx_word' id='word_1_183' title='bbox 450 2511 545 2564; x_wconf 84' lang='lat' dir='ltr'><strong>dat</strong></span> <span class='ocrx_word' id='word_1_184' title='bbox 569 2507 840 2576; x_wconf 87' lang='lat' dir='ltr'><strong>iniquitas,</strong></span> <span class='ocrx_word' id='word_1_185' title='bbox 870 2499 1165 2570; x_wconf 79' lang='lat' dir='ltr'><strong>refrigescit</strong></span> <span class='ocrx_word' id='word_1_186' title='bbox 1185 2495 1416 2549; x_wconf 87' lang='lat' dir='ltr'><strong>eharitas</strong></span> <span class='ocrx_word' id='word_1_187' title='bbox 1437 2492 1758 2546; x_wconf 88' lang='lat' dir='ltr'><strong>multorum:</strong></span> <span class='ocrx_word' id='word_1_188' title='bbox 1788 2494 2035 2573; x_wconf 82' lang='lat' dir='ltr'><strong>crescunt</strong></span> 
     </span>
    </p>
   </div>
   <div class='ocr_carea' id='block_1_26' title="bbox 451 2579 2033 2660">
    <p class='ocr_par' dir='ltr' id='par_1_26' title="bbox 451 2579 2033 2660">
     <span class='ocr_line' id='line_1_26' title="bbox 451 2579 2033 2660; baseline -0.015 -7"><span class='ocrx_word' id='word_1_189' title='bbox 451 2598 675 2659; x_wconf 80' lang='lat' dir='ltr'><strong>zizania,</strong></span> <span class='ocrx_word' id='word_1_190' title='bbox 709 2593 903 2648; x_wconf 90' lang='lat' dir='ltr'><strong>crescit</strong></span> <span class='ocrx_word' id='word_1_191' title='bbox 932 2591 1101 2660; x_wconf 83' lang='lat' dir='ltr'><strong>palea.</strong></span> <span class='ocrx_word' id='word_1_192' title='bbox 1132 2586 1235 2642; x_wconf 80' lang='lat' dir='ltr'><strong>Sed</strong></span> <span class='ocrx_word' id='word_1_193' title='bbox 1263 2584 1386 2654; x_wconf 87' lang='lat' dir='ltr'><strong>quia</strong></span> <span class='ocrx_word' id='word_1_194' title='bbox 1412 2591 1525 2637; x_wconf 89' lang='lat' dir='ltr'><strong>toto</strong></span> <span class='ocrx_word' id='word_1_195' title='bbox 1553 2595 1682 2650; x_wconf 88' lang='lat' dir='ltr'><strong>agro</strong></span> <span class='ocrx_word' id='word_1_196' title='bbox 1709 2579 1899 2634; x_wconf 85' lang='lat' dir='ltr'><strong>deesse</strong></span> <span class='ocrx_word' id='word_1_197' title='bbox 1929 2591 2033 2631; x_wconf 92' lang='lat' dir='ltr'><strong>non</strong></span> 
     </span>
    </p>
   </div>
   <div class='ocr_carea' id='block_1_27' title="bbox 456 2668 2036 2760">
    <p class='ocr_par' dir='ltr' id='par_1_27' title="bbox 456 2668 2036 2760">
     <span class='ocr_line' id='line_1_27' title="bbox 456 2668 2036 2760; baseline -0.012 -17"><span class='ocrx_word' id='word_1_198' title='bbox 456 2695 634 2760; x_wconf 78' lang='lat' dir='ltr'><strong>potest</strong></span> <span class='ocrx_word' id='word_1_199' title='bbox 658 2686 1000 2744; x_wconf 81' lang='lat' dir='ltr'><strong>frumentum,</strong></span> <span class='ocrx_word' id='word_1_200' title='bbox 1022 2677 1161 2750; x_wconf 88' lang='lat' dir='ltr'><strong>quod</strong></span> <span class='ocrx_word' id='word_1_201' title='bbox 1191 2673 1579 2746; x_wconf 87' lang='lat' dir='ltr'><strong>perseverando</strong></span> <span class='ocrx_word' id='word_1_202' title='bbox 1600 2686 1766 2741; x_wconf 88' lang='lat' dir='ltr'><strong>usque</strong></span> <span class='ocrx_word' id='word_1_203' title='bbox 1785 2669 1851 2724; x_wconf 88' lang='lat' dir='ltr'><strong>ad</strong></span> <span class='ocrx_word' id='word_1_204' title='bbox 1874 2668 2036 2724; x_wconf 84' lang='lat' dir='ltr'><strong>linem</strong></span> 
     </span>
    </p>
   </div>
   <div class='ocr_carea' id='block_1_28' title="bbox 457 2766 2038 2844">
    <p class='ocr_par' dir='ltr' id='par_1_28' title="bbox 457 2766 2038 2844">
     <span class='ocr_line' id='line_1_28' title="bbox 457 2766 2038 2844; baseline -0.012 -9"><span class='ocrx_word' id='word_1_205' title='bbox 457 2782 661 2837; x_wconf 85' lang='lat' dir='ltr'><strong>salvum</strong></span> <span class='ocrx_word' id='word_1_206' title='bbox 703 2777 794 2830; x_wconf 82' lang='lat' dir='ltr'><strong>ﬁat</strong></span> <span class='ocrx_word' id='word_1_207' title='bbox 833 2771 1043 2844; x_wconf 83' lang='lat' dir='ltr'><strong>(Matth.</strong></span> <span class='ocrx_word' id='word_1_208' title='bbox 1078 2785 1224 2834; x_wconf 76' lang='lat' dir='ltr'><strong>xxiv,</strong></span> <span class='ocrx_word' id='word_1_209' title='bbox 1252 2768 1350 2834; x_wconf 71' lang='grc'><strong>12,</strong></span> <span class='ocrx_word' id='word_1_210' title='bbox 1397 2766 1510 2837; x_wconf 83' lang='grc'><strong>15),</strong></span> <span class='ocrx_word' id='word_1_211' title='bbox 1543 2772 1784 2820; x_wconf 85' lang='lat' dir='ltr'><strong>crescunt</strong></span> <span class='ocrx_word' id='word_1_212' title='bbox 1816 2771 2038 2831; x_wconf 88' lang='lat' dir='ltr'><strong>utraque</strong></span> 
     </span>
    </p>
   </div>
   <div class='ocr_carea' id='block_1_29' title="bbox 457 2853 2036 2940">
    <p class='ocr_par' dir='ltr' id='par_1_29' title="bbox 457 2853 2036 2940">
     <span class='ocr_line' id='line_1_29' title="bbox 457 2853 2036 2940; baseline -0.011 -14"><span class='ocrx_word' id='word_1_213' title='bbox 457 2885 625 2940; x_wconf 86' lang='lat' dir='ltr'><strong>usque</strong></span> <span class='ocrx_word' id='word_1_214' title='bbox 650 2867 717 2922; x_wconf 88' lang='lat' dir='ltr'><strong>ad</strong></span> <span class='ocrx_word' id='word_1_215' title='bbox 748 2878 999 2920; x_wconf 84' lang='lat' dir='ltr'><strong>messem.</strong></span> <span class='ocrx_word' id='word_1_216' title='bbox 1030 2862 1096 2915; x_wconf 86' lang='lat' dir='ltr'><strong>Et</strong></span> <span class='ocrx_word' id='word_1_217' title='bbox 1120 2860 1164 2914; x_wconf 90' lang='lat' dir='ltr'><strong>si</strong></span> <span class='ocrx_word' id='word_1_218' title='bbox 1204 2867 1423 2929; x_wconf 80' lang='lat' dir='ltr'><strong>preptcr</strong></span> <span class='ocrx_word' id='word_1_219' title='bbox 1449 2855 1826 2910; x_wconf 88' lang='lat' dir='ltr'><strong>abundantiam</strong></span> <span class='ocrx_word' id='word_1_220' title='bbox 1867 2853 2036 2908; x_wconf 87' lang='lat' dir='ltr'><strong>malo-</strong></span> 
     </span>
    </p>
   </div>
   <div class='ocr_carea' id='block_1_30' title="bbox 455 2943 2039 3020">
    <p class='ocr_par' dir='ltr' id='par_1_30' title="bbox 455 2943 2039 3020">
     <span class='ocr_line' id='line_1_30' title="bbox 455 2943 2039 3020; baseline -0.011 -6"><span class='ocrx_word' id='word_1_221' title='bbox 455 2976 573 3015; x_wconf 89' lang='lat' dir='ltr'><strong>rum</strong></span> <span class='ocrx_word' id='word_1_222' title='bbox 599 2959 798 3014; x_wconf 83' lang='lat' dir='ltr'><strong>dictum</strong></span> <span class='ocrx_word' id='word_1_223' title='bbox 828 2963 930 3020; x_wconf 87' lang='lat' dir='ltr'><strong>est,</strong></span> <span class='ocrx_word' id='word_1_224' title='bbox 959 2951 1142 3017; x_wconf 85' lang='lat' dir='ltr'><strong>Putas,</strong></span> <span class='ocrx_word' id='word_1_225' title='bbox 1169 2949 1370 3003; x_wconf 79' lang='lat' dir='ltr'><strong>veniens</strong></span> <span class='ocrx_word' id='word_1_226' title='bbox 1393 2947 1558 3001; x_wconf 78' lang='lat' dir='ltr'><strong>Filius</strong></span> <span class='ocrx_word' id='word_1_227' title='bbox 1585 2946 1802 2998; x_wconf 80' lang='lat' dir='ltr'><strong>hominis</strong></span> <span class='ocrx_word' id='word_1_228' title='bbox 1825 2943 2039 2997; x_wconf 83' lang='lat' dir='ltr'><strong>inveniet</strong></span> 
     </span>
    </p>
   </div>
   <div class='ocr_carea' id='block_1_31' title="bbox 455 3036 2026 3120">
    <p class='ocr_par' dir='ltr' id='par_1_31' title="bbox 455 3036 2026 3120">
     <span class='ocr_line' id='line_1_31' title="bbox 455 3036 2026 3120; baseline -0.011 -14"><span class='ocrx_word' id='word_1_229' title='bbox 455 3054 607 3120; x_wconf 82' lang='lat' dir='ltr'><strong>ﬁdem</strong></span> <span class='ocrx_word' id='word_1_230' title='bbox 633 3051 686 3104; x_wconf 91' lang='lat' dir='ltr'><strong>in</strong></span> <span class='ocrx_word' id='word_1_231' title='bbox 724 3059 856 3102; x_wconf 75' lang='lat' dir='ltr'><strong>terra</strong></span> <span class='ocrx_word' id='word_1_232' title='bbox 885 3045 1034 3117; x_wconf 86' lang='lat' dir='ltr'><strong>(Luc.</strong></span> <span class='ocrx_word' id='word_1_233' title='bbox 1065 3058 1210 3107; x_wconf 86' lang='lat' dir='ltr'><strong>xvm,</strong></span> <span class='ocrx_word' id='word_1_234' title='bbox 1239 3042 1273 3096; x_wconf 90' lang='lat'>8</span> <span class='ocrx_word' id='word_1_235' title='bbox 1295 3039 1353 3112; x_wconf 71' lang='lat' dir='ltr'><strong>)i</strong></span> <span class='ocrx_word' id='word_1_236' title='bbox 1383 3041 1588 3109; x_wconf 89' lang='lat' dir='ltr'><strong>hocque</strong></span> <span class='ocrx_word' id='word_1_237' title='bbox 1617 3037 1832 3092; x_wconf 89' lang='lat' dir='ltr'><strong>nomine</strong></span> <span class='ocrx_word' id='word_1_238' title='bbox 1872 3036 2026 3107; x_wconf 83' lang='lat' dir='ltr'><strong>signi-</strong></span> 
     </span>
    </p>
   </div>
   <div class='ocr_carea' id='block_1_32' title="bbox 457 3129 2041 3208">
    <p class='ocr_par' dir='ltr' id='par_1_32' title="bbox 457 3129 2041 3208">
     <span class='ocr_line' id='line_1_32' title="bbox 457 3129 2041 3208; baseline -0.009 -12"><span class='ocrx_word' id='word_1_239' title='bbox 457 3145 682 3198; x_wconf 76' lang='lat' dir='ltr'><strong>ﬁcantur</strong></span> <span class='ocrx_word' id='word_1_240' title='bbox 735 3139 1054 3208; x_wconf 76' lang='lat' dir='ltr'><strong>quicumque</strong></span> <span class='ocrx_word' id='word_1_241' title='bbox 1097 3133 1230 3204; x_wconf 79' lang='lat' dir='ltr'><strong>legis</strong></span> <span class='ocrx_word' id='word_1_242' title='bbox 1293 3130 1729 3202; x_wconf 71' lang='lat' dir='ltr'><strong>prmvaricatione</strong></span> <span class='ocrx_word' id='word_1_243' title='bbox 1771 3129 2041 3183; x_wconf 87' lang='lat' dir='ltr'><strong>imitantur</strong></span> 
     </span>
    </p>
   </div>
   <div class='ocr_carea' id='block_1_33' title="bbox 455 3218 2037 3293">
    <p class='ocr_par' dir='ltr' id='par_1_33' title="bbox 455 3218 2037 3293">
     <span class='ocr_line' id='line_1_33' title="bbox 455 3218 2037 3293; baseline -0.011 -2"><span class='ocrx_word' id='word_1_244' title='bbox 455 3251 578 3291; x_wconf 89' lang='lat' dir='ltr'><strong>eum</strong></span> <span class='ocrx_word' id='word_1_245' title='bbox 602 3233 690 3288; x_wconf 88' lang='lat' dir='ltr'><strong>cui</strong></span> <span class='ocrx_word' id='word_1_246' title='bbox 717 3231 913 3286; x_wconf 91' lang='lat' dir='ltr'><strong>dictum</strong></span> <span class='ocrx_word' id='word_1_247' title='bbox 940 3237 1058 3293; x_wconf 90' lang='lat' dir='ltr'><strong>est,</strong></span> <span class='ocrx_word' id='word_1_248' title='bbox 1099 3225 1259 3279; x_wconf 84' lang='lat' dir='ltr'><strong>Terra</strong></span> <span class='ocrx_word' id='word_1_249' title='bbox 1285 3241 1354 3287; x_wconf 91' lang='lat' dir='ltr'><strong>es,</strong></span> <span class='ocrx_word' id='word_1_250' title='bbox 1391 3232 1437 3277; x_wconf 82' lang='lat' dir='ltr'><strong>et</strong></span> <span class='ocrx_word' id='word_1_251' title='bbox 1471 3224 1524 3276; x_wconf 89' lang='lat' dir='ltr'><strong>in</strong></span> <span class='ocrx_word' id='word_1_252' title='bbox 1549 3230 1734 3276; x_wconf 86' lang='lat' dir='ltr'><strong>terram</strong></span> <span class='ocrx_word' id='word_1_253' title='bbox 1761 3221 1856 3274; x_wconf 88' lang='lat' dir='ltr'><strong>ibis</strong></span> <span class='ocrx_word' id='word_1_254' title='bbox 1887 3218 2037 3293; x_wconf 82' lang='lat' dir='ltr'><strong>(Gen.</strong></span> 
     </span>
    </p>
   </div>
   <div class='ocr_carea' id='block_1_34' title="bbox 457 3314 2044 3398">
    <p class='ocr_par' dir='ltr' id='par_1_34' title="bbox 457 3314 2044 3398">
     <span class='ocr_line' id='line_1_34' title="bbox 457 3314 2044 3398; baseline -0.01 -15"><span class='ocrx_word' id='word_1_255' title='bbox 457 3343 536 3392; x_wconf 84' lang='lat' dir='ltr'><strong>ut,</strong></span> <span class='ocrx_word' id='word_1_256' title='bbox 566 3325 655 3398; x_wconf 86' lang='lat' dir='ltr'><strong>l9)</strong></span> <span class='ocrx_word' id='word_1_257' title='bbox 683 3343 697 3379; x_wconf 89' lang='lat'><strong>:</strong></span> <span class='ocrx_word' id='word_1_258' title='bbox 730 3333 908 3379; x_wconf 88' lang='lat' dir='ltr'><strong>tamen</strong></span> <span class='ocrx_word' id='word_1_259' title='bbox 937 3329 992 3377; x_wconf 91' lang='lat' dir='ltr'><strong>et</strong></span> <span class='ocrx_word' id='word_1_260' title='bbox 1017 3328 1234 3390; x_wconf 85' lang='lat' dir='ltr'><strong>prepter</strong></span> <span class='ocrx_word' id='word_1_261' title='bbox 1258 3315 1633 3373; x_wconf 85' lang='lat' dir='ltr'><strong>abundantiam</strong></span> <span class='ocrx_word' id='word_1_262' title='bbox 1663 3314 1921 3369; x_wconf 88' lang='lat' dir='ltr'><strong>bonorum</strong></span> <span class='ocrx_word' id='word_1_263' title='bbox 1945 3354 1960 3380; x_wconf 96' lang='lat'><strong>,</strong></span> <span class='ocrx_word' id='word_1_264' title='bbox 1989 3321 2044 3368; x_wconf 90' lang='lat' dir='ltr'><strong>et</strong></span> 
     </span>
    </p>
   </div>
   <div class='ocr_carea' id='block_1_35' title="bbox 456 3406 2044 3487">
    <p class='ocr_par' dir='ltr' id='par_1_35' title="bbox 456 3406 2044 3487">
     <span class='ocr_line' id='line_1_35' title="bbox 456 3406 2044 3487; baseline -0.008 -15"><span class='ocrx_word' id='word_1_265' title='bbox 456 3426 674 3487; x_wconf 83' lang='lat' dir='ltr'><strong>prepter</strong></span> <span class='ocrx_word' id='word_1_266' title='bbox 695 3431 818 3471; x_wconf 91' lang='lat' dir='ltr'><strong>eum</strong></span> <span class='ocrx_word' id='word_1_267' title='bbox 849 3415 931 3468; x_wconf 91' lang='lat' dir='ltr'><strong>cui</strong></span> <span class='ocrx_word' id='word_1_268' title='bbox 959 3412 1156 3466; x_wconf 89' lang='lat' dir='ltr'><strong>dictum</strong></span> <span class='ocrx_word' id='word_1_269' title='bbox 1183 3417 1287 3475; x_wconf 89' lang='lat' dir='ltr'><strong>est,</strong></span> <span class='ocrx_word' id='word_1_270' title='bbox 1323 3408 1412 3464; x_wconf 89' lang='lat' dir='ltr'><strong>Sic</strong></span> <span class='ocrx_word' id='word_1_271' title='bbox 1437 3409 1530 3461; x_wconf 86' lang='lat' dir='ltr'><strong>erit</strong></span> <span class='ocrx_word' id='word_1_272' title='bbox 1554 3423 1719 3462; x_wconf 85' lang='lat' dir='ltr'><strong>semen</strong></span> <span class='ocrx_word' id='word_1_273' title='bbox 1746 3417 1887 3460; x_wconf 87' lang='lat' dir='ltr'><strong>tuum</strong></span> <span class='ocrx_word' id='word_1_274' title='bbox 1915 3406 2044 3460; x_wconf 84' lang='lat' dir='ltr'><strong>sicut</strong></span> 
     </span>
    </p>
   </div>
   <div class='ocr_carea' id='block_1_36' title="bbox 457 3495 2040 3569">
    <p class='ocr_par' dir='ltr' id='par_1_36' title="bbox 457 3495 2040 3569">
     <span class='ocr_line' id='line_1_36' title="bbox 457 3495 2040 3569; baseline -0.008 -7"><span class='ocrx_word' id='word_1_275' title='bbox 457 3505 620 3562; x_wconf 74' lang='lat' dir='ltr'><strong>stellae</strong></span> <span class='ocrx_word' id='word_1_276' title='bbox 647 3505 778 3569; x_wconf 78' lang='lat' dir='ltr'><strong>cteli,</strong></span> <span class='ocrx_word' id='word_1_277' title='bbox 801 3513 846 3557; x_wconf 86' lang='lat' dir='ltr'><strong>et</strong></span> <span class='ocrx_word' id='word_1_278' title='bbox 865 3504 996 3556; x_wconf 85' lang='lat' dir='ltr'><strong>sicut</strong></span> <span class='ocrx_word' id='word_1_279' title='bbox 1021 3516 1174 3554; x_wconf 86' lang='lat' dir='ltr'><strong>arena</strong></span> <span class='ocrx_word' id='word_1_280' title='bbox 1195 3499 1349 3553; x_wconf 89' lang='lat' dir='ltr'><strong>maris</strong></span> <span class='ocrx_word' id='word_1_281' title='bbox 1373 3495 1482 3569; x_wconf 84' lang='lat' dir='ltr'><strong>(Id.</strong></span> <span class='ocrx_word' id='word_1_282' title='bbox 1505 3513 1594 3564; x_wconf 77' lang='lat' dir='ltr'><strong>xv,</strong></span> <span class='ocrx_word' id='word_1_283' title='bbox 1618 3499 1671 3560; x_wconf 82' lang='lat'><strong>5,</strong></span> <span class='ocrx_word' id='word_1_284' title='bbox 1699 3505 1752 3552; x_wconf 91' lang='lat' dir='ltr'><strong>et</strong></span> <span class='ocrx_word' id='word_1_285' title='bbox 1774 3511 1902 3562; x_wconf 57' lang='grc' dir='ltr'>χχιι,</span> <span class='ocrx_word' id='word_1_286' title='bbox 1927 3496 2040 3566; x_wconf 79' lang='grc'><strong>17),</strong></span> 
     </span>
    </p>
   </div>
   <div class='ocr_carea' id='block_1_37' title="bbox 460 3587 2046 3657">
    <p class='ocr_par' dir='ltr' id='par_1_37' title="bbox 460 3587 2046 3657">
     <span class='ocr_line' id='line_1_37' title="bbox 460 3587 2046 3657; baseline -0.009 -3"><span class='ocrx_word' id='word_1_287' title='bbox 460 3599 624 3655; x_wconf 89' lang='lat' dir='ltr'><strong>etiam</strong></span> <span class='ocrx_word' id='word_1_288' title='bbox 652 3596 782 3651; x_wconf 90' lang='lat' dir='ltr'><strong>illud</strong></span> <span class='ocrx_word' id='word_1_289' title='bbox 810 3610 916 3650; x_wconf 89' lang='lat' dir='ltr'><strong>non</strong></span> <span class='ocrx_word' id='word_1_290' title='bbox 945 3594 1161 3648; x_wconf 87' lang='lat' dir='ltr'><strong>tacitum</strong></span> <span class='ocrx_word' id='word_1_291' title='bbox 1189 3600 1270 3646; x_wconf 87' lang='lat' dir='ltr'><strong>est</strong></span> <span class='ocrx_word' id='word_1_292' title='bbox 1288 3627 1303 3657; x_wconf 92' lang='lat'><strong>,</strong></span> <span class='ocrx_word' id='word_1_293' title='bbox 1346 3589 1479 3654; x_wconf 84' lang='lat' dir='ltr'><strong>Quia</strong></span> <span class='ocrx_word' id='word_1_294' title='bbox 1507 3589 1652 3643; x_wconf 85' lang='lat' dir='ltr'><strong>multi</strong></span> <span class='ocrx_word' id='word_1_295' title='bbox 1686 3587 1746 3642; x_wconf 71' lang='lat' dir='ltr'><strong>ab</strong></span> <span class='ocrx_word' id='word_1_296' title='bbox 1783 3588 1973 3642; x_wconf 86' lang='lat' dir='ltr'><strong>oriente</strong></span> <span class='ocrx_word' id='word_1_297' title='bbox 1999 3595 2046 3640; x_wconf 83' lang='lat' dir='ltr'><strong>et</strong></span> 
     </span>
    </p>
   </div>
   <div class='ocr_carea' id='block_1_38' title="bbox 463 3677 2046 3752">
    <p class='ocr_par' dir='ltr' id='par_1_38' title="bbox 463 3677 2046 3752">
     <span class='ocr_line' id='line_1_38' title="bbox 463 3677 2046 3752; baseline -0.008 -7"><span class='ocrx_word' id='word_1_298' title='bbox 463 3691 714 3745; x_wconf 83' lang='lat' dir='ltr'><strong>occidente</strong></span> <span class='ocrx_word' id='word_1_299' title='bbox 743 3687 936 3742; x_wconf 83' lang='lat' dir='ltr'><strong>uenient</strong></span> <span class='ocrx_word' id='word_1_300' title='bbox 957 3727 973 3752; x_wconf 95' lang='lat'><strong>,</strong></span> <span class='ocrx_word' id='word_1_301' title='bbox 1017 3694 1064 3738; x_wconf 89' lang='lat' dir='ltr'><strong>et</strong></span> <span class='ocrx_word' id='word_1_302' title='bbox 1091 3682 1374 3737; x_wconf 83' lang='lat' dir='ltr'><strong>recumbent</strong></span> <span class='ocrx_word' id='word_1_303' title='bbox 1398 3697 1512 3735; x_wconf 88' lang='lat' dir='ltr'><strong>cum</strong></span> <span class='ocrx_word' id='word_1_304' title='bbox 1541 3680 1795 3734; x_wconf 77' lang='lat' dir='ltr'><strong>Abraham</strong></span> <span class='ocrx_word' id='word_1_305' title='bbox 1823 3689 1869 3733; x_wconf 91' lang='lat' dir='ltr'><strong>et</strong></span> <span class='ocrx_word' id='word_1_306' title='bbox 1895 3677 2046 3732; x_wconf 87' lang='lat' dir='ltr'><strong>Isaae</strong></span> 
     </span>
    </p>
   </div>
   <div class='ocr_carea' id='block_1_39' title="bbox 463 3773 2048 3852">
    <p class='ocr_par' dir='ltr' id='par_1_39' title="bbox 463 3773 2048 3852">
     <span class='ocr_line' id='line_1_39' title="bbox 463 3773 2048 3852; baseline -0.006 -16"><span class='ocrx_word' id='word_1_307' title='bbox 463 3784 518 3836; x_wconf 87' lang='lat' dir='ltr'><strong>in</strong></span> <span class='ocrx_word' id='word_1_308' title='bbox 546 3797 696 3852; x_wconf 87' lang='lat' dir='ltr'><strong>regno</strong></span> <span class='ocrx_word' id='word_1_309' title='bbox 731 3778 828 3832; x_wconf 86' lang='lat' dir='ltr'><strong>Dei</strong></span> <span class='ocrx_word' id='word_1_310' title='bbox 857 3777 1069 3850; x_wconf 85' lang='lat' dir='ltr'><strong>(Matth.</strong></span> <span class='ocrx_word' id='word_1_311' title='bbox 1099 3791 1216 3840; x_wconf 81' lang='lat' dir='ltr'><strong>vin,</strong></span> <span class='ocrx_word' id='word_1_312' title='bbox 1246 3773 1356 3846; x_wconf 83' lang='lat' dir='ltr'><strong>ll).</strong></span> <span class='ocrx_word' id='word_1_313' title='bbox 1389 3773 1622 3843; x_wconf 89' lang='lat' dir='ltr'><strong>Utraque</strong></span> <span class='ocrx_word' id='word_1_314' title='bbox 1646 3788 1773 3843; x_wconf 91' lang='lat' dir='ltr'><strong>ergo</strong></span> <span class='ocrx_word' id='word_1_315' title='bbox 1800 3781 2048 3828; x_wconf 89' lang='lat' dir='ltr'><strong>crescunt</strong></span> 
     </span>
    </p>
   </div>
   <div class='ocr_carea' id='block_1_40' title="bbox 467 3862 2046 3941">
    <p class='ocr_par' dir='ltr' id='par_1_40' title="bbox 467 3862 2046 3941">
     <span class='ocr_line' id='line_1_40' title="bbox 467 3862 2046 3941; baseline -0.006 -14"><span class='ocrx_word' id='word_1_316' title='bbox 467 3887 637 3941; x_wconf 87' lang='lat' dir='ltr'><strong>usque</strong></span> <span class='ocrx_word' id='word_1_317' title='bbox 679 3868 746 3924; x_wconf 89' lang='lat' dir='ltr'><strong>ad</strong></span> <span class='ocrx_word' id='word_1_318' title='bbox 775 3882 1034 3931; x_wconf 88' lang='lat' dir='ltr'><strong>messem;</strong></span> <span class='ocrx_word' id='word_1_319' title='bbox 1076 3874 1130 3921; x_wconf 92' lang='lat' dir='ltr'><strong>et</strong></span> <span class='ocrx_word' id='word_1_320' title='bbox 1165 3879 1291 3920; x_wconf 86' lang='lat' dir='ltr'><strong>suas</strong></span> <span class='ocrx_word' id='word_1_321' title='bbox 1331 3863 1622 3919; x_wconf 85' lang='lat' dir='ltr'><strong>sententias</strong></span> <span class='ocrx_word' id='word_1_322' title='bbox 1665 3863 1718 3917; x_wconf 90' lang='lat' dir='ltr'><strong>in</strong></span> <span class='ocrx_word' id='word_1_323' title='bbox 1761 3862 2046 3933; x_wconf 84' lang='lat' dir='ltr'><strong>Scripturis</strong></span> 
     </span>
    </p>
   </div>
   <div class='ocr_carea' id='block_1_41' title="bbox 469 3953 2048 4027">
    <p class='ocr_par' dir='ltr' id='par_1_41' title="bbox 469 3953 2048 4027">
     <span class='ocr_line' id='line_1_41' title="bbox 469 3953 2048 4027; baseline -0.006 -10"><span class='ocrx_word' id='word_1_324' title='bbox 469 3962 670 4017; x_wconf 87' lang='lat' dir='ltr'><strong>habent</strong></span> <span class='ocrx_word' id='word_1_325' title='bbox 694 3959 894 4013; x_wconf 77' lang='lat' dir='ltr'><strong>zizania</strong></span> <span class='ocrx_word' id='word_1_326' title='bbox 924 3959 1006 4012; x_wconf 88' lang='lat' dir='ltr'><strong>vel</strong></span> <span class='ocrx_word' id='word_1_327' title='bbox 1037 3956 1221 4027; x_wconf 71' lang='lat' dir='ltr'><strong>palem,</strong></span> <span class='ocrx_word' id='word_1_328' title='bbox 1243 3969 1366 4010; x_wconf 88' lang='lat' dir='ltr'><strong>suas</strong></span> <span class='ocrx_word' id='word_1_329' title='bbox 1391 3965 1566 4009; x_wconf 89' lang='lat' dir='ltr'><strong>autem</strong></span> <span class='ocrx_word' id='word_1_330' title='bbox 1592 3953 1878 4008; x_wconf 82' lang='lat' dir='ltr'><strong>frumenta.</strong></span> <span class='ocrx_word' id='word_1_331' title='bbox 1905 3954 2048 4021; x_wconf 86' lang='lat' dir='ltr'><strong>Quas</strong></span> 
     </span>
    </p>
   </div>
   <div class='ocr_carea' id='block_1_42' title="bbox 467 4043 2049 4125">
    <p class='ocr_par' dir='ltr' id='par_1_42' title="bbox 467 4043 2049 4125">
     <span class='ocr_line' id='line_1_42' title="bbox 467 4043 2049 4125; baseline -0.008 -16"><span class='ocrx_word' id='word_1_332' title='bbox 467 4057 558 4125; x_wconf 90' lang='lat' dir='ltr'><strong>qui</strong></span> <span class='ocrx_word' id='word_1_333' title='bbox 586 4068 690 4108; x_wconf 90' lang='lat' dir='ltr'><strong>non</strong></span> <span class='ocrx_word' id='word_1_334' title='bbox 713 4049 1031 4120; x_wconf 89' lang='lat' dir='ltr'><strong>intelligunt,</strong></span> <span class='ocrx_word' id='word_1_335' title='bbox 1059 4045 1412 4112; x_wconf 81' lang='lat' dir='ltr'><strong>confundunt,</strong></span> <span class='ocrx_word' id='word_1_336' title='bbox 1435 4055 1489 4100; x_wconf 91' lang='lat' dir='ltr'><strong>et</strong></span> <span class='ocrx_word' id='word_1_337' title='bbox 1507 4043 1936 4110; x_wconf 86' lang='lat' dir='ltr'><strong>confunduntur;</strong></span> <span class='ocrx_word' id='word_1_338' title='bbox 1969 4053 2049 4098; x_wconf 89' lang='lat' dir='ltr'><strong>at-</strong></span> 
     </span>
    </p>
   </div>
   <div class='ocr_carea' id='block_1_43' title="bbox 466 4135 2049 4215">
    <p class='ocr_par' dir='ltr' id='par_1_43' title="bbox 466 4135 2049 4215">
     <span class='ocr_line' id='line_1_43' title="bbox 466 4135 2049 4215; baseline -0.006 -17"><span class='ocrx_word' id='word_1_339' title='bbox 466 4160 568 4215; x_wconf 89' lang='lat' dir='ltr'><strong>que</strong></span> <span class='ocrx_word' id='word_1_340' title='bbox 603 4146 673 4199; x_wconf 90' lang='lat' dir='ltr'><strong>ita</strong></span> <span class='ocrx_word' id='word_1_341' title='bbox 699 4149 1038 4215; x_wconf 86' lang='lat' dir='ltr'><strong>perstrepunt</strong></span> <span class='ocrx_word' id='word_1_342' title='bbox 1061 4154 1201 4194; x_wconf 69' lang='lat' dir='ltr'><strong>cmca</strong></span> <span class='ocrx_word' id='word_1_343' title='bbox 1227 4137 1536 4208; x_wconf 87' lang='lat' dir='ltr'><strong>cupiditate,</strong></span> <span class='ocrx_word' id='word_1_344' title='bbox 1565 4145 1624 4190; x_wconf 91' lang='lat' dir='ltr'><strong>ut</strong></span> <span class='ocrx_word' id='word_1_345' title='bbox 1664 4135 1837 4190; x_wconf 89' lang='lat' dir='ltr'><strong>nolint</strong></span> <span class='ocrx_word' id='word_1_346' title='bbox 1861 4135 2049 4190; x_wconf 89' lang='lat' dir='ltr'><strong>obmu-</strong></span> 
     </span>
    </p>
   </div>
   <div class='ocr_carea' id='block_1_44' title="bbox 467 4229 1343 4301">
    <p class='ocr_par' dir='ltr' id='par_1_44' title="bbox 467 4229 1343 4301">
     <span class='ocr_line' id='line_1_44' title="bbox 467 4229 1343 4301; baseline -0.01 -11"><span class='ocrx_word' id='word_1_347' title='bbox 467 4245 672 4290; x_wconf 87' lang='lat' dir='ltr'><strong>tescere</strong></span> <span class='ocrx_word' id='word_1_348' title='bbox 700 4233 788 4287; x_wconf 88' lang='lat' dir='ltr'><strong>vel</strong></span> <span class='ocrx_word' id='word_1_349' title='bbox 815 4230 1071 4301; x_wconf 77' lang='lat' dir='ltr'><strong>patefacta</strong></span> <span class='ocrx_word' id='word_1_350' title='bbox 1102 4229 1343 4283; x_wconf 88' lang='lat' dir='ltr'><strong>veritate.</strong></span> 
     </span>
    </p>
   </div>
   <div class='ocr_carea' id='block_1_45' title="bbox 542 4317 2049 4390">
    <p class='ocr_par' dir='ltr' id='par_1_45' title="bbox 542 4317 2049 4390">
     <span class='ocr_line' id='line_1_45' title="bbox 542 4317 2049 4390; baseline -0.006 -9"><span class='ocrx_word' id='word_1_351' title='bbox 542 4321 765 4380; x_wconf 82' lang='lat' dir='ltr'><strong>CAPUT</strong></span> <span class='ocrx_word' id='word_1_352' title='bbox 804 4322 924 4376; x_wconf 77' lang='lat' dir='ltr'><strong>XX.</strong></span> <span class='ocrx_word' id='word_1_353' title='bbox 945 4350 1017 4362; x_wconf 88' lang='lat'><strong>--</strong></span> <span class='ocrx_word' id='word_1_354' title='bbox 1038 4320 1126 4374; x_wconf 80' lang='grc'><strong>25.</strong></span> <span class='ocrx_word' id='word_1_355' title='bbox 1153 4318 1320 4372; x_wconf 85' lang='lat' dir='ltr'><strong>Locus</strong></span> <span class='ocrx_word' id='word_1_356' title='bbox 1344 4319 1476 4373; x_wconf 86' lang='lat' dir='ltr'><strong>male</strong></span> <span class='ocrx_word' id='word_1_357' title='bbox 1495 4319 1557 4372; x_wconf 85' lang='lat' dir='ltr'><strong>de</strong></span> <span class='ocrx_word' id='word_1_358' title='bbox 1570 4317 1823 4390; x_wconf 85' lang='lat' dir='ltr'><strong>corporali</strong></span> <span class='ocrx_word' id='word_1_359' title='bbox 1841 4334 2049 4388; x_wconf 85' lang='lat' dir='ltr'><strong>separa-</strong></span> 
     </span>
    </p>
   </div>
   <div class='ocr_carea' id='block_1_46' title="bbox 466 4395 2052 4478">
    <p class='ocr_par' dir='ltr' id='par_1_46' title="bbox 466 4395 2052 4478">
     <span class='ocr_line' id='line_1_46' title="bbox 466 4395 2052 4478; baseline -0.006 -8"><span class='ocrx_word' id='word_1_360' title='bbox 466 4417 606 4470; x_wconf 82' lang='lat' dir='ltr'><strong>tione</strong></span> <span class='ocrx_word' id='word_1_361' title='bbox 619 4413 900 4467; x_wconf 84' lang='lat' dir='ltr'><strong>intellectus</strong></span> <span class='ocrx_word' id='word_1_362' title='bbox 915 4427 945 4462; x_wconf 90' lang='lat' dir='ltr'><strong>a</strong></span> <span class='ocrx_word' id='word_1_363' title='bbox 962 4409 1308 4463; x_wconf 88' lang='lat' dir='ltr'><strong>schismaticis.</strong></span> <span class='ocrx_word' id='word_1_364' title='bbox 1329 4395 1486 4474; x_wconf 78' lang='lat' dir='ltr'><strong>Ecce,</strong></span> <span class='ocrx_word' id='word_1_365' title='bbox 1505 4409 1768 4478; x_wconf 87' lang='lat' dir='ltr'><strong>inquiunt,</strong></span> <span class='ocrx_word' id='word_1_366' title='bbox 1785 4408 1912 4463; x_wconf 70' lang='lat' dir='ltr'><strong>dicit</strong></span> <span class='ocrx_word' id='word_1_367' title='bbox 1930 4423 2052 4478; x_wconf 87' lang='lat' dir='ltr'><strong>pro-</strong></span> 
     </span>
    </p>
   </div>
   <div class='ocr_carea' id='block_1_47' title="bbox 470 4498 2053 4578">
    <p class='ocr_par' dir='ltr' id='par_1_47' title="bbox 470 4498 2053 4578">
     <span class='ocr_line' id='line_1_47' title="bbox 470 4498 2053 4578; baseline -0.003 -20"><span class='ocrx_word' id='word_1_368' title='bbox 470 4507 653 4578; x_wconf 76' lang='lat' dir='ltr'><strong>pheta,</strong></span> <span class='ocrx_word' id='word_1_369' title='bbox 683 4502 936 4564; x_wconf 79' lang='lat' dir='ltr'><strong>lleceditc,</strong></span> <span class='ocrx_word' id='word_1_370' title='bbox 967 4499 1098 4554; x_wconf 74' lang='lat' dir='ltr'><strong>exite</strong></span> <span class='ocrx_word' id='word_1_371' title='bbox 1131 4498 1267 4564; x_wconf 88' lang='lat' dir='ltr'><strong>inde,</strong></span> <span class='ocrx_word' id='word_1_372' title='bbox 1299 4507 1345 4552; x_wconf 90' lang='lat' dir='ltr'><strong>et</strong></span> <span class='ocrx_word' id='word_1_373' title='bbox 1371 4498 1685 4551; x_wconf 84' lang='lat' dir='ltr'><strong>immundam</strong></span> <span class='ocrx_word' id='word_1_374' title='bbox 1711 4516 1772 4552; x_wconf 90' lang='lat' dir='ltr'><strong>ne</strong></span> <span class='ocrx_word' id='word_1_375' title='bbox 1799 4501 2053 4570; x_wconf 82' lang='lat' dir='ltr'><strong>tctigeritis</strong></span> 
     </span>
    </p>
   </div>
   <div class='ocr_carea' id='block_1_48' title="bbox 474 4589 2055 4667">
    <p class='ocr_par' dir='ltr' id='par_1_48' title="bbox 474 4589 2055 4667">
     <span class='ocr_line' id='line_1_48' title="bbox 474 4589 2055 4667; baseline -0.002 -19"><span class='ocrx_word' id='word_1_376' title='bbox 474 4595 627 4667; x_wconf 87' lang='lat' dir='ltr'><strong>(lsai.</strong></span> <span class='ocrx_word' id='word_1_377' title='bbox 647 4609 734 4659; x_wconf 73' lang='lat' dir='ltr'><strong>cu,</strong></span> <span class='ocrx_word' id='word_1_378' title='bbox 761 4592 847 4661; x_wconf 82' lang='lat' dir='ltr'><strong>ll)</strong></span> <span class='ocrx_word' id='word_1_379' title='bbox 873 4609 886 4644; x_wconf 88' lang='lat'><strong>:</strong></span> <span class='ocrx_word' id='word_1_380' title='bbox 915 4589 1181 4660; x_wconf 88' lang='lat' dir='ltr'><strong>quomodo</strong></span> <span class='ocrx_word' id='word_1_381' title='bbox 1202 4603 1328 4660; x_wconf 81' lang='lat' dir='ltr'><strong>ergo</strong></span> <span class='ocrx_word' id='word_1_382' title='bbox 1347 4590 1514 4642; x_wconf 88' lang='lat' dir='ltr'><strong>malos</strong></span> <span class='ocrx_word' id='word_1_383' title='bbox 1533 4602 1630 4658; x_wconf 89' lang='lat' dir='ltr'><strong>pro</strong></span> <span class='ocrx_word' id='word_1_384' title='bbox 1657 4604 1786 4659; x_wconf 89' lang='lat' dir='ltr'><strong>pace</strong></span> <span class='ocrx_word' id='word_1_385' title='bbox 1807 4591 2055 4646; x_wconf 87' lang='lat' dir='ltr'><strong>tolerabi-</strong></span> 
     </span>
    </p>
   </div>
   <div class='ocr_carea' id='block_1_49' title="bbox 473 4683 2052 4757">
    <p class='ocr_par' dir='ltr' id='par_1_49' title="bbox 473 4683 2052 4757">
     <span class='ocr_line' id='line_1_49' title="bbox 473 4683 2052 4757; baseline -0.001 -14"><span class='ocrx_word' id='word_1_386' title='bbox 473 4703 617 4756; x_wconf 85' lang='lat' dir='ltr'><strong>mus,</strong></span> <span class='ocrx_word' id='word_1_387' title='bbox 640 4703 668 4740; x_wconf 88' lang='lat' dir='ltr'><strong>a</strong></span> <span class='ocrx_word' id='word_1_388' title='bbox 690 4686 882 4757; x_wconf 87' lang='lat' dir='ltr'><strong>quibus</strong></span> <span class='ocrx_word' id='word_1_389' title='bbox 899 4685 1046 4740; x_wconf 86' lang='lat' dir='ltr'><strong>exire</strong></span> <span class='ocrx_word' id='word_1_390' title='bbox 1065 4692 1118 4739; x_wconf 89' lang='lat' dir='ltr'><strong>et</strong></span> <span class='ocrx_word' id='word_1_391' title='bbox 1133 4683 1383 4739; x_wconf 87' lang='lat' dir='ltr'><strong>recedere</strong></span> <span class='ocrx_word' id='word_1_392' title='bbox 1397 4683 1665 4753; x_wconf 87' lang='lat' dir='ltr'><strong>jubemur,</strong></span> <span class='ocrx_word' id='word_1_393' title='bbox 1689 4699 1756 4739; x_wconf 90' lang='lat' dir='ltr'><strong>ne</strong></span> <span class='ocrx_word' id='word_1_394' title='bbox 1776 4692 2052 4756; x_wconf 79' lang='lat' dir='ltr'><strong>tangamus</strong></span> 
     </span>
    </p>
   </div>
   <div class='ocr_carea' id='block_1_50' title="bbox 477 4777 2054 4848">
    <p class='ocr_par' dir='ltr' id='par_1_50' title="bbox 477 4777 2054 4848">
     <span class='ocr_line' id='line_1_50' title="bbox 477 4777 2054 4848; baseline -0.002 -11"><span class='ocrx_word' id='word_1_395' title='bbox 477 4778 848 4837; x_wconf 74' lang='lat' dir='ltr'><strong>inlinendum?</strong></span> <span class='ocrx_word' id='word_1_396' title='bbox 877 4777 984 4832; x_wconf 84' lang='lat' dir='ltr'><strong>Nos</strong></span> <span class='ocrx_word' id='word_1_397' title='bbox 1011 4777 1164 4832; x_wconf 90' lang='lat' dir='ltr'><strong>istam</strong></span> <span class='ocrx_word' id='word_1_398' title='bbox 1195 4778 1550 4832; x_wconf 87' lang='lat' dir='ltr'><strong>recessionem</strong></span> <span class='ocrx_word' id='word_1_399' title='bbox 1581 4777 1925 4848; x_wconf 87' lang='lat' dir='ltr'><strong>spiritualiler</strong></span> <span class='ocrx_word' id='word_1_400' title='bbox 1974 4780 2054 4834; x_wconf 75' lang='lat' dir='ltr'><strong>in~</strong></span> 
     </span>
    </p>
   </div>
   <div class='ocr_carea' id='block_1_51' title="bbox 477 4868 2054 4943">
    <p class='ocr_par' dir='ltr' id='par_1_51' title="bbox 477 4868 2054 4943">
     <span class='ocr_line' id='line_1_51' title="bbox 477 4868 2054 4943; baseline -0.002 -14"><span class='ocrx_word' id='word_1_401' title='bbox 477 4871 784 4943; x_wconf 74' lang='lat' dir='ltr'><strong>telligimus,</strong></span> <span class='ocrx_word' id='word_1_402' title='bbox 804 4871 878 4926; x_wconf 91' lang='lat' dir='ltr'><strong>illi</strong></span> <span class='ocrx_word' id='word_1_403' title='bbox 895 4869 1263 4940; x_wconf 86' lang='lat' dir='ltr'><strong>corporaliter.</strong></span> <span class='ocrx_word' id='word_1_404' title='bbox 1277 4868 1409 4924; x_wconf 86' lang='lat' dir='ltr'><strong>Nam</strong></span> <span class='ocrx_word' id='word_1_405' title='bbox 1425 4879 1478 4926; x_wconf 89' lang='lat' dir='ltr'><strong>et</strong></span> <span class='ocrx_word' id='word_1_406' title='bbox 1497 4885 1596 4941; x_wconf 88' lang='lat' dir='ltr'><strong>ego</strong></span> <span class='ocrx_word' id='word_1_407' title='bbox 1607 4870 1780 4926; x_wconf 90' lang='lat' dir='ltr'><strong>clamo</strong></span> <span class='ocrx_word' id='word_1_408' title='bbox 1794 4887 1914 4927; x_wconf 90' lang='lat' dir='ltr'><strong>cum</strong></span> <span class='ocrx_word' id='word_1_409' title='bbox 1934 4888 2054 4942; x_wconf 90' lang='lat' dir='ltr'><strong>pro-</strong></span> 
     </span>
    </p>
   </div>
   <div class='ocr_carea' id='block_1_52' title="bbox 475 4961 2055 5040">
    <p class='ocr_par' dir='ltr' id='par_1_52' title="bbox 475 4961 2055 5040">
     <span class='ocr_line' id='line_1_52' title="bbox 475 4961 2055 5040; baseline 0 -22"><span class='ocrx_word' id='word_1_410' title='bbox 475 4965 657 5040; x_wconf 76' lang='lat' dir='ltr'><strong>pheta,</strong></span> <span class='ocrx_word' id='word_1_411' title='bbox 680 4971 734 5018; x_wconf 91' lang='lat' dir='ltr'><strong>et</strong></span> <span class='ocrx_word' id='word_1_412' title='bbox 755 4963 1160 5035; x_wconf 85' lang='lat' dir='ltr'><strong>qualiacumque</strong></span> <span class='ocrx_word' id='word_1_413' title='bbox 1183 4961 1351 5016; x_wconf 85' lang='lat' dir='ltr'><strong>simus</strong></span> <span class='ocrx_word' id='word_1_414' title='bbox 1375 4976 1522 5026; x_wconf 88' lang='lat' dir='ltr'><strong>vasa,</strong></span> <span class='ocrx_word' id='word_1_415' title='bbox 1550 4963 1716 5017; x_wconf 89' lang='lat' dir='ltr'><strong>utitur</strong></span> <span class='ocrx_word' id='word_1_416' title='bbox 1741 4963 1893 5019; x_wconf 89' lang='lat' dir='ltr'><strong>nobis</strong></span> <span class='ocrx_word' id='word_1_417' title='bbox 1917 4964 2055 5018; x_wconf 89' lang='lat' dir='ltr'><strong>Deus</strong></span> 
     </span>
    </p>
   </div>
   <div class='ocr_carea' id='block_1_53' title="bbox 473 5053 2054 5127">
    <p class='ocr_par' dir='ltr' id='par_1_53' title="bbox 473 5053 2054 5127">
     <span class='ocr_line' id='line_1_53' title="bbox 473 5053 2054 5127; baseline -0.002 -14"><span class='ocrx_word' id='word_1_418' title='bbox 473 5059 526 5114; x_wconf 88' lang='lat' dir='ltr'><strong>in</strong></span> <span class='ocrx_word' id='word_1_419' title='bbox 546 5057 998 5127; x_wconf 85' lang='lat' dir='ltr'><strong>dispensationem</strong></span> <span class='ocrx_word' id='word_1_420' title='bbox 1021 5062 1249 5108; x_wconf 83' lang='lat' dir='ltr'><strong>vestram</strong></span> <span class='ocrx_word' id='word_1_421' title='bbox 1275 5069 1290 5106; x_wconf 89' lang='lat'><strong>:</strong></span> <span class='ocrx_word' id='word_1_422' title='bbox 1318 5053 1611 5109; x_wconf 89' lang='lat' dir='ltr'><strong>clamamus</strong></span> <span class='ocrx_word' id='word_1_423' title='bbox 1632 5063 1687 5109; x_wconf 89' lang='lat' dir='ltr'><strong>et</strong></span> <span class='ocrx_word' id='word_1_424' title='bbox 1707 5069 1822 5122; x_wconf 88' lang='lat' dir='ltr'><strong>nos,</strong></span> <span class='ocrx_word' id='word_1_425' title='bbox 1853 5065 1906 5110; x_wconf 92' lang='lat' dir='ltr'><strong>et</strong></span> <span class='ocrx_word' id='word_1_426' title='bbox 1932 5055 2054 5110; x_wconf 85' lang='lat' dir='ltr'><strong>dici-</strong></span> 
     </span>
    </p>
   </div>
   <div class='ocr_carea' id='block_1_54' title="bbox 475 5145 2056 5220">
    <p class='ocr_par' dir='ltr' id='par_1_54' title="bbox 475 5145 2056 5220">
     <span class='ocr_line' id='line_1_54' title="bbox 475 5145 2056 5220; baseline -0.002 -15"><span class='ocrx_word' id='word_1_427' title='bbox 475 5166 594 5205; x_wconf 85' lang='lat' dir='ltr'><strong>mus</strong></span> <span class='ocrx_word' id='word_1_428' title='bbox 609 5150 780 5215; x_wconf 80' lang='lat' dir='ltr'><strong>vobis,</strong></span> <span class='ocrx_word' id='word_1_429' title='bbox 804 5147 1052 5213; x_wconf 77' lang='lat' dir='ltr'><strong>Recedite,</strong></span> <span class='ocrx_word' id='word_1_430' title='bbox 1068 5147 1196 5201; x_wconf 73' lang='lat' dir='ltr'><strong>exite</strong></span> <span class='ocrx_word' id='word_1_431' title='bbox 1225 5145 1362 5213; x_wconf 83' lang='lat' dir='ltr'><strong>inde,</strong></span> <span class='ocrx_word' id='word_1_432' title='bbox 1380 5155 1424 5200; x_wconf 84' lang='lat' dir='ltr'><strong>et</strong></span> <span class='ocrx_word' id='word_1_433' title='bbox 1441 5146 1756 5201; x_wconf 86' lang='lat' dir='ltr'><strong>immundum</strong></span> <span class='ocrx_word' id='word_1_434' title='bbox 1771 5148 2056 5220; x_wconf 78' lang='lat' dir='ltr'><strong>netetigeri-</strong></span> 
     </span>
    </p>
   </div>
   <div class='ocr_carea' id='block_1_55' title="bbox 474 5239 2053 5307">
    <p class='ocr_par' dir='ltr' id='par_1_55' title="bbox 474 5239 2053 5307">
     <span class='ocr_line' id='line_1_55' title="bbox 474 5239 2053 5307; baseline -0.001 -11"><span class='ocrx_word' id='word_1_435' title='bbox 474 5243 568 5306; x_wconf 87' lang='lat' dir='ltr'><strong>tis;</strong></span> <span class='ocrx_word' id='word_1_436' title='bbox 596 5241 688 5296; x_wconf 84' lang='lat' dir='ltr'><strong>sed</strong></span> <span class='ocrx_word' id='word_1_437' title='bbox 711 5249 959 5295; x_wconf 86' lang='lat' dir='ltr'><strong>contactu</strong></span> <span class='ocrx_word' id='word_1_438' title='bbox 984 5239 1160 5293; x_wconf 91' lang='lat' dir='ltr'><strong>cordis</strong></span> <span class='ocrx_word' id='word_1_439' title='bbox 1179 5279 1192 5304; x_wconf 91' lang='lat'><strong>,</strong></span> <span class='ocrx_word' id='word_1_440' title='bbox 1224 5252 1329 5292; x_wconf 89' lang='lat' dir='ltr'><strong>non</strong></span> <span class='ocrx_word' id='word_1_441' title='bbox 1356 5240 1616 5307; x_wconf 87' lang='lat' dir='ltr'><strong>corporis.</strong></span> <span class='ocrx_word' id='word_1_442' title='bbox 1642 5239 1777 5306; x_wconf 87' lang='lat' dir='ltr'><strong>Quid</strong></span> <span class='ocrx_word' id='word_1_443' title='bbox 1804 5248 1886 5294; x_wconf 78' lang='lat' dir='ltr'><strong>est</strong></span> <span class='ocrx_word' id='word_1_444' title='bbox 1912 5242 2053 5294; x_wconf 90' lang='lat' dir='ltr'><strong>enim</strong></span> 
     </span>
    </p>
   </div>
   <div class='ocr_carea' id='block_1_56' title="bbox 477 5330 2059 5406">
    <p class='ocr_par' dir='ltr' id='par_1_56' title="bbox 477 5330 2059 5406">
     <span class='ocr_line' id='line_1_56' title="bbox 477 5330 2059 5406; baseline -0.003 -16"><span class='ocrx_word' id='word_1_445' title='bbox 477 5346 694 5406; x_wconf 77' lang='lat' dir='ltr'><strong>tangere</strong></span> <span class='ocrx_word' id='word_1_446' title='bbox 713 5331 1064 5395; x_wconf 89' lang='lat' dir='ltr'><strong>immundum,</strong></span> <span class='ocrx_word' id='word_1_447' title='bbox 1088 5331 1190 5386; x_wconf 85' lang='lat' dir='ltr'><strong>nisi</strong></span> <span class='ocrx_word' id='word_1_448' title='bbox 1205 5330 1508 5386; x_wconf 89' lang='lat' dir='ltr'><strong>consentire</strong></span> <span class='ocrx_word' id='word_1_449' title='bbox 1527 5330 1793 5400; x_wconf 65' lang='lat' dir='ltr'><strong>peccatis!</strong></span> <span class='ocrx_word' id='word_1_450' title='bbox 1819 5331 1953 5399; x_wconf 86' lang='lat' dir='ltr'><strong>Quid</strong></span> <span class='ocrx_word' id='word_1_451' title='bbox 1975 5340 2059 5386; x_wconf 81' lang='lat' dir='ltr'><strong>est</strong></span> 
     </span>
    </p>
   </div>
   <div class='ocr_carea' id='block_1_57' title="bbox 477 5418 2057 5491">
    <p class='ocr_par' dir='ltr' id='par_1_57' title="bbox 477 5418 2057 5491">
     <span class='ocr_line' id='line_1_57' title="bbox 477 5418 2057 5491; baseline -0.002 -12"><span class='ocrx_word' id='word_1_452' title='bbox 477 5437 655 5482; x_wconf 85' lang='lat' dir='ltr'><strong>autem</strong></span> <span class='ocrx_word' id='word_1_453' title='bbox 667 5425 814 5481; x_wconf 89' lang='lat' dir='ltr'><strong>exire</strong></span> <span class='ocrx_word' id='word_1_454' title='bbox 826 5423 967 5489; x_wconf 89' lang='lat' dir='ltr'><strong>inde,</strong></span> <span class='ocrx_word' id='word_1_455' title='bbox 984 5423 1083 5477; x_wconf 89' lang='lat' dir='ltr'><strong>nisi</strong></span> <span class='ocrx_word' id='word_1_456' title='bbox 1101 5418 1277 5475; x_wconf 79' lang='lat' dir='ltr'><strong>facere</strong></span> <span class='ocrx_word' id='word_1_457' title='bbox 1288 5419 1427 5490; x_wconf 86' lang='lat' dir='ltr'><strong>quod</strong></span> <span class='ocrx_word' id='word_1_458' title='bbox 1447 5421 1671 5490; x_wconf 88' lang='lat' dir='ltr'><strong>pertinet</strong></span> <span class='ocrx_word' id='word_1_459' title='bbox 1683 5420 1746 5475; x_wconf 93' lang='lat' dir='ltr'><strong>ad</strong></span> <span class='ocrx_word' id='word_1_460' title='bbox 1764 5421 2057 5491; x_wconf 88' lang='lat' dir='ltr'><strong>correptio-</strong></span> 
     </span>
    </p>
   </div>
   <div class='ocr_carea' id='block_1_58' title="bbox 471 5511 2058 5584">
    <p class='ocr_par' dir='ltr' id='par_1_58' title="bbox 471 5511 2058 5584">
     <span class='ocr_line' id='line_1_58' title="bbox 471 5511 2058 5584; baseline -0.001 -14"><span class='ocrx_word' id='word_1_461' title='bbox 471 5533 600 5571; x_wconf 80' lang='lat' dir='ltr'><strong>nem</strong></span> <span class='ocrx_word' id='word_1_462' title='bbox 619 5517 899 5577; x_wconf 88' lang='lat' dir='ltr'><strong>malorum,</strong></span> <span class='ocrx_word' id='word_1_463' title='bbox 913 5521 1166 5584; x_wconf 88' lang='lat' dir='ltr'><strong>quantum</strong></span> <span class='ocrx_word' id='word_1_464' title='bbox 1185 5527 1282 5583; x_wconf 87' lang='lat' dir='ltr'><strong>pro</strong></span> <span class='ocrx_word' id='word_1_465' title='bbox 1294 5511 1704 5581; x_wconf 87' lang='lat' dir='ltr'><strong>uniuscujusque</strong></span> <span class='ocrx_word' id='word_1_466' title='bbox 1719 5511 1884 5582; x_wconf 84' lang='lat' dir='ltr'><strong>gradu</strong></span> <span class='ocrx_word' id='word_1_467' title='bbox 1901 5523 2058 5584; x_wconf 88' lang='lat' dir='ltr'><strong>atque</strong></span> 
     </span>
    </p>
   </div>
   <div class='ocr_carea' id='block_1_59' title="bbox 479 5602 2056 5676">
    <p class='ocr_par' dir='ltr' id='par_1_59' title="bbox 479 5602 2056 5676">
     <span class='ocr_line' id='line_1_59' title="bbox 479 5602 2056 5676; baseline -0.001 -15"><span class='ocrx_word' id='word_1_468' title='bbox 479 5621 703 5674; x_wconf 76' lang='lat' dir='ltr'><strong>persona</strong></span> <span class='ocrx_word' id='word_1_469' title='bbox 732 5606 876 5661; x_wconf 88' lang='lat' dir='ltr'><strong>salva</strong></span> <span class='ocrx_word' id='word_1_470' title='bbox 909 5619 1035 5674; x_wconf 89' lang='lat' dir='ltr'><strong>pace</strong></span> <span class='ocrx_word' id='word_1_471' title='bbox 1066 5602 1180 5659; x_wconf 58' lang='lat' dir='ltr'><strong>fieri</strong></span> <span class='ocrx_word' id='word_1_472' title='bbox 1225 5603 1434 5674; x_wconf 73' lang='lat' dir='ltr'><strong>potest?</strong></span> <span class='ocrx_word' id='word_1_473' title='bbox 1465 5603 1738 5674; x_wconf 80' lang='lat' dir='ltr'><strong>Displicuit</strong></span> <span class='ocrx_word' id='word_1_474' title='bbox 1782 5603 1874 5659; x_wconf 86' lang='lat' dir='ltr'><strong>tibi</strong></span> <span class='ocrx_word' id='word_1_475' title='bbox 1917 5605 2056 5676; x_wconf 86' lang='lat' dir='ltr'><strong>quod</strong></span> 
     </span>
    </p>
   </div>
   <div class='ocr_carea' id='block_1_60' title="bbox 476 5694 2059 5765">
    <p class='ocr_par' dir='ltr' id='par_1_60' title="bbox 476 5694 2059 5765">
     <span class='ocr_line' id='line_1_60' title="bbox 476 5694 2059 5765; baseline 0.006 -21"><span class='ocrx_word' id='word_1_476' title='bbox 476 5699 699 5763; x_wconf 80' lang='lat' dir='ltr'><strong>quisque</strong></span> <span class='ocrx_word' id='word_1_477' title='bbox 748 5696 1016 5765; x_wconf 88' lang='lat' dir='ltr'><strong>peccavit;</strong></span> <span class='ocrx_word' id='word_1_478' title='bbox 1061 5711 1168 5748; x_wconf 89' lang='lat' dir='ltr'><strong>non</strong></span> <span class='ocrx_word' id='word_1_479' title='bbox 1216 5694 1430 5764; x_wconf 71' lang='lat' dir='ltr'><strong>tetigisti</strong></span> <span class='ocrx_word' id='word_1_480' title='bbox 1479 5694 1828 5752; x_wconf 86' lang='lat' dir='ltr'><strong>immundum.</strong></span> <span class='ocrx_word' id='word_1_481' title='bbox 1858 5695 2059 5754; x_wconf 77' lang='lat' dir='ltr'><strong>Redar-</strong></span> 
     </span>
    </p>
   </div>
   <div class='ocr_carea' id='block_1_61' title="bbox 1654 273 3636 340">
    <p class='ocr_par' dir='ltr' id='par_1_61' title="bbox 1654 273 3636 340">
     <span class='ocr_line' id='line_1_61' title="bbox 1654 273 3636 340; baseline -0.019 -1"><span class='ocrx_word' id='word_1_482' title='bbox 1654 283 1713 339; x_wconf 69' lang='grc' dir='ltr'><strong>ὃ.</strong></span> <span class='ocrx_word' id='word_1_483' title='bbox 1753 273 2116 336; x_wconf 69' lang='lat' dir='ltr'><strong>AlldL’S‘l‘lNl</strong></span> <span class='ocrx_word' id='word_1_484' title='bbox 2156 273 2457 332; x_wconf 79' lang='lat' dir='ltr'><strong>EPISCOPI</strong></span> <span class='ocrx_word' id='word_1_485' title='bbox 3551 276 3636 340; x_wconf 47' lang='lat' dir='ltr'><strong>«ﬁ:</strong></span> 
     </span>
    </p>
   </div>
   <div class='ocr_carea' id='block_1_62' title="bbox 2118 387 3641 462">
    <p class='ocr_par' dir='ltr' id='par_1_62' title="bbox 2118 387 3641 462">
     <span class='ocr_line' id='line_1_62' title="bbox 2118 387 3641 462; baseline 0.007 -17"><span class='ocrx_word' id='word_1_486' title='bbox 2118 392 2296 460; x_wconf 84' lang='lat' dir='ltr'><strong>guisti,</strong></span> <span class='ocrx_word' id='word_1_487' title='bbox 2326 388 2660 460; x_wconf 87' lang='lat' dir='ltr'><strong>corripuisti,</strong></span> <span class='ocrx_word' id='word_1_488' title='bbox 2689 388 2968 456; x_wconf 79' lang='lat' dir='ltr'><strong>monuisti,</strong></span> <span class='ocrx_word' id='word_1_489' title='bbox 3006 387 3278 446; x_wconf 73' lang='lat' dir='ltr'><strong>adhibuisti</strong></span> <span class='ocrx_word' id='word_1_490' title='bbox 3305 392 3482 462; x_wconf 81' lang='lat' dir='ltr'><strong>etiam,</strong></span> <span class='ocrx_word' id='word_1_491' title='bbox 3509 396 3550 452; x_wconf 86' lang='lat' dir='ltr'><strong>si</strong></span> <span class='ocrx_word' id='word_1_492' title='bbox 3570 414 3641 456; x_wconf 80' lang='lat' dir='ltr'><strong>tus</strong></span> 
     </span>
    </p>
   </div>
   <div class='ocr_carea' id='block_1_63' title="bbox 2115 479 3641 553">
    <p class='ocr_par' dir='ltr' id='par_1_63' title="bbox 2115 479 3641 553">
     <span class='ocr_line' id='line_1_63' title="bbox 2115 479 3641 553; baseline 0.005 -15"><span class='ocrx_word' id='word_1_493' title='bbox 2115 484 2311 553; x_wconf 77' lang='lat' dir='ltr'><strong>exegit,</strong></span> <span class='ocrx_word' id='word_1_494' title='bbox 2337 496 2647 552; x_wconf 85' lang='lat' dir='ltr'><strong>congruam,</strong></span> <span class='ocrx_word' id='word_1_495' title='bbox 2677 489 2732 537; x_wconf 90' lang='lat' dir='ltr'><strong>et</strong></span> <span class='ocrx_word' id='word_1_496' title='bbox 2754 496 2872 552; x_wconf 77' lang='lat' dir='ltr'><strong>quze</strong></span> <span class='ocrx_word' id='word_1_497' title='bbox 2903 479 3154 536; x_wconf 87' lang='lat' dir='ltr'><strong>unitatem</strong></span> <span class='ocrx_word' id='word_1_498' title='bbox 3181 497 3283 537; x_wconf 89' lang='lat' dir='ltr'><strong>non</strong></span> <span class='ocrx_word' id='word_1_499' title='bbox 3311 483 3478 552; x_wconf 83' lang='lat' dir='ltr'><strong>violet,</strong></span> <span class='ocrx_word' id='word_1_500' title='bbox 3505 485 3641 545; x_wconf 83' lang='lat' dir='ltr'><strong>disci-</strong></span> 
     </span>
    </p>
   </div>
   <div class='ocr_carea' id='block_1_64' title="bbox 2117 572 3643 646">
    <p class='ocr_par' dir='ltr' id='par_1_64' title="bbox 2117 572 3643 646">
     <span class='ocr_line' id='line_1_64' title="bbox 2117 572 3643 646; baseline 0.007 -18"><span class='ocrx_word' id='word_1_501' title='bbox 2117 575 2349 645; x_wconf 88' lang='lat' dir='ltr'><strong>plinam;</strong></span> <span class='ocrx_word' id='word_1_502' title='bbox 2379 574 2536 630; x_wconf 81' lang='lat' dir='ltr'><strong>existi</strong></span> <span class='ocrx_word' id='word_1_503' title='bbox 2567 573 2709 628; x_wconf 89' lang='lat' dir='ltr'><strong>iude.</strong></span> <span class='ocrx_word' id='word_1_504' title='bbox 2737 573 3008 628; x_wconf 81' lang='lat' dir='ltr'><strong>Attendite</strong></span> <span class='ocrx_word' id='word_1_505' title='bbox 3030 572 3081 627; x_wconf 92' lang='lat' dir='ltr'><strong>in</strong></span> <span class='ocrx_word' id='word_1_506' title='bbox 3107 573 3240 629; x_wconf 76' lang='lat' dir='ltr'><strong>facta</strong></span> <span class='ocrx_word' id='word_1_507' title='bbox 3265 583 3562 646; x_wconf 84' lang='lat' dir='ltr'><strong>sanctorum,</strong></span> <span class='ocrx_word' id='word_1_508' title='bbox 3587 597 3643 639; x_wconf 82' lang='lat' dir='ltr'><strong>ne</strong></span> 
     </span>
    </p>
   </div>
   <div class='ocr_carea' id='block_1_65' title="bbox 2118 664 3644 735">
    <p class='ocr_par' dir='ltr' id='par_1_65' title="bbox 2118 664 3644 735">
     <span class='ocr_line' id='line_1_65' title="bbox 2118 664 3644 735; baseline 0.003 -16"><span class='ocrx_word' id='word_1_509' title='bbox 2118 665 2255 721; x_wconf 80' lang='lat' dir='ltr'><strong>forte</strong></span> <span class='ocrx_word' id='word_1_510' title='bbox 2305 675 2487 720; x_wconf 90' lang='lat' dir='ltr'><strong>nostra</strong></span> <span class='ocrx_word' id='word_1_511' title='bbox 2526 664 2768 720; x_wconf 88' lang='lat' dir='ltr'><strong>videatur</strong></span> <span class='ocrx_word' id='word_1_512' title='bbox 2819 665 3203 735; x_wconf 85' lang='lat' dir='ltr'><strong>interpretatio.</strong></span> <span class='ocrx_word' id='word_1_513' title='bbox 3251 665 3509 734; x_wconf 83' lang='lat' dir='ltr'><strong>Quomodo</strong></span> <span class='ocrx_word' id='word_1_514' title='bbox 3551 671 3644 728; x_wconf 55' lang='lat' dir='ltr'><strong>hac</strong></span> 
     </span>
    </p>
   </div>
   <div class='ocr_carea' id='block_1_66' title="bbox 2117 756 3645 831">
    <p class='ocr_par' dir='ltr' id='par_1_66' title="bbox 2117 756 3645 831">
     <span class='ocr_line' id='line_1_66' title="bbox 2117 756 3645 831; baseline 0.005 -21"><span class='ocrx_word' id='word_1_515' title='bbox 2117 757 2280 812; x_wconf 88' lang='lat' dir='ltr'><strong>verba</strong></span> <span class='ocrx_word' id='word_1_516' title='bbox 2329 757 2705 812; x_wconf 81' lang='lat' dir='ltr'><strong>intellexerunt</strong></span> <span class='ocrx_word' id='word_1_517' title='bbox 2748 756 2954 824; x_wconf 88' lang='lat' dir='ltr'><strong>sancti,</strong></span> <span class='ocrx_word' id='word_1_518' title='bbox 3003 757 3080 812; x_wconf 86' lang='lat' dir='ltr'><strong>sic</strong></span> <span class='ocrx_word' id='word_1_519' title='bbox 3127 757 3304 827; x_wconf 89' lang='lat' dir='ltr'><strong>utique</strong></span> <span class='ocrx_word' id='word_1_520' title='bbox 3349 759 3645 831; x_wconf 82' lang='lat' dir='ltr'><strong>intelligenda</strong></span> 
     </span>
    </p>
   </div>
   <div class='ocr_carea' id='block_1_67' title="bbox 2121 848 3646 923">
    <p class='ocr_par' dir='ltr' id='par_1_67' title="bbox 2121 848 3646 923">
     <span class='ocr_line' id='line_1_67' title="bbox 2121 848 3646 923; baseline 0.004 -19"><span class='ocrx_word' id='word_1_521' title='bbox 2121 858 2264 905; x_wconf 86' lang='lat' dir='ltr'><strong>sunt.</strong></span> <span class='ocrx_word' id='word_1_522' title='bbox 2287 849 2438 904; x_wconf 76' lang='lat' dir='ltr'><strong>Exite</strong></span> <span class='ocrx_word' id='word_1_523' title='bbox 2462 849 2601 916; x_wconf 86' lang='lat' dir='ltr'><strong>inde,</strong></span> <span class='ocrx_word' id='word_1_524' title='bbox 2627 850 2795 921; x_wconf 87' lang='lat' dir='ltr'><strong>inquit</strong></span> <span class='ocrx_word' id='word_1_525' title='bbox 2845 848 3121 921; x_wconf 83' lang='lat' dir='ltr'><strong>propheta.</strong></span> <span class='ocrx_word' id='word_1_526' title='bbox 3140 850 3290 906; x_wconf 86' lang='lat' dir='ltr'><strong>Prius</strong></span> <span class='ocrx_word' id='word_1_527' title='bbox 3310 852 3485 907; x_wconf 86' lang='lat' dir='ltr'><strong>usitata</strong></span> <span class='ocrx_word' id='word_1_528' title='bbox 3511 854 3646 923; x_wconf 80' lang='lat' dir='ltr'><strong>ipsius</strong></span> 
     </span>
    </p>
   </div>
   <div class='ocr_carea' id='block_1_68' title="bbox 2120 941 3646 1013">
    <p class='ocr_par' dir='ltr' id='par_1_68' title="bbox 2120 941 3646 1013">
     <span class='ocr_line' id='line_1_68' title="bbox 2120 941 3646 1013; baseline 0.003 -17"><span class='ocrx_word' id='word_1_529' title='bbox 2120 941 2268 996; x_wconf 78' lang='lat' dir='ltr'><strong>verbi</strong></span> <span class='ocrx_word' id='word_1_530' title='bbox 2286 941 2674 996; x_wconf 90' lang='lat' dir='ltr'><strong>consuetudine</strong></span> <span class='ocrx_word' id='word_1_531' title='bbox 2694 955 2878 996; x_wconf 87' lang='lat' dir='ltr'><strong>assero</strong></span> <span class='ocrx_word' id='word_1_532' title='bbox 2899 941 3053 996; x_wconf 86' lang='lat' dir='ltr'><strong>istam</strong></span> <span class='ocrx_word' id='word_1_533' title='bbox 3078 941 3406 1009; x_wconf 80' lang='lat' dir='ltr'><strong>sententiam,</strong></span> <span class='ocrx_word' id='word_1_534' title='bbox 3428 954 3476 998; x_wconf 90' lang='lat' dir='ltr'><strong>et</strong></span> <span class='ocrx_word' id='word_1_535' title='bbox 3497 954 3646 1013; x_wconf 66' lang='lat' dir='ltr'><strong>posta</strong></span> 
     </span>
    </p>
   </div>
   <div class='ocr_carea' id='block_1_69' title="bbox 2122 1031 3644 1105">
    <p class='ocr_par' dir='ltr' id='par_1_69' title="bbox 2122 1031 3644 1105">
     <span class='ocr_line' id='line_1_69' title="bbox 2122 1031 3644 1105; baseline 0.003 -18"><span class='ocrx_word' id='word_1_536' title='bbox 2122 1031 2345 1088; x_wconf 87' lang='lat' dir='ltr'><strong>ostendo</strong></span> <span class='ocrx_word' id='word_1_537' title='bbox 2375 1047 2480 1086; x_wconf 90' lang='lat' dir='ltr'><strong>non</strong></span> <span class='ocrx_word' id='word_1_538' title='bbox 2511 1048 2706 1088; x_wconf 89' lang='lat' dir='ltr'><strong>meam.</strong></span> <span class='ocrx_word' id='word_1_539' title='bbox 2743 1032 3060 1103; x_wconf 85' lang='lat' dir='ltr'><strong>Plerumque</strong></span> <span class='ocrx_word' id='word_1_540' title='bbox 3087 1045 3394 1089; x_wconf 84' lang='lat' dir='ltr'><strong>accusantur</strong></span> <span class='ocrx_word' id='word_1_541' title='bbox 3419 1036 3644 1105; x_wconf 86' lang='lat' dir='ltr'><strong>homines;</strong></span> 
     </span>
    </p>
   </div>
   <div class='ocr_carea' id='block_1_70' title="bbox 2123 1123 3648 1190">
    <p class='ocr_par' dir='ltr' id='par_1_70' title="bbox 2123 1123 3648 1190">
     <span class='ocr_line' id='line_1_70' title="bbox 2123 1123 3648 1190; baseline 0.003 -12"><span class='ocrx_word' id='word_1_542' title='bbox 2123 1131 2178 1178; x_wconf 84' lang='lat' dir='ltr'><strong>et</strong></span> <span class='ocrx_word' id='word_1_543' title='bbox 2200 1138 2320 1178; x_wconf 86' lang='lat' dir='ltr'><strong>cum</strong></span> <span class='ocrx_word' id='word_1_544' title='bbox 2352 1124 2587 1179; x_wconf 88' lang='lat' dir='ltr'><strong>accusati</strong></span> <span class='ocrx_word' id='word_1_545' title='bbox 2615 1123 2832 1190; x_wconf 74' lang='lat' dir='ltr'><strong>fuerint,</strong></span> <span class='ocrx_word' id='word_1_546' title='bbox 2862 1123 3154 1179; x_wconf 77' lang='lat' dir='ltr'><strong>defendunt</strong></span> <span class='ocrx_word' id='word_1_547' title='bbox 3178 1138 3237 1178; x_wconf 89' lang='lat' dir='ltr'><strong>se</strong></span> <span class='ocrx_word' id='word_1_548' title='bbox 3261 1142 3274 1178; x_wconf 89' lang='lat'><strong>:</strong></span> <span class='ocrx_word' id='word_1_549' title='bbox 3301 1139 3414 1180; x_wconf 89' lang='lat' dir='ltr'><strong>cum</strong></span> <span class='ocrx_word' id='word_1_550' title='bbox 3432 1136 3584 1182; x_wconf 85' lang='lat' dir='ltr'><strong>autem</strong></span> <span class='ocrx_word' id='word_1_551' title='bbox 3602 1144 3648 1184; x_wconf 85' lang='lat' dir='ltr'><strong>se</strong></span> 
     </span>
    </p>
   </div>
   <div class='ocr_carea' id='block_1_71' title="bbox 2125 1213 3650 1286">
    <p class='ocr_par' dir='ltr' id='par_1_71' title="bbox 2125 1213 3650 1286">
     <span class='ocr_line' id='line_1_71' title="bbox 2125 1213 3650 1286; baseline 0.003 -19"><span class='ocrx_word' id='word_1_552' title='bbox 2125 1213 2216 1269; x_wconf 90' lang='lat' dir='ltr'><strong>ille</strong></span> <span class='ocrx_word' id='word_1_553' title='bbox 2244 1215 2334 1284; x_wconf 88' lang='lat' dir='ltr'><strong>qui</strong></span> <span class='ocrx_word' id='word_1_554' title='bbox 2366 1225 2647 1270; x_wconf 87' lang='lat' dir='ltr'><strong>accusatur</strong></span> <span class='ocrx_word' id='word_1_555' title='bbox 2673 1215 2855 1277; x_wconf 89' lang='lat' dir='ltr'><strong>homo,</strong></span> <span class='ocrx_word' id='word_1_556' title='bbox 2903 1213 3286 1269; x_wconf 83' lang='lat' dir='ltr'><strong>rationabiliter</strong></span> <span class='ocrx_word' id='word_1_557' title='bbox 3320 1214 3543 1286; x_wconf 79' lang='lat' dir='ltr'><strong>justeque</strong></span> <span class='ocrx_word' id='word_1_558' title='bbox 3576 1218 3650 1272; x_wconf 83' lang='lat' dir='ltr'><strong>de-</strong></span> 
     </span>
    </p>
   </div>
   <div class='ocr_carea' id='block_1_72' title="bbox 2127 1303 3649 1376">
    <p class='ocr_par' dir='ltr' id='par_1_72' title="bbox 2127 1303 3649 1376">
     <span class='ocr_line' id='line_1_72' title="bbox 2127 1303 3649 1376; baseline 0.003 -17"><span class='ocrx_word' id='word_1_559' title='bbox 2127 1303 2388 1370; x_wconf 79' lang='lat' dir='ltr'><strong>fenderit,</strong></span> <span class='ocrx_word' id='word_1_560' title='bbox 2428 1305 2518 1376; x_wconf 90' lang='lat' dir='ltr'><strong>qui</strong></span> <span class='ocrx_word' id='word_1_561' title='bbox 2545 1305 2797 1372; x_wconf 89' lang='lat' dir='ltr'><strong>audiunt,</strong></span> <span class='ocrx_word' id='word_1_562' title='bbox 2825 1305 3042 1372; x_wconf 88' lang='lat' dir='ltr'><strong>dicunt,</strong></span> <span class='ocrx_word' id='word_1_563' title='bbox 3090 1305 3230 1360; x_wconf 83' lang='lat' dir='ltr'><strong>Exiit</strong></span> <span class='ocrx_word' id='word_1_564' title='bbox 3264 1306 3399 1360; x_wconf 89' lang='lat' dir='ltr'><strong>inde.</strong></span> <span class='ocrx_word' id='word_1_565' title='bbox 3425 1306 3528 1375; x_wconf 90' lang='lat' dir='ltr'><strong>Quo</strong></span> <span class='ocrx_word' id='word_1_566' title='bbox 3552 1308 3649 1364; x_wconf 88' lang='lat' dir='ltr'><strong>inde</strong></span> 
     </span>
    </p>
   </div>
   <div class='ocr_carea' id='block_1_73' title="bbox 2127 1397 3649 1464">
    <p class='ocr_par' dir='ltr' id='par_1_73' title="bbox 2127 1397 3649 1464">
     <span class='ocr_line' id='line_1_73' title="bbox 2127 1397 3649 1464; baseline 0 -12"><span class='ocrx_word' id='word_1_567' title='bbox 2127 1397 2289 1452; x_wconf 81' lang='lat' dir='ltr'><strong>exiit?</strong></span> <span class='ocrx_word' id='word_1_568' title='bbox 2318 1398 2535 1453; x_wconf 81' lang='lat' dir='ltr'><strong>Manens</strong></span> <span class='ocrx_word' id='word_1_569' title='bbox 2575 1397 2714 1463; x_wconf 92' lang='lat' dir='ltr'><strong>loco,</strong></span> <span class='ocrx_word' id='word_1_570' title='bbox 2745 1397 2875 1452; x_wconf 88' lang='lat' dir='ltr'><strong>exiit</strong></span> <span class='ocrx_word' id='word_1_571' title='bbox 2912 1397 3055 1452; x_wconf 91' lang='lat' dir='ltr'><strong>inde.</strong></span> <span class='ocrx_word' id='word_1_572' title='bbox 3085 1397 3356 1464; x_wconf 88' lang='lat' dir='ltr'><strong>Quomodo</strong></span> <span class='ocrx_word' id='word_1_573' title='bbox 3381 1397 3492 1452; x_wconf 89' lang='lat' dir='ltr'><strong>inde</strong></span> <span class='ocrx_word' id='word_1_574' title='bbox 3523 1401 3649 1453; x_wconf 74' lang='lat' dir='ltr'><strong>exiit?</strong></span> 
     </span>
    </p>
   </div>
   <div class='ocr_carea' id='block_1_74' title="bbox 2130 1487 3647 1557">
    <p class='ocr_par' dir='ltr' id='par_1_74' title="bbox 2130 1487 3647 1557">
     <span class='ocr_line' id='line_1_74' title="bbox 2130 1487 3647 1557; baseline 0.002 -15"><span class='ocrx_word' id='word_1_575' title='bbox 2130 1488 2356 1543; x_wconf 78' lang='lat' dir='ltr'><strong>Ratione</strong></span> <span class='ocrx_word' id='word_1_576' title='bbox 2401 1487 2638 1554; x_wconf 88' lang='lat' dir='ltr'><strong>reddita,</strong></span> <span class='ocrx_word' id='word_1_577' title='bbox 2685 1498 2739 1544; x_wconf 88' lang='lat' dir='ltr'><strong>et</strong></span> <span class='ocrx_word' id='word_1_578' title='bbox 2779 1487 3094 1543; x_wconf 83' lang='lat' dir='ltr'><strong>defensione</strong></span> <span class='ocrx_word' id='word_1_579' title='bbox 3118 1489 3416 1557; x_wconf 87' lang='lat' dir='ltr'><strong>justissima.</strong></span> <span class='ocrx_word' id='word_1_580' title='bbox 3461 1489 3556 1544; x_wconf 91' lang='lat' dir='ltr'><strong>lloe</strong></span> <span class='ocrx_word' id='word_1_581' title='bbox 3587 1499 3647 1545; x_wconf 87' lang='lat' dir='ltr'><strong>est</strong></span> 
     </span>
    </p>
   </div>
   <div class='ocr_carea' id='block_1_75' title="bbox 2130 1577 3648 1648">
    <p class='ocr_par' dir='ltr' id='par_1_75' title="bbox 2130 1577 3648 1648">
     <span class='ocr_line' id='line_1_75' title="bbox 2130 1577 3648 1648; baseline 0.001 -16"><span class='ocrx_word' id='word_1_582' title='bbox 2130 1578 2269 1648; x_wconf 91' lang='lat' dir='ltr'><strong>quod</strong></span> <span class='ocrx_word' id='word_1_583' title='bbox 2299 1579 2562 1634; x_wconf 81' lang='lat' dir='ltr'><strong>faciebant</strong></span> <span class='ocrx_word' id='word_1_584' title='bbox 2588 1578 2755 1633; x_wconf 86' lang='lat' dir='ltr'><strong>saneti</strong></span> <span class='ocrx_word' id='word_1_585' title='bbox 2775 1619 2791 1645; x_wconf 95' lang='lat'><strong>,</strong></span> <span class='ocrx_word' id='word_1_586' title='bbox 2820 1578 3034 1648; x_wconf 90' lang='lat' dir='ltr'><strong>quando</strong></span> <span class='ocrx_word' id='word_1_587' title='bbox 3063 1577 3392 1641; x_wconf 75' lang='lat' dir='ltr'><strong>excutiebant</strong></span> <span class='ocrx_word' id='word_1_588' title='bbox 3430 1579 3648 1648; x_wconf 81' lang='lat' dir='ltr'><strong>pulverem</strong></span> 
     </span>
    </p>
   </div>
   <div class='ocr_carea' id='block_1_76' title="bbox 2130 1668 3652 1740">
    <p class='ocr_par' dir='ltr' id='par_1_76' title="bbox 2130 1668 3652 1740">
     <span class='ocr_line' id='line_1_76' title="bbox 2130 1668 3652 1740; baseline -0.001 -16"><span class='ocrx_word' id='word_1_589' title='bbox 2130 1669 2198 1724; x_wconf 85' lang='lat' dir='ltr'><strong>de</strong></span> <span class='ocrx_word' id='word_1_590' title='bbox 2228 1669 2451 1740; x_wconf 85' lang='lat' dir='ltr'><strong>pedibus</strong></span> <span class='ocrx_word' id='word_1_591' title='bbox 2479 1668 2610 1733; x_wconf 87' lang='lat' dir='ltr'><strong>suis,</strong></span> <span class='ocrx_word' id='word_1_592' title='bbox 2637 1669 2892 1724; x_wconf 84' lang='lat' dir='ltr'><strong>adversus</strong></span> <span class='ocrx_word' id='word_1_593' title='bbox 2915 1683 3009 1724; x_wconf 84' lang='lat' dir='ltr'><strong>eos</strong></span> <span class='ocrx_word' id='word_1_594' title='bbox 3037 1669 3126 1739; x_wconf 90' lang='lat' dir='ltr'><strong>qui</strong></span> <span class='ocrx_word' id='word_1_595' title='bbox 3153 1668 3249 1722; x_wconf 90' lang='lat' dir='ltr'><strong>sibi</strong></span> <span class='ocrx_word' id='word_1_596' title='bbox 3291 1683 3458 1738; x_wconf 87' lang='lat' dir='ltr'><strong>pacem</strong></span> <span class='ocrx_word' id='word_1_597' title='bbox 3484 1671 3652 1723; x_wconf 81' lang='lat' dir='ltr'><strong>nuntia-</strong></span> 
     </span>
    </p>
   </div>
   <div class='ocr_carea' id='block_1_77' title="bbox 2133 1758 3654 1831">
    <p class='ocr_par' dir='ltr' id='par_1_77' title="bbox 2133 1758 3654 1831">
     <span class='ocr_line' id='line_1_77' title="bbox 2133 1758 3654 1831; baseline 0.001 -18"><span class='ocrx_word' id='word_1_598' title='bbox 2133 1767 2238 1813; x_wconf 89' lang='lat' dir='ltr'><strong>tam</strong></span> <span class='ocrx_word' id='word_1_599' title='bbox 2272 1776 2376 1814; x_wconf 90' lang='lat' dir='ltr'><strong>nou</strong></span> <span class='ocrx_word' id='word_1_600' title='bbox 2405 1759 2734 1828; x_wconf 84' lang='lat' dir='ltr'><strong>accipiebant</strong></span> <span class='ocrx_word' id='word_1_601' title='bbox 2756 1758 2906 1831; x_wconf 88' lang='lat' dir='ltr'><strong>(Luc.</strong></span> <span class='ocrx_word' id='word_1_602' title='bbox 2936 1775 2992 1826; x_wconf 83' lang='lat' dir='ltr'><strong>x,</strong></span> <span class='ocrx_word' id='word_1_603' title='bbox 3023 1761 3048 1813; x_wconf 78' lang='grc' dir='ltr'>ί</span> <span class='ocrx_word' id='word_1_604' title='bbox 3067 1759 3139 1831; x_wconf 92' lang='lat' dir='ltr'><strong>l).</strong></span> <span class='ocrx_word' id='word_1_605' title='bbox 3168 1759 3307 1814; x_wconf 85' lang='lat' dir='ltr'><strong>Exiit</strong></span> <span class='ocrx_word' id='word_1_606' title='bbox 3333 1759 3445 1815; x_wconf 88' lang='lat' dir='ltr'><strong>inde</strong></span> <span class='ocrx_word' id='word_1_607' title='bbox 3469 1761 3544 1815; x_wconf 90' lang='lat' dir='ltr'><strong>ille</strong></span> <span class='ocrx_word' id='word_1_608' title='bbox 3561 1777 3654 1830; x_wconf 83' lang='lat' dir='ltr'><strong>spe-</strong></span> 
     </span>
    </p>
   </div>
   <div class='ocr_carea' id='block_1_78' title="bbox 2131 1851 3656 1921">
    <p class='ocr_par' dir='ltr' id='par_1_78' title="bbox 2131 1851 3656 1921">
     <span class='ocr_line' id='line_1_78' title="bbox 2131 1851 3656 1921; baseline 0.001 -16"><span class='ocrx_word' id='word_1_609' title='bbox 2131 1851 2355 1915; x_wconf 88' lang='lat' dir='ltr'><strong>culator,</strong></span> <span class='ocrx_word' id='word_1_610' title='bbox 2384 1852 2468 1906; x_wconf 90' lang='lat' dir='ltr'><strong>cui</strong></span> <span class='ocrx_word' id='word_1_611' title='bbox 2497 1851 2693 1905; x_wconf 90' lang='lat' dir='ltr'><strong>dictum</strong></span> <span class='ocrx_word' id='word_1_612' title='bbox 2737 1860 2840 1913; x_wconf 83' lang='lat' dir='ltr'><strong>est,</strong></span> <span class='ocrx_word' id='word_1_613' title='bbox 2869 1851 3255 1920; x_wconf 84' lang='lat' dir='ltr'><strong>Speculatorent</strong></span> <span class='ocrx_word' id='word_1_614' title='bbox 3291 1853 3424 1921; x_wconf 80' lang='lat' dir='ltr'><strong>posui</strong></span> <span class='ocrx_word' id='word_1_615' title='bbox 3451 1861 3492 1904; x_wconf 90' lang='lat' dir='ltr'><strong>te</strong></span> <span class='ocrx_word' id='word_1_616' title='bbox 3520 1853 3656 1906; x_wconf 70' lang='lat' dir='ltr'><strong>domui</strong></span> 
     </span>
    </p>
   </div>
   <div class='ocr_carea' id='block_1_79' title="bbox 2134 1941 3658 2013">
    <p class='ocr_par' dir='ltr' id='par_1_79' title="bbox 2134 1941 3658 2013">
     <span class='ocr_line' id='line_1_79' title="bbox 2134 1941 3658 2013; baseline 0.003 -17"><span class='ocrx_word' id='word_1_617' title='bbox 2134 1941 2316 1997; x_wconf 79' lang='lat' dir='ltr'><strong>Israel.</strong></span> <span class='ocrx_word' id='word_1_618' title='bbox 2365 1943 2440 1997; x_wconf 89' lang='lat' dir='ltr'><strong>Illi</strong></span> <span class='ocrx_word' id='word_1_619' title='bbox 2469 1943 2610 1998; x_wconf 90' lang='lat' dir='ltr'><strong>enim</strong></span> <span class='ocrx_word' id='word_1_620' title='bbox 2637 1943 2847 2007; x_wconf 87' lang='lat' dir='ltr'><strong>dicitur,</strong></span> <span class='ocrx_word' id='word_1_621' title='bbox 2888 1942 2950 1998; x_wconf 90' lang='lat' dir='ltr'><strong>Si</strong></span> <span class='ocrx_word' id='word_1_622' title='bbox 2982 1943 3180 1997; x_wconf 74' lang='lat' dir='ltr'><strong>dixeris</strong></span> <span class='ocrx_word' id='word_1_623' title='bbox 3217 1944 3408 2013; x_wconf 87' lang='lat' dir='ltr'><strong>iniquo,</strong></span> <span class='ocrx_word' id='word_1_624' title='bbox 3445 1955 3486 1998; x_wconf 82' lang='lat' dir='ltr'><strong>et</strong></span> <span class='ocrx_word' id='word_1_625' title='bbox 3515 1961 3597 1998; x_wconf 79' lang='lat' dir='ltr'><strong>non</strong></span> <span class='ocrx_word' id='word_1_626' title='bbox 3617 1961 3658 2000; x_wconf 78' lang='lat' dir='ltr'><strong>te</strong></span> 
     </span>
    </p>
   </div>
   <div class='ocr_carea' id='block_1_80' title="bbox 2133 2035 3658 2106">
    <p class='ocr_par' dir='ltr' id='par_1_80' title="bbox 2133 2035 3658 2106">
     <span class='ocr_line' id='line_1_80' title="bbox 2133 2035 3658 2106; baseline -0.001 -17"><span class='ocrx_word' id='word_1_627' title='bbox 2133 2036 2359 2090; x_wconf 85' lang='lat' dir='ltr'><strong>averterit</strong></span> <span class='ocrx_word' id='word_1_628' title='bbox 2382 2035 2443 2089; x_wconf 81' lang='lat' dir='ltr'><strong>ab</strong></span> <span class='ocrx_word' id='word_1_629' title='bbox 2469 2036 2728 2106; x_wconf 83' lang='lat' dir='ltr'><strong>iniquitate</strong></span> <span class='ocrx_word' id='word_1_630' title='bbox 2763 2046 2812 2090; x_wconf 81' lang='lat' dir='ltr'><strong>et</strong></span> <span class='ocrx_word' id='word_1_631' title='bbox 2848 2053 2881 2089; x_wconf 90' lang='lat' dir='ltr'><strong>a</strong></span> <span class='ocrx_word' id='word_1_632' title='bbox 2909 2036 2988 2089; x_wconf 77' lang='lat' dir='ltr'><strong>via</strong></span> <span class='ocrx_word' id='word_1_633' title='bbox 3025 2050 3164 2099; x_wconf 86' lang='lat' dir='ltr'><strong>sua;</strong></span> <span class='ocrx_word' id='word_1_634' title='bbox 3190 2036 3382 2106; x_wconf 81' lang='lat' dir='ltr'><strong>iniquus</strong></span> <span class='ocrx_word' id='word_1_635' title='bbox 3416 2037 3492 2090; x_wconf 87' lang='lat' dir='ltr'><strong>ille</strong></span> <span class='ocrx_word' id='word_1_636' title='bbox 3523 2037 3566 2088; x_wconf 89' lang='lat' dir='ltr'><strong>in</strong></span> <span class='ocrx_word' id='word_1_637' title='bbox 3587 2052 3658 2088; x_wconf 85' lang='lat' dir='ltr'><strong>sua</strong></span> 
     </span>
    </p>
   </div>
   <div class='ocr_carea' id='block_1_81' title="bbox 2133 2125 3652 2199">
    <p class='ocr_par' dir='ltr' id='par_1_81' title="bbox 2133 2125 3652 2199">
     <span class='ocr_line' id='line_1_81' title="bbox 2133 2125 3652 2199; baseline 0.002 -22"><span class='ocrx_word' id='word_1_638' title='bbox 2133 2126 2397 2195; x_wconf 80' lang='lat' dir='ltr'><strong>iniquitate</strong></span> <span class='ocrx_word' id='word_1_639' title='bbox 2417 2125 2677 2193; x_wconf 84' lang='lat' dir='ltr'><strong>morietur,</strong></span> <span class='ocrx_word' id='word_1_640' title='bbox 2701 2135 2749 2179; x_wconf 84' lang='lat' dir='ltr'><strong>et</strong></span> <span class='ocrx_word' id='word_1_641' title='bbox 2771 2135 2824 2180; x_wconf 85' lang='lat' dir='ltr'><strong>tu</strong></span> <span class='ocrx_word' id='word_1_642' title='bbox 2843 2130 3064 2180; x_wconf 81' lang='lat' dir='ltr'><strong>animum</strong></span> <span class='ocrx_word' id='word_1_643' title='bbox 3101 2136 3238 2180; x_wconf 87' lang='lat' dir='ltr'><strong>tuam</strong></span> <span class='ocrx_word' id='word_1_644' title='bbox 3255 2125 3468 2181; x_wconf 78' lang='lat' dir='ltr'><strong>liberabis</strong></span> <span class='ocrx_word' id='word_1_645' title='bbox 3487 2125 3652 2199; x_wconf 70' lang='lat' dir='ltr'><strong>(Emit.</strong></span> 
     </span>
    </p>
   </div>
   <div class='ocr_carea' id='block_1_82' title="bbox 2135 2215 3658 2288">
    <p class='ocr_par' dir='ltr' id='par_1_82' title="bbox 2135 2215 3658 2288">
     <span class='ocr_line' id='line_1_82' title="bbox 2135 2215 3658 2288; baseline 0 -17"><span class='ocrx_word' id='word_1_646' title='bbox 2135 2233 2214 2279; x_wconf 88' lang='lat' dir='ltr'><strong>ut,</strong></span> <span class='ocrx_word' id='word_1_647' title='bbox 2231 2219 2319 2283; x_wconf 82' lang='lat' dir='ltr'><strong>l7,</strong></span> <span class='ocrx_word' id='word_1_648' title='bbox 2348 2217 2459 2288; x_wconf 84' lang='lat' dir='ltr'><strong>l9).</strong></span> <span class='ocrx_word' id='word_1_649' title='bbox 2481 2217 2592 2272; x_wconf 85' lang='lat' dir='ltr'><strong>Hoc</strong></span> <span class='ocrx_word' id='word_1_650' title='bbox 2619 2217 2662 2270; x_wconf 93' lang='lat' dir='ltr'><strong>si</strong></span> <span class='ocrx_word' id='word_1_651' title='bbox 2682 2215 2825 2282; x_wconf 79' lang='lat' dir='ltr'><strong>facit,</strong></span> <span class='ocrx_word' id='word_1_652' title='bbox 2845 2217 2954 2272; x_wconf 89' lang='lat' dir='ltr'><strong>exit</strong></span> <span class='ocrx_word' id='word_1_653' title='bbox 2971 2216 3125 2284; x_wconf 84' lang='lat' dir='ltr'><strong>inde,</strong></span> <span class='ocrx_word' id='word_1_654' title='bbox 3146 2233 3248 2272; x_wconf 90' lang='lat' dir='ltr'><strong>non</strong></span> <span class='ocrx_word' id='word_1_655' title='bbox 3269 2218 3658 2287; x_wconf 83' lang='lat' dir='ltr'><strong>scparationecor-</strong></span> 
     </span>
    </p>
   </div>
   <div class='ocr_carea' id='block_1_83' title="bbox 2138 2308 3656 2380">
    <p class='ocr_par' dir='ltr' id='par_1_83' title="bbox 2138 2308 3656 2380">
     <span class='ocr_line' id='line_1_83' title="bbox 2138 2308 3656 2380; baseline 0.001 -17"><span class='ocrx_word' id='word_1_656' title='bbox 2138 2309 2302 2379; x_wconf 88' lang='lat' dir='ltr'><strong>poris,</strong></span> <span class='ocrx_word' id='word_1_657' title='bbox 2335 2310 2428 2365; x_wconf 89' lang='lat' dir='ltr'><strong>sed</strong></span> <span class='ocrx_word' id='word_1_658' title='bbox 2455 2308 2765 2365; x_wconf 78' lang='lat' dir='ltr'><strong>defensione</strong></span> <span class='ocrx_word' id='word_1_659' title='bbox 2791 2309 2968 2380; x_wconf 88' lang='lat' dir='ltr'><strong>operis</strong></span> <span class='ocrx_word' id='word_1_660' title='bbox 2995 2310 3076 2364; x_wconf 88' lang='lat' dir='ltr'><strong>sui</strong></span> <span class='ocrx_word' id='word_1_661' title='bbox 3097 2351 3110 2362; x_wconf 93' lang='lat'><strong>.</strong></span> <span class='ocrx_word' id='word_1_662' title='bbox 3134 2309 3279 2365; x_wconf 85' lang='lat' dir='ltr'><strong>Fecit</strong></span> <span class='ocrx_word' id='word_1_663' title='bbox 3297 2310 3426 2365; x_wconf 88' lang='lat' dir='ltr'><strong>enim</strong></span> <span class='ocrx_word' id='word_1_664' title='bbox 3452 2310 3535 2364; x_wconf 83' lang='lat' dir='ltr'><strong>iste</strong></span> <span class='ocrx_word' id='word_1_665' title='bbox 3550 2308 3656 2379; x_wconf 85' lang='lat' dir='ltr'><strong>quod</strong></span> 
     </span>
    </p>
   </div>
   <div class='ocr_carea' id='block_1_84' title="bbox 2139 2398 3658 2472">
    <p class='ocr_par' dir='ltr' id='par_1_84' title="bbox 2139 2398 3658 2472">
     <span class='ocr_line' id='line_1_84' title="bbox 2139 2398 3658 2472; baseline 0.002 -19"><span class='ocrx_word' id='word_1_666' title='bbox 2139 2398 2436 2456; x_wconf 84' lang='lat' dir='ltr'><strong>faciendum</strong></span> <span class='ocrx_word' id='word_1_667' title='bbox 2478 2401 2578 2456; x_wconf 83' lang='lat' dir='ltr'><strong>fuit</strong></span> <span class='ocrx_word' id='word_1_668' title='bbox 2609 2419 2622 2456; x_wconf 92' lang='lat'>:</span> <span class='ocrx_word' id='word_1_669' title='bbox 2653 2402 2863 2457; x_wconf 85' lang='lat' dir='ltr'><strong>etiamsi</strong></span> <span class='ocrx_word' id='word_1_670' title='bbox 2902 2402 2991 2458; x_wconf 92' lang='lat' dir='ltr'><strong>ille</strong></span> <span class='ocrx_word' id='word_1_671' title='bbox 3032 2418 3149 2458; x_wconf 85' lang='lat' dir='ltr'><strong>non</strong></span> <span class='ocrx_word' id='word_1_672' title='bbox 3179 2404 3558 2472; x_wconf 85' lang='lat' dir='ltr'><strong>obtemperavit,</strong></span> <span class='ocrx_word' id='word_1_673' title='bbox 3594 2401 3658 2456; x_wconf 88' lang='lat' dir='ltr'><strong>cui</strong></span> 
     </span>
    </p>
   </div>
   <div class='ocr_carea' id='block_1_85' title="bbox 2137 2492 3365 2562">
    <p class='ocr_par' dir='ltr' id='par_1_85' title="bbox 2137 2492 3365 2562">
     <span class='ocr_line' id='line_1_85' title="bbox 2137 2492 3365 2562; baseline 0.002 -16"><span class='ocrx_word' id='word_1_674' title='bbox 2137 2492 2611 2562; x_wconf 72' lang='lat' dir='ltr'><strong>obtemperantium</strong></span> <span class='ocrx_word' id='word_1_675' title='bbox 2639 2494 2754 2548; x_wconf 82' lang='lat' dir='ltr'><strong>fuit.</strong></span> <span class='ocrx_word' id='word_1_676' title='bbox 2789 2495 2899 2550; x_wconf 91' lang='lat' dir='ltr'><strong>lloc</strong></span> <span class='ocrx_word' id='word_1_677' title='bbox 2921 2503 3023 2560; x_wconf 90' lang='lat' dir='ltr'><strong>est,</strong></span> <span class='ocrx_word' id='word_1_678' title='bbox 3053 2494 3216 2550; x_wconf 70' lang='lat' dir='ltr'><strong>Exite</strong></span> <span class='ocrx_word' id='word_1_679' title='bbox 3236 2495 3365 2549; x_wconf 84' lang='lat' dir='ltr'><strong>inde.</strong></span> 
     </span>
    </p>
   </div>
   <div class='ocr_carea' id='block_1_86' title="bbox 2207 2583 3659 2658">
    <p class='ocr_par' dir='ltr' id='par_1_86' title="bbox 2207 2583 3659 2658">
     <span class='ocr_line' id='line_1_86' title="bbox 2207 2583 3659 2658; baseline -0.001 -20"><span class='ocrx_word' id='word_1_680' title='bbox 2207 2583 2434 2640; x_wconf 78' lang='lat' dir='ltr'><strong>CAPUT</strong></span> <span class='ocrx_word' id='word_1_681' title='bbox 2468 2584 2683 2638; x_wconf 74' lang='lat' dir='ltr'><strong>XXl.—</strong></span> <span class='ocrx_word' id='word_1_682' title='bbox 2701 2585 2791 2640; x_wconf 75' lang='grc'><strong>24.</strong></span> <span class='ocrx_word' id='word_1_683' title='bbox 2817 2584 3099 2654; x_wconf 78' lang='lat' dir='ltr'><strong>Propheta:</strong></span> <span class='ocrx_word' id='word_1_684' title='bbox 3117 2588 3288 2658; x_wconf 84' lang='lat' dir='ltr'><strong>populi</strong></span> <span class='ocrx_word' id='word_1_685' title='bbox 3306 2587 3417 2640; x_wconf 84' lang='lat' dir='ltr'><strong>vitia</strong></span> <span class='ocrx_word' id='word_1_686' title='bbox 3441 2585 3659 2654; x_wconf 77' lang='lat' dir='ltr'><strong>reprehen-</strong></span> 
     </span>
    </p>
   </div>
   <div class='ocr_carea' id='block_1_87' title="bbox 2140 2675 3659 2745">
    <p class='ocr_par' dir='ltr' id='par_1_87' title="bbox 2140 2675 3659 2745">
     <span class='ocr_line' id='line_1_87' title="bbox 2140 2675 3659 2745; baseline -0.001 -17"><span class='ocrx_word' id='word_1_687' title='bbox 2140 2675 2342 2739; x_wconf 83' lang='lat' dir='ltr'><strong>debant,</strong></span> <span class='ocrx_word' id='word_1_688' title='bbox 2373 2690 2463 2727; x_wconf 86' lang='lat' dir='ltr'><strong>nec</strong></span> <span class='ocrx_word' id='word_1_689' title='bbox 2489 2675 2550 2728; x_wconf 84' lang='lat' dir='ltr'><strong>ab</strong></span> <span class='ocrx_word' id='word_1_690' title='bbox 2586 2675 2678 2728; x_wconf 88' lang='lat' dir='ltr'><strong>illo</strong></span> <span class='ocrx_word' id='word_1_691' title='bbox 2707 2675 3017 2730; x_wconf 83' lang='lat' dir='ltr'><strong>recedebant.</strong></span> <span class='ocrx_word' id='word_1_692' title='bbox 3068 2677 3337 2732; x_wconf 69' lang='lat' dir='ltr'><strong>Clamavit</strong></span> <span class='ocrx_word' id='word_1_693' title='bbox 3369 2677 3454 2730; x_wconf 86' lang='lat' dir='ltr'><strong>ista</strong></span> <span class='ocrx_word' id='word_1_694' title='bbox 3479 2675 3659 2745; x_wconf 75' lang='lat' dir='ltr'><strong>Moyses,</strong></span> 
     </span>
    </p>
   </div>
   <div class='ocr_carea' id='block_1_88' title="bbox 2139 2761 3659 2834">
    <p class='ocr_par' dir='ltr' id='par_1_88' title="bbox 2139 2761 3659 2834">
     <span class='ocr_line' id='line_1_88' title="bbox 2139 2761 3659 2834; baseline -0.003 -16"><span class='ocrx_word' id='word_1_695' title='bbox 2139 2764 2388 2818; x_wconf 89' lang='lat' dir='ltr'><strong>clamavit</strong></span> <span class='ocrx_word' id='word_1_696' title='bbox 2408 2761 2591 2828; x_wconf 84' lang='lat' dir='ltr'><strong>lsaias,</strong></span> <span class='ocrx_word' id='word_1_697' title='bbox 2618 2763 2866 2820; x_wconf 89' lang='lat' dir='ltr'><strong>clamavit</strong></span> <span class='ocrx_word' id='word_1_698' title='bbox 2888 2764 3180 2834; x_wconf 85' lang='lat' dir='ltr'><strong>Jeremias,</strong></span> <span class='ocrx_word' id='word_1_699' title='bbox 3199 2767 3430 2822; x_wconf 80' lang='lat' dir='ltr'><strong>clamavit</strong></span> <span class='ocrx_word' id='word_1_700' title='bbox 3449 2762 3659 2819; x_wconf 80' lang='lat' dir='ltr'><strong>Ezechiel.</strong></span> 
     </span>
    </p>
   </div>
   <div class='ocr_carea' id='block_1_89' title="bbox 2147 2854 3662 2927">
    <p class='ocr_par' dir='ltr' id='par_1_89' title="bbox 2147 2854 3662 2927">
     <span class='ocr_line' id='line_1_89' title="bbox 2147 2854 3662 2927; baseline -0.001 -19"><span class='ocrx_word' id='word_1_701' title='bbox 2147 2854 2430 2910; x_wconf 82' lang='lat' dir='ltr'><strong>Videamus</strong></span> <span class='ocrx_word' id='word_1_702' title='bbox 2454 2855 2498 2909; x_wconf 89' lang='lat' dir='ltr'><strong>si</strong></span> <span class='ocrx_word' id='word_1_703' title='bbox 2530 2855 2630 2910; x_wconf 90' lang='lat' dir='ltr'><strong>hoc</strong></span> <span class='ocrx_word' id='word_1_704' title='bbox 2654 2854 2752 2926; x_wconf 88' lang='lat' dir='ltr'><strong>ipsi</strong></span> <span class='ocrx_word' id='word_1_705' title='bbox 2780 2855 3040 2923; x_wconf 78' lang='lat' dir='ltr'><strong>fecerunt,</strong></span> <span class='ocrx_word' id='word_1_706' title='bbox 3064 2857 3124 2912; x_wconf 80' lang='lat' dir='ltr'><strong>si</strong></span> <span class='ocrx_word' id='word_1_707' title='bbox 3147 2858 3441 2913; x_wconf 86' lang='lat' dir='ltr'><strong>dimiserunt</strong></span> <span class='ocrx_word' id='word_1_708' title='bbox 3462 2854 3662 2927; x_wconf 86' lang='lat' dir='ltr'><strong>populum</strong></span> 
     </span>
    </p>
   </div>
   <div class='ocr_carea' id='block_1_90' title="bbox 2145 2946 3663 3020">
    <p class='ocr_par' dir='ltr' id='par_1_90' title="bbox 2145 2946 3663 3020">
     <span class='ocr_line' id='line_1_90' title="bbox 2145 2946 3663 3020; baseline -0.002 -19"><span class='ocrx_word' id='word_1_709' title='bbox 2145 2946 2264 3014; x_wconf 89' lang='lat' dir='ltr'><strong>Dei,</strong></span> <span class='ocrx_word' id='word_1_710' title='bbox 2289 2958 2344 3002; x_wconf 92' lang='lat' dir='ltr'><strong>et</strong></span> <span class='ocrx_word' id='word_1_711' title='bbox 2371 2962 2430 3002; x_wconf 90' lang='lat' dir='ltr'><strong>se</strong></span> <span class='ocrx_word' id='word_1_712' title='bbox 2459 2947 2522 3002; x_wconf 90' lang='lat' dir='ltr'><strong>ad</strong></span> <span class='ocrx_word' id='word_1_713' title='bbox 2553 2959 2740 3020; x_wconf 85' lang='lat' dir='ltr'><strong>gentes</strong></span> <span class='ocrx_word' id='word_1_714' title='bbox 2765 2949 2896 3004; x_wconf 89' lang='lat' dir='ltr'><strong>alias</strong></span> <span class='ocrx_word' id='word_1_715' title='bbox 2934 2951 3339 3006; x_wconf 82' lang='lat' dir='ltr'><strong>transtulerunt.</strong></span> <span class='ocrx_word' id='word_1_716' title='bbox 3367 2949 3516 3016; x_wconf 87' lang='lat' dir='ltr'><strong>Quam</strong></span> <span class='ocrx_word' id='word_1_717' title='bbox 3540 2946 3663 3001; x_wconf 81' lang='lat' dir='ltr'><strong>multa</strong></span> 
     </span>
    </p>
   </div>
   <div class='ocr_carea' id='block_1_91' title="bbox 2143 3038 3664 3114">
    <p class='ocr_par' dir='ltr' id='par_1_91' title="bbox 2143 3038 3664 3114">
     <span class='ocr_line' id='line_1_91' title="bbox 2143 3038 3664 3114; baseline -0.001 -22"><span class='ocrx_word' id='word_1_718' title='bbox 2143 3048 2198 3092; x_wconf 88' lang='lat' dir='ltr'><strong>et</strong></span> <span class='ocrx_word' id='word_1_719' title='bbox 2225 3055 2384 3108; x_wconf 88' lang='lat' dir='ltr'><strong>quam</strong></span> <span class='ocrx_word' id='word_1_720' title='bbox 2411 3038 2755 3095; x_wconf 84' lang='lat' dir='ltr'><strong>vehementer</strong></span> <span class='ocrx_word' id='word_1_721' title='bbox 2777 3040 3038 3114; x_wconf 71' lang='lat' dir='ltr'><strong>lercmias</strong></span> <span class='ocrx_word' id='word_1_722' title='bbox 3067 3041 3360 3114; x_wconf 85' lang='lat' dir='ltr'><strong>increpavit</strong></span> <span class='ocrx_word' id='word_1_723' title='bbox 3395 3040 3441 3094; x_wconf 90' lang='lat' dir='ltr'><strong>in</strong></span> <span class='ocrx_word' id='word_1_724' title='bbox 3473 3045 3664 3110; x_wconf 87' lang='lat' dir='ltr'><strong>peccato-</strong></span> 
     </span>
    </p>
   </div>
   <div class='ocr_carea' id='block_1_92' title="bbox 2144 3131 3662 3201">
    <p class='ocr_par' dir='ltr' id='par_1_92' title="bbox 2144 3131 3662 3201">
     <span class='ocr_line' id='line_1_92' title="bbox 2144 3131 3662 3201; baseline -0.001 -18"><span class='ocrx_word' id='word_1_725' title='bbox 2144 3144 2229 3183; x_wconf 90' lang='lat' dir='ltr'><strong>res</strong></span> <span class='ocrx_word' id='word_1_726' title='bbox 2259 3138 2314 3184; x_wconf 93' lang='lat' dir='ltr'><strong>et</strong></span> <span class='ocrx_word' id='word_1_727' title='bbox 2337 3131 2623 3186; x_wconf 87' lang='lat' dir='ltr'><strong>sceleratos</strong></span> <span class='ocrx_word' id='word_1_728' title='bbox 2659 3131 2837 3201; x_wconf 89' lang='lat' dir='ltr'><strong>populi</strong></span> <span class='ocrx_word' id='word_1_729' title='bbox 2874 3133 2986 3186; x_wconf 85' lang='lat' dir='ltr'><strong>sui!</strong></span> <span class='ocrx_word' id='word_1_730' title='bbox 3036 3132 3190 3189; x_wconf 79' lang='lat' dir='ltr'><strong>Inter</strong></span> <span class='ocrx_word' id='word_1_731' title='bbox 3231 3147 3322 3188; x_wconf 88' lang='lat' dir='ltr'><strong>eos</strong></span> <span class='ocrx_word' id='word_1_732' title='bbox 3361 3143 3516 3188; x_wconf 79' lang='lat' dir='ltr'><strong>tamen</strong></span> <span class='ocrx_word' id='word_1_733' title='bbox 3545 3135 3662 3193; x_wconf 85' lang='lat' dir='ltr'><strong>erat,</strong></span> 
     </span>
    </p>
   </div>
   <div class='ocr_carea' id='block_1_93' title="bbox 2146 3223 3663 3294">
    <p class='ocr_par' dir='ltr' id='par_1_93' title="bbox 2146 3223 3663 3294">
     <span class='ocr_line' id='line_1_93' title="bbox 2146 3223 3663 3294; baseline -0.001 -19"><span class='ocrx_word' id='word_1_734' title='bbox 2146 3237 2306 3277; x_wconf 90' lang='lat' dir='ltr'><strong>unum</strong></span> <span class='ocrx_word' id='word_1_735' title='bbox 2334 3239 2454 3277; x_wconf 90' lang='lat' dir='ltr'><strong>cum</strong></span> <span class='ocrx_word' id='word_1_736' title='bbox 2484 3223 2588 3278; x_wconf 92' lang='lat' dir='ltr'><strong>illis</strong></span> <span class='ocrx_word' id='word_1_737' title='bbox 2618 3225 2870 3294; x_wconf 91' lang='lat' dir='ltr'><strong>templum</strong></span> <span class='ocrx_word' id='word_1_738' title='bbox 2902 3225 3161 3292; x_wconf 82' lang='lat' dir='ltr'><strong>intrabat,</strong></span> <span class='ocrx_word' id='word_1_739' title='bbox 3187 3224 3366 3282; x_wconf 88' lang='lat' dir='ltr'><strong>eadem</strong></span> <span class='ocrx_word' id='word_1_740' title='bbox 3396 3229 3663 3280; x_wconf 73' lang='lat' dir='ltr'><strong>sacramenti</strong></span> 
     </span>
    </p>
   </div>
   <div class='ocr_carea' id='block_1_94' title="bbox 2146 3313 3664 3387">
    <p class='ocr_par' dir='ltr' id='par_1_94' title="bbox 2146 3313 3664 3387">
     <span class='ocr_line' id='line_1_94' title="bbox 2146 3313 3664 3387; baseline 0.002 -19"><span class='ocrx_word' id='word_1_741' title='bbox 2146 3313 2486 3370; x_wconf 88' lang='lat' dir='ltr'><strong>celebrabat:</strong></span> <span class='ocrx_word' id='word_1_742' title='bbox 2529 3315 2581 3370; x_wconf 92' lang='lat' dir='ltr'><strong>in</strong></span> <span class='ocrx_word' id='word_1_743' title='bbox 2617 3330 2679 3370; x_wconf 90' lang='lat' dir='ltr'><strong>ea</strong></span> <span class='ocrx_word' id='word_1_744' title='bbox 2711 3316 2984 3371; x_wconf 90' lang='lat' dir='ltr'><strong>hominum</strong></span> <span class='ocrx_word' id='word_1_745' title='bbox 3019 3319 3401 3375; x_wconf 87' lang='lat' dir='ltr'><strong>sceleratorum</strong></span> <span class='ocrx_word' id='word_1_746' title='bbox 3437 3329 3664 3387; x_wconf 73' lang='lat' dir='ltr'><strong>congrega~</strong></span> 
     </span>
    </p>
   </div>
   <div class='ocr_carea' id='block_1_95' title="bbox 2149 3407 3665 3475">
    <p class='ocr_par' dir='ltr' id='par_1_95' title="bbox 2149 3407 3665 3475">
     <span class='ocr_line' id='line_1_95' title="bbox 2149 3407 3665 3475; baseline -0.001 -15"><span class='ocrx_word' id='word_1_747' title='bbox 2149 3407 2294 3462; x_wconf 90' lang='lat' dir='ltr'><strong>tione</strong></span> <span class='ocrx_word' id='word_1_748' title='bbox 2323 3407 2552 3475; x_wconf 86' lang='lat' dir='ltr'><strong>vivebat,</strong></span> <span class='ocrx_word' id='word_1_749' title='bbox 2579 3408 2674 3464; x_wconf 91' lang='lat' dir='ltr'><strong>sed</strong></span> <span class='ocrx_word' id='word_1_750' title='bbox 2704 3409 2984 3464; x_wconf 87' lang='lat' dir='ltr'><strong>clamando</strong></span> <span class='ocrx_word' id='word_1_751' title='bbox 3009 3411 3197 3467; x_wconf 82' lang='lat' dir='ltr'><strong>exibat</strong></span> <span class='ocrx_word' id='word_1_752' title='bbox 3224 3411 3360 3466; x_wconf 89' lang='lat' dir='ltr'><strong>inde.</strong></span> <span class='ocrx_word' id='word_1_753' title='bbox 3390 3410 3490 3466; x_wconf 88' lang='lat' dir='ltr'><strong>Hoc</strong></span> <span class='ocrx_word' id='word_1_754' title='bbox 3511 3419 3576 3462; x_wconf 86' lang='lat' dir='ltr'><strong>est</strong></span> <span class='ocrx_word' id='word_1_755' title='bbox 3599 3421 3665 3460; x_wconf 78' lang='lat' dir='ltr'><strong>es-</strong></span> 
     </span>
    </p>
   </div>
   <div class='ocr_carea' id='block_1_96' title="bbox 2148 3497 3670 3571">
    <p class='ocr_par' dir='ltr' id='par_1_96' title="bbox 2148 3497 3670 3571">
     <span class='ocr_line' id='line_1_96' title="bbox 2148 3497 3670 3571; baseline -0.003 -19"><span class='ocrx_word' id='word_1_756' title='bbox 2148 3498 2227 3553; x_wconf 91' lang='lat' dir='ltr'><strong>ire</strong></span> <span class='ocrx_word' id='word_1_757' title='bbox 2264 3497 2408 3565; x_wconf 91' lang='lat' dir='ltr'><strong>inde,</strong></span> <span class='ocrx_word' id='word_1_758' title='bbox 2446 3498 2548 3554; x_wconf 90' lang='lat' dir='ltr'><strong>hoc</strong></span> <span class='ocrx_word' id='word_1_759' title='bbox 2587 3507 2668 3554; x_wconf 90' lang='lat' dir='ltr'><strong>est</strong></span> <span class='ocrx_word' id='word_1_760' title='bbox 2711 3499 3038 3554; x_wconf 90' lang='lat' dir='ltr'><strong>immundum</strong></span> <span class='ocrx_word' id='word_1_761' title='bbox 3074 3517 3188 3557; x_wconf 86' lang='lat' dir='ltr'><strong>non</strong></span> <span class='ocrx_word' id='word_1_762' title='bbox 3217 3511 3438 3571; x_wconf 86' lang='lat' dir='ltr'><strong>tangere,</strong></span> <span class='ocrx_word' id='word_1_763' title='bbox 3463 3497 3670 3555; x_wconf 76' lang='lat' dir='ltr'><strong>etv‘olun-</strong></span> 
     </span>
    </p>
   </div>
   <div class='ocr_carea' id='block_1_97' title="bbox 2149 3590 3668 3664">
    <p class='ocr_par' dir='ltr' id='par_1_97' title="bbox 2149 3590 3668 3664">
     <span class='ocr_line' id='line_1_97' title="bbox 2149 3590 3668 3664; baseline -0.001 -21"><span class='ocrx_word' id='word_1_764' title='bbox 2149 3598 2257 3644; x_wconf 87' lang='lat' dir='ltr'><strong>tate</strong></span> <span class='ocrx_word' id='word_1_765' title='bbox 2283 3606 2390 3645; x_wconf 90' lang='lat' dir='ltr'><strong>non</strong></span> <span class='ocrx_word' id='word_1_766' title='bbox 2418 3591 2744 3659; x_wconf 89' lang='lat' dir='ltr'><strong>consentire,</strong></span> <span class='ocrx_word' id='word_1_767' title='bbox 2783 3601 2836 3647; x_wconf 92' lang='lat' dir='ltr'><strong>et</strong></span> <span class='ocrx_word' id='word_1_768' title='bbox 2861 3606 2955 3647; x_wconf 91' lang='lat' dir='ltr'><strong>ore</strong></span> <span class='ocrx_word' id='word_1_769' title='bbox 2984 3607 3100 3647; x_wconf 84' lang='lat' dir='ltr'><strong>non</strong></span> <span class='ocrx_word' id='word_1_770' title='bbox 3130 3606 3361 3664; x_wconf 84' lang='lat' dir='ltr'><strong>parcere.</strong></span> <span class='ocrx_word' id='word_1_771' title='bbox 3388 3592 3508 3663; x_wconf 86' lang='lat' dir='ltr'><strong>Quid</strong></span> <span class='ocrx_word' id='word_1_772' title='bbox 3535 3590 3668 3644; x_wconf 83' lang='lat' dir='ltr'><strong>dicam</strong></span> 
     </span>
    </p>
   </div>
   <div class='ocr_carea' id='block_1_98' title="bbox 2148 3681 3672 3752">
    <p class='ocr_par' dir='ltr' id='par_1_98' title="bbox 2148 3681 3672 3752">
     <span class='ocr_line' id='line_1_98' title="bbox 2148 3681 3672 3752; baseline -0.001 -16"><span class='ocrx_word' id='word_1_773' title='bbox 2148 3681 2215 3736; x_wconf 89' lang='lat' dir='ltr'><strong>de</strong></span> <span class='ocrx_word' id='word_1_774' title='bbox 2240 3681 2491 3748; x_wconf 83' lang='lat' dir='ltr'><strong>Jeremia,</strong></span> <span class='ocrx_word' id='word_1_775' title='bbox 2521 3681 2590 3736; x_wconf 90' lang='lat' dir='ltr'><strong>de</strong></span> <span class='ocrx_word' id='word_1_776' title='bbox 2617 3681 2770 3748; x_wconf 88' lang='lat' dir='ltr'><strong>Isaia,</strong></span> <span class='ocrx_word' id='word_1_777' title='bbox 2794 3682 2861 3738; x_wconf 91' lang='lat' dir='ltr'><strong>de</strong></span> <span class='ocrx_word' id='word_1_778' title='bbox 2885 3683 3134 3752; x_wconf 88' lang='lat' dir='ltr'><strong>Daniele,</strong></span> <span class='ocrx_word' id='word_1_779' title='bbox 3158 3685 3226 3742; x_wconf 88' lang='lat' dir='ltr'><strong>de</strong></span> <span class='ocrx_word' id='word_1_780' title='bbox 3249 3684 3498 3747; x_wconf 76' lang='lat' dir='ltr'><strong>Ezechiel,</strong></span> <span class='ocrx_word' id='word_1_781' title='bbox 3519 3681 3575 3736; x_wconf 86' lang='lat' dir='ltr'><strong>de</strong></span> <span class='ocrx_word' id='word_1_782' title='bbox 3596 3695 3672 3734; x_wconf 71' lang='lat' dir='ltr'><strong>ctr-</strong></span> 
     </span>
    </p>
   </div>
   <div class='ocr_carea' id='block_1_99' title="bbox 2151 3771 3670 3846">
    <p class='ocr_par' dir='ltr' id='par_1_99' title="bbox 2151 3771 3670 3846">
     <span class='ocr_line' id='line_1_99' title="bbox 2151 3771 3670 3846; baseline 0.005 -21"><span class='ocrx_word' id='word_1_783' title='bbox 2151 3772 2279 3827; x_wconf 88' lang='lat' dir='ltr'><strong>teris</strong></span> <span class='ocrx_word' id='word_1_784' title='bbox 2319 3772 2620 3843; x_wconf 83' lang='lat' dir='ltr'><strong>Pmphetis,</strong></span> <span class='ocrx_word' id='word_1_785' title='bbox 2645 3775 2734 3844; x_wconf 90' lang='lat' dir='ltr'><strong>qui</strong></span> <span class='ocrx_word' id='word_1_786' title='bbox 2764 3789 2868 3829; x_wconf 90' lang='lat' dir='ltr'><strong>non</strong></span> <span class='ocrx_word' id='word_1_787' title='bbox 2899 3786 3242 3832; x_wconf 79' lang='lat' dir='ltr'><strong>recesserunt</strong></span> <span class='ocrx_word' id='word_1_788' title='bbox 3279 3791 3311 3832; x_wconf 89' lang='lat' dir='ltr'><strong>a</strong></span> <span class='ocrx_word' id='word_1_789' title='bbox 3345 3775 3520 3846; x_wconf 90' lang='lat' dir='ltr'><strong>popqu</strong></span> <span class='ocrx_word' id='word_1_790' title='bbox 3549 3771 3670 3831; x_wconf 79' lang='lat' dir='ltr'><strong>malo.</strong></span> 
     </span>
    </p>
   </div>
   <div class='ocr_carea' id='block_1_100' title="bbox 2153 3863 3675 3938">
    <p class='ocr_par' dir='ltr' id='par_1_100' title="bbox 2153 3863 3675 3938">
     <span class='ocr_line' id='line_1_100' title="bbox 2153 3863 3675 3938; baseline 0 -21"><span class='ocrx_word' id='word_1_791' title='bbox 2153 3879 2218 3917; x_wconf 90' lang='lat' dir='ltr'><strong>ne</strong></span> <span class='ocrx_word' id='word_1_792' title='bbox 2246 3863 2560 3922; x_wconf 89' lang='lat' dir='ltr'><strong>desererent</strong></span> <span class='ocrx_word' id='word_1_793' title='bbox 2599 3866 2768 3920; x_wconf 91' lang='lat' dir='ltr'><strong>bonos</strong></span> <span class='ocrx_word' id='word_1_794' title='bbox 2809 3866 2886 3922; x_wconf 91' lang='lat' dir='ltr'><strong>illi</strong></span> <span class='ocrx_word' id='word_1_795' title='bbox 2927 3870 3134 3938; x_wconf 87' lang='lat' dir='ltr'><strong>populo</strong></span> <span class='ocrx_word' id='word_1_796' title='bbox 3175 3871 3498 3935; x_wconf 85' lang='lat' dir='ltr'><strong>commixtus,</strong></span> <span class='ocrx_word' id='word_1_797' title='bbox 3532 3863 3603 3921; x_wconf 90' lang='lat' dir='ltr'><strong>ubi</strong></span> <span class='ocrx_word' id='word_1_798' title='bbox 3636 3869 3675 3916; x_wconf 83' lang='lat' dir='ltr'><strong>et</strong></span> 
     </span>
    </p>
   </div>
   <div class='ocr_carea' id='block_1_101' title="bbox 2151 3954 3673 4031">
    <p class='ocr_par' dir='ltr' id='par_1_101' title="bbox 2151 3954 3673 4031">
     <span class='ocr_line' id='line_1_101' title="bbox 2151 3954 3673 4031; baseline -0.003 -23"><span class='ocrx_word' id='word_1_799' title='bbox 2151 3954 2252 4024; x_wconf 92' lang='lat' dir='ltr'><strong>ipsi</strong></span> <span class='ocrx_word' id='word_1_800' title='bbox 2283 3956 2415 4010; x_wconf 85' lang='lat' dir='ltr'><strong>tales</strong></span> <span class='ocrx_word' id='word_1_801' title='bbox 2438 3971 2560 4012; x_wconf 89' lang='lat' dir='ltr'><strong>esse</strong></span> <span class='ocrx_word' id='word_1_802' title='bbox 2588 3959 2911 4026; x_wconf 81' lang='lat' dir='ltr'><strong>potuerunt?</strong></span> <span class='ocrx_word' id='word_1_803' title='bbox 2936 3957 3152 4030; x_wconf 77' lang='lat' dir='ltr'><strong>Moyses</strong></span> <span class='ocrx_word' id='word_1_804' title='bbox 3182 3959 3326 4031; x_wconf 89' lang='lat' dir='ltr'><strong>ipse,</strong></span> <span class='ocrx_word' id='word_1_805' title='bbox 3357 3961 3554 4021; x_wconf 78' lang='lat' dir='ltr'><strong>fratres,</strong></span> <span class='ocrx_word' id='word_1_806' title='bbox 3585 3966 3673 4010; x_wconf 84' lang='lat' dir='ltr'><strong>cum</strong></span> 
     </span>
    </p>
   </div>
   <div class='ocr_carea' id='block_1_102' title="bbox 2151 4044 3674 4119">
    <p class='ocr_par' dir='ltr' id='par_1_102' title="bbox 2151 4044 3674 4119">
     <span class='ocr_line' id='line_1_102' title="bbox 2151 4044 3674 4119; baseline -0.003 -21"><span class='ocrx_word' id='word_1_807' title='bbox 2151 4046 2420 4114; x_wconf 81' lang='lat' dir='ltr'><strong>acciperet</strong></span> <span class='ocrx_word' id='word_1_808' title='bbox 2446 4046 2617 4116; x_wconf 88' lang='lat' dir='ltr'><strong>legem</strong></span> <span class='ocrx_word' id='word_1_809' title='bbox 2646 4047 2696 4100; x_wconf 93' lang='lat' dir='ltr'><strong>in</strong></span> <span class='ocrx_word' id='word_1_810' title='bbox 2717 4056 2941 4112; x_wconf 84' lang='lat' dir='ltr'><strong>monte,</strong></span> <span class='ocrx_word' id='word_1_811' title='bbox 2971 4050 3210 4119; x_wconf 82' lang='lat' dir='ltr'><strong>pepulus</strong></span> <span class='ocrx_word' id='word_1_812' title='bbox 3245 4049 3482 4105; x_wconf 77' lang='lat' dir='ltr'><strong>deorsum</strong></span> <span class='ocrx_word' id='word_1_813' title='bbox 3521 4044 3674 4101; x_wconf 86' lang='lat' dir='ltr'><strong>idolum</strong></span> 
     </span>
    </p>
   </div>
   <div class='ocr_carea' id='block_1_103' title="bbox 2153 4132 3678 4208">
    <p class='ocr_par' dir='ltr' id='par_1_103' title="bbox 2153 4132 3678 4208">
     <span class='ocr_line' id='line_1_103' title="bbox 2153 4132 3678 4208; baseline -0.002 -18"><span class='ocrx_word' id='word_1_814' title='bbox 2153 4135 2298 4190; x_wconf 77' lang='lat' dir='ltr'><strong>fecit.</strong></span> <span class='ocrx_word' id='word_1_815' title='bbox 2327 4137 2558 4206; x_wconf 86' lang='lat' dir='ltr'><strong>Populus</strong></span> <span class='ocrx_word' id='word_1_816' title='bbox 2585 4138 2707 4202; x_wconf 92' lang='lat' dir='ltr'><strong>Dei,</strong></span> <span class='ocrx_word' id='word_1_817' title='bbox 2743 4141 2966 4208; x_wconf 74' lang='lat' dir='ltr'><strong>populus</strong></span> <span class='ocrx_word' id='word_1_818' title='bbox 2991 4139 3188 4195; x_wconf 89' lang='lat' dir='ltr'><strong>ductus</strong></span> <span class='ocrx_word' id='word_1_819' title='bbox 3217 4141 3515 4197; x_wconf 88' lang='lat' dir='ltr'><strong>cedentibus</strong></span> <span class='ocrx_word' id='word_1_820' title='bbox 3548 4132 3678 4191; x_wconf 77' lang='lat' dir='ltr'><strong>iiut-ti-</strong></span> 
     </span>
    </p>
   </div>
   <div class='ocr_carea' id='block_1_104' title="bbox 2152 4225 3676 4299">
    <p class='ocr_par' dir='ltr' id='par_1_104' title="bbox 2152 4225 3676 4299">
     <span class='ocr_line' id='line_1_104' title="bbox 2152 4225 3676 4299; baseline 0.004 -17"><span class='ocrx_word' id='word_1_821' title='bbox 2152 4227 2251 4282; x_wconf 85' lang='lat' dir='ltr'><strong>bus</strong></span> <span class='ocrx_word' id='word_1_822' title='bbox 2285 4225 2448 4281; x_wconf 81' lang='lat' dir='ltr'><strong>Rubri</strong></span> <span class='ocrx_word' id='word_1_823' title='bbox 2487 4227 2670 4294; x_wconf 86' lang='lat' dir='ltr'><strong>maris,</strong></span> <span class='ocrx_word' id='word_1_824' title='bbox 2699 4229 2789 4298; x_wconf 89' lang='lat' dir='ltr'><strong>qui</strong></span> <span class='ocrx_word' id='word_1_825' title='bbox 2826 4240 3111 4299; x_wconf 89' lang='lat' dir='ltr'><strong>sequentes</strong></span> <span class='ocrx_word' id='word_1_826' title='bbox 3140 4232 3382 4287; x_wconf 87' lang='lat' dir='ltr'><strong>inimicos</strong></span> <span class='ocrx_word' id='word_1_827' title='bbox 3415 4231 3676 4288; x_wconf 72' lang='lat' dir='ltr'><strong>obruet-ant.</strong></span> 
     </span>
    </p>
   </div>
   <div class='ocr_carea' id='block_1_105' title="bbox 2155 4314 3679 4395">
    <p class='ocr_par' dir='ltr' id='par_1_105' title="bbox 2155 4314 3679 4395">
     <span class='ocr_line' id='line_1_105' title="bbox 2155 4314 3679 4395; baseline 0 -27"><span class='ocrx_word' id='word_1_828' title='bbox 2155 4326 2276 4388; x_wconf 81' lang='lat' dir='ltr'><strong>post</strong></span> <span class='ocrx_word' id='word_1_829' title='bbox 2303 4326 2443 4371; x_wconf 89' lang='lat' dir='ltr'><strong>tanta</strong></span> <span class='ocrx_word' id='word_1_830' title='bbox 2468 4319 2616 4388; x_wconf 86' lang='lat' dir='ltr'><strong>signa</strong></span> <span class='ocrx_word' id='word_1_831' title='bbox 2641 4329 2695 4373; x_wconf 90' lang='lat' dir='ltr'><strong>et</strong></span> <span class='ocrx_word' id='word_1_832' title='bbox 2720 4319 2972 4375; x_wconf 89' lang='lat' dir='ltr'><strong>miracula</strong></span> <span class='ocrx_word' id='word_1_833' title='bbox 3003 4321 3058 4376; x_wconf 91' lang='lat' dir='ltr'><strong>in</strong></span> <span class='ocrx_word' id='word_1_834' title='bbox 3084 4321 3451 4395; x_wconf 66' lang='lat' dir='ltr'><strong>Egyptiorum</strong></span> <span class='ocrx_word' id='word_1_835' title='bbox 3476 4319 3615 4393; x_wconf 82' lang='lat' dir='ltr'><strong>plagis</strong></span> <span class='ocrx_word' id='word_1_836' title='bbox 3630 4314 3679 4368; x_wconf 82' lang='lat' dir='ltr'><strong>ad</strong></span> 
     </span>
    </p>
   </div>
   <div class='ocr_carea' id='block_1_106' title="bbox 2155 4408 3681 4483">
    <p class='ocr_par' dir='ltr' id='par_1_106' title="bbox 2155 4408 3681 4483">
     <span class='ocr_line' id='line_1_106' title="bbox 2155 4408 3681 4483; baseline -0.002 -21"><span class='ocrx_word' id='word_1_837' title='bbox 2155 4418 2407 4475; x_wconf 88' lang='lat' dir='ltr'><strong>mortem,</strong></span> <span class='ocrx_word' id='word_1_838' title='bbox 2431 4419 2485 4464; x_wconf 90' lang='lat' dir='ltr'><strong>et</strong></span> <span class='ocrx_word' id='word_1_839' title='bbox 2508 4412 2558 4464; x_wconf 91' lang='lat' dir='ltr'><strong>iu</strong></span> <span class='ocrx_word' id='word_1_840' title='bbox 2585 4425 2679 4465; x_wconf 88' lang='lat' dir='ltr'><strong>sua</strong></span> <span class='ocrx_word' id='word_1_841' title='bbox 2705 4413 3035 4483; x_wconf 89' lang='lat' dir='ltr'><strong>protectione</strong></span> <span class='ocrx_word' id='word_1_842' title='bbox 3059 4415 3125 4469; x_wconf 92' lang='lat' dir='ltr'><strong>ad</strong></span> <span class='ocrx_word' id='word_1_843' title='bbox 3153 4417 3395 4482; x_wconf 78' lang='lat' dir='ltr'><strong>salutent,</strong></span> <span class='ocrx_word' id='word_1_844' title='bbox 3419 4425 3574 4470; x_wconf 85' lang='lat' dir='ltr'><strong>tamen</strong></span> <span class='ocrx_word' id='word_1_845' title='bbox 3596 4408 3681 4462; x_wconf 90' lang='lat' dir='ltr'><strong>ido-</strong></span> 
     </span>
    </p>
   </div>
   <div class='ocr_carea' id='block_1_107' title="bbox 2155 4500 3681 4571">
    <p class='ocr_par' dir='ltr' id='par_1_107' title="bbox 2155 4500 3681 4571">
     <span class='ocr_line' id='line_1_107' title="bbox 2155 4500 3681 4571; baseline 0.001 -17"><span class='ocrx_word' id='word_1_846' title='bbox 2155 4500 2261 4555; x_wconf 88' lang='lat' dir='ltr'><strong>lum</strong></span> <span class='ocrx_word' id='word_1_847' title='bbox 2286 4503 2549 4571; x_wconf 87' lang='lat' dir='ltr'><strong>poposcit,</strong></span> <span class='ocrx_word' id='word_1_848' title='bbox 2580 4502 2778 4556; x_wconf 85' lang='lat' dir='ltr'><strong>idolum</strong></span> <span class='ocrx_word' id='word_1_849' title='bbox 2817 4505 3073 4571; x_wconf 88' lang='lat' dir='ltr'><strong>extorsit,</strong></span> <span class='ocrx_word' id='word_1_850' title='bbox 3107 4506 3310 4561; x_wconf 84' lang='lat' dir='ltr'><strong>idolum</strong></span> <span class='ocrx_word' id='word_1_851' title='bbox 3340 4507 3489 4571; x_wconf 71' lang='lat' dir='ltr'><strong>l‘ecit,</strong></span> <span class='ocrx_word' id='word_1_852' title='bbox 3527 4501 3681 4557; x_wconf 88' lang='lat' dir='ltr'><strong>idolum</strong></span> 
     </span>
    </p>
   </div>
   <div class='ocr_carea' id='block_1_108' title="bbox 2157 4592 3683 4659">
    <p class='ocr_par' dir='ltr' id='par_1_108' title="bbox 2157 4592 3683 4659">
     <span class='ocr_line' id='line_1_108' title="bbox 2157 4592 3683 4659; baseline -0.001 -13"><span class='ocrx_word' id='word_1_853' title='bbox 2157 4592 2419 4659; x_wconf 83' lang='lat' dir='ltr'><strong>adoravit,</strong></span> <span class='ocrx_word' id='word_1_854' title='bbox 2450 4593 2593 4649; x_wconf 92' lang='lat' dir='ltr'><strong>idolo</strong></span> <span class='ocrx_word' id='word_1_855' title='bbox 2636 4595 2970 4651; x_wconf 73' lang='lat' dir='ltr'><strong>sacrificavit.</strong></span> <span class='ocrx_word' id='word_1_856' title='bbox 3012 4597 3217 4653; x_wconf 89' lang='lat' dir='ltr'><strong>lndicat</strong></span> <span class='ocrx_word' id='word_1_857' title='bbox 3243 4600 3380 4654; x_wconf 88' lang='lat' dir='ltr'><strong>Deus</strong></span> <span class='ocrx_word' id='word_1_858' title='bbox 3406 4595 3578 4653; x_wconf 84' lang='lat' dir='ltr'><strong>lamqu</strong></span> <span class='ocrx_word' id='word_1_859' title='bbox 3611 4604 3683 4645; x_wconf 80' lang='lat' dir='ltr'><strong>suo</strong></span> 
     </span>
    </p>
   </div>
   <div class='ocr_carea' id='block_1_109' title="bbox 2155 4685 3683 4760">
    <p class='ocr_par' dir='ltr' id='par_1_109' title="bbox 2155 4685 3683 4760">
     <span class='ocr_line' id='line_1_109' title="bbox 2155 4685 3683 4760; baseline -0.001 -22"><span class='ocrx_word' id='word_1_860' title='bbox 2155 4685 2334 4754; x_wconf 89' lang='lat' dir='ltr'><strong>populi</strong></span> <span class='ocrx_word' id='word_1_861' title='bbox 2365 4687 2581 4752; x_wconf 80' lang='lat' dir='ltr'><strong>factum,</strong></span> <span class='ocrx_word' id='word_1_862' title='bbox 2612 4696 2666 4740; x_wconf 88' lang='lat' dir='ltr'><strong>et</strong></span> <span class='ocrx_word' id='word_1_863' title='bbox 2688 4687 2817 4741; x_wconf 91' lang='lat' dir='ltr'><strong>dicit</strong></span> <span class='ocrx_word' id='word_1_864' title='bbox 2844 4703 2940 4744; x_wconf 88' lang='lat' dir='ltr'><strong>eos</strong></span> <span class='ocrx_word' id='word_1_865' title='bbox 2965 4701 3026 4744; x_wconf 88' lang='lat' dir='ltr'><strong>se</strong></span> <span class='ocrx_word' id='word_1_866' title='bbox 3057 4691 3388 4760; x_wconf 83' lang='lat' dir='ltr'><strong>perditurum</strong></span> <span class='ocrx_word' id='word_1_867' title='bbox 3413 4703 3440 4745; x_wconf 86' lang='lat' dir='ltr'><strong>a</strong></span> <span class='ocrx_word' id='word_1_868' title='bbox 3466 4688 3579 4744; x_wconf 68' lang='lat' dir='ltr'><strong>l‘acie</strong></span> <span class='ocrx_word' id='word_1_869' title='bbox 3595 4697 3683 4739; x_wconf 80' lang='lat' dir='ltr'><strong>sua.</strong></span> 
     </span>
    </p>
   </div>
   <div class='ocr_carea' id='block_1_110' title="bbox 2157 4774 3685 4850">
    <p class='ocr_par' dir='ltr' id='par_1_110' title="bbox 2157 4774 3685 4850">
     <span class='ocr_line' id='line_1_110' title="bbox 2157 4774 3685 4850; baseline -0.001 -22"><span class='ocrx_word' id='word_1_870' title='bbox 2157 4774 2444 4829; x_wconf 88' lang='lat' dir='ltr'><strong>lntercedit</strong></span> <span class='ocrx_word' id='word_1_871' title='bbox 2480 4775 2687 4847; x_wconf 82' lang='lat' dir='ltr'><strong>Moyses</strong></span> <span class='ocrx_word' id='word_1_872' title='bbox 2724 4777 2790 4831; x_wconf 91' lang='lat' dir='ltr'><strong>ad</strong></span> <span class='ocrx_word' id='word_1_873' title='bbox 2831 4777 3002 4848; x_wconf 91' lang='lat' dir='ltr'><strong>ipsum</strong></span> <span class='ocrx_word' id='word_1_874' title='bbox 3040 4782 3297 4850; x_wconf 89' lang='lat' dir='ltr'><strong>populum</strong></span> <span class='ocrx_word' id='word_1_875' title='bbox 3337 4780 3574 4836; x_wconf 85' lang='lat' dir='ltr'><strong>rediturus</strong></span> <span class='ocrx_word' id='word_1_876' title='bbox 3604 4793 3616 4828; x_wconf 91' lang='lat'><strong>:</strong></span> <span class='ocrx_word' id='word_1_877' title='bbox 3647 4779 3685 4826; x_wconf 87' lang='lat' dir='ltr'><strong>et</strong></span> 
     </span>
    </p>
   </div>
   <div class='ocr_carea' id='block_1_111' title="bbox 2160 4865 3687 4933">
    <p class='ocr_par' dir='ltr' id='par_1_111' title="bbox 2160 4865 3687 4933">
     <span class='ocr_line' id='line_1_111' title="bbox 2160 4865 3687 4933; baseline -0.001 -13"><span class='ocrx_word' id='word_1_878' title='bbox 2160 4866 2343 4920; x_wconf 88' lang='lat' dir='ltr'><strong>habuit</strong></span> <span class='ocrx_word' id='word_1_879' title='bbox 2371 4867 2708 4923; x_wconf 84' lang='lat' dir='ltr'><strong>occasionem</strong></span> <span class='ocrx_word' id='word_1_880' title='bbox 2735 4869 3018 4924; x_wconf 88' lang='lat' dir='ltr'><strong>recedendi</strong></span> <span class='ocrx_word' id='word_1_881' title='bbox 3047 4879 3099 4926; x_wconf 90' lang='lat' dir='ltr'><strong>et</strong></span> <span class='ocrx_word' id='word_1_882' title='bbox 3129 4872 3359 4928; x_wconf 71' lang='lat' dir='ltr'><strong>est-undi</strong></span> <span class='ocrx_word' id='word_1_883' title='bbox 3384 4872 3448 4926; x_wconf 93' lang='lat' dir='ltr'><strong>ab</strong></span> <span class='ocrx_word' id='word_1_884' title='bbox 3473 4870 3557 4933; x_wconf 88' lang='lat' dir='ltr'><strong>eis,</strong></span> <span class='ocrx_word' id='word_1_885' title='bbox 3583 4865 3687 4919; x_wconf 82' lang='lat' dir='ltr'><strong>sicut</strong></span> 
     </span>
    </p>
   </div>
   <div class='ocr_carea' id='block_1_112' title="bbox 2158 4953 3688 5035">
    <p class='ocr_par' dir='ltr' id='par_1_112' title="bbox 2158 4953 3688 5035">
     <span class='ocr_line' id='line_1_112' title="bbox 2158 4953 3688 5035; baseline -0.004 -23"><span class='ocrx_word' id='word_1_886' title='bbox 2158 4958 2248 5014; x_wconf 79' lang='lat' dir='ltr'><strong>isti</strong></span> <span class='ocrx_word' id='word_1_887' title='bbox 2280 4959 2600 5030; x_wconf 88' lang='lat' dir='ltr'><strong>intelligunt,</strong></span> <span class='ocrx_word' id='word_1_888' title='bbox 2631 4975 2698 5016; x_wconf 88' lang='lat' dir='ltr'><strong>ne</strong></span> <span class='ocrx_word' id='word_1_889' title='bbox 2724 4961 3050 5019; x_wconf 89' lang='lat' dir='ltr'><strong>immundum</strong></span> <span class='ocrx_word' id='word_1_890' title='bbox 3080 4973 3351 5035; x_wconf 85' lang='lat' dir='ltr'><strong>tangeret,</strong></span> <span class='ocrx_word' id='word_1_891' title='bbox 3381 4979 3445 5020; x_wconf 88' lang='lat' dir='ltr'><strong>ne</strong></span> <span class='ocrx_word' id='word_1_892' title='bbox 3465 4975 3569 5017; x_wconf 87' lang='lat' dir='ltr'><strong>cum</strong></span> <span class='ocrx_word' id='word_1_893' title='bbox 3595 4953 3688 5010; x_wconf 86' lang='lat' dir='ltr'><strong>tali-</strong></span> 
     </span>
    </p>
   </div>
   <div class='ocr_carea' id='block_1_113' title="bbox 2160 5050 3686 5118">
    <p class='ocr_par' dir='ltr' id='par_1_113' title="bbox 2160 5050 3686 5118">
     <span class='ocr_line' id='line_1_113' title="bbox 2160 5050 3686 5118; baseline -0.003 -12"><span class='ocrx_word' id='word_1_894' title='bbox 2160 5050 2260 5106; x_wconf 90' lang='lat' dir='ltr'><strong>bus</strong></span> <span class='ocrx_word' id='word_1_895' title='bbox 2280 5052 2510 5118; x_wconf 83' lang='lat' dir='ltr'><strong>viveret;</strong></span> <span class='ocrx_word' id='word_1_896' title='bbox 2540 5068 2646 5107; x_wconf 90' lang='lat' dir='ltr'><strong>non</strong></span> <span class='ocrx_word' id='word_1_897' title='bbox 2677 5051 2802 5110; x_wconf 74' lang='lat' dir='ltr'><strong>fecit</strong></span> <span class='ocrx_word' id='word_1_898' title='bbox 2833 5063 3028 5111; x_wconf 88' lang='lat' dir='ltr'><strong>tamen.</strong></span> <span class='ocrx_word' id='word_1_899' title='bbox 3071 5055 3142 5111; x_wconf 87' lang='lat' dir='ltr'><strong>Et</strong></span> <span class='ocrx_word' id='word_1_900' title='bbox 3169 5074 3237 5112; x_wconf 90' lang='lat' dir='ltr'><strong>ne</strong></span> <span class='ocrx_word' id='word_1_901' title='bbox 3261 5057 3396 5113; x_wconf 82' lang='lat' dir='ltr'><strong>forte</strong></span> <span class='ocrx_word' id='word_1_902' title='bbox 3423 5055 3515 5111; x_wconf 84' lang='lat' dir='ltr'><strong>hoc</strong></span> <span class='ocrx_word' id='word_1_903' title='bbox 3537 5060 3686 5106; x_wconf 80' lang='lat' dir='ltr'><strong>neces-</strong></span> 
     </span>
    </p>
   </div>
   <div class='ocr_carea' id='block_1_114' title="bbox 2161 5136 3688 5217">
    <p class='ocr_par' dir='ltr' id='par_1_114' title="bbox 2161 5136 3688 5217">
     <span class='ocr_line' id='line_1_114' title="bbox 2161 5136 3688 5217; baseline -0.001 -19"><span class='ocrx_word' id='word_1_904' title='bbox 2161 5145 2320 5200; x_wconf 88' lang='lat' dir='ltr'><strong>sitate</strong></span> <span class='ocrx_word' id='word_1_905' title='bbox 2348 5145 2524 5216; x_wconf 88' lang='lat' dir='ltr'><strong>potius</strong></span> <span class='ocrx_word' id='word_1_906' title='bbox 2551 5161 2711 5217; x_wconf 87' lang='lat' dir='ltr'><strong>quam</strong></span> <span class='ocrx_word' id='word_1_907' title='bbox 2735 5147 2993 5205; x_wconf 86' lang='lat' dir='ltr'><strong>charitate</strong></span> <span class='ocrx_word' id='word_1_908' title='bbox 3018 5148 3214 5206; x_wconf 81' lang='lat' dir='ltr'><strong>fecisse</strong></span> <span class='ocrx_word' id='word_1_909' title='bbox 3239 5150 3510 5211; x_wconf 89' lang='lat' dir='ltr'><strong>videretur,</strong></span> <span class='ocrx_word' id='word_1_910' title='bbox 3537 5136 3688 5198; x_wconf 65' lang='lat' dir='ltr'><strong>obtuli!</strong></span> 
     </span>
    </p>
   </div>
   <div class='ocr_carea' id='block_1_115' title="bbox 2149 5237 3685 5311">
    <p class='ocr_par' dir='ltr' id='par_1_115' title="bbox 2149 5237 3685 5311">
     <span class='ocr_line' id='line_1_115' title="bbox 2149 5237 3685 5311; baseline -0.004 -19"><span class='ocrx_word' id='word_1_911' title='bbox 2149 5237 2240 5292; x_wconf 88' lang='lat' dir='ltr'><strong>illi</strong></span> <span class='ocrx_word' id='word_1_912' title='bbox 2275 5237 2414 5294; x_wconf 86' lang='lat' dir='ltr'><strong>Deus</strong></span> <span class='ocrx_word' id='word_1_913' title='bbox 2442 5237 2602 5292; x_wconf 89' lang='lat' dir='ltr'><strong>alium</strong></span> <span class='ocrx_word' id='word_1_914' title='bbox 2635 5239 2885 5310; x_wconf 87' lang='lat' dir='ltr'><strong>populum</strong></span> <span class='ocrx_word' id='word_1_915' title='bbox 2910 5257 2928 5297; x_wconf 86' lang='lat'><strong>:</strong></span> <span class='ocrx_word' id='word_1_916' title='bbox 2958 5239 3169 5295; x_wconf 81' lang='lat' dir='ltr'><strong>Faciant</strong></span> <span class='ocrx_word' id='word_1_917' title='bbox 3197 5252 3262 5308; x_wconf 88' lang='lat' dir='ltr'><strong>te,</strong></span> <span class='ocrx_word' id='word_1_918' title='bbox 3292 5239 3480 5311; x_wconf 87' lang='lat' dir='ltr'><strong>inquit,</strong></span> <span class='ocrx_word' id='word_1_919' title='bbox 3516 5237 3560 5288; x_wconf 89' lang='lat' dir='ltr'><strong>in</strong></span> <span class='ocrx_word' id='word_1_920' title='bbox 3589 5244 3685 5303; x_wconf 66' lang='lat' dir='ltr'><strong>grn-</strong></span> 
     </span>
    </p>
   </div>
   <div class='ocr_carea' id='block_1_116' title="bbox 2163 5324 3682 5404">
    <p class='ocr_par' dir='ltr' id='par_1_116' title="bbox 2163 5324 3682 5404">
     <span class='ocr_line' id='line_1_116' title="bbox 2163 5324 3682 5404; baseline 0.005 -20"><span class='ocrx_word' id='word_1_921' title='bbox 2163 5341 2261 5386; x_wconf 80' lang='lat' dir='ltr'><strong>tein</strong></span> <span class='ocrx_word' id='word_1_922' title='bbox 2303 5346 2578 5404; x_wconf 78' lang='lat' dir='ltr'><strong>magnam:</strong></span> <span class='ocrx_word' id='word_1_923' title='bbox 2623 5341 2682 5387; x_wconf 89' lang='lat' dir='ltr'><strong>ut</strong></span> <span class='ocrx_word' id='word_1_924' title='bbox 2710 5332 2830 5388; x_wconf 85' lang='lat' dir='ltr'><strong>illos</strong></span> <span class='ocrx_word' id='word_1_925' title='bbox 2858 5331 3076 5390; x_wconf 82' lang='lat' dir='ltr'><strong>deleret.</strong></span> <span class='ocrx_word' id='word_1_926' title='bbox 3123 5335 3194 5389; x_wconf 78' lang='lat' dir='ltr'><strong>At.</strong></span> <span class='ocrx_word' id='word_1_927' title='bbox 3240 5334 3329 5390; x_wconf 88' lang='lat' dir='ltr'><strong>ille</strong></span> <span class='ocrx_word' id='word_1_928' title='bbox 3368 5347 3464 5388; x_wconf 89' lang='lat' dir='ltr'><strong>non</strong></span> <span class='ocrx_word' id='word_1_929' title='bbox 3501 5324 3682 5391; x_wconf 67' lang='lat' dir='ltr'><strong>accrl‘i&#39;v</strong></span> 
     </span>
    </p>
   </div>
   <div class='ocr_carea' id='block_1_117' title="bbox 2163 5420 3683 5498">
    <p class='ocr_par' dir='ltr' id='par_1_117' title="bbox 2163 5420 3683 5498">
     <span class='ocr_line' id='line_1_117' title="bbox 2163 5420 3683 5498; baseline 0.001 -23"><span class='ocrx_word' id='word_1_930' title='bbox 2163 5423 2399 5477; x_wconf 79' lang='lat' dir='ltr'><strong>colueret</strong></span> <span class='ocrx_word' id='word_1_931' title='bbox 2424 5424 2815 5494; x_wconf 84' lang='lat' dir='ltr'><strong>peccatoribus,</strong></span> <span class='ocrx_word' id='word_1_932' title='bbox 2837 5427 2966 5496; x_wconf 83' lang='lat' dir='ltr'><strong>petit</strong></span> <span class='ocrx_word' id='word_1_933' title='bbox 2992 5439 3089 5498; x_wconf 90' lang='lat' dir='ltr'><strong>pro</strong></span> <span class='ocrx_word' id='word_1_934' title='bbox 3114 5426 3483 5497; x_wconf 80' lang='lat' dir='ltr'><strong>peccatoribus.</strong></span> <span class='ocrx_word' id='word_1_935' title='bbox 3513 5420 3683 5484; x_wconf 74' lang='grc' dir='ltr'><strong>Ειιιυο·</strong></span> 
     </span>
    </p>
   </div>
   <div class='ocr_carea' id='block_1_118' title="bbox 2165 5508 3685 5592">
    <p class='ocr_par' dir='ltr' id='par_1_118' title="bbox 2165 5508 3685 5592">
     <span class='ocr_line' id='line_1_118' title="bbox 2165 5508 3685 5592; baseline 0.004 -23"><span class='ocrx_word' id='word_1_936' title='bbox 2165 5515 2323 5569; x_wconf 89' lang='lat' dir='ltr'><strong>modo</strong></span> <span class='ocrx_word' id='word_1_937' title='bbox 2351 5516 2516 5586; x_wconf 81' lang='lat' dir='ltr'><strong>petit?</strong></span> <span class='ocrx_word' id='word_1_938' title='bbox 2545 5516 2730 5592; x_wconf 79' lang='lat' dir='ltr'><strong>Magna</strong></span> <span class='ocrx_word' id='word_1_939' title='bbox 2759 5519 3001 5589; x_wconf 87' lang='lat' dir='ltr'><strong>probatio</strong></span> <span class='ocrx_word' id='word_1_940' title='bbox 3021 5519 3343 5587; x_wconf 83' lang='lat' dir='ltr'><strong>dilectionis,</strong></span> <span class='ocrx_word' id='word_1_941' title='bbox 3367 5518 3551 5572; x_wconf 54' lang='lat' dir='ltr'><strong>fratres.</strong></span> <span class='ocrx_word' id='word_1_942' title='bbox 3573 5508 3685 5575; x_wconf 69' lang='grc' dir='ltr'><strong>ρυο·</strong></span> 
     </span>
    </p>
   </div>
   <div class='ocr_carea' id='block_1_119' title="bbox 2165 5607 3686 5682">
    <p class='ocr_par' dir='ltr' id='par_1_119' title="bbox 2165 5607 3686 5682">
     <span class='ocr_line' id='line_1_119' title="bbox 2165 5607 3686 5682; baseline -0.003 -21"><span class='ocrx_word' id='word_1_943' title='bbox 2165 5607 2327 5661; x_wconf 82' lang='lat' dir='ltr'><strong>modo</strong></span> <span class='ocrx_word' id='word_1_944' title='bbox 2355 5608 2519 5677; x_wconf 82' lang='lat' dir='ltr'><strong>petit?</strong></span> <span class='ocrx_word' id='word_1_945' title='bbox 2548 5608 2735 5665; x_wconf 77' lang='lat' dir='ltr'><strong>Videte</strong></span> <span class='ocrx_word' id='word_1_946' title='bbox 2761 5610 2927 5678; x_wconf 88' lang='lat' dir='ltr'><strong>illam,</strong></span> <span class='ocrx_word' id='word_1_947' title='bbox 2959 5611 3026 5668; x_wconf 88' lang='lat' dir='ltr'><strong>de</strong></span> <span class='ocrx_word' id='word_1_948' title='bbox 3049 5626 3159 5682; x_wconf 90' lang='lat' dir='ltr'><strong>qua</strong></span> <span class='ocrx_word' id='word_1_949' title='bbox 3189 5623 3326 5682; x_wconf 73' lang='lat' dir='ltr'><strong>sa&#39;pe</strong></span> <span class='ocrx_word' id='word_1_950' title='bbox 3352 5607 3498 5665; x_wconf 89' lang='lat' dir='ltr'><strong>locuti</strong></span> <span class='ocrx_word' id='word_1_951' title='bbox 3524 5610 3686 5659; x_wconf 71' lang='grc' dir='ltr'><strong>ευηηιςν</strong></span> 
     </span>
    </p>
   </div>
   <div class='ocr_carea' id='block_1_120' title="bbox 2166 5687 3688 5773">
    <p class='ocr_par' dir='ltr' id='par_1_120' title="bbox 2166 5687 3688 5773">
     <span class='ocr_line' id='line_1_120' title="bbox 2166 5687 3688 5773; baseline -0.012 -17"><span class='ocrx_word' id='word_1_952' title='bbox 2166 5709 2459 5757; x_wconf 85' lang='lat' dir='ltr'><strong>maternam</strong></span> <span class='ocrx_word' id='word_1_953' title='bbox 2487 5700 2716 5773; x_wconf 81' lang='lat' dir='ltr'><strong>quodam</strong></span> <span class='ocrx_word' id='word_1_954' title='bbox 2746 5703 2904 5760; x_wconf 85' lang='lat' dir='ltr'><strong>modo</strong></span> <span class='ocrx_word' id='word_1_955' title='bbox 2929 5702 3269 5762; x_wconf 79' lang='lat' dir='ltr'><strong>charitatcm.</strong></span> <span class='ocrx_word' id='word_1_956' title='bbox 3301 5703 3423 5758; x_wconf 84' lang='lat' dir='ltr'><strong>Cum</strong></span> <span class='ocrx_word' id='word_1_957' title='bbox 3464 5699 3582 5752; x_wconf 81' lang='lat' dir='ltr'><strong>Deus</strong></span> <span class='ocrx_word' id='word_1_958' title='bbox 3611 5687 3688 5743; x_wconf 88' lang='lat' dir='ltr'><strong>mi-</strong></span> 
     </span>
    </p>
   </div>
  </div>
