3954 6186
337 393 440 448 555

329 522 547 569 naretur
577 507 835 575 sacrilego
871 502 1085 573 populo,
1129 500 1212 571 pia
1242 500 1406 571 Moysi
1437 498 1640 553 viscera
1685 506 1917 549 tremue-

331 618 476 670 runt,
514 599 765 672 opposuit
802 613 862 652 se
896 609 993 667 pro
1039 595 1141 651 illis
1182 592 1470 649 iracundiae
1519 591 1630 646 Dei.
1679 587 1916 654 Domina,

330 696 520 768 inquit,
538 695 583 748 si
602 690 812 746 dimittis
835 689 906 743 eis
931 696 1209 758 peccatum,
1236 684 1430 739 dimitte
1453 682 1568 737 :sin
1600 690 1785 744 autem,
1811 678 1921 733 delc

331 805 407 844 mc
423 787 490 841 de
503 784 636 840 libro
652 793 890 851 tuoquem
902 777 1142 848 scripsisti
1155 774 1599 845 (Exodxxvuﬁl
1613 770 1919 842 ,52).Qoam

335 879 574 949 paternis
616 873 976 942 maternisque
1015 868 1329 935 visceribus,
1371 883 1528 938 quam
1572 879 1791 920 securus
1821 862 1919 917 hoc

330 970 527 1025 dixerit
556 964 844 1021 attendens
879 960 1136 1032 justitiam
1166 968 1220 1013 ct
1254 955 1670 1013 misericordiam
1711 953 1833 1009 Dei!
1868 960 1923 1006 ut

331 1059 452 1131 quia
479 1058 658 1129 justus
685 1061 785 1119 est,
811 1068 918 1108 non
948 1050 1191 1123 perderet
1213 1049 1438 1119 justum,
1464 1047 1586 1116 quia
1618 1044 1922 1100 misericors

334 1160 439 1217 est,
482 1150 787 1220 ignosceret
810 1143 1195 1215 peccatoribus.

402 1239 632 1298 CAPUT
670 1236 913 1294 XXll.—
930 1235 1020 1290 ‘25.
1042 1234 1205 1290 Corde
1223 1232 1554 1287 recedendum
1571 1248 1602 1284 a
1632 1230 1798 1293 atatis,
1823 1245 1922 1282 non

338 1349 574 1403 corpore.
619 1330 781 1386 Certe
831 1327 940 1398 jam
978 1323 1315 1381 manifestum
1359 1334 1439 1377 est
1489 1319 1782 1393 prudentia}
1829 1334 1921 1373 ve-

339 1436 497 1495 strm,
512 1421 778 1495 quomodo
804 1417 1111 1489 accipienda
1137 1418 1244 1473 sint
1268 1415 1445 1471 omnia
1471 1414 1595 1470 talia
1625 1412 1933 1467 testimonia

339 1519 731 1588 Scripturarum
752 1510 1062 1583 :utquando
1083 1509 1351 1580 Scriptura
1370 1505 1810 1573 sonat,_reccderc
1828 1520 1925 1560 nos

337 1613 541 1669 debere
576 1625 606 1664 a
649 1608 824 1675 malis,
854 1621 959 1663 non
987 1604 1133 1659 aliud
1164 1602 1461 1671 intelligere
1485 1600 1788 1670 jubeamur,
1823 1596 1923 1652 nisi

338 1713 396 1758 ut
424 1702 589 1758 corde
615 1699 955 1763 recedamus;
987 1710 1053 1751 ne
1076 1695 1249 1765 majus
1274 1693 1470 1749 malum
1510 1693 1562 1745 in
1590 1690 1926 1759 separatione

336 1799 609 1850 bonorum
648 1789 1082 1855 committamus,
1124 1800 1282 1856 quam
1328 1783 1378 1837 in
1407 1782 1665 1837 malorum
1695 1778 1921 1846 conjun-

334 1889 515 1943 ctione
542 1885 829 1954 fugiamus,
855 1882 995 1936 sicut
1017 1880 1114 1950 ipsi
1144 1878 1432 1933 Donatista:
1458 1874 1713 1929 fecerunt.
1749 1871 1847 1938 Qui
1878 1871 1921 1924 si

334 1994 464 2034 vere
504 1976 632 2033 boni
659 1975 827 2029 malos
851 1980 1157 2043 arguerent,
1196 1983 1259 2023 ac
1302 1982 1407 2022 non
1440 1965 1612 2036 potius
1656 1963 1753 2035 ipsi
1798 1962 1920 2017 mali

336 2071 511 2126 bonos
538 2067 877 2132 in-famarent,
901 2063 1327 2135 qualeslibctpro
1353 2074 1482 2130 pace
1513 2056 1922 2129 tolerarent,qui

334 2163 754 2220 Maximianistas
808 2165 1123 2228 receperunt
1176 2164 1423 2222 tanquam
1477 2150 1746 2218 integros,
1789 2161 1923 2217 quos

336 2266 591 2326 tanquam
638 2252 872 2323 perditos
913 2258 1066 2304 antea
1114 2246 1513 2300 damnaverunt.
1545 2240 1701 2296 Certe
1749 2238 1922 2293 mani-

337 2349 478 2404 feste
518 2346 654 2402 dixit
691 2344 969 2416 propheta,
1026 2338 1261 2393 Receditc
1301 2344 1348 2391 et
1376 2335 1506 2389 exite
1548 2333 1685 2398 inde,
1732 2339 1779 2384 et
1825 2331 1922 2383 im-

336 2440 591 2494 mundum
651 2454 715 2491 ne
769 2432 1045 2504 tetigeritis.
1130 2430 1241 2500 Ego
1311 2435 1366 2481 ut
1434 2423 1727 2492 intelligam
1782 2419 1921 2491 quod

335 2529 496 2593 dixit,
519 2527 738 2584 attendo
761 2524 901 2595 quod
929 2522 1073 2579 fecit.
1113 2519 1275 2575 Facto
1313 2532 1411 2573 suo
1441 2517 1569 2569 inihi
1597 2514 1812 2584 exponit
1840 2512 1922 2566 di-

335 2631 485 2677 ctum
510 2635 687 2675 suum
720 2617 879 2684 Dixit,
909 2613 1165 2670 Rcccditc.
1190 2611 1394 2680 Quibus
1422 2608 1586 2663 dixit?
1624 2606 1815 2676 Utique
1839 2605 1925 2676 ju-

332 2715 458 2769 stis.
484 2714 529 2768 Δ
553 2711 744 2782 quibus
770 2719 826 2763 ut
851 2705 1193 2770 recederent,
1221 2701 1384 2758 dixit?
1408 2699 1601 2770 Utique
1626 2715 1652 2750 a
1682 2706 1927 2768 peccato.

331 2805 487 2860 ribus
504 2813 560 2859 et
579 2799 793 2871 iniquis.
817 2798 1027 2867 Quane,
1070 2812 1101 2851 a
1143 2794 1332 2849 talibus
1356 2804 1527 2848 utrum
1551 2791 1664 2862 ipse
1689 2803 1928 2846 recesse-

330 2894 440 2950 rit?
463 2893 681 2948 Invenio
701 2889 841 2961 quod
868 2903 975 2943 non
996 2885 1299 2943 recesserit.
1319 2885 1458 2954 Ergo
1473 2883 1627 2937 aliter
1644 2880 1921 2936 intellexit.

326 2984 470 3042 Nam
495 2985 677 3054 utique
700 2982 843 3051 prior
864 2979 1064 3035 faceret
1090 2978 1227 3049 quod
1252 2975 1523 3047 praecepit.
1546 2973 1788 3029 Recessit
1806 2987 1925 3029 eor-

328 3078 423 3145 de,
446 3076 747 3147 objurgavit
772 3082 933 3144 atque
956 3072 1145 3143 arguit.
1170 3066 1505 3124 Continendo
1524 3082 1585 3123 se
1602 3082 1633 3121 a
1656 3080 1923 3122 consensu

330 3185 447 3225 non
472 3168 647 3237 tetigit
671 3162 1003 3222 immundum
1029 3180 1042 3215 :
1070 3159 1399 3231 objurganda
1428 3167 1603 3214 autem
1631 3152 1758 3216 eiiit
1787 3157 1926 3213 liber

334 3261 391 3318 in
420 3266 716 3329 conspectu
746 3258 874 3321 Dei;
903 3255 989 3311 cui
1016 3268 1189 3326 neque
1217 3267 1311 3306 sua
1339 3251 1479 3306 Deus
1507 3259 1722 3320 peccata
1747 3248 1923 3319 impu-

333 3362 437 3418 tat,
462 3352 587 3422 quia
614 3366 721 3407 non
751 3348 901 3413 fecit;
931 3361 1106 3417 neque
1136 3344 1338 3411 aliena,
1367 3343 1486 3414 quia
1526 3356 1630 3397 non
1658 3340 1924 3412 approba-

333 3446 445 3508 vit;
473 3457 653 3513 neque
682 3439 1056 3511 negligentiam
1077 3478 1093 3503 ,
1119 3436 1239 3507 quia
1267 3450 1374 3490 non
1406 3433 1597 3499 tacuit;
1629 3446 1800 3503 neque
1829 3446 1923 3487 su-

332 3537 603 3609 perbiam,
632 3534 753 3605 quia
787 3534 839 3588 in
864 3532 1071 3589 unitate
1096 3528 1406 3600 penannsit.
1436 3527 1525 3582 Sic
1550 3539 1699 3596 ergo,
1732 3523 1924 3580 fratres

331 3629 467 3695 mei,
490 3636 755 3698 quotquOt
772 3624 981 3680 habetis
1006 3623 1142 3677 inter
1162 3636 1276 3685 vos,
1304 3620 1395 3690 qui
1419 3618 1591 3673 adhuc
1617 3632 1799 3672 amore
1821 3630 1924 3672 sa:-

332 3721 441 3778 cnli
473 3726 888 3790 prmgravantur,
931 3728 1141 3780 avaros,
1170 3712 1433 3782 perjuros,
1476 3707 1769 3776 adulteros,
1797 3722 1919 3777 spc-

335 3824 572 3871 ctatores
587 3825 866 3880 nugarum,
884 3808 1216 3864 consultores
1242 3802 1758 3868 mathematicorum,
1779 3800 1924 3859 lana-

340 3908 593 3969 ticornm,
622 3916 906 3972 augurum,
942 3899 1276 3968 auspicum‘,
1306 3895 1565 3958 ebriosos,
1601 3892 1918 3957 luxuriosos,

335 3995 599 4067 quidquid
621 3995 758 4049 inter
770 4006 863 4046 vos
881 3991 1139 4047 malorum
1161 4003 1280 4043 esse
1294 3989 1483 4053 nostis;
1501 3996 1755 4058 quantum
1785 3996 1922 4057 pote-

336 4084 784 4154 stis,improbate,
802 4092 857 4136 ut
873 4080 1037 4137 corde
1049 4078 1329 4144 recedatis;
1350 4089 1407 4135 ut
1427 4078 1750 4148 redarguitc,
1766 4093 1819 4132 et
1838 4094 1922 4133 es-

339 4178 480 4234 eatis
497 4177 648 4239 inde;
666 4183 722 4230 ct
742 4174 906 4230 nolite
922 4172 1242 4235 consentire,
1263 4181 1318 4226 ut
1338 4169 1665 4227 immundum
1687 4184 1790 4223 non
1809 4177 1924 4223 tan-

340 4268 502 4340 gatis.

775 4354 1008 4410 SERMO
1036 4351 1300 4409 LXXXIX
1332 4356 1349 4378 '
1382 4354 1480 4423 (a).

339 4469 421 4524 De
440 4468 599 4523 verbis
623 4465 886 4538 Evangelii
907 4465 1156 4529 llatthwi,
1178 4481 1293 4534 cap.
1318 4480 1433 4529 ut,
1464 4464 1645 4530 {9-12,
1666 4466 1752 4520 ubi
1772 4464 1923 4520 Jcsus

409 4559 642 4614 arborem
687 4558 930 4629 arcfecit;
967 4567 1014 4610 et
1056 4557 1120 4610 de
1154 4556 1258 4609 illis
1288 4554 1457 4621 Lacte,
1494 4570 1607 4625 cap.
1639 4570 1790 4619 XXIV,
1828 4554 1919 4621 28,

408 4651 496 4705 ubi
524 4649 673 4719 ﬁnxit
695 4665 750 4704 se
784 4648 983 4720 longius
1010 4648 1082 4703 ire
1122 4647 1215 4717 (ὁ).

404 4764 455 4818 l.
477 4759 768 4815 Maledictlo
782 4760 864 4830 ﬁci
879 4759 1001 4829 quid
1020 4776 1109 4813 nos
1125 4753 1411 4813 admoneat.
1426 4758 1606 4814 Lectio
1620 4760 1923 4815 recentissi-

335 4868 425 4906 ma
437 4853 607 4907 sancti
622 4851 887 4921 Evangelii
901 4850 1385 4916 admonuit,terruit
1396 4863 1589 4912 nos.nc
1605 4850 1724 4906 folia
1738 4849 1925 4907 habea-

337 4953 522 4999 muset
536 4942 764 4997 fructum
782 4957 884 4996 non
900 4941 1324 4995 habeamuleoc
1338 4950 1517 4997 autem
1529 4942 1759 4999 breviter
1769 4958 1925 5013 expo-

340 5035 488 5089 nitur
513 5052 527 5088 :
552 5049 621 5089 nc
634 5034 794 5089 verba
817 5033 1010 5098 adsint,
1029 5042 1082 5087 et
1101 5032 1233 5088 facta
1254 5032 1449 5088 desint.
1473 5033 1691 5106 Magnus
1716 5036 1919 5091 terror!

337 5123 468 5193 Quis
491 5140 598 5179 non
620 5123 820 5187 timeat,
841 5138 961 5180 cum
993 5124 1171 5193 inlpsa
1200 5125 1425 5181 lectione
1441 5125 1609 5181 oculis
1632 5128 1809 5182 cordis
1828 5128 1923 5183 ari-

336 5217 462 5273 dam
479 5217 725 5272 arborem
741 5216 901 5281 videt,
925 5226 977 5272 ct
997 5218 1074 5271 sic
1095 5226 1151 5271 ut
1171 5218 1219 5274 ei
1236 5217 1444 5275 dicatur
1470 5237 1485 5276 :
1510 5219 1784 5292 Nunquam
1802 5239 1863 5276 ea:
1877 5232 1925 5277 te

339 5310 534 5378 fructus
561 5320 796 5363 nascatur
814 5309 867 5362 in
887 5320 1148 5363 internum.
1176 5309 1372 5365 'I‘error
1386 5311 1635 5382 corrigat,
1659 5314 1920 5368 correctio
1969 5329 1978 5336 ·

338 5397 548 5455 fructus
586 5398 836 5485 prolerat.
865 5398 995 5457 Sine
1021 5386 1183 5456 dubio
1208 5402 1349 5456 enim
1382 5390 1638 5458 Dominus
1675 5402 1920 5459 Christus

404 5553 422 5620 ξ
445 5554 640 5620 Quidam
657 5560 762 5605 uss.
786 5568 896 5620 cum
918 5555 1071 5620 Ποῖ-ο,
1090 5555 1413 5620 haruspicina.

403 5615 420 5631 '
437 5618 589 5687 ttujus
868 5616 1051 5669 nullum
1071 5615 1300 5683 scriptum
1321 5618 1572 5682 exemplar
1590 5621 1730 5673 nobis
1750 5621 1920 5675 videre

338 5676 640 5806 Alias,
662 5737 695 5787 9
717 5739 843 5789 inter
865 5740 1021 5806 editos
1042 5754 1103 5793 ex
1126 5741 1385 5806 Carthasim
1407 5744 1600 5806 mtjoris
1634 5751 1738 5796 Mss.

403 5740 454 5795 (a
497 5740 640 5796 Alias,
662 5740 695 5787 9
717 5740 843 5789 inter
865 5740 1021 5795 editos
1042 5754 1103 5793 ex
1126 5741 1385 5794 Carthasim
1407 5746 1504 5806 [hij

401 5740 475 5862 (bi
494 5807 734 5851 Recenset
755 5803 988 5853 Possidius
1011 5805 1058 5854 in
1080 5804 1304 5863 tndiculo,
1330 5819 1431 5867 cap.
1458 5806 1504 5855 9.

523 5903 796 5964 ΡΑτιιοι..
834 5905 1191 5970 XXXVIII.

1637 379 1866 437 SEltMO
1905 376 2185 433 LXXXIX.

2032 492 2358 562 prmvidebat
2385 492 2628 550 arborem
2665 495 2947 564 quamdam
2986 498 3175 553 merito
3217 497 3415 554 aridam
3460 504 3611 573 lteri,
3676 574 3681 579 ι

2027 582 2167 652 quod
2197 580 2415 638 haberet
2440 582 2584 653 folia,
2604 592 2660 640 et
2681 584 2881 642 fructus
2907 603 3012 641 non
3041 586 3280 645 haberet.
3306 590 3382 649 Ea
3404 605 3482 647 est
3508 596 3612 666 Sy-

2028 689 2251 746 nagoga,
2292 690 2394 730 non
2422 686 2628 741 vocata,
2660 677 2751 732 sed
2787 678 3085 748 reprobata.
3120 679 3249 735 Nam
3284 691 3337 737 ct
3366 683 3487 740 inde
3518 702 3614 741 vo-

2028 775 2179 821 catus
2211 766 2436 837 populus
2465 766 2585 834 Dei,
2615 769 2702 839 qui
2740 771 2997 825 veraciter
3022 781 3075 825 et
3101 772 3377 828 sinceriter
3403 775 3451 829 in
3484 776 3611 832 Pro-

2031 853 2203 925 phelis
2231 857 2573 927 eXSpectabat
2599 858 2829 915 salutare
2858 861 2950 915 Dei
2981 860 3163 916 .lesum
3209 862 3497 920 Christum.
3546 865 3615 923 Et

2027 949 2277 1020 quioniam
2303 949 2529 1005 ﬁdeliter
2546 952 2907 1021 exspectabat,
2924 955 3112 1008 meruit
3136 970 3457 1025 (agnoscere
3476 976 3619 1032 pra:-

2029 1050 2254 1093 scntcm.
2305 1040 2606 1111 lndegenim
2654 1035 2913 1114 Apostoli,
2945 1044 3067 1100 inde
3098 1056 3204 1101 tota
3234 1049 3381 1103 turba
3415 1066 3616 1121 prince-

2029 1132 2264 1188 dentium
2303 1134 2601 1200 jnmentnm
2649 1135 2860 1193 Domini
2907 1148 2960 1192 et
3004 1138 3326 1207 dicentium,
3371 1141 3616 1197 "osanna

2030 1222 2137 1290 ﬁlio
2170 1223 2362 1287 Darid;
2413 1225 2698 1281 lmnedictus
2747 1227 2831 1296 qui
2877 1229 3007 1282 venit
3052 1230 3105 1283 in
3158 1232 3357 1287 nomine
3411 1232 3617 1289 Domini

2032 1314 2239 1387 (Matth.
2256 1332 2367 1380 xxi,
2388 1315 2466 1389 9).
2493 1317 2671 1373 Turba
2695 1326 2809 1373 erat
2832 1336 3017 1391 magna
3035 1321 3266 1376 lidelium
3285 1323 3611 1390 Iudaeorum,

2029 1415 2152 1459 ante
2191 1405 2361 1459 iustum
2392 1424 2487 1476 pro
2516 1423 2574 1469 se
2608 1410 2916 1479 sanguinem
2958 1412 3011 1465 in
3043 1411 3255 1469 Christo
3285 1415 3612 1471 credentium

2033 1512 2219 1566 magna
2265 1499 2415 1551 turba
2458 1510 2594 1554 erat.
2638 1500 2752 1556 Non
2784 1503 2925 1557 enim
2973 1503 3164 1559 frustra
3206 1507 3461 1563 Dominus
3504 1510 3615 1580 ipse

2032 1600 2135 1638 non
2161 1597 2394 1651 venerat,
2423 1590 2522 1642 nisi
2550 1589 2612 1643 ad
2636 1605 2763 1647 Oves
2789 1609 2907 1663 qua:
2942 1595 3209 1663 perierant
3234 1596 3423 1655 domos
3452 1600 3613 1655 Israel

2035 1677 2144 1749 (Id.
2169 1680 2390 1751 xv,2.l).
2424 1682 2477 1736 In
2504 1684 2622 1737 aliis
2652 1694 2827 1739 autem
2873 1687 3178 1754 cruciﬁxus,
3227 1690 3331 1760 iam
3378 1691 3429 1746 in
3475 1694 3613 1749 coelo

2030 1772 2319 1837 exaltatus,
2367 1771 2564 1827 invenit
2612 1775 2934 1843 pmnitcntite
2972 1778 3197 1834 fructum
3243 1799 3255 1834 :
3305 1798 3401 1838 nec
3437 1784 3615 1841 aridos

2031 1860 2173 1923 lircit,
2204 1864 2297 1919 sed
2330 1865 2382 1918 in
2412 1881 2540 1935 agro
2583 1869 2847 1935 excoluit,
2889 1879 2944 1925 et
2982 1872 3144 1927 verbo
3186 1874 3437 1946 irrigavit.
3490 1878 3616 1935 inde

2030 1960 2184 2007 erant
2210 1954 2296 2010 illa
2328 1965 2555 2026 quatuor
2579 1959 2744 2014 millia
2774 1958 3099 2029 .ludmorum,
3133 1966 3221 2036 qui
3251 1968 3611 2037 crediderunt,

2031 2054 2374 2116 posteaquam
2420 2061 2603 2104 saneto
2630 2051 2831 2120 Spiritu
2876 2053 3078 2125 impleti
3121 2057 3402 2128 discipuli,
3433 2072 3485 2116 et
3523 2066 3614 2133 qui

2028 2152 2148 2190 cum
2169 2138 2245 2191 eis
2267 2148 2436 2204 erant,
2456 2141 2649 2212 linguis
2665 2145 2902 2199 omnium
2921 2149 3154 2217 gentium
3174 2152 3542 2223 loquebantur,
3561 2166 3616 2211 et

2031 2246 2126 2298 per
2163 2246 2350 2286 omnes
2387 2241 2574 2303 gentes
2615 2235 2843 2290 futuram
2880 2236 3171 2295 Ecclesium
3203 2241 3288 2297 illa
3320 2244 3613 2316 linguarum

2028 2320 2337 2377 diversitate
2380 2323 2610 2392 quodam
2659 2327 2821 2382 modo
2869 2331 3313 2398 prmnuntiabant.
3357 2334 3611 2393 Credide-

2030 2422 2151 2465 runt
2178 2420 2323 2480 lune,
2347 2422 2399 2469 et
2427 2415 2554 2485 ipsa:
2577 2431 2708 2472 oves
2723 2426 2876 2473 erant
2893 2436 3010 2489 qua:
3037 2421 3303 2492 perierant
3326 2425 3515 2483 domus
3542 2428 3616 2483 ls-

2030 2501 2138 2555 racl
2164 2519 2177 2568 ;
2202 2503 2296 2558 sed
2322 2504 2441 2575 quia
2465 2514 2681 2562 venerat
2702 2507 2867 2563 Filius
2911 2509 3141 2567 hominis
3162 2529 3401 2584 quaerere
3426 2526 3478 2572 et
3504 2519 3612 2574 sal-

2035 2607 2159 2647 varc
2179 2593 2319 2663 quod
2343 2596 2569 2663 perierat
2592 2596 2738 2667 (Luc.
2765 2615 2874 2664 χιχ,
2901 2598 3012 2672 10),
3037 2602 3195 2658 etiam
3224 2605 3367 2674 ipsos
3393 2608 3609 2665 invenit.

2030 2680 2136 2737 Sed
2169 2686 2348 2738 nescio
2375 2685 2461 2739 ubi
2490 2696 2738 2757 tanquam
2760 2703 2789 2741 a
2818 2688 2956 2759 lupis
2981 2690 3269 2762 depraedati
3302 2696 3534 2753 latebant
3560 2702 3614 2754 in

2032 2773 2317 2844 vepribus;
2348 2786 2400 2830 et
2428 2778 2548 2847 quia
2578 2778 2812 2834 latebant
2848 2780 2901 2835 in
2943 2782 3227 2853 vepribus,
3268 2786 3387 2843 ideo
3425 2787 3491 2843 ad
3521 2804 3614 2845 eos

2032 2864 2381 2923 inveniendus
2410 2885 2513 2923 non
2542 2872 2814 2940 pervenit,
2857 2873 2957 2929 nisi
2998 2875 3165 2946 spinis
3193 2879 3453 2949 passionis
3481 2882 3617 2937 dila-

2030 2967 2239 3013 ceratus
2269 2978 2281 3014 :
2309 2970 2482 3016 tamen
2512 2963 2770 3032 pervenit,
2816 2965 3045 3033 invenit,
3093 2972 3334 3026 redemit.
3370 2972 3446 3029 illi
3473 2960 3616 3031 oeci-

2030 3048 2248 3113 derant;
2278 3068 2382 3106 non
2408 3053 2577 3123 magis
2606 3054 2799 3124 ipsum,
2830 3072 2987 3126 quam
3029 3074 3106 3116 se.
3148 3058 3288 3117 Salvi
3330 3057 3469 3121 facti
3492 3078 3616 3123 sunt

2032 3155 2127 3210 per
2139 3142 2372 3197 occisum
2394 3159 2490 3214 pro
2515 3160 2591 3200 se.
2617 3144 2979 3217 Loquentibus
2998 3150 3141 3206 enim
3166 3153 3439 3223 Apostolis
3462 3172 3611 3212 com-

2031 3235 2208 3304 puncti
2239 3245 2363 3290 sunt
2399 3237 2487 3307 qui
2518 3249 2851 3310 pnpugerant
2892 3242 3072 3298 lancea
3097 3282 3114 3311 ,
3161 3250 3463 3317 compuncti
3492 3261 3616 3306 sunt

2028 3324 2353 3380 cOnscientia
2378 3343 2390 3379 :
2422 3330 2725 3398 compuncti
2751 3338 2928 3387 autem
2956 3334 3235 3390 consilium
3264 3340 3612 3409 qutrsieruut.

2029 3414 2210 3471 datum
2245 3428 2579 3488 receperunt,
2617 3420 2985 3489 paenitentiam
3012 3434 3254 3494 egerunt,
3276 3431 3501 3499 gratiam
3533 3431 3616 3486 in-
3671 3430 3690 3453 °

2030 3515 2308 3573 venerunt,
2339 3518 2393 3563 et
2416 3510 2697 3566 credentes
2725 3514 3035 3583 sanguinem
3064 3508 3311 3573 biberunt
3333 3535 3489 3590 quem
3514 3537 3614 3578 sm-

2030 3597 2232 3652 vientes
2253 3597 2498 3653 fudenmt
2520 3600 2743 3672 (Act.u).
2764 3604 2869 3670 Qui
2888 3612 3064 3659 autem
3087 3622 3456 3667 remanserunt
3476 3616 3613 3669 mala

2030 3697 2081 3743 et
2093 3690 2257 3743 sterili
2277 3691 2527 3760 progenie
2541 3707 2707 3762 usque
2719 3693 2770 3747 in
2785 3692 3100 3751 hodiernum
3115 3707 3165 3753 ct
3181 3715 3347 3770 usque
3360 3701 3410 3755 in
3432 3702 3610 3771 linem,

2030 3781 2081 3835 in
2105 3779 2192 3834 illa
2209 3780 2400 3836 arbore
2423 3781 2626 3851 ligurati
2649 3792 2791 3838 sunt.
2816 3784 2970 3843 Modo
2997 3788 3146 3842 venis
3171 3790 3236 3844 ad
3258 3807 3371 3859 eos,
3398 3806 3451 3848 et
3479 3796 3614 3852 inve-

2030 3872 2111 3926 nis
2128 3870 2267 3942 apud
2290 3887 2383 3927 eos
2400 3872 2577 3928 omnia
2594 3873 2802 3946 eloquia
2822 3875 3227 3948 Prophetarum.
3250 3883 3351 3939 Sed
3372 3878 3469 3939 ista
3491 3886 3610 3940 l'olia

2028 3972 2183 4019 sunt:
2213 3964 2456 4020 Christus
2478 3966 2671 4020 esurit:
2701 3965 2931 4023 fructum
2958 3972 3172 4039 qumril;
3203 3974 3295 4028 scd
3320 3976 3439 4031 ideo
3457 3978 3506 4031 iu
3535 3980 3614 4033 cis

2020 4053 2259 4111 .l'ructnm
2296 4071 2402 4110 non
2446 4055 2667 4124 invenit,
2694 4059 2816 4128 quia
2841 4074 2901 4116 se
2927 4061 2978 4114 in
3006 4064 3085 4115 eis
3112 4079 3218 4118 non
3246 4065 3464 4122 invenit.
3497 4067 3613 4124 Non

2033 4146 2174 4199 enim
2243 4144 2403 4201 habet
2459 4144 2718 4215 fructum,
2772 4165 2877 4205 non
2931 4150 3088 4209 habet
3158 4153 3450 4213 Christum.
3496 4158 3613 4214 Nn

2028 4245 2204 4291 autem
2251 4236 2413 4292 habet
2448 4237 2751 4306 Christum,
2779 4242 2866 4311 qui
2894 4242 3091 4298 Clu-isti
3124 4260 3227 4301 non
3267 4254 3413 4304 tenet
3444 4251 3616 4305 unita-

2030 4337 2164 4394 tem,
2195 4328 2284 4398 qui
2315 4342 2420 4383 non
2452 4328 2611 4384 habet
2651 4331 2984 4387 eharilatesn.
3020 4334 3158 4405 Ergo
3198 4350 3292 4406 per
3318 4337 3455 4395 hanc
3483 4358 3614 4395 cou-

2028 4426 2309 4481 nexionem
2340 4437 2445 4477 non
2479 4421 2638 4478 habet
2674 4423 2899 4480 fructum
2927 4427 3017 4497 qui
3058 4446 3161 4484 non
3194 4426 3352 4486 habet
3380 4432 3613 4488 charita-

2031 4524 2156 4569 tem.
2180 4515 2317 4571 Audi
2345 4516 2656 4587 Apostolum
2692 4561 2697 4566 .
2736 4516 2953 4574 Fructus
2991 4531 3157 4576 autent
3194 4526 3420 4595 spiritus.
3449 4528 3615 4583 chori.

2029 4614 2106 4660 tas
2125 4623 2143 4661 :
2164 4607 2632 4664 eorumendaturus
2651 4610 2800 4680 quasi
2831 4610 3066 4679 botrum,
3100 4614 3202 4669 hoc
3222 4628 3323 4684 est,
3363 4618 3611 4675 fructum.

2031 4696 2250 4755 Fructus
2298 4711 2499 4768 autem,
2529 4702 2730 4771 inquit,
2769 4704 3004 4776 spiritus,
3046 4707 3299 4774 citat-itas,
3341 4712 3611 4782 gaudium,

2028 4806 2160 4859 pax,
2189 4792 2542 4864 longanimitas
2573 4791 2765 4863 (Colat.
2808 4811 2857 4856 v,
2886 4793 3001 4864 2‘2).
3036 4796 3149 4850 Noli
3179 4799 3358 4854 mirari
3384 4818 3614 4874 sequeno

2031 4876 2098 4936 tia
2122 4924 2137 4947 ,
2169 4882 2256 4937 ubi
2282 4883 2442 4953 eu'pit
2470 4884 2719 4939 Charitas.
3390 4962 3416 4972 _

2097 4976 2153 5031 2.
2184 4976 2332 5032 Mons
2357 4979 2411 5032 in
2439 4995 2577 5034 mare
2622 4980 2806 5035 missus
2860 4983 2922 5036 ab
2961 4984 3239 5054 Apostolis.
3288 4987 3411 5041 Ideo
3439 4987 3602 5044 disci-

2031 5069 2167 5139 pulis
2220 5070 2533 5127 mirantibus
2581 5072 2789 5128 arboris
2832 5074 3167 5145 ariditatem,
3216 5082 3611 5138 commendavit

2028 5159 2207 5226 (idem,
2249 5169 2304 5217 et
2347 5162 2421 5216 ait
2449 5161 2574 5229 illis,
2610 5162 2672 5217 Si
2694 5162 2970 5220 habueritis
2998 5167 3172 5239 ﬁdem,
3201 5178 3247 5223 et
3274 5171 3402 5226 nillil
3432 5174 3611 5228 discri-

2029 5255 2355 5322 minavcritis,
2384 5254 2435 5310 id
2478 5264 2561 5310 est
2608 5255 2661 5310 in
2704 5258 2951 5317 omnibus
2980 5261 3087 5319 Deo
3115 5262 3447 5321 credideritis
3468 5288 3479 5318 ;
3504 5282 3609 5321 non

2027 5347 2285 5414 dixeritis,
2314 5347 2426 5405 Hoc
2462 5359 2639 5420 potest
2677 5351 2841 5420 Deus,
2883 5352 2985 5411 hoc
3018 5372 3127 5413 non
3166 5368 3370 5427 potest;
3403 5359 3497 5415 sed
3542 5362 3611 5419 de

2026 5436 2415 5507 Omnipotentis
2462 5442 2843 5512 omnipotentia
2893 5451 3370 5520 prtesumpseritis:
3397 5469 3495 5506 non
3522 5471 3611 5509 so-

2028 5529 2132 5583 lum
2159 5530 2252 5584 Itoc
2272 5531 2487 5602 facietis,
2512 5534 2601 5587 sed
2619 5544 2663 5587 et
2688 5537 2844 5597 monti
2863 5536 2981 5591 Imic
3005 5539 3048 5591 si
3067 5540 3315 5606 dixeritis,
3343 5540 3539 5598 Tollere
3563 5557 3609 5598 et

2026 5619 2220 5674 mittere
2244 5622 2294 5673 in
2319 5638 2474 5683 mare.
2494 5624 2598 5690 ﬁet.
2628 5623 2689 5677 Et
2711 5641 3037 5695 quwcumqne
3052 5632 3308 5685 orareritis
3328 5634 3605 5701 credentes,

2025 5713 2302 5784 accipietis.
2329 5712 2576 5784 Legimus
2620 5716 2872 5773 miracula
2915 5719 3050 5775 facta
3096 5737 3126 5776 a
3170 5722 3466 5797 discipulis,
3498 5727 3609 5800 imo

2027 5805 2162 5858 facta
2206 5820 2236 5859 a
2277 5803 2499 5865 Domino
2527 5823 2620 5876 per
2654 5808 2971 5880 discipulos:
3001 5813 3131 5879 Quia
3154 5830 3263 5869 stuc
3284 5832 3381 5884 nte,
3409 5816 3601 5887 inquit,

2918 5905 3325 5984 {Dim-ltuit.)
