  <div class='ocr_page' id='page_1' title='image "/cluster/home/n/w/nwhite01/storage/ocr_20150623/38/hvd.32044096580600/284.png"; bbox 0 0 3954 6186; ppageno 0'>
   <div class='ocr_carea' id='block_1_1' title="bbox 335 343 439 399">
    <p class='ocr_par' dir='ltr' id='par_1_1' title="bbox 335 343 439 399">
     <span class='ocr_line' id='line_1_1' title="bbox 335 343 439 399; baseline 0.038 -4"><span class='ocrx_word' id='word_1_1' title='bbox 335 343 439 399; x_wconf 68' lang='grc' dir='ltr'><strong>5ῐῖ</strong></span> 
     </span>
    </p>
   </div>
   <div class='ocr_carea' id='block_1_2' title="bbox 335 449 1914 524">
    <p class='ocr_par' dir='ltr' id='par_1_2' title="bbox 335 449 1914 524">
     <span class='ocr_line' id='line_1_2' title="bbox 335 449 1914 524; baseline -0.006 -14"><span class='ocrx_word' id='word_1_2' title='bbox 335 458 555 520; x_wconf 68' lang='lat' dir='ltr'><strong>caelum,</strong></span> <span class='ocrx_word' id='word_1_3' title='bbox 587 455 709 524; x_wconf 90' lang='lat' dir='ltr'><strong>quia</strong></span> <span class='ocrx_word' id='word_1_4' title='bbox 752 455 1098 509; x_wconf 86' lang='lat' dir='ltr'><strong>resurrecturi</strong></span> <span class='ocrx_word' id='word_1_5' title='bbox 1130 468 1313 508; x_wconf 73' lang='lat' dir='ltr'><strong>smnus</strong></span> <span class='ocrx_word' id='word_1_6' title='bbox 1346 452 1399 506; x_wconf 89' lang='lat' dir='ltr'><strong>in</strong></span> <span class='ocrx_word' id='word_1_7' title='bbox 1430 450 1529 505; x_wconf 87' lang='lat' dir='ltr'><strong>ﬁne</strong></span> <span class='ocrx_word' id='word_1_8' title='bbox 1562 450 1761 515; x_wconf 52' lang='lat' dir='ltr'><strong>sa&#39;culi,</strong></span> <span class='ocrx_word' id='word_1_9' title='bbox 1793 449 1914 519; x_wconf 88' lang='lat' dir='ltr'><strong>quia</strong></span> 
     </span>
    </p>
   </div>
   <div class='ocr_carea' id='block_1_3' title="bbox 335 543 1911 611">
    <p class='ocr_par' dir='ltr' id='par_1_3' title="bbox 335 543 1911 611">
     <span class='ocr_line' id='line_1_3' title="bbox 335 543 1911 611; baseline -0.002 -11"><span class='ocrx_word' id='word_1_10' title='bbox 335 564 458 603; x_wconf 78' lang='lat' dir='ltr'><strong>cum</strong></span> <span class='ocrx_word' id='word_1_11' title='bbox 491 547 581 601; x_wconf 90' lang='lat' dir='ltr'><strong>illo</strong></span> <span class='ocrx_word' id='word_1_12' title='bbox 603 547 655 600; x_wconf 90' lang='lat' dir='ltr'><strong>in</strong></span> <span class='ocrx_word' id='word_1_13' title='bbox 685 556 965 611; x_wconf 65' lang='lat' dir='ltr'><strong>attentum,</strong></span> <span class='ocrx_word' id='word_1_14' title='bbox 992 546 1037 599; x_wconf 91' lang='lat' dir='ltr'><strong>si</strong></span> <span class='ocrx_word' id='word_1_15' title='bbox 1078 562 1198 600; x_wconf 89' lang='lat' dir='ltr'><strong>enm</strong></span> <span class='ocrx_word' id='word_1_16' title='bbox 1245 561 1348 599; x_wconf 89' lang='lat' dir='ltr'><strong>non</strong></span> <span class='ocrx_word' id='word_1_17' title='bbox 1387 543 1794 606; x_wconf 87' lang='lat' dir='ltr'><strong>contemnimus,</strong></span> <span class='ocrx_word' id='word_1_18' title='bbox 1825 556 1911 597; x_wconf 88' lang='lat' dir='ltr'><strong>re-</strong></span> 
     </span>
    </p>
   </div>
   <div class='ocr_carea' id='block_1_4' title="bbox 324 631 1913 706">
    <p class='ocr_par' dir='ltr' id='par_1_4' title="bbox 324 631 1913 706">
     <span class='ocr_line' id='line_1_4' title="bbox 324 631 1913 706; baseline -0.005 -14"><span class='ocrx_word' id='word_1_19' title='bbox 324 636 563 706; x_wconf 78' lang='lat' dir='ltr'><strong>gnaturi.</strong></span> <span class='ocrx_word' id='word_1_20' title='bbox 593 634 707 690; x_wconf 79' lang='lat' dir='ltr'><strong>Hoc</strong></span> <span class='ocrx_word' id='word_1_21' title='bbox 743 634 942 689; x_wconf 86' lang='lat' dir='ltr'><strong>dietum</strong></span> <span class='ocrx_word' id='word_1_22' title='bbox 988 635 1195 704; x_wconf 87' lang='lat' dir='ltr'><strong>proprie</strong></span> <span class='ocrx_word' id='word_1_23' title='bbox 1222 635 1423 703; x_wconf 79' lang='lat' dir='ltr'><strong>accipe,</strong></span> <span class='ocrx_word' id='word_1_24' title='bbox 1466 631 1572 686; x_wconf 91' lang='lat' dir='ltr'><strong>noli</strong></span> <span class='ocrx_word' id='word_1_25' title='bbox 1615 631 1805 702; x_wconf 87' lang='lat' dir='ltr'><strong>ﬁguras</strong></span> <span class='ocrx_word' id='word_1_26' title='bbox 1835 632 1913 684; x_wconf 92' lang='lat' dir='ltr'><strong>iu-</strong></span> 
     </span>
    </p>
   </div>
   <div class='ocr_carea' id='block_1_5' title="bbox 331 721 1909 799">
    <p class='ocr_par' dir='ltr' id='par_1_5' title="bbox 331 721 1909 799">
     <span class='ocr_line' id='line_1_5' title="bbox 331 721 1909 799; baseline -0.003 -22"><span class='ocrx_word' id='word_1_27' title='bbox 331 728 550 796; x_wconf 91' lang='lat' dir='ltr'><strong>quirere</strong></span> <span class='ocrx_word' id='word_1_28' title='bbox 576 743 590 778; x_wconf 90' lang='lat'><strong>:</strong></span> <span class='ocrx_word' id='word_1_29' title='bbox 625 727 763 781; x_wconf 89' lang='lat' dir='ltr'><strong>sicut</strong></span> <span class='ocrx_word' id='word_1_30' title='bbox 791 734 874 779; x_wconf 84' lang='lat' dir='ltr'><strong>est</strong></span> <span class='ocrx_word' id='word_1_31' title='bbox 901 725 1120 791; x_wconf 89' lang='lat' dir='ltr'><strong>dictum,</strong></span> <span class='ocrx_word' id='word_1_32' title='bbox 1150 725 1219 780; x_wconf 80' lang='lat' dir='ltr'><strong>ita</strong></span> <span class='ocrx_word' id='word_1_33' title='bbox 1249 736 1296 779; x_wconf 91' lang='lat' dir='ltr'><strong>et</strong></span> <span class='ocrx_word' id='word_1_34' title='bbox 1326 733 1429 799; x_wconf 74' lang='lat' dir='ltr'><strong>est.</strong></span> <span class='ocrx_word' id='word_1_35' title='bbox 1455 722 1543 779; x_wconf 89' lang='lat' dir='ltr'><strong>Sic</strong></span> <span class='ocrx_word' id='word_1_36' title='bbox 1569 724 1726 777; x_wconf 77' lang='lat' dir='ltr'><strong>t-tiam</strong></span> <span class='ocrx_word' id='word_1_37' title='bbox 1754 721 1909 776; x_wconf 82' lang='lat' dir='ltr'><strong>facta.</strong></span> 
     </span>
    </p>
   </div>
   <div class='ocr_carea' id='block_1_6' title="bbox 334 811 1915 888">
    <p class='ocr_par' dir='ltr' id='par_1_6' title="bbox 334 811 1915 888">
     <span class='ocr_line' id='line_1_6' title="bbox 334 811 1915 888; baseline -0.006 -11"><span class='ocrx_word' id='word_1_38' title='bbox 334 816 592 877; x_wconf 84' lang='lat' dir='ltr'><strong>Ascendit</strong></span> <span class='ocrx_word' id='word_1_39' title='bbox 616 816 905 887; x_wconf 76' lang='lat' dir='ltr'><strong>Apostolus</strong></span> <span class='ocrx_word' id='word_1_40' title='bbox 931 816 1316 888; x_wconf 84' lang='lat' dir='ltr'><strong>Jerosolymam</strong></span> <span class='ocrx_word' id='word_1_41' title='bbox 1335 814 1514 870; x_wconf 86' lang='lat' dir='ltr'><strong>videre</strong></span> <span class='ocrx_word' id='word_1_42' title='bbox 1533 814 1765 878; x_wconf 79' lang='lat' dir='ltr'><strong>Petrum,</strong></span> <span class='ocrx_word' id='word_1_43' title='bbox 1791 811 1915 867; x_wconf 77' lang='lat' dir='ltr'><strong>fecit</strong></span> 
     </span>
    </p>
   </div>
   <div class='ocr_carea' id='block_1_7' title="bbox 328 902 1909 976">
    <p class='ocr_par' dir='ltr' id='par_1_7' title="bbox 328 902 1909 976">
     <span class='ocr_line' id='line_1_7' title="bbox 328 902 1909 976; baseline -0.005 -13"><span class='ocrx_word' id='word_1_44' title='bbox 328 910 436 963; x_wconf 82' lang='lat' dir='ltr'><strong>hoc</strong></span> <span class='ocrx_word' id='word_1_45' title='bbox 459 907 767 976; x_wconf 76' lang='lat' dir='ltr'><strong>Apostolus,</strong></span> <span class='ocrx_word' id='word_1_46' title='bbox 790 905 986 962; x_wconf 80' lang='lat' dir='ltr'><strong>factum</strong></span> <span class='ocrx_word' id='word_1_47' title='bbox 1008 916 1108 973; x_wconf 90' lang='lat' dir='ltr'><strong>est,</strong></span> <span class='ocrx_word' id='word_1_48' title='bbox 1129 907 1295 976; x_wconf 89' lang='lat' dir='ltr'><strong>ipsius</strong></span> <span class='ocrx_word' id='word_1_49' title='bbox 1319 906 1587 976; x_wconf 85' lang='lat' dir='ltr'><strong>preprium</strong></span> <span class='ocrx_word' id='word_1_50' title='bbox 1611 911 1693 958; x_wconf 87' lang='lat' dir='ltr'><strong>cst</strong></span> <span class='ocrx_word' id='word_1_51' title='bbox 1713 902 1909 973; x_wconf 79' lang='lat' dir='ltr'><strong>(Colat.</strong></span> 
     </span>
    </p>
   </div>
   <div class='ocr_carea' id='block_1_8' title="bbox 333 998 1911 1071">
    <p class='ocr_par' dir='ltr' id='par_1_8' title="bbox 333 998 1911 1071">
     <span class='ocr_line' id='line_1_8' title="bbox 333 998 1911 1071; baseline -0.004 -16"><span class='ocrx_word' id='word_1_52' title='bbox 333 1017 373 1065; x_wconf 84' lang='grc' dir='ltr'><strong>ι,</strong></span> <span class='ocrx_word' id='word_1_53' title='bbox 406 999 513 1071; x_wconf 85' lang='grc'><strong>18).</strong></span> <span class='ocrx_word' id='word_1_54' title='bbox 543 999 737 1053; x_wconf 77' lang='lat' dir='ltr'><strong>Narrat</strong></span> <span class='ocrx_word' id='word_1_55' title='bbox 766 999 856 1052; x_wconf 91' lang='lat' dir='ltr'><strong>tibi</strong></span> <span class='ocrx_word' id='word_1_56' title='bbox 882 1014 993 1052; x_wconf 87' lang='lat' dir='ltr'><strong>rem</strong></span> <span class='ocrx_word' id='word_1_57' title='bbox 1016 1007 1217 1069; x_wconf 82' lang='lat' dir='ltr'><strong>gestam</strong></span> <span class='ocrx_word' id='word_1_58' title='bbox 1244 1017 1256 1051; x_wconf 92' lang='lat'><strong>:</strong></span> <span class='ocrx_word' id='word_1_59' title='bbox 1280 1007 1485 1067; x_wconf 72' lang='lat' dir='ltr'><strong>gestum</strong></span> <span class='ocrx_word' id='word_1_60' title='bbox 1515 998 1683 1066; x_wconf 90' lang='lat' dir='ltr'><strong>ipsum</strong></span> <span class='ocrx_word' id='word_1_61' title='bbox 1718 1010 1911 1050; x_wconf 85' lang='lat' dir='ltr'><strong>secun-</strong></span> 
     </span>
    </p>
   </div>
   <div class='ocr_carea' id='block_1_9' title="bbox 332 1085 1913 1159">
    <p class='ocr_par' dir='ltr' id='par_1_9' title="bbox 332 1085 1913 1159">
     <span class='ocr_line' id='line_1_9' title="bbox 332 1085 1913 1159; baseline -0.004 -15"><span class='ocrx_word' id='word_1_62' title='bbox 332 1090 459 1145; x_wconf 90' lang='lat' dir='ltr'><strong>dum</strong></span> <span class='ocrx_word' id='word_1_63' title='bbox 495 1090 891 1159; x_wconf 74' lang='lat' dir='ltr'><strong>proprietatem.</strong></span> <span class='ocrx_word' id='word_1_64' title='bbox 919 1089 1022 1144; x_wconf 85' lang='lat' dir='ltr'><strong>Per</strong></span> <span class='ocrx_word' id='word_1_65' title='bbox 1040 1088 1255 1159; x_wconf 86' lang='lat' dir='ltr'><strong>ﬁguram</strong></span> <span class='ocrx_word' id='word_1_66' title='bbox 1271 1087 1490 1152; x_wconf 87' lang='lat' dir='ltr'><strong>dictum,</strong></span> <span class='ocrx_word' id='word_1_67' title='bbox 1513 1085 1754 1156; x_wconf 78' lang='lat' dir='ltr'><strong>Lapidem</strong></span> <span class='ocrx_word' id='word_1_68' title='bbox 1769 1103 1913 1156; x_wconf 72' lang='lat' dir='ltr'><strong>quan</strong></span> 
     </span>
    </p>
   </div>
   <div class='ocr_carea' id='block_1_10' title="bbox 329 1177 1913 1257">
    <p class='ocr_par' dir='ltr' id='par_1_10' title="bbox 329 1177 1913 1257">
     <span class='ocr_line' id='line_1_10' title="bbox 329 1177 1913 1257; baseline -0.004 -22"><span class='ocrx_word' id='word_1_69' title='bbox 329 1182 729 1251; x_wconf 84' lang='lat' dir='ltr'><strong>reprobaverunt</strong></span> <span class='ocrx_word' id='word_1_70' title='bbox 749 1180 1079 1249; x_wconf 75' lang='lat' dir='ltr'><strong>wdiﬁcantes,</strong></span> <span class='ocrx_word' id='word_1_71' title='bbox 1100 1179 1179 1232; x_wconf 81' lang='lat' dir='ltr'><strong>hic</strong></span> <span class='ocrx_word' id='word_1_72' title='bbox 1201 1183 1364 1250; x_wconf 78' lang='lat' dir='ltr'><strong>factus</strong></span> <span class='ocrx_word' id='word_1_73' title='bbox 1384 1188 1456 1233; x_wconf 87' lang='lat' dir='ltr'><strong>est</strong></span> <span class='ocrx_word' id='word_1_74' title='bbox 1482 1178 1534 1230; x_wconf 85' lang='lat' dir='ltr'><strong>in</strong></span> <span class='ocrx_word' id='word_1_75' title='bbox 1564 1188 1712 1248; x_wconf 82' lang='lat' dir='ltr'><strong>caput</strong></span> <span class='ocrx_word' id='word_1_76' title='bbox 1738 1177 1913 1257; x_wconf 66' lang='lat' dir='ltr'><strong>anguli</strong></span> 
     </span>
    </p>
   </div>
   <div class='ocr_carea' id='block_1_11' title="bbox 335 1266 1912 1339">
    <p class='ocr_par' dir='ltr' id='par_1_11' title="bbox 335 1266 1912 1339">
     <span class='ocr_line' id='line_1_11' title="bbox 335 1266 1912 1339; baseline -0.002 -15"><span class='ocrx_word' id='word_1_77' title='bbox 335 1270 508 1337; x_wconf 85' lang='lat' dir='ltr'><strong>(Psal.</strong></span> <span class='ocrx_word' id='word_1_78' title='bbox 539 1287 705 1337; x_wconf 77' lang='lat' dir='ltr'><strong>cxvu,</strong></span> <span class='ocrx_word' id='word_1_79' title='bbox 732 1269 835 1335; x_wconf 73' lang='lat'><strong>‘29.;</strong></span> <span class='ocrx_word' id='word_1_80' title='bbox 869 1269 1053 1322; x_wconf 78' lang='lat' dir='ltr'><strong>Matth.</strong></span> <span class='ocrx_word' id='word_1_81' title='bbox 1077 1285 1185 1335; x_wconf 76' lang='lat' dir='ltr'><strong>xxi,</strong></span> <span class='ocrx_word' id='word_1_82' title='bbox 1218 1269 1331 1339; x_wconf 71' lang='grc'><strong>42).</strong></span> <span class='ocrx_word' id='word_1_83' title='bbox 1362 1268 1416 1324; x_wconf 90' lang='lat' dir='ltr'><strong>Si</strong></span> <span class='ocrx_word' id='word_1_84' title='bbox 1449 1267 1675 1337; x_wconf 88' lang='lat' dir='ltr'><strong>lapidem</strong></span> <span class='ocrx_word' id='word_1_85' title='bbox 1701 1266 1912 1337; x_wconf 87' lang='lat' dir='ltr'><strong>proprie</strong></span> 
     </span>
    </p>
   </div>
   <div class='ocr_carea' id='block_1_12' title="bbox 332 1358 1913 1434">
    <p class='ocr_par' dir='ltr' id='par_1_12' title="bbox 332 1358 1913 1434">
     <span class='ocr_line' id='line_1_12' title="bbox 332 1358 1913 1434; baseline -0.006 -15"><span class='ocrx_word' id='word_1_86' title='bbox 332 1363 713 1434; x_wconf 83' lang='lat' dir='ltr'><strong>intelligamus,</strong></span> <span class='ocrx_word' id='word_1_87' title='bbox 743 1375 901 1431; x_wconf 89' lang='lat' dir='ltr'><strong>quem</strong></span> <span class='ocrx_word' id='word_1_88' title='bbox 945 1360 1169 1429; x_wconf 89' lang='lat' dir='ltr'><strong>lapidem</strong></span> <span class='ocrx_word' id='word_1_89' title='bbox 1208 1361 1624 1431; x_wconf 87' lang='lat' dir='ltr'><strong>reprobaverunt</strong></span> <span class='ocrx_word' id='word_1_90' title='bbox 1648 1358 1913 1412; x_wconf 82' lang='lat' dir='ltr'><strong>:ediﬁeau-</strong></span> 
     </span>
    </p>
   </div>
   <div class='ocr_carea' id='block_1_13' title="bbox 333 1448 1913 1521">
    <p class='ocr_par' dir='ltr' id='par_1_13' title="bbox 333 1448 1913 1521">
     <span class='ocr_line' id='line_1_13' title="bbox 333 1448 1913 1521; baseline -0.002 -15"><span class='ocrx_word' id='word_1_91' title='bbox 333 1464 438 1518; x_wconf 88' lang='lat' dir='ltr'><strong>tes,</strong></span> <span class='ocrx_word' id='word_1_92' title='bbox 472 1462 525 1508; x_wconf 91' lang='lat' dir='ltr'><strong>et</strong></span> <span class='ocrx_word' id='word_1_93' title='bbox 552 1453 718 1507; x_wconf 83' lang='lat' dir='ltr'><strong>factus</strong></span> <span class='ocrx_word' id='word_1_94' title='bbox 742 1461 823 1506; x_wconf 88' lang='lat' dir='ltr'><strong>est</strong></span> <span class='ocrx_word' id='word_1_95' title='bbox 852 1452 904 1505; x_wconf 92' lang='lat' dir='ltr'><strong>in</strong></span> <span class='ocrx_word' id='word_1_96' title='bbox 930 1460 1086 1521; x_wconf 88' lang='lat' dir='ltr'><strong>caput</strong></span> <span class='ocrx_word' id='word_1_97' title='bbox 1109 1449 1321 1520; x_wconf 88' lang='lat' dir='ltr'><strong>anguli?</strong></span> <span class='ocrx_word' id='word_1_98' title='bbox 1345 1450 1397 1504; x_wconf 91' lang='lat' dir='ltr'><strong>Si</strong></span> <span class='ocrx_word' id='word_1_99' title='bbox 1424 1449 1670 1519; x_wconf 89' lang='lat' dir='ltr'><strong>angulum</strong></span> <span class='ocrx_word' id='word_1_100' title='bbox 1704 1448 1913 1517; x_wconf 84' lang='lat' dir='ltr'><strong>proprie</strong></span> 
     </span>
    </p>
   </div>
   <div class='ocr_carea' id='block_1_14' title="bbox 327 1537 1911 1611">
    <p class='ocr_par' dir='ltr' id='par_1_14' title="bbox 327 1537 1911 1611">
     <span class='ocr_line' id='line_1_14' title="bbox 327 1537 1911 1611; baseline -0.004 -15"><span class='ocrx_word' id='word_1_101' title='bbox 327 1541 673 1611; x_wconf 77' lang='lat' dir='ltr'><strong>accipiamus,</strong></span> <span class='ocrx_word' id='word_1_102' title='bbox 698 1542 748 1595; x_wconf 93' lang='lat' dir='ltr'><strong>in</strong></span> <span class='ocrx_word' id='word_1_103' title='bbox 773 1541 925 1611; x_wconf 84' lang='lat' dir='ltr'><strong>cujus</strong></span> <span class='ocrx_word' id='word_1_104' title='bbox 948 1541 1122 1607; x_wconf 80' lang='lat' dir='ltr'><strong>anguli</strong></span> <span class='ocrx_word' id='word_1_105' title='bbox 1144 1541 1315 1608; x_wconf 84' lang='lat' dir='ltr'><strong>capite</strong></span> <span class='ocrx_word' id='word_1_106' title='bbox 1333 1539 1500 1593; x_wconf 79' lang='lat' dir='ltr'><strong>lactus</strong></span> <span class='ocrx_word' id='word_1_107' title='bbox 1520 1549 1603 1593; x_wconf 83' lang='lat' dir='ltr'><strong>est</strong></span> <span class='ocrx_word' id='word_1_108' title='bbox 1622 1538 1756 1608; x_wconf 80' lang='lat' dir='ltr'><strong>lapis</strong></span> <span class='ocrx_word' id='word_1_109' title='bbox 1776 1537 1911 1592; x_wconf 82' lang='lat' dir='ltr'><strong>iste?</strong></span> 
     </span>
    </p>
   </div>
   <div class='ocr_carea' id='block_1_15' title="bbox 328 1630 1913 1706">
    <p class='ocr_par' dir='ltr' id='par_1_15' title="bbox 328 1630 1913 1706">
     <span class='ocr_line' id='line_1_15' title="bbox 328 1630 1913 1706; baseline -0.006 -14"><span class='ocrx_word' id='word_1_110' title='bbox 328 1635 388 1692; x_wconf 87' lang='lat' dir='ltr'><strong>Si</strong></span> <span class='ocrx_word' id='word_1_111' title='bbox 417 1636 635 1706; x_wconf 88' lang='lat' dir='ltr'><strong>ﬁgurate</strong></span> <span class='ocrx_word' id='word_1_112' title='bbox 662 1634 859 1689; x_wconf 91' lang='lat' dir='ltr'><strong>dictum</strong></span> <span class='ocrx_word' id='word_1_113' title='bbox 891 1633 1252 1695; x_wconf 83' lang='lat' dir='ltr'><strong>admittamus,</strong></span> <span class='ocrx_word' id='word_1_114' title='bbox 1280 1643 1330 1685; x_wconf 87' lang='lat' dir='ltr'><strong>et</strong></span> <span class='ocrx_word' id='word_1_115' title='bbox 1359 1632 1537 1701; x_wconf 88' lang='lat' dir='ltr'><strong>capias</strong></span> <span class='ocrx_word' id='word_1_116' title='bbox 1561 1631 1809 1700; x_wconf 88' lang='lat' dir='ltr'><strong>ﬁgurate;</strong></span> <span class='ocrx_word' id='word_1_117' title='bbox 1835 1630 1913 1683; x_wconf 89' lang='lat' dir='ltr'><strong>la-</strong></span> 
     </span>
    </p>
   </div>
   <div class='ocr_carea' id='block_1_16' title="bbox 328 1718 1906 1796">
    <p class='ocr_par' dir='ltr' id='par_1_16' title="bbox 328 1718 1906 1796">
     <span class='ocr_line' id='line_1_16' title="bbox 328 1718 1906 1796; baseline -0.008 -14"><span class='ocrx_word' id='word_1_118' title='bbox 328 1727 414 1796; x_wconf 86' lang='lat' dir='ltr'><strong>pis</strong></span> <span class='ocrx_word' id='word_1_119' title='bbox 438 1725 706 1795; x_wconf 86' lang='lat' dir='ltr'><strong>angularis</strong></span> <span class='ocrx_word' id='word_1_120' title='bbox 734 1724 1011 1788; x_wconf 79' lang='lat' dir='ltr'><strong>Christus;</strong></span> <span class='ocrx_word' id='word_1_121' title='bbox 1044 1731 1201 1792; x_wconf 88' lang='lat' dir='ltr'><strong>caput</strong></span> <span class='ocrx_word' id='word_1_122' title='bbox 1221 1722 1415 1791; x_wconf 91' lang='lat' dir='ltr'><strong>anguli,</strong></span> <span class='ocrx_word' id='word_1_123' title='bbox 1446 1729 1597 1791; x_wconf 76' lang='lat' dir='ltr'><strong>caput</strong></span> <span class='ocrx_word' id='word_1_124' title='bbox 1634 1718 1906 1771; x_wconf 73' lang='lat' dir='ltr'><strong>Et&#39;clesizl‘.</strong></span> 
     </span>
    </p>
   </div>
   <div class='ocr_carea' id='block_1_17' title="bbox 326 1809 1912 1888">
    <p class='ocr_par' dir='ltr' id='par_1_17' title="bbox 326 1809 1912 1888">
     <span class='ocr_line' id='line_1_17' title="bbox 326 1809 1912 1888; baseline -0.007 -16"><span class='ocrx_word' id='word_1_125' title='bbox 326 1820 507 1886; x_wconf 84' lang='lat' dir='ltr'><strong>Quare</strong></span> <span class='ocrx_word' id='word_1_126' title='bbox 526 1818 746 1888; x_wconf 90' lang='lat' dir='ltr'><strong>angulus</strong></span> <span class='ocrx_word' id='word_1_127' title='bbox 773 1814 1046 1871; x_wconf 83' lang='lat' dir='ltr'><strong>Ecclesia?</strong></span> <span class='ocrx_word' id='word_1_128' title='bbox 1072 1813 1205 1881; x_wconf 88' lang='lat' dir='ltr'><strong>Quia</strong></span> <span class='ocrx_word' id='word_1_129' title='bbox 1228 1813 1351 1866; x_wconf 89' lang='lat' dir='ltr'><strong>hinc</strong></span> <span class='ocrx_word' id='word_1_130' title='bbox 1370 1811 1600 1874; x_wconf 57' lang='lat' dir='ltr'><strong>Iudaeos,</strong></span> <span class='ocrx_word' id='word_1_131' title='bbox 1628 1809 1749 1863; x_wconf 90' lang='lat' dir='ltr'><strong>hinc</strong></span> <span class='ocrx_word' id='word_1_132' title='bbox 1771 1809 1912 1863; x_wconf 83' lang='lat' dir='ltr'><strong>Geu-</strong></span> 
     </span>
    </p>
   </div>
   <div class='ocr_carea' id='block_1_18' title="bbox 327 1902 1909 1978">
    <p class='ocr_par' dir='ltr' id='par_1_18' title="bbox 327 1902 1909 1978">
     <span class='ocr_line' id='line_1_18' title="bbox 327 1902 1909 1978; baseline -0.006 -13"><span class='ocrx_word' id='word_1_133' title='bbox 327 1920 414 1966; x_wconf 89' lang='lat' dir='ltr'><strong>tcs</strong></span> <span class='ocrx_word' id='word_1_134' title='bbox 442 1910 670 1973; x_wconf 85' lang='lat' dir='ltr'><strong>vocavit,</strong></span> <span class='ocrx_word' id='word_1_135' title='bbox 696 1918 751 1963; x_wconf 90' lang='lat' dir='ltr'><strong>et</strong></span> <span class='ocrx_word' id='word_1_136' title='bbox 775 1907 921 1978; x_wconf 88' lang='lat' dir='ltr'><strong>quasi</strong></span> <span class='ocrx_word' id='word_1_137' title='bbox 949 1907 1083 1961; x_wconf 91' lang='lat' dir='ltr'><strong>duos</strong></span> <span class='ocrx_word' id='word_1_138' title='bbox 1111 1906 1336 1976; x_wconf 87' lang='lat' dir='ltr'><strong>parietes</strong></span> <span class='ocrx_word' id='word_1_139' title='bbox 1361 1904 1427 1959; x_wconf 90' lang='lat' dir='ltr'><strong>de</strong></span> <span class='ocrx_word' id='word_1_140' title='bbox 1455 1904 1667 1959; x_wconf 84' lang='lat' dir='ltr'><strong>diverso</strong></span> <span class='ocrx_word' id='word_1_141' title='bbox 1690 1902 1909 1957; x_wconf 81' lang='lat' dir='ltr'><strong>venien-</strong></span> 
     </span>
    </p>
   </div>
   <div class='ocr_carea' id='block_1_19' title="bbox 329 1993 1905 2064">
    <p class='ocr_par' dir='ltr' id='par_1_19' title="bbox 329 1993 1905 2064">
     <span class='ocr_line' id='line_1_19' title="bbox 329 1993 1905 2064; baseline -0.005 -9"><span class='ocrx_word' id='word_1_142' title='bbox 329 2009 417 2055; x_wconf 88' lang='lat' dir='ltr'><strong>tes</strong></span> <span class='ocrx_word' id='word_1_143' title='bbox 454 2007 510 2054; x_wconf 89' lang='lat' dir='ltr'><strong>et</strong></span> <span class='ocrx_word' id='word_1_144' title='bbox 552 2000 606 2053; x_wconf 89' lang='lat' dir='ltr'><strong>in</strong></span> <span class='ocrx_word' id='word_1_145' title='bbox 644 2013 702 2052; x_wconf 90' lang='lat' dir='ltr'><strong>se</strong></span> <span class='ocrx_word' id='word_1_146' title='bbox 728 1997 1103 2053; x_wconf 64' lang='lat' dir='ltr'><strong>convenientes</strong></span> <span class='ocrx_word' id='word_1_147' title='bbox 1128 2012 1235 2050; x_wconf 70' lang='lat' dir='ltr'><strong>sua:</strong></span> <span class='ocrx_word' id='word_1_148' title='bbox 1264 1995 1405 2064; x_wconf 86' lang='lat' dir='ltr'><strong>pacis</strong></span> <span class='ocrx_word' id='word_1_149' title='bbox 1430 1993 1595 2064; x_wconf 85' lang='lat' dir='ltr'><strong>gratia</strong></span> <span class='ocrx_word' id='word_1_150' title='bbox 1621 1993 1905 2062; x_wconf 85' lang='lat' dir='ltr'><strong>colligavit.</strong></span> 
     </span>
    </p>
   </div>
   <div class='ocr_carea' id='block_1_20' title="bbox 329 2081 1907 2161">
    <p class='ocr_par' dir='ltr' id='par_1_20' title="bbox 329 2081 1907 2161">
     <span class='ocr_line' id='line_1_20' title="bbox 329 2081 1907 2161; baseline -0.007 -16"><span class='ocrx_word' id='word_1_151' title='bbox 329 2090 455 2161; x_wconf 82' lang='lat' dir='ltr'><strong>Ipse</strong></span> <span class='ocrx_word' id='word_1_152' title='bbox 473 2100 547 2144; x_wconf 74' lang='lat' dir='ltr'><strong>est</strong></span> <span class='ocrx_word' id='word_1_153' title='bbox 570 2090 701 2143; x_wconf 77' lang='lat' dir='ltr'><strong>enim</strong></span> <span class='ocrx_word' id='word_1_154' title='bbox 726 2105 829 2159; x_wconf 77' lang='lat' dir='ltr'><strong>pax</strong></span> <span class='ocrx_word' id='word_1_155' title='bbox 851 2099 1020 2141; x_wconf 82' lang='lat' dir='ltr'><strong>nostra</strong></span> <span class='ocrx_word' id='word_1_156' title='bbox 1044 2087 1130 2158; x_wconf 84' lang='lat' dir='ltr'><strong>qui</strong></span> <span class='ocrx_word' id='word_1_157' title='bbox 1150 2085 1263 2156; x_wconf 73' lang='lat' dir='ltr'><strong>[erit</strong></span> <span class='ocrx_word' id='word_1_158' title='bbox 1287 2094 1494 2152; x_wconf 77' lang='lat' dir='ltr'><strong>utraque</strong></span> <span class='ocrx_word' id='word_1_159' title='bbox 1516 2099 1671 2136; x_wconf 82' lang='lat' dir='ltr'><strong>unum</strong></span> <span class='ocrx_word' id='word_1_160' title='bbox 1690 2081 1907 2153; x_wconf 74' lang='lat' dir='ltr'><strong>(Ephes.</strong></span> 
     </span>
    </p>
   </div>
   <div class='ocr_carea' id='block_1_21' title="bbox 329 2179 538 2248">
    <p class='ocr_par' dir='ltr' id='par_1_21' title="bbox 329 2179 538 2248">
     <span class='ocr_line' id='line_1_21' title="bbox 329 2179 538 2248; baseline -0.005 -14"><span class='ocrx_word' id='word_1_161' title='bbox 329 2197 388 2246; x_wconf 80' lang='grc' dir='ltr'><strong>ιι,</strong></span> <span class='ocrx_word' id='word_1_162' title='bbox 425 2179 538 2248; x_wconf 57' lang='lat' dir='ltr'><strong>id).</strong></span> 
     </span>
    </p>
   </div>
   <div class='ocr_carea' id='block_1_22' title="bbox 402 2265 1904 2342">
    <p class='ocr_par' dir='ltr' id='par_1_22' title="bbox 402 2265 1904 2342">
     <span class='ocr_line' id='line_1_22' title="bbox 402 2265 1904 2342; baseline -0.006 -16"><span class='ocrx_word' id='word_1_163' title='bbox 402 2271 455 2328; x_wconf 86' lang='lat'><strong>5.</strong></span> <span class='ocrx_word' id='word_1_164' title='bbox 489 2270 705 2324; x_wconf 84' lang='lat' dir='ltr'><strong>Factum</strong></span> <span class='ocrx_word' id='word_1_165' title='bbox 750 2271 1045 2342; x_wconf 78' lang='lat' dir='ltr'><strong>ﬁguratam.</strong></span> <span class='ocrx_word' id='word_1_166' title='bbox 1095 2268 1329 2322; x_wconf 80' lang='lat' dir='ltr'><strong>Audistis</strong></span> <span class='ocrx_word' id='word_1_167' title='bbox 1367 2266 1565 2321; x_wconf 89' lang='lat' dir='ltr'><strong>dictum</strong></span> <span class='ocrx_word' id='word_1_168' title='bbox 1614 2265 1904 2334; x_wconf 88' lang='lat' dir='ltr'><strong>proprium,</strong></span> 
     </span>
    </p>
   </div>
   <div class='ocr_carea' id='block_1_23' title="bbox 324 2353 1909 2432">
    <p class='ocr_par' dir='ltr' id='par_1_23' title="bbox 324 2353 1909 2432">
     <span class='ocr_line' id='line_1_23' title="bbox 324 2353 1909 2432; baseline -0.006 -16"><span class='ocrx_word' id='word_1_169' title='bbox 324 2364 529 2416; x_wconf 76' lang='lat' dir='ltr'><strong>factum</strong></span> <span class='ocrx_word' id='word_1_170' title='bbox 568 2361 864 2432; x_wconf 88' lang='lat' dir='ltr'><strong>proprium,</strong></span> <span class='ocrx_word' id='word_1_171' title='bbox 896 2359 1091 2413; x_wconf 91' lang='lat' dir='ltr'><strong>dictum</strong></span> <span class='ocrx_word' id='word_1_172' title='bbox 1139 2359 1415 2428; x_wconf 87' lang='lat' dir='ltr'><strong>ﬁguratum</strong></span> <span class='ocrx_word' id='word_1_173' title='bbox 1446 2356 1799 2425; x_wconf 74' lang='lat' dir='ltr'><strong>:exspeetatis</strong></span> <span class='ocrx_word' id='word_1_174' title='bbox 1834 2353 1909 2407; x_wconf 75' lang='lat' dir='ltr'><strong>fa-</strong></span> 
     </span>
    </p>
   </div>
   <div class='ocr_carea' id='block_1_24' title="bbox 322 2444 1904 2523">
    <p class='ocr_par' dir='ltr' id='par_1_24' title="bbox 322 2444 1904 2523">
     <span class='ocr_line' id='line_1_24' title="bbox 322 2444 1904 2523; baseline -0.005 -15"><span class='ocrx_word' id='word_1_175' title='bbox 322 2462 470 2509; x_wconf 84' lang='lat' dir='ltr'><strong>ctum</strong></span> <span class='ocrx_word' id='word_1_176' title='bbox 502 2448 801 2523; x_wconf 85' lang='lat' dir='ltr'><strong>ﬁguratum.</strong></span> <span class='ocrx_word' id='word_1_177' title='bbox 830 2450 989 2505; x_wconf 83' lang='lat' dir='ltr'><strong>Multa</strong></span> <span class='ocrx_word' id='word_1_178' title='bbox 1017 2459 1160 2516; x_wconf 85' lang='lat' dir='ltr'><strong>Sttnt,</strong></span> <span class='ocrx_word' id='word_1_179' title='bbox 1187 2448 1279 2503; x_wconf 92' lang='lat' dir='ltr'><strong>sed</strong></span> <span class='ocrx_word' id='word_1_180' title='bbox 1314 2447 1519 2502; x_wconf 89' lang='lat' dir='ltr'><strong>interim</strong></span> <span class='ocrx_word' id='word_1_181' title='bbox 1546 2445 1683 2516; x_wconf 89' lang='lat' dir='ltr'><strong>quod</strong></span> <span class='ocrx_word' id='word_1_182' title='bbox 1711 2444 1904 2500; x_wconf 83' lang='lat' dir='ltr'><strong>occur—</strong></span> 
     </span>
    </p>
   </div>
   <div class='ocr_carea' id='block_1_25' title="bbox 323 2535 1908 2609">
    <p class='ocr_par' dir='ltr' id='par_1_25' title="bbox 323 2535 1908 2609">
     <span class='ocr_line' id='line_1_25' title="bbox 323 2535 1908 2609; baseline -0.006 -12"><span class='ocrx_word' id='word_1_183' title='bbox 323 2542 396 2597; x_wconf 87' lang='lat' dir='ltr'><strong>rit</strong></span> <span class='ocrx_word' id='word_1_184' title='bbox 438 2558 507 2598; x_wconf 81' lang='lat' dir='ltr'><strong>ex</strong></span> <span class='ocrx_word' id='word_1_185' title='bbox 548 2541 909 2596; x_wconf 88' lang='lat' dir='ltr'><strong>admonitione</strong></span> <span class='ocrx_word' id='word_1_186' title='bbox 957 2539 1143 2609; x_wconf 82' lang='lat' dir='ltr'><strong>lapidis</strong></span> <span class='ocrx_word' id='word_1_187' title='bbox 1182 2538 1469 2606; x_wconf 86' lang='lat' dir='ltr'><strong>angularis,</strong></span> <span class='ocrx_word' id='word_1_188' title='bbox 1512 2535 1725 2605; x_wconf 80' lang='lat' dir='ltr'><strong>quando</strong></span> <span class='ocrx_word' id='word_1_189' title='bbox 1756 2536 1908 2588; x_wconf 81' lang='lat' dir='ltr'><strong>unxit</strong></span> 
     </span>
    </p>
   </div>
   <div class='ocr_carea' id='block_1_26' title="bbox 321 2623 1909 2704">
    <p class='ocr_par' dir='ltr' id='par_1_26' title="bbox 321 2623 1909 2704">
     <span class='ocr_line' id='line_1_26' title="bbox 321 2623 1909 2704; baseline -0.007 -16"><span class='ocrx_word' id='word_1_190' title='bbox 321 2633 555 2704; x_wconf 83' lang='lat' dir='ltr'><strong>lapidem</strong></span> <span class='ocrx_word' id='word_1_191' title='bbox 584 2631 767 2697; x_wconf 83' lang='lat' dir='ltr'><strong>Jacob,</strong></span> <span class='ocrx_word' id='word_1_192' title='bbox 793 2646 951 2702; x_wconf 85' lang='lat' dir='ltr'><strong>quem</strong></span> <span class='ocrx_word' id='word_1_193' title='bbox 998 2630 1063 2684; x_wconf 88' lang='lat' dir='ltr'><strong>ad</strong></span> <span class='ocrx_word' id='word_1_194' title='bbox 1102 2637 1259 2698; x_wconf 87' lang='lat' dir='ltr'><strong>caput</strong></span> <span class='ocrx_word' id='word_1_195' title='bbox 1284 2636 1533 2699; x_wconf 84' lang='lat' dir='ltr'><strong>posuerat</strong></span> <span class='ocrx_word' id='word_1_196' title='bbox 1561 2640 1681 2679; x_wconf 91' lang='lat' dir='ltr'><strong>cum</strong></span> <span class='ocrx_word' id='word_1_197' title='bbox 1708 2623 1909 2679; x_wconf 86' lang='lat' dir='ltr'><strong>dormi-</strong></span> 
     </span>
    </p>
   </div>
   <div class='ocr_carea' id='block_1_27' title="bbox 321 2717 1907 2796">
    <p class='ocr_par' dir='ltr' id='par_1_27' title="bbox 321 2717 1907 2796">
     <span class='ocr_line' id='line_1_27' title="bbox 321 2717 1907 2796; baseline -0.005 -15"><span class='ocrx_word' id='word_1_198' title='bbox 321 2736 429 2792; x_wconf 86' lang='lat' dir='ltr'><strong>ret,</strong></span> <span class='ocrx_word' id='word_1_199' title='bbox 461 2726 515 2779; x_wconf 92' lang='lat' dir='ltr'><strong>in</strong></span> <span class='ocrx_word' id='word_1_200' title='bbox 545 2740 653 2796; x_wconf 89' lang='lat' dir='ltr'><strong>quo</strong></span> <span class='ocrx_word' id='word_1_201' title='bbox 680 2738 867 2779; x_wconf 89' lang='lat' dir='ltr'><strong>somno</strong></span> <span class='ocrx_word' id='word_1_202' title='bbox 906 2736 1152 2793; x_wconf 84' lang='lat' dir='ltr'><strong>magnum</strong></span> <span class='ocrx_word' id='word_1_203' title='bbox 1188 2721 1454 2775; x_wconf 87' lang='lat' dir='ltr'><strong>somnium</strong></span> <span class='ocrx_word' id='word_1_204' title='bbox 1486 2719 1707 2784; x_wconf 88' lang='lat' dir='ltr'><strong>viderat,</strong></span> <span class='ocrx_word' id='word_1_205' title='bbox 1739 2717 1907 2773; x_wconf 87' lang='lat' dir='ltr'><strong>scalas</strong></span> 
     </span>
    </p>
   </div>
   <div class='ocr_carea' id='block_1_28' title="bbox 319 2808 1906 2882">
    <p class='ocr_par' dir='ltr' id='par_1_28' title="bbox 319 2808 1906 2882">
     <span class='ocr_line' id='line_1_28' title="bbox 319 2808 1906 2882; baseline -0.006 -11"><span class='ocrx_word' id='word_1_206' title='bbox 319 2830 353 2871; x_wconf 72' lang='grc' dir='ltr'><strong>ει</strong></span> <span class='ocrx_word' id='word_1_207' title='bbox 377 2824 518 2871; x_wconf 84' lang='lat' dir='ltr'><strong>terra</strong></span> <span class='ocrx_word' id='word_1_208' title='bbox 545 2816 599 2869; x_wconf 88' lang='lat' dir='ltr'><strong>in</strong></span> <span class='ocrx_word' id='word_1_209' title='bbox 628 2814 819 2870; x_wconf 72' lang='lat' dir='ltr'><strong>coelum</strong></span> <span class='ocrx_word' id='word_1_210' title='bbox 850 2820 1125 2882; x_wconf 80' lang='lat' dir='ltr'><strong>surgentes</strong></span> <span class='ocrx_word' id='word_1_211' title='bbox 1150 2819 1204 2867; x_wconf 86' lang='lat' dir='ltr'><strong>et</strong></span> <span class='ocrx_word' id='word_1_212' title='bbox 1233 2810 1477 2865; x_wconf 87' lang='lat' dir='ltr'><strong>homines</strong></span> <span class='ocrx_word' id='word_1_213' title='bbox 1507 2809 1583 2881; x_wconf 78' lang='grc' dir='ltr'><strong>(α)</strong></span> <span class='ocrx_word' id='word_1_214' title='bbox 1613 2808 1906 2863; x_wconf 87' lang='lat' dir='ltr'><strong>ascenden-</strong></span> 
     </span>
    </p>
   </div>
   <div class='ocr_carea' id='block_1_29' title="bbox 319 2901 1902 2972">
    <p class='ocr_par' dir='ltr' id='par_1_29' title="bbox 319 2901 1902 2972">
     <span class='ocr_line' id='line_1_29' title="bbox 319 2901 1902 2972; baseline -0.006 -9"><span class='ocrx_word' id='word_1_215' title='bbox 319 2917 406 2963; x_wconf 85' lang='lat' dir='ltr'><strong>tes</strong></span> <span class='ocrx_word' id='word_1_216' title='bbox 431 2919 486 2962; x_wconf 92' lang='lat' dir='ltr'><strong>et</strong></span> <span class='ocrx_word' id='word_1_217' title='bbox 505 2905 911 2972; x_wconf 81' lang='lat' dir='ltr'><strong>descendentes,</strong></span> <span class='ocrx_word' id='word_1_218' title='bbox 936 2904 1272 2959; x_wconf 86' lang='lat' dir='ltr'><strong>incumbente</strong></span> <span class='ocrx_word' id='word_1_219' title='bbox 1291 2916 1451 2972; x_wconf 88' lang='lat' dir='ltr'><strong>super</strong></span> <span class='ocrx_word' id='word_1_220' title='bbox 1467 2903 1637 2957; x_wconf 86' lang='lat' dir='ltr'><strong>scalas</strong></span> <span class='ocrx_word' id='word_1_221' title='bbox 1655 2901 1902 2967; x_wconf 89' lang='lat' dir='ltr'><strong>Domino,</strong></span> 
     </span>
    </p>
   </div>
   <div class='ocr_carea' id='block_1_30' title="bbox 321 2993 1906 3069">
    <p class='ocr_par' dir='ltr' id='par_1_30' title="bbox 321 2993 1906 3069">
     <span class='ocr_line' id='line_1_30' title="bbox 321 2993 1906 3069; baseline -0.006 -13"><span class='ocrx_word' id='word_1_222' title='bbox 321 3000 592 3056; x_wconf 79' lang='lat' dir='ltr'><strong>intellexit</strong></span> <span class='ocrx_word' id='word_1_223' title='bbox 620 2999 742 3069; x_wconf 89' lang='lat' dir='ltr'><strong>quid</strong></span> <span class='ocrx_word' id='word_1_224' title='bbox 770 2997 1017 3052; x_wconf 89' lang='lat' dir='ltr'><strong>debuerit</strong></span> <span class='ocrx_word' id='word_1_225' title='bbox 1042 2998 1287 3066; x_wconf 85' lang='lat' dir='ltr'><strong>ﬁgurare,</strong></span> <span class='ocrx_word' id='word_1_226' title='bbox 1313 2993 1452 3049; x_wconf 90' lang='lat' dir='ltr'><strong>unde</strong></span> <span class='ocrx_word' id='word_1_227' title='bbox 1480 2994 1633 3048; x_wconf 90' lang='lat' dir='ltr'><strong>nobis</strong></span> <span class='ocrx_word' id='word_1_228' title='bbox 1658 2993 1906 3064; x_wconf 82' lang='lat' dir='ltr'><strong>probaret</strong></span> 
     </span>
    </p>
   </div>
   <div class='ocr_carea' id='block_1_31' title="bbox 322 3084 1900 3144">
    <p class='ocr_par' dir='ltr' id='par_1_31' title="bbox 322 3084 1900 3144">
     <span class='ocr_line' id='line_1_31' title="bbox 322 3084 1900 3144; baseline -0.004 0"><span class='ocrx_word' id='word_1_229' title='bbox 322 3091 398 3144; x_wconf 87' lang='lat' dir='ltr'><strong>ab</strong></span> <span class='ocrx_word' id='word_1_230' title='bbox 427 3090 571 3144; x_wconf 84' lang='lat' dir='ltr'><strong>illius</strong></span> <span class='ocrx_word' id='word_1_231' title='bbox 600 3089 815 3143; x_wconf 73' lang='lat' dir='ltr'><strong>visionis</strong></span> <span class='ocrx_word' id='word_1_232' title='bbox 841 3098 894 3141; x_wconf 89' lang='lat' dir='ltr'><strong>et</strong></span> <span class='ocrx_word' id='word_1_233' title='bbox 927 3087 1265 3143; x_wconf 87' lang='lat' dir='ltr'><strong>revelationis</strong></span> <span class='ocrx_word' id='word_1_234' title='bbox 1292 3084 1564 3139; x_wconf 88' lang='lat' dir='ltr'><strong>intellectu</strong></span> <span class='ocrx_word' id='word_1_235' title='bbox 1590 3100 1647 3139; x_wconf 85' lang='lat' dir='ltr'><strong>se</strong></span> <span class='ocrx_word' id='word_1_236' title='bbox 1672 3085 1900 3138; x_wconf 88' lang='lat' dir='ltr'><strong>alienum</strong></span> 
     </span>
    </p>
   </div>
   <div class='ocr_carea' id='block_1_32' title="bbox 319 3174 1899 3249">
    <p class='ocr_par' dir='ltr' id='par_1_32' title="bbox 319 3174 1899 3249">
     <span class='ocr_line' id='line_1_32' title="bbox 319 3174 1899 3249; baseline -0.003 -15"><span class='ocrx_word' id='word_1_237' title='bbox 319 3195 431 3234; x_wconf 89' lang='lat' dir='ltr'><strong>non</strong></span> <span class='ocrx_word' id='word_1_238' title='bbox 458 3179 640 3243; x_wconf 82' lang='lat' dir='ltr'><strong>fuisse,</strong></span> <span class='ocrx_word' id='word_1_239' title='bbox 665 3179 886 3249; x_wconf 88' lang='lat' dir='ltr'><strong>lapidem</strong></span> <span class='ocrx_word' id='word_1_240' title='bbox 909 3192 1005 3249; x_wconf 91' lang='lat' dir='ltr'><strong>pro</strong></span> <span class='ocrx_word' id='word_1_241' title='bbox 1021 3177 1232 3232; x_wconf 82' lang='lat' dir='ltr'><strong>Christo</strong></span> <span class='ocrx_word' id='word_1_242' title='bbox 1249 3176 1487 3245; x_wconf 85' lang='lat' dir='ltr'><strong>ﬁguravit</strong></span> <span class='ocrx_word' id='word_1_243' title='bbox 1509 3174 1656 3248; x_wconf 80' lang='lat' dir='ltr'><strong>(Cen.</strong></span> <span class='ocrx_word' id='word_1_244' title='bbox 1714 3189 1899 3242; x_wconf 79' lang='lat' dir='ltr'><strong>xxvnt,</strong></span> 
     </span>
    </p>
   </div>
   <div class='ocr_carea' id='block_1_33' title="bbox 322 3265 1903 3341">
    <p class='ocr_par' dir='ltr' id='par_1_33' title="bbox 322 3265 1903 3341">
     <span class='ocr_line' id='line_1_33' title="bbox 322 3265 1903 3341; baseline -0.003 -15"><span class='ocrx_word' id='word_1_245' title='bbox 322 3273 545 3341; x_wconf 74' lang='grc'><strong>11-18).</strong></span> <span class='ocrx_word' id='word_1_246' title='bbox 575 3270 691 3325; x_wconf 79' lang='lat' dir='ltr'><strong>Noli</strong></span> <span class='ocrx_word' id='word_1_247' title='bbox 733 3286 858 3341; x_wconf 86' lang='lat' dir='ltr'><strong>ergo</strong></span> <span class='ocrx_word' id='word_1_248' title='bbox 903 3270 1081 3324; x_wconf 86' lang='lat' dir='ltr'><strong>mirari</strong></span> <span class='ocrx_word' id='word_1_249' title='bbox 1130 3268 1269 3339; x_wconf 88' lang='lat' dir='ltr'><strong>quod</strong></span> <span class='ocrx_word' id='word_1_250' title='bbox 1315 3268 1482 3334; x_wconf 80' lang='lat' dir='ltr'><strong>unxit,</strong></span> <span class='ocrx_word' id='word_1_251' title='bbox 1513 3267 1633 3338; x_wconf 85' lang='lat' dir='ltr'><strong>quia</strong></span> <span class='ocrx_word' id='word_1_252' title='bbox 1663 3265 1903 3322; x_wconf 82' lang='lat' dir='ltr'><strong>Christus</strong></span> 
     </span>
    </p>
   </div>
   <div class='ocr_carea' id='block_1_34' title="bbox 317 3360 1903 3429">
    <p class='ocr_par' dir='ltr' id='par_1_34' title="bbox 317 3360 1903 3429">
     <span class='ocr_line' id='line_1_34' title="bbox 317 3360 1903 3429; baseline -0.003 -12"><span class='ocrx_word' id='word_1_253' title='bbox 317 3364 393 3417; x_wconf 74' lang='lat' dir='ltr'><strong>ab</strong></span> <span class='ocrx_word' id='word_1_254' title='bbox 420 3363 673 3417; x_wconf 83' lang='lat' dir='ltr'><strong>unctione</strong></span> <span class='ocrx_word' id='word_1_255' title='bbox 702 3378 892 3416; x_wconf 73' lang='lat' dir='ltr'><strong>non‘cn</strong></span> <span class='ocrx_word' id='word_1_256' title='bbox 928 3361 1148 3429; x_wconf 83' lang='lat' dir='ltr'><strong>accepit.</strong></span> <span class='ocrx_word' id='word_1_257' title='bbox 1186 3360 1362 3415; x_wconf 79' lang='lat' dir='ltr'><strong>Dictus</strong></span> <span class='ocrx_word' id='word_1_258' title='bbox 1393 3371 1569 3415; x_wconf 90' lang='lat' dir='ltr'><strong>autem</strong></span> <span class='ocrx_word' id='word_1_259' title='bbox 1600 3374 1713 3413; x_wconf 84' lang='lat' dir='ltr'><strong>erat</strong></span> <span class='ocrx_word' id='word_1_260' title='bbox 1741 3360 1903 3413; x_wconf 73' lang='lat' dir='ltr'><strong>lacob</strong></span> 
     </span>
    </p>
   </div>
   <div class='ocr_carea' id='block_1_35' title="bbox 319 3453 1899 3523">
    <p class='ocr_par' dir='ltr' id='par_1_35' title="bbox 319 3453 1899 3523">
     <span class='ocr_line' id='line_1_35' title="bbox 319 3453 1899 3523; baseline -0.001 -15"><span class='ocrx_word' id='word_1_261' title='bbox 319 3457 426 3509; x_wconf 87' lang='lat' dir='ltr'><strong>iste</strong></span> <span class='ocrx_word' id='word_1_262' title='bbox 458 3455 509 3507; x_wconf 92' lang='lat' dir='ltr'><strong>in</strong></span> <span class='ocrx_word' id='word_1_263' title='bbox 540 3454 807 3523; x_wconf 87' lang='lat' dir='ltr'><strong>Scriptura</strong></span> <span class='ocrx_word' id='word_1_264' title='bbox 847 3453 1006 3507; x_wconf 89' lang='lat' dir='ltr'><strong>homo</strong></span> <span class='ocrx_word' id='word_1_265' title='bbox 1032 3454 1150 3508; x_wconf 87' lang='lat' dir='ltr'><strong>sine</strong></span> <span class='ocrx_word' id='word_1_266' title='bbox 1176 3453 1317 3508; x_wconf 69' lang='lat' dir='ltr'><strong>doto.</strong></span> <span class='ocrx_word' id='word_1_267' title='bbox 1356 3453 1469 3523; x_wconf 76' lang='lat' dir='ltr'><strong>Ipse.</strong></span> <span class='ocrx_word' id='word_1_268' title='bbox 1497 3453 1681 3517; x_wconf 85' lang='lat' dir='ltr'><strong>.laeob,</strong></span> <span class='ocrx_word' id='word_1_269' title='bbox 1714 3453 1899 3518; x_wconf 88' lang='lat' dir='ltr'><strong>nostis,</strong></span> 
     </span>
    </p>
   </div>
   <div class='ocr_carea' id='block_1_36' title="bbox 317 3542 1903 3616">
    <p class='ocr_par' dir='ltr' id='par_1_36' title="bbox 317 3542 1903 3616">
     <span class='ocr_line' id='line_1_36' title="bbox 317 3542 1903 3616; baseline -0.001 -17"><span class='ocrx_word' id='word_1_270' title='bbox 317 3546 621 3616; x_wconf 86' lang='lat' dir='ltr'><strong>appellatus</strong></span> <span class='ocrx_word' id='word_1_271' title='bbox 680 3554 762 3599; x_wconf 91' lang='lat' dir='ltr'><strong>est</strong></span> <span class='ocrx_word' id='word_1_272' title='bbox 815 3544 995 3598; x_wconf 85' lang='lat' dir='ltr'><strong>lsracl.</strong></span> <span class='ocrx_word' id='word_1_273' title='bbox 1045 3543 1169 3598; x_wconf 87' lang='lat' dir='ltr'><strong>Ideo</strong></span> <span class='ocrx_word' id='word_1_274' title='bbox 1212 3542 1467 3597; x_wconf 88' lang='lat' dir='ltr'><strong>Dominus</strong></span> <span class='ocrx_word' id='word_1_275' title='bbox 1517 3544 1568 3597; x_wconf 91' lang='lat' dir='ltr'><strong>in</strong></span> <span class='ocrx_word' id='word_1_276' title='bbox 1620 3542 1903 3611; x_wconf 77' lang='lat' dir='ltr'><strong>Evangelio</strong></span> 
     </span>
    </p>
   </div>
   <div class='ocr_carea' id='block_1_37' title="bbox 316 3629 1900 3708">
    <p class='ocr_par' dir='ltr' id='par_1_37' title="bbox 316 3629 1900 3708">
     <span class='ocr_line' id='line_1_37' title="bbox 316 3629 1900 3708; baseline -0.004 -17"><span class='ocrx_word' id='word_1_277' title='bbox 316 3638 535 3708; x_wconf 85' lang='lat' dir='ltr'><strong>quando</strong></span> <span class='ocrx_word' id='word_1_278' title='bbox 568 3636 697 3691; x_wconf 80' lang='lat' dir='ltr'><strong>vidit</strong></span> <span class='ocrx_word' id='word_1_279' title='bbox 738 3635 1027 3690; x_wconf 82' lang='lat' dir='ltr'><strong>Nathanacl</strong></span> <span class='ocrx_word' id='word_1_280' title='bbox 1056 3652 1069 3688; x_wconf 90' lang='lat'><strong>:</strong></span> <span class='ocrx_word' id='word_1_281' title='bbox 1108 3633 1254 3700; x_wconf 80' lang='lat' dir='ltr'><strong>Ecce,</strong></span> <span class='ocrx_word' id='word_1_282' title='bbox 1282 3634 1470 3703; x_wconf 86' lang='lat' dir='ltr'><strong>inquit,</strong></span> <span class='ocrx_word' id='word_1_283' title='bbox 1501 3649 1612 3687; x_wconf 79' lang='lat' dir='ltr'><strong>vero</strong></span> <span class='ocrx_word' id='word_1_284' title='bbox 1644 3629 1900 3696; x_wconf 78' lang='lat' dir='ltr'><strong>Israelita,</strong></span> 
     </span>
    </p>
   </div>
   <div class='ocr_carea' id='block_1_38' title="bbox 317 3722 1903 3801">
    <p class='ocr_par' dir='ltr' id='par_1_38' title="bbox 317 3722 1903 3801">
     <span class='ocr_line' id='line_1_38' title="bbox 317 3722 1903 3801; baseline -0.005 -15"><span class='ocrx_word' id='word_1_285' title='bbox 317 3734 378 3787; x_wconf 84' lang='lat' dir='ltr'><strong>in</strong></span> <span class='ocrx_word' id='word_1_286' title='bbox 415 3747 514 3801; x_wconf 81' lang='lat' dir='ltr'><strong>quo</strong></span> <span class='ocrx_word' id='word_1_287' title='bbox 557 3730 703 3784; x_wconf 79' lang='lat' dir='ltr'><strong>dolus</strong></span> <span class='ocrx_word' id='word_1_288' title='bbox 742 3745 842 3782; x_wconf 87' lang='lat' dir='ltr'><strong>non</strong></span> <span class='ocrx_word' id='word_1_289' title='bbox 875 3739 965 3783; x_wconf 82' lang='lat' dir='ltr'><strong>est.</strong></span> <span class='ocrx_word' id='word_1_290' title='bbox 997 3727 1061 3782; x_wconf 84' lang='lat' dir='ltr'><strong>Et</strong></span> <span class='ocrx_word' id='word_1_291' title='bbox 1088 3727 1175 3781; x_wconf 90' lang='lat' dir='ltr'><strong>ille</strong></span> <span class='ocrx_word' id='word_1_292' title='bbox 1205 3726 1439 3781; x_wconf 87' lang='lat' dir='ltr'><strong>Israelita</strong></span> <span class='ocrx_word' id='word_1_293' title='bbox 1464 3724 1706 3780; x_wconf 85' lang='lat' dir='ltr'><strong>nesciens</strong></span> <span class='ocrx_word' id='word_1_294' title='bbox 1730 3722 1903 3778; x_wconf 89' lang='lat' dir='ltr'><strong>adhuc</strong></span> 
     </span>
    </p>
   </div>
   <div class='ocr_carea' id='block_1_39' title="bbox 319 3816 1902 3892">
    <p class='ocr_par' dir='ltr' id='par_1_39' title="bbox 319 3816 1902 3892">
     <span class='ocr_line' id='line_1_39' title="bbox 319 3816 1902 3892; baseline -0.003 -18"><span class='ocrx_word' id='word_1_295' title='bbox 319 3823 417 3892; x_wconf 86' lang='lat' dir='ltr'><strong>qui</strong></span> <span class='ocrx_word' id='word_1_296' title='bbox 447 3837 567 3876; x_wconf 86' lang='lat' dir='ltr'><strong>cum</strong></span> <span class='ocrx_word' id='word_1_297' title='bbox 608 3821 698 3875; x_wconf 91' lang='lat' dir='ltr'><strong>illo</strong></span> <span class='ocrx_word' id='word_1_298' title='bbox 733 3820 1058 3891; x_wconf 81' lang='lat' dir='ltr'><strong>loqueretur,</strong></span> <span class='ocrx_word' id='word_1_299' title='bbox 1087 3818 1361 3888; x_wconf 89' lang='lat' dir='ltr'><strong>respondit</strong></span> <span class='ocrx_word' id='word_1_300' title='bbox 1386 3816 1570 3872; x_wconf 89' lang='lat' dir='ltr'><strong>:Undc</strong></span> <span class='ocrx_word' id='word_1_301' title='bbox 1612 3830 1695 3870; x_wconf 84' lang='lat' dir='ltr'><strong>me.</strong></span> <span class='ocrx_word' id='word_1_302' title='bbox 1732 3816 1902 3871; x_wconf 81' lang='lat' dir='ltr'><strong>nosti?</strong></span> 
     </span>
    </p>
   </div>
   <div class='ocr_carea' id='block_1_40' title="bbox 320 3905 1900 3973">
    <p class='ocr_par' dir='ltr' id='par_1_40' title="bbox 320 3905 1900 3973">
     <span class='ocr_line' id='line_1_40' title="bbox 320 3905 1900 3973; baseline -0.004 -6"><span class='ocrx_word' id='word_1_303' title='bbox 320 3913 395 3968; x_wconf 81' lang='lat' dir='ltr'><strong>Et</strong></span> <span class='ocrx_word' id='word_1_304' title='bbox 420 3913 676 3967; x_wconf 86' lang='lat' dir='ltr'><strong>Dominus</strong></span> <span class='ocrx_word' id='word_1_305' title='bbox 715 3911 781 3965; x_wconf 91' lang='lat' dir='ltr'><strong>ad</strong></span> <span class='ocrx_word' id='word_1_306' title='bbox 820 3926 963 3973; x_wconf 89' lang='lat' dir='ltr'><strong>eum,</strong></span> <span class='ocrx_word' id='word_1_307' title='bbox 993 3909 1125 3965; x_wconf 89' lang='lat' dir='ltr'><strong>Cum</strong></span> <span class='ocrx_word' id='word_1_308' title='bbox 1153 3924 1302 3963; x_wconf 88' lang='lat' dir='ltr'><strong>esses</strong></span> <span class='ocrx_word' id='word_1_309' title='bbox 1326 3908 1426 3962; x_wconf 89' lang='lat' dir='ltr'><strong>sub</strong></span> <span class='ocrx_word' id='word_1_310' title='bbox 1444 3908 1634 3962; x_wconf 86' lang='lat' dir='ltr'><strong>arbore</strong></span> <span class='ocrx_word' id='word_1_311' title='bbox 1664 3905 1764 3971; x_wconf 91' lang='lat' dir='ltr'><strong>ﬁci,</strong></span> <span class='ocrx_word' id='word_1_312' title='bbox 1796 3906 1900 3961; x_wconf 84' lang='lat' dir='ltr'><strong>vidi</strong></span> 
     </span>
    </p>
   </div>
   <div class='ocr_carea' id='block_1_41' title="bbox 319 3998 1896 4074">
    <p class='ocr_par' dir='ltr' id='par_1_41' title="bbox 319 3998 1896 4074">
     <span class='ocr_line' id='line_1_41' title="bbox 319 3998 1896 4074; baseline -0.006 -14"><span class='ocrx_word' id='word_1_313' title='bbox 319 4016 380 4060; x_wconf 78' lang='lat' dir='ltr'><strong>te</strong></span> <span class='ocrx_word' id='word_1_314' title='bbox 406 4024 422 4059; x_wconf 87' lang='lat'><strong>:</strong></span> <span class='ocrx_word' id='word_1_315' title='bbox 446 4013 695 4074; x_wconf 82' lang='lat' dir='ltr'><strong>tanquam</strong></span> <span class='ocrx_word' id='word_1_316' title='bbox 723 4003 944 4067; x_wconf 81' lang='lat' dir='ltr'><strong>diceret,</strong></span> <span class='ocrx_word' id='word_1_317' title='bbox 973 4000 1104 4056; x_wconf 87' lang='lat' dir='ltr'><strong>Cum</strong></span> <span class='ocrx_word' id='word_1_318' title='bbox 1144 4016 1291 4056; x_wconf 80' lang='lat' dir='ltr'><strong>esses</strong></span> <span class='ocrx_word' id='word_1_319' title='bbox 1332 4002 1384 4054; x_wconf 93' lang='lat' dir='ltr'><strong>in</strong></span> <span class='ocrx_word' id='word_1_320' title='bbox 1430 4000 1613 4054; x_wconf 85' lang='lat' dir='ltr'><strong>tunbra</strong></span> <span class='ocrx_word' id='word_1_321' title='bbox 1665 3998 1896 4067; x_wconf 85' lang='lat' dir='ltr'><strong>peccati;</strong></span> 
     </span>
    </p>
   </div>
   <div class='ocr_carea' id='block_1_42' title="bbox 321 4089 1901 4167">
    <p class='ocr_par' dir='ltr' id='par_1_42' title="bbox 321 4089 1901 4167">
     <span class='ocr_line' id='line_1_42' title="bbox 321 4089 1901 4167; baseline -0.004 -16"><span class='ocrx_word' id='word_1_322' title='bbox 321 4096 695 4167; x_wconf 73' lang='lat' dir='ltr'><strong>przedcstinavi</strong></span> <span class='ocrx_word' id='word_1_323' title='bbox 721 4106 794 4149; x_wconf 91' lang='lat' dir='ltr'><strong>te.</strong></span> <span class='ocrx_word' id='word_1_324' title='bbox 824 4094 890 4149; x_wconf 83' lang='lat' dir='ltr'><strong>Et</strong></span> <span class='ocrx_word' id='word_1_325' title='bbox 911 4095 1018 4161; x_wconf 89' lang='lat' dir='ltr'><strong>ille,</strong></span> <span class='ocrx_word' id='word_1_326' title='bbox 1048 4092 1168 4165; x_wconf 88' lang='lat' dir='ltr'><strong>quia</strong></span> <span class='ocrx_word' id='word_1_327' title='bbox 1191 4093 1504 4147; x_wconf 86' lang='lat' dir='ltr'><strong>meminerat</strong></span> <span class='ocrx_word' id='word_1_328' title='bbox 1532 4106 1590 4145; x_wconf 86' lang='lat' dir='ltr'><strong>se</strong></span> <span class='ocrx_word' id='word_1_329' title='bbox 1616 4089 1777 4144; x_wconf 79' lang='lat' dir='ltr'><strong>fuisse</strong></span> <span class='ocrx_word' id='word_1_330' title='bbox 1802 4089 1901 4144; x_wconf 88' lang='lat' dir='ltr'><strong>sub</strong></span> 
     </span>
    </p>
   </div>
   <div class='ocr_carea' id='block_1_43' title="bbox 318 4178 1899 4251">
    <p class='ocr_par' dir='ltr' id='par_1_43' title="bbox 318 4178 1899 4251">
     <span class='ocr_line' id='line_1_43' title="bbox 318 4178 1899 4251; baseline -0.005 -11"><span class='ocrx_word' id='word_1_331' title='bbox 318 4188 521 4241; x_wconf 80' lang='lat' dir='ltr'><strong>arbore</strong></span> <span class='ocrx_word' id='word_1_332' title='bbox 546 4186 649 4250; x_wconf 88' lang='lat' dir='ltr'><strong>ﬁci,</strong></span> <span class='ocrx_word' id='word_1_333' title='bbox 677 4186 763 4239; x_wconf 91' lang='lat' dir='ltr'><strong>ubi</strong></span> <span class='ocrx_word' id='word_1_334' title='bbox 797 4184 1049 4239; x_wconf 87' lang='lat' dir='ltr'><strong>Dominus</strong></span> <span class='ocrx_word' id='word_1_335' title='bbox 1079 4198 1183 4238; x_wconf 88' lang='lat' dir='ltr'><strong>non</strong></span> <span class='ocrx_word' id='word_1_336' title='bbox 1211 4189 1344 4243; x_wconf 86' lang='lat' dir='ltr'><strong>erat,</strong></span> <span class='ocrx_word' id='word_1_337' title='bbox 1374 4180 1584 4251; x_wconf 75' lang='lat' dir='ltr'><strong>agnovit</strong></span> <span class='ocrx_word' id='word_1_338' title='bbox 1611 4181 1662 4233; x_wconf 92' lang='lat' dir='ltr'><strong>in</strong></span> <span class='ocrx_word' id='word_1_339' title='bbox 1694 4178 1785 4233; x_wconf 89' lang='lat' dir='ltr'><strong>illo</strong></span> <span class='ocrx_word' id='word_1_340' title='bbox 1816 4178 1899 4232; x_wconf 88' lang='lat' dir='ltr'><strong>di-</strong></span> 
     </span>
    </p>
   </div>
   <div class='ocr_carea' id='block_1_44' title="bbox 318 4268 1899 4343">
    <p class='ocr_par' dir='ltr' id='par_1_44' title="bbox 318 4268 1899 4343">
     <span class='ocr_line' id='line_1_44' title="bbox 318 4268 1899 4343; baseline -0.004 -14"><span class='ocrx_word' id='word_1_341' title='bbox 318 4275 622 4341; x_wconf 80' lang='lat' dir='ltr'><strong>vinitatem,</strong></span> <span class='ocrx_word' id='word_1_342' title='bbox 654 4284 706 4329; x_wconf 94' lang='lat' dir='ltr'><strong>et</strong></span> <span class='ocrx_word' id='word_1_343' title='bbox 732 4272 1040 4343; x_wconf 88' lang='lat' dir='ltr'><strong>respondit:</strong></span> <span class='ocrx_word' id='word_1_344' title='bbox 1063 4272 1142 4325; x_wconf 82' lang='lat' dir='ltr'><strong>Tu</strong></span> <span class='ocrx_word' id='word_1_345' title='bbox 1182 4286 1242 4326; x_wconf 88' lang='lat' dir='ltr'><strong>es</strong></span> <span class='ocrx_word' id='word_1_346' title='bbox 1277 4270 1441 4324; x_wconf 84' lang='lat' dir='ltr'><strong>Filius</strong></span> <span class='ocrx_word' id='word_1_347' title='bbox 1468 4268 1580 4336; x_wconf 89' lang='lat' dir='ltr'><strong>Dei,</strong></span> <span class='ocrx_word' id='word_1_348' title='bbox 1609 4277 1662 4321; x_wconf 92' lang='lat' dir='ltr'><strong>tu</strong></span> <span class='ocrx_word' id='word_1_349' title='bbox 1703 4283 1764 4322; x_wconf 87' lang='lat' dir='ltr'><strong>es</strong></span> <span class='ocrx_word' id='word_1_350' title='bbox 1804 4282 1899 4323; x_wconf 78' lang='lat' dir='ltr'><strong>rex</strong></span> 
     </span>
    </p>
   </div>
   <div class='ocr_carea' id='block_1_45' title="bbox 321 4358 1898 4421">
    <p class='ocr_par' dir='ltr' id='par_1_45' title="bbox 321 4358 1898 4421">
     <span class='ocr_line' id='line_1_45' title="bbox 321 4358 1898 4421; baseline -0.006 0"><span class='ocrx_word' id='word_1_351' title='bbox 321 4366 510 4421; x_wconf 81' lang='lat' dir='ltr'><strong>Israel.</strong></span> <span class='ocrx_word' id='word_1_352' title='bbox 540 4365 631 4419; x_wconf 90' lang='lat' dir='ltr'><strong>llle</strong></span> <span class='ocrx_word' id='word_1_353' title='bbox 654 4364 753 4419; x_wconf 85' lang='lat' dir='ltr'><strong>sub</strong></span> <span class='ocrx_word' id='word_1_354' title='bbox 776 4366 964 4418; x_wconf 83' lang='lat' dir='ltr'><strong>arbore</strong></span> <span class='ocrx_word' id='word_1_355' title='bbox 995 4365 1077 4417; x_wconf 87' lang='lat' dir='ltr'><strong>ﬁci</strong></span> <span class='ocrx_word' id='word_1_356' title='bbox 1109 4377 1212 4416; x_wconf 91' lang='lat' dir='ltr'><strong>non</strong></span> <span class='ocrx_word' id='word_1_357' title='bbox 1242 4361 1412 4415; x_wconf 78' lang='lat' dir='ltr'><strong>lactus</strong></span> <span class='ocrx_word' id='word_1_358' title='bbox 1440 4366 1523 4414; x_wconf 88' lang='lat' dir='ltr'><strong>est</strong></span> <span class='ocrx_word' id='word_1_359' title='bbox 1550 4358 1694 4412; x_wconf 84' lang='lat' dir='ltr'><strong>arida</strong></span> <span class='ocrx_word' id='word_1_360' title='bbox 1725 4358 1898 4412; x_wconf 86' lang='lat' dir='ltr'><strong>ﬁcus:</strong></span> 
     </span>
    </p>
   </div>
   <div class='ocr_carea' id='block_1_46' title="bbox 321 4448 1896 4528">
    <p class='ocr_par' dir='ltr' id='par_1_46' title="bbox 321 4448 1896 4528">
     <span class='ocr_line' id='line_1_46' title="bbox 321 4448 1896 4528; baseline -0.003 -21"><span class='ocrx_word' id='word_1_361' title='bbox 321 4457 543 4528; x_wconf 73' lang='lat' dir='ltr'><strong>agnovit</strong></span> <span class='ocrx_word' id='word_1_362' title='bbox 577 4454 866 4512; x_wconf 64' lang='lat' dir='ltr'><strong>Christum.</strong></span> <span class='ocrx_word' id='word_1_363' title='bbox 899 4455 964 4510; x_wconf 86' lang='lat' dir='ltr'><strong>Et</strong></span> <span class='ocrx_word' id='word_1_364' title='bbox 1008 4454 1260 4507; x_wconf 83' lang='lat' dir='ltr'><strong>Dominus</strong></span> <span class='ocrx_word' id='word_1_365' title='bbox 1301 4450 1365 4505; x_wconf 89' lang='lat' dir='ltr'><strong>ad</strong></span> <span class='ocrx_word' id='word_1_366' title='bbox 1398 4451 1543 4505; x_wconf 91' lang='lat' dir='ltr'><strong>illum</strong></span> <span class='ocrx_word' id='word_1_367' title='bbox 1570 4467 1583 4504; x_wconf 91' lang='lat'><strong>:</strong></span> <span class='ocrx_word' id='word_1_368' title='bbox 1610 4449 1744 4517; x_wconf 82' lang='lat' dir='ltr'><strong>Quia</strong></span> <span class='ocrx_word' id='word_1_369' title='bbox 1769 4448 1896 4514; x_wconf 71' lang='lat' dir='ltr'><strong>dixi,</strong></span> 
     </span>
    </p>
   </div>
   <div class='ocr_carea' id='block_1_47' title="bbox 321 4540 1900 4615">
    <p class='ocr_par' dir='ltr' id='par_1_47' title="bbox 321 4540 1900 4615">
     <span class='ocr_line' id='line_1_47' title="bbox 321 4540 1900 4615; baseline -0.008 -11"><span class='ocrx_word' id='word_1_370' title='bbox 321 4546 455 4605; x_wconf 78' lang='lat' dir='ltr'><strong>Cum</strong></span> <span class='ocrx_word' id='word_1_371' title='bbox 480 4563 610 4601; x_wconf 76' lang='lat' dir='ltr'><strong>esses</strong></span> <span class='ocrx_word' id='word_1_372' title='bbox 632 4548 722 4601; x_wconf 79' lang='lat' dir='ltr'><strong>sub</strong></span> <span class='ocrx_word' id='word_1_373' title='bbox 745 4546 923 4600; x_wconf 82' lang='lat' dir='ltr'><strong>arbore</strong></span> <span class='ocrx_word' id='word_1_374' title='bbox 940 4545 1053 4615; x_wconf 60' lang='lat' dir='ltr'><strong>fici,</strong></span> <span class='ocrx_word' id='word_1_375' title='bbox 1082 4543 1185 4598; x_wconf 78' lang='lat' dir='ltr'><strong>uidi</strong></span> <span class='ocrx_word' id='word_1_376' title='bbox 1222 4552 1294 4605; x_wconf 88' lang='lat' dir='ltr'><strong>te,</strong></span> <span class='ocrx_word' id='word_1_377' title='bbox 1333 4542 1443 4595; x_wconf 86' lang='lat' dir='ltr'><strong>ideo</strong></span> <span class='ocrx_word' id='word_1_378' title='bbox 1476 4540 1672 4607; x_wconf 85' lang='lat' dir='ltr'><strong>credis;</strong></span> <span class='ocrx_word' id='word_1_379' title='bbox 1701 4541 1900 4610; x_wconf 84' lang='lat' dir='ltr'><strong>majora</strong></span> 
     </span>
    </p>
   </div>
   <div class='ocr_carea' id='block_1_48' title="bbox 321 4630 1897 4704">
    <p class='ocr_par' dir='ltr' id='par_1_48' title="bbox 321 4630 1897 4704">
     <span class='ocr_line' id='line_1_48' title="bbox 321 4630 1897 4704; baseline -0.007 -10"><span class='ocrx_word' id='word_1_380' title='bbox 321 4640 508 4694; x_wconf 76' lang='lat' dir='ltr'><strong>horum</strong></span> <span class='ocrx_word' id='word_1_381' title='bbox 535 4637 741 4691; x_wconf 67' lang='lat' dir='ltr'><strong>videbis.</strong></span> <span class='ocrx_word' id='word_1_382' title='bbox 770 4636 899 4704; x_wconf 75' lang='lat' dir='ltr'><strong>Qua:</strong></span> <span class='ocrx_word' id='word_1_383' title='bbox 927 4644 1053 4690; x_wconf 83' lang='lat' dir='ltr'><strong>sunt</strong></span> <span class='ocrx_word' id='word_1_384' title='bbox 1082 4636 1179 4688; x_wconf 89' lang='lat' dir='ltr'><strong>ista</strong></span> <span class='ocrx_word' id='word_1_385' title='bbox 1208 4632 1443 4700; x_wconf 83' lang='lat' dir='ltr'><strong>majora?</strong></span> <span class='ocrx_word' id='word_1_386' title='bbox 1469 4632 1627 4685; x_wconf 77' lang='lat' dir='ltr'><strong>Amen</strong></span> <span class='ocrx_word' id='word_1_387' title='bbox 1664 4630 1776 4685; x_wconf 80' lang='lat' dir='ltr'><strong>dico</strong></span> <span class='ocrx_word' id='word_1_388' title='bbox 1807 4645 1897 4683; x_wconf 76' lang='lat' dir='ltr'><strong>vo-</strong></span> 
     </span>
    </p>
   </div>
   <div class='ocr_carea' id='block_1_49' title="bbox 322 4722 1899 4799">
    <p class='ocr_par' dir='ltr' id='par_1_49' title="bbox 322 4722 1899 4799">
     <span class='ocr_line' id='line_1_49' title="bbox 322 4722 1899 4799; baseline -0.004 -15"><span class='ocrx_word' id='word_1_389' title='bbox 322 4730 399 4784; x_wconf 75' lang='lat' dir='ltr'><strong>bis</strong></span> <span class='ocrx_word' id='word_1_390' title='bbox 428 4728 583 4799; x_wconf 85' lang='lat' dir='ltr'><strong>(Quia</strong></span> <span class='ocrx_word' id='word_1_391' title='bbox 620 4726 854 4782; x_wconf 86' lang='lat' dir='ltr'><strong>Israelita</strong></span> <span class='ocrx_word' id='word_1_392' title='bbox 894 4727 999 4791; x_wconf 88' lang='lat' dir='ltr'><strong>ille,</strong></span> <span class='ocrx_word' id='word_1_393' title='bbox 1028 4726 1079 4779; x_wconf 90' lang='lat' dir='ltr'><strong>in</strong></span> <span class='ocrx_word' id='word_1_394' title='bbox 1109 4739 1216 4796; x_wconf 90' lang='lat' dir='ltr'><strong>quo</strong></span> <span class='ocrx_word' id='word_1_395' title='bbox 1240 4724 1394 4779; x_wconf 90' lang='lat' dir='ltr'><strong>dolus</strong></span> <span class='ocrx_word' id='word_1_396' title='bbox 1421 4737 1524 4777; x_wconf 91' lang='lat' dir='ltr'><strong>non</strong></span> <span class='ocrx_word' id='word_1_397' title='bbox 1552 4730 1664 4784; x_wconf 85' lang='lat' dir='ltr'><strong>est;</strong></span> <span class='ocrx_word' id='word_1_398' title='bbox 1692 4722 1899 4791; x_wconf 77' lang='lat' dir='ltr'><strong>respice</strong></span> 
     </span>
    </p>
   </div>
   <div class='ocr_carea' id='block_1_50' title="bbox 317 4813 1899 4889">
    <p class='ocr_par' dir='ltr' id='par_1_50' title="bbox 317 4813 1899 4889">
     <span class='ocr_line' id='line_1_50' title="bbox 317 4813 1899 4889; baseline -0.004 -16"><span class='ocrx_word' id='word_1_399' title='bbox 317 4819 390 4875; x_wconf 86' lang='lat' dir='ltr'><strong>ad</strong></span> <span class='ocrx_word' id='word_1_400' title='bbox 416 4818 580 4875; x_wconf 66' lang='lat' dir='ltr'><strong>Iacob</strong></span> <span class='ocrx_word' id='word_1_401' title='bbox 601 4819 775 4889; x_wconf 89' lang='lat' dir='ltr'><strong>inquo</strong></span> <span class='ocrx_word' id='word_1_402' title='bbox 805 4818 959 4872; x_wconf 89' lang='lat' dir='ltr'><strong>dolus</strong></span> <span class='ocrx_word' id='word_1_403' title='bbox 982 4832 1087 4871; x_wconf 89' lang='lat' dir='ltr'><strong>non</strong></span> <span class='ocrx_word' id='word_1_404' title='bbox 1113 4825 1230 4881; x_wconf 88' lang='lat' dir='ltr'><strong>est;</strong></span> <span class='ocrx_word' id='word_1_405' title='bbox 1259 4825 1312 4870; x_wconf 90' lang='lat' dir='ltr'><strong>et</strong></span> <span class='ocrx_word' id='word_1_406' title='bbox 1338 4814 1533 4879; x_wconf 88' lang='lat' dir='ltr'><strong>recole,</strong></span> <span class='ocrx_word' id='word_1_407' title='bbox 1564 4813 1703 4868; x_wconf 89' lang='lat' dir='ltr'><strong>unde</strong></span> <span class='ocrx_word' id='word_1_408' title='bbox 1727 4813 1899 4883; x_wconf 81' lang='lat' dir='ltr'><strong>loqui-</strong></span> 
     </span>
    </p>
   </div>
   <div class='ocr_carea' id='block_1_51' title="bbox 318 4904 1897 4981">
    <p class='ocr_par' dir='ltr' id='par_1_51' title="bbox 318 4904 1897 4981">
     <span class='ocr_line' id='line_1_51' title="bbox 318 4904 1897 4981; baseline -0.006 -14"><span class='ocrx_word' id='word_1_409' title='bbox 318 4923 428 4977; x_wconf 88' lang='lat' dir='ltr'><strong>tur,</strong></span> <span class='ocrx_word' id='word_1_410' title='bbox 465 4911 688 4981; x_wconf 82' lang='lat' dir='ltr'><strong>lapidem</strong></span> <span class='ocrx_word' id='word_1_411' title='bbox 729 4910 794 4964; x_wconf 89' lang='lat' dir='ltr'><strong>ad</strong></span> <span class='ocrx_word' id='word_1_412' title='bbox 841 4917 1019 4978; x_wconf 92' lang='lat' dir='ltr'><strong>caput,</strong></span> <span class='ocrx_word' id='word_1_413' title='bbox 1052 4908 1310 4962; x_wconf 89' lang='lat' dir='ltr'><strong>visionem</strong></span> <span class='ocrx_word' id='word_1_414' title='bbox 1348 4904 1403 4961; x_wconf 90' lang='lat' dir='ltr'><strong>in</strong></span> <span class='ocrx_word' id='word_1_415' title='bbox 1438 4919 1646 4970; x_wconf 91' lang='lat' dir='ltr'><strong>somno,</strong></span> <span class='ocrx_word' id='word_1_416' title='bbox 1674 4904 1843 4958; x_wconf 89' lang='lat' dir='ltr'><strong>scalas</strong></span> <span class='ocrx_word' id='word_1_417' title='bbox 1866 4918 1897 4958; x_wconf 86' lang='lat' dir='ltr'><strong>a</strong></span> 
     </span>
    </p>
   </div>
   <div class='ocr_carea' id='block_1_52' title="bbox 320 4991 1899 5063">
    <p class='ocr_par' dir='ltr' id='par_1_52' title="bbox 320 4991 1899 5063">
     <span class='ocr_line' id='line_1_52' title="bbox 320 4991 1899 5063; baseline -0.005 -7"><span class='ocrx_word' id='word_1_418' title='bbox 320 5012 469 5058; x_wconf 85' lang='lat' dir='ltr'><strong>terra</strong></span> <span class='ocrx_word' id='word_1_419' title='bbox 489 5001 541 5055; x_wconf 91' lang='lat' dir='ltr'><strong>in</strong></span> <span class='ocrx_word' id='word_1_420' title='bbox 568 5000 782 5063; x_wconf 70' lang='lat' dir='ltr'><strong>omium,</strong></span> <span class='ocrx_word' id='word_1_421' title='bbox 809 4996 1197 5054; x_wconf 82' lang='lat' dir='ltr'><strong>descendentes</strong></span> <span class='ocrx_word' id='word_1_422' title='bbox 1218 5006 1273 5051; x_wconf 92' lang='lat' dir='ltr'><strong>et</strong></span> <span class='ocrx_word' id='word_1_423' title='bbox 1296 4993 1674 5058; x_wconf 83' lang='lat' dir='ltr'><strong>ascendentes;</strong></span> <span class='ocrx_word' id='word_1_424' title='bbox 1697 5002 1751 5047; x_wconf 89' lang='lat' dir='ltr'><strong>et</strong></span> <span class='ocrx_word' id='word_1_425' title='bbox 1777 4991 1899 5048; x_wconf 82' lang='lat' dir='ltr'><strong>vide</strong></span> 
     </span>
    </p>
   </div>
   <div class='ocr_carea' id='block_1_53' title="bbox 318 5085 1898 5164">
    <p class='ocr_par' dir='ltr' id='par_1_53' title="bbox 318 5085 1898 5164">
     <span class='ocr_line' id='line_1_53' title="bbox 318 5085 1898 5164; baseline -0.006 -17"><span class='ocrx_word' id='word_1_426' title='bbox 318 5092 449 5164; x_wconf 84' lang='lat' dir='ltr'><strong>quid</strong></span> <span class='ocrx_word' id='word_1_427' title='bbox 478 5094 732 5147; x_wconf 87' lang='lat' dir='ltr'><strong>Dominus</strong></span> <span class='ocrx_word' id='word_1_428' title='bbox 754 5092 897 5147; x_wconf 85' lang='lat' dir='ltr'><strong>dicat</strong></span> <span class='ocrx_word' id='word_1_429' title='bbox 925 5089 1176 5145; x_wconf 77' lang='lat' dir='ltr'><strong>Israelita:</strong></span> <span class='ocrx_word' id='word_1_430' title='bbox 1214 5089 1329 5144; x_wconf 90' lang='lat' dir='ltr'><strong>sine</strong></span> <span class='ocrx_word' id='word_1_431' title='bbox 1361 5085 1530 5158; x_wconf 86' lang='lat' dir='ltr'><strong>dolo),</strong></span> <span class='ocrx_word' id='word_1_432' title='bbox 1552 5085 1776 5139; x_wconf 75' lang='lat' dir='ltr'><strong>videbitis</strong></span> <span class='ocrx_word' id='word_1_433' title='bbox 1795 5099 1898 5138; x_wconf 70' lang='lat' dir='ltr'><strong>cm-</strong></span> 
     </span>
    </p>
   </div>
   <div class='ocr_carea' id='block_1_54' title="bbox 318 5174 1898 5254">
    <p class='ocr_par' dir='ltr' id='par_1_54' title="bbox 318 5174 1898 5254">
     <span class='ocr_line' id='line_1_54' title="bbox 318 5174 1898 5254; baseline -0.006 -16"><span class='ocrx_word' id='word_1_434' title='bbox 318 5184 432 5238; x_wconf 76' lang='lat' dir='ltr'><strong>lsm</strong></span> <span class='ocrx_word' id='word_1_435' title='bbox 458 5193 726 5254; x_wconf 75' lang='lat' dir='ltr'><strong>apertum:</strong></span> <span class='ocrx_word' id='word_1_436' title='bbox 751 5181 907 5249; x_wconf 79' lang='lat' dir='ltr'><strong>Audi,</strong></span> <span class='ocrx_word' id='word_1_437' title='bbox 935 5179 1225 5236; x_wconf 79' lang='lat' dir='ltr'><strong>Nathanael</strong></span> <span class='ocrx_word' id='word_1_438' title='bbox 1267 5179 1382 5234; x_wconf 90' lang='lat' dir='ltr'><strong>sine</strong></span> <span class='ocrx_word' id='word_1_439' title='bbox 1416 5177 1562 5243; x_wconf 86' lang='lat' dir='ltr'><strong>dolo,</strong></span> <span class='ocrx_word' id='word_1_440' title='bbox 1609 5176 1733 5247; x_wconf 86' lang='lat' dir='ltr'><strong>quid</strong></span> <span class='ocrx_word' id='word_1_441' title='bbox 1768 5174 1898 5229; x_wconf 83' lang='lat' dir='ltr'><strong>vidit</strong></span> 
     </span>
    </p>
   </div>
   <div class='ocr_carea' id='block_1_55' title="bbox 314 5266 1898 5337">
    <p class='ocr_par' dir='ltr' id='par_1_55' title="bbox 314 5266 1898 5337">
     <span class='ocr_line' id='line_1_55' title="bbox 314 5266 1898 5337; baseline -0.008 -7"><span class='ocrx_word' id='word_1_442' title='bbox 314 5273 485 5331; x_wconf 75' lang='lat' dir='ltr'><strong>Jacob</strong></span> <span class='ocrx_word' id='word_1_443' title='bbox 509 5275 625 5330; x_wconf 88' lang='lat' dir='ltr'><strong>sine</strong></span> <span class='ocrx_word' id='word_1_444' title='bbox 667 5273 818 5329; x_wconf 87' lang='lat' dir='ltr'><strong>dolo:</strong></span> <span class='ocrx_word' id='word_1_445' title='bbox 840 5272 1065 5327; x_wconf 80' lang='lat' dir='ltr'><strong>videbitis</strong></span> <span class='ocrx_word' id='word_1_446' title='bbox 1105 5271 1283 5325; x_wconf 64' lang='lat' dir='ltr'><strong>calum</strong></span> <span class='ocrx_word' id='word_1_447' title='bbox 1328 5280 1578 5337; x_wconf 78' lang='lat' dir='ltr'><strong>apertum,</strong></span> <span class='ocrx_word' id='word_1_448' title='bbox 1608 5279 1656 5319; x_wconf 80' lang='lat' dir='ltr'><strong>et</strong></span> <span class='ocrx_word' id='word_1_449' title='bbox 1682 5266 1898 5336; x_wconf 81' lang='lat' dir='ltr'><strong>Angelos</strong></span> 
     </span>
    </p>
   </div>
   <div class='ocr_carea' id='block_1_56' title="bbox 316 5355 1900 5430">
    <p class='ocr_par' dir='ltr' id='par_1_56' title="bbox 316 5355 1900 5430">
     <span class='ocr_line' id='line_1_56' title="bbox 316 5355 1900 5430; baseline -0.007 -11"><span class='ocrx_word' id='word_1_450' title='bbox 316 5364 642 5420; x_wconf 67' lang='lat' dir='ltr'><strong>cumulantes</strong></span> <span class='ocrx_word' id='word_1_451' title='bbox 677 5373 724 5419; x_wconf 85' lang='lat' dir='ltr'><strong>et</strong></span> <span class='ocrx_word' id='word_1_452' title='bbox 768 5362 1119 5417; x_wconf 72' lang='lat' dir='ltr'><strong>descendentes</strong></span> <span class='ocrx_word' id='word_1_453' title='bbox 1136 5375 1159 5426; x_wconf 69' lang='grc' dir='ltr'><strong><em>ς</em></strong></span> <span class='ocrx_word' id='word_1_454' title='bbox 1177 5358 1243 5414; x_wconf 86' lang='lat' dir='ltr'><strong>ad</strong></span> <span class='ocrx_word' id='word_1_455' title='bbox 1271 5358 1467 5430; x_wconf 82' lang='lat' dir='ltr'><strong>quem?</strong></span> <span class='ocrx_word' id='word_1_456' title='bbox 1491 5358 1560 5410; x_wconf 81' lang='lat' dir='ltr'><strong>ad</strong></span> <span class='ocrx_word' id='word_1_457' title='bbox 1587 5355 1782 5409; x_wconf 82' lang='lat' dir='ltr'><strong>Filium</strong></span> <span class='ocrx_word' id='word_1_458' title='bbox 1806 5355 1900 5409; x_wconf 63' lang='grc' dir='ltr'><strong>βιο-</strong></span> 
     </span>
    </p>
   </div>
   <div class='ocr_carea' id='block_1_57' title="bbox 316 5446 1900 5527">
    <p class='ocr_par' dir='ltr' id='par_1_57' title="bbox 316 5446 1900 5527">
     <span class='ocr_line' id='line_1_57' title="bbox 316 5446 1900 5527; baseline -0.007 -16"><span class='ocrx_word' id='word_1_459' title='bbox 316 5456 471 5511; x_wconf 67' lang='lat' dir='ltr'><strong>latinis</strong></span> <span class='ocrx_word' id='word_1_460' title='bbox 508 5454 689 5527; x_wconf 79' lang='lat' dir='ltr'><strong>(Joan.</strong></span> <span class='ocrx_word' id='word_1_461' title='bbox 714 5470 752 5522; x_wconf 86' lang='grc' dir='ltr'><strong>ι,</strong></span> <span class='ocrx_word' id='word_1_462' title='bbox 782 5454 984 5525; x_wconf 73' lang='grc'><strong>47-51).</strong></span> <span class='ocrx_word' id='word_1_463' title='bbox 1015 5450 1157 5523; x_wconf 84' lang='lat' dir='ltr'><strong>Ergo</strong></span> <span class='ocrx_word' id='word_1_464' title='bbox 1182 5451 1270 5506; x_wconf 88' lang='lat' dir='ltr'><strong>ille</strong></span> <span class='ocrx_word' id='word_1_465' title='bbox 1294 5460 1484 5506; x_wconf 86' lang='lat' dir='ltr'><strong>unctus</strong></span> <span class='ocrx_word' id='word_1_466' title='bbox 1507 5456 1622 5504; x_wconf 86' lang='lat' dir='ltr'><strong>erat</strong></span> <span class='ocrx_word' id='word_1_467' title='bbox 1648 5446 1712 5501; x_wconf 90' lang='lat' dir='ltr'><strong>ad</strong></span> <span class='ocrx_word' id='word_1_468' title='bbox 1743 5455 1900 5517; x_wconf 84' lang='lat' dir='ltr'><strong>caput</strong></span> 
     </span>
    </p>
   </div>
   <div class='ocr_carea' id='block_1_58' title="bbox 319 5538 1897 5619">
    <p class='ocr_par' dir='ltr' id='par_1_58' title="bbox 319 5538 1897 5619">
     <span class='ocr_line' id='line_1_58' title="bbox 319 5538 1897 5619; baseline -0.006 -15"><span class='ocrx_word' id='word_1_469' title='bbox 319 5547 923 5619; x_wconf 75' lang='lat' dir='ltr'><strong>Filinshominis:qnia</strong></span> <span class='ocrx_word' id='word_1_470' title='bbox 960 5546 1120 5615; x_wconf 85' lang='lat' dir='ltr'><strong>caput</strong></span> <span class='ocrx_word' id='word_1_471' title='bbox 1160 5543 1396 5599; x_wconf 84' lang='lat' dir='ltr'><strong>mulieris</strong></span> <span class='ocrx_word' id='word_1_472' title='bbox 1444 5542 1544 5607; x_wconf 87' lang='lat' dir='ltr'><strong>vir,</strong></span> <span class='ocrx_word' id='word_1_473' title='bbox 1591 5547 1750 5609; x_wconf 78' lang='lat' dir='ltr'><strong>caput</strong></span> <span class='ocrx_word' id='word_1_474' title='bbox 1798 5538 1897 5595; x_wconf 87' lang='lat' dir='ltr'><strong>viri</strong></span> 
     </span>
    </p>
   </div>
   <div class='ocr_carea' id='block_1_59' title="bbox 316 5629 1901 5711">
    <p class='ocr_par' dir='ltr' id='par_1_59' title="bbox 316 5629 1901 5711">
     <span class='ocr_line' id='line_1_59' title="bbox 316 5629 1901 5711; baseline -0.006 -17"><span class='ocrx_word' id='word_1_475' title='bbox 316 5638 565 5696; x_wconf 83' lang='lat' dir='ltr'><strong>Christus</strong></span> <span class='ocrx_word' id='word_1_476' title='bbox 595 5637 770 5711; x_wconf 82' lang='lat' dir='ltr'><strong>(lCor.</strong></span> <span class='ocrx_word' id='word_1_477' title='bbox 801 5654 875 5706; x_wconf 74' lang='lat' dir='ltr'><strong>sl,</strong></span> <span class='ocrx_word' id='word_1_478' title='bbox 905 5639 983 5711; x_wconf 72' lang='grc' dir='ltr'><strong>ὅ).</strong></span> <span class='ocrx_word' id='word_1_479' title='bbox 1014 5635 1122 5694; x_wconf 86' lang='lat' dir='ltr'><strong>Nec</strong></span> <span class='ocrx_word' id='word_1_480' title='bbox 1152 5644 1327 5691; x_wconf 79' lang='lat' dir='ltr'><strong>tamen</strong></span> <span class='ocrx_word' id='word_1_481' title='bbox 1352 5633 1503 5699; x_wconf 79' lang='lat' dir='ltr'><strong>dixit,</strong></span> <span class='ocrx_word' id='word_1_482' title='bbox 1539 5629 1901 5688; x_wconf 80' lang='lat' dir='ltr'><strong>Aseeodeutcs</strong></span> 
     </span>
    </p>
   </div>
   <div class='ocr_carea' id='block_1_60' title="bbox 386 5749 875 5820">
    <p class='ocr_par' dir='ltr' id='par_1_60' title="bbox 386 5749 875 5820">
     <span class='ocr_line' id='line_1_60' title="bbox 386 5749 875 5820; baseline 0.002 -19"><span class='ocrx_word' id='word_1_483' title='bbox 386 5751 456 5817; x_wconf 76' lang='grc' dir='ltr'><strong>(α)</strong></span> <span class='ocrx_word' id='word_1_484' title='bbox 479 5758 637 5813; x_wconf 65' lang='lat' dir='ltr'><strong>Forte,</strong></span> <span class='ocrx_word' id='word_1_485' title='bbox 661 5749 875 5820; x_wconf 54' lang='lat' dir='ltr'><strong>,mylos.</strong></span> 
     </span>
    </p>
   </div>
   <div class='ocr_carea' id='block_1_61' title="bbox 1709 335 2255 395">
    <p class='ocr_par' dir='ltr' id='par_1_61' title="bbox 1709 335 2255 395">
     <span class='ocr_line' id='line_1_61' title="bbox 1709 335 2255 395; baseline 0.005 -5"><span class='ocrx_word' id='word_1_486' title='bbox 1709 337 1936 390; x_wconf 70' lang='lat' dir='ltr'><strong>szgmto</strong></span> <span class='ocrx_word' id='word_1_487' title='bbox 1976 335 2255 395; x_wconf 66' lang='lat' dir='ltr'><strong>LXXXIX.</strong></span> 
     </span>
    </p>
   </div>
   <div class='ocr_carea' id='block_1_62' title="bbox 3492 344 3595 400">
    <p class='ocr_par' dir='ltr' id='par_1_62' title="bbox 3492 344 3595 400">
     <span class='ocr_line' id='line_1_62' title="bbox 3492 344 3595 400; baseline 0.01 -1"><span class='ocrx_word' id='word_1_488' title='bbox 3492 344 3595 400; x_wconf 66' lang='lat'><strong>538</strong></span> 
     </span>
    </p>
   </div>
   <div class='ocr_carea' id='block_1_63' title="bbox 2021 449 3592 516">
    <p class='ocr_par' dir='ltr' id='par_1_63' title="bbox 2021 449 3592 516">
     <span class='ocr_line' id='line_1_63' title="bbox 2021 449 3592 516; baseline 0.004 -14"><span class='ocrx_word' id='word_1_489' title='bbox 2021 464 2049 502; x_wconf 88' lang='lat' dir='ltr'><strong>a</strong></span> <span class='ocrx_word' id='word_1_490' title='bbox 2080 449 2214 503; x_wconf 79' lang='lat' dir='ltr'><strong>Filio</strong></span> <span class='ocrx_word' id='word_1_491' title='bbox 2241 450 2467 504; x_wconf 89' lang='lat' dir='ltr'><strong>hominis</strong></span> <span class='ocrx_word' id='word_1_492' title='bbox 2505 461 2559 506; x_wconf 88' lang='lat' dir='ltr'><strong>et</strong></span> <span class='ocrx_word' id='word_1_493' title='bbox 2598 452 2979 508; x_wconf 82' lang='lat' dir='ltr'><strong>descendentes</strong></span> <span class='ocrx_word' id='word_1_494' title='bbox 3017 455 3080 506; x_wconf 79' lang='lat' dir='ltr'><strong>ad</strong></span> <span class='ocrx_word' id='word_1_495' title='bbox 3125 453 3312 509; x_wconf 77' lang='lat' dir='ltr'><strong>Filium</strong></span> <span class='ocrx_word' id='word_1_496' title='bbox 3342 455 3592 516; x_wconf 82' lang='lat' dir='ltr'><strong>hominis,</strong></span> 
     </span>
    </p>
   </div>
   <div class='ocr_carea' id='block_1_64' title="bbox 2023 540 3596 608">
    <p class='ocr_par' dir='ltr' id='par_1_64' title="bbox 2023 540 3596 608">
     <span class='ocr_line' id='line_1_64' title="bbox 2023 540 3596 608; baseline 0.005 -16"><span class='ocrx_word' id='word_1_497' title='bbox 2023 540 2172 608; x_wconf 87' lang='lat' dir='ltr'><strong>quasi</strong></span> <span class='ocrx_word' id='word_1_498' title='bbox 2202 541 2565 595; x_wconf 84' lang='lat' dir='ltr'><strong>tantummodo</strong></span> <span class='ocrx_word' id='word_1_499' title='bbox 2604 559 2813 597; x_wconf 89' lang='lat' dir='ltr'><strong>sursum</strong></span> <span class='ocrx_word' id='word_1_500' title='bbox 2840 554 3017 599; x_wconf 79' lang='lat' dir='ltr'><strong>esset:</strong></span> <span class='ocrx_word' id='word_1_501' title='bbox 3043 546 3158 608; x_wconf 89' lang='lat' dir='ltr'><strong>sed,</strong></span> <span class='ocrx_word' id='word_1_502' title='bbox 3195 546 3513 600; x_wconf 77' lang='lat' dir='ltr'><strong>ascendentes</strong></span> <span class='ocrx_word' id='word_1_503' title='bbox 3548 558 3596 600; x_wconf 72' lang='lat' dir='ltr'><strong>es</strong></span> 
     </span>
    </p>
   </div>
   <div class='ocr_carea' id='block_1_65' title="bbox 2022 631 3597 691">
    <p class='ocr_par' dir='ltr' id='par_1_65' title="bbox 2022 631 3597 691">
     <span class='ocr_line' id='line_1_65' title="bbox 2022 631 3597 691; baseline 0.005 -9"><span class='ocrx_word' id='word_1_504' title='bbox 2022 633 2373 685; x_wconf 70' lang='lat' dir='ltr'><strong>descendentes</strong></span> <span class='ocrx_word' id='word_1_505' title='bbox 2395 632 2463 685; x_wconf 87' lang='lat' dir='ltr'><strong>ad</strong></span> <span class='ocrx_word' id='word_1_506' title='bbox 2486 631 2674 686; x_wconf 76' lang='lat' dir='ltr'><strong>Filium</strong></span> <span class='ocrx_word' id='word_1_507' title='bbox 2699 634 2935 689; x_wconf 81' lang='lat' dir='ltr'><strong>hominis.</strong></span> <span class='ocrx_word' id='word_1_508' title='bbox 2965 636 3099 690; x_wconf 80' lang='lat' dir='ltr'><strong>Audi</strong></span> <span class='ocrx_word' id='word_1_509' title='bbox 3125 650 3336 690; x_wconf 90' lang='lat' dir='ltr'><strong>sursum</strong></span> <span class='ocrx_word' id='word_1_510' title='bbox 3363 636 3597 691; x_wconf 90' lang='lat' dir='ltr'><strong>claman-</strong></span> 
     </span>
    </p>
   </div>
   <div class='ocr_carea' id='block_1_66' title="bbox 2025 721 3595 789">
    <p class='ocr_par' dir='ltr' id='par_1_66' title="bbox 2025 721 3595 789">
     <span class='ocr_line' id='line_1_66' title="bbox 2025 721 3595 789; baseline 0.006 -15"><span class='ocrx_word' id='word_1_511' title='bbox 2025 732 2128 776; x_wconf 89' lang='lat' dir='ltr'><strong>tem</strong></span> <span class='ocrx_word' id='word_1_512' title='bbox 2174 721 2364 775; x_wconf 83' lang='lat' dir='ltr'><strong>Filium</strong></span> <span class='ocrx_word' id='word_1_513' title='bbox 2411 722 2881 789; x_wconf 83' lang='lat' dir='ltr'><strong>hominis:8aule,</strong></span> <span class='ocrx_word' id='word_1_514' title='bbox 2933 726 3109 779; x_wconf 86' lang='lat' dir='ltr'><strong>Saule.</strong></span> <span class='ocrx_word' id='word_1_515' title='bbox 3159 727 3295 782; x_wconf 87' lang='lat' dir='ltr'><strong>Audi</strong></span> <span class='ocrx_word' id='word_1_516' title='bbox 3343 726 3595 783; x_wconf 85' lang='lat' dir='ltr'><strong>deorsum</strong></span> 
     </span>
    </p>
   </div>
   <div class='ocr_carea' id='block_1_67' title="bbox 2022 812 3491 889">
    <p class='ocr_par' dir='ltr' id='par_1_67' title="bbox 2022 812 3491 889">
     <span class='ocr_line' id='line_1_67' title="bbox 2022 812 3491 889; baseline 0.007 -23"><span class='ocrx_word' id='word_1_517' title='bbox 2022 812 2211 867; x_wconf 87' lang='lat' dir='ltr'><strong>Filium</strong></span> <span class='ocrx_word' id='word_1_518' title='bbox 2245 812 2504 869; x_wconf 84' lang='lat' dir='ltr'><strong>hominis:</strong></span> <span class='ocrx_word' id='word_1_519' title='bbox 2533 815 2669 881; x_wconf 83' lang='lat' dir='ltr'><strong>Quid</strong></span> <span class='ocrx_word' id='word_1_520' title='bbox 2697 832 2774 870; x_wconf 84' lang='lat' dir='ltr'><strong>me</strong></span> <span class='ocrx_word' id='word_1_521' title='bbox 2803 819 3108 887; x_wconf 82' lang='lat' dir='ltr'><strong>persequeris</strong></span> <span class='ocrx_word' id='word_1_522' title='bbox 3138 817 3271 887; x_wconf 76' lang='lat' dir='ltr'><strong>(Act.</strong></span> <span class='ocrx_word' id='word_1_523' title='bbox 3303 834 3376 883; x_wconf 77' lang='lat' dir='ltr'><strong>Ix,</strong></span> <span class='ocrx_word' id='word_1_524' title='bbox 3398 818 3491 889; x_wconf 68' lang='lat'><strong>4).?</strong></span> 
     </span>
    </p>
   </div>
   <div class='ocr_carea' id='block_1_68' title="bbox 2090 903 3593 979">
    <p class='ocr_par' dir='ltr' id='par_1_68' title="bbox 2090 903 3593 979">
     <span class='ocr_line' id='line_1_68' title="bbox 2090 903 3593 979; baseline 0.003 -20"><span class='ocrx_word' id='word_1_525' title='bbox 2090 905 2144 959; x_wconf 84' lang='grc'><strong>6.</strong></span> <span class='ocrx_word' id='word_1_526' title='bbox 2187 903 2400 958; x_wconf 84' lang='lat' dir='ltr'><strong>Factum</strong></span> <span class='ocrx_word' id='word_1_527' title='bbox 2442 920 2554 959; x_wconf 80' lang='lat' dir='ltr'><strong>vere</strong></span> <span class='ocrx_word' id='word_1_528' title='bbox 2604 917 2796 977; x_wconf 76' lang='lat' dir='ltr'><strong>gestum</strong></span> <span class='ocrx_word' id='word_1_529' title='bbox 2843 917 2890 960; x_wconf 86' lang='lat' dir='ltr'><strong>et</strong></span> <span class='ocrx_word' id='word_1_530' title='bbox 2932 908 3256 962; x_wconf 81' lang='lat' dir='ltr'><strong>nihilominus</strong></span> <span class='ocrx_word' id='word_1_531' title='bbox 3299 909 3593 979; x_wconf 70' lang='lat' dir='ltr'><strong>ﬁguratum.</strong></span> 
     </span>
    </p>
   </div>
   <div class='ocr_carea' id='block_1_69' title="bbox 2019 994 3593 1067">
    <p class='ocr_par' dir='ltr' id='par_1_69' title="bbox 2019 994 3593 1067">
     <span class='ocr_line' id='line_1_69' title="bbox 2019 994 3593 1067; baseline 0.003 -19"><span class='ocrx_word' id='word_1_532' title='bbox 2019 994 2226 1050; x_wconf 80' lang='lat' dir='ltr'><strong>Audisti</strong></span> <span class='ocrx_word' id='word_1_533' title='bbox 2289 994 2487 1050; x_wconf 88' lang='lat' dir='ltr'><strong>dictum</strong></span> <span class='ocrx_word' id='word_1_534' title='bbox 2534 997 2841 1067; x_wconf 90' lang='lat' dir='ltr'><strong>proprium,</strong></span> <span class='ocrx_word' id='word_1_535' title='bbox 2891 998 3013 1067; x_wconf 87' lang='lat' dir='ltr'><strong>quia</strong></span> <span class='ocrx_word' id='word_1_536' title='bbox 3082 999 3436 1053; x_wconf 82' lang='lat' dir='ltr'><strong>resurrecturi</strong></span> <span class='ocrx_word' id='word_1_537' title='bbox 3502 1013 3593 1053; x_wconf 78' lang='lat' dir='ltr'><strong>su-</strong></span> 
     </span>
    </p>
   </div>
   <div class='ocr_carea' id='block_1_70' title="bbox 2020 1086 3592 1159">
    <p class='ocr_par' dir='ltr' id='par_1_70' title="bbox 2020 1086 3592 1159">
     <span class='ocr_line' id='line_1_70' title="bbox 2020 1086 3592 1159; baseline 0.005 -22"><span class='ocrx_word' id='word_1_538' title='bbox 2020 1100 2139 1140; x_wconf 88' lang='lat' dir='ltr'><strong>mus</strong></span> <span class='ocrx_word' id='word_1_539' title='bbox 2172 1104 2183 1139; x_wconf 91' lang='lat'><strong>:</strong></span> <span class='ocrx_word' id='word_1_540' title='bbox 2218 1086 2413 1141; x_wconf 81' lang='lat' dir='ltr'><strong>factum</strong></span> <span class='ocrx_word' id='word_1_541' title='bbox 2435 1089 2722 1157; x_wconf 88' lang='lat' dir='ltr'><strong>proprium,</strong></span> <span class='ocrx_word' id='word_1_542' title='bbox 2756 1089 2874 1159; x_wconf 87' lang='lat' dir='ltr'><strong>quia</strong></span> <span class='ocrx_word' id='word_1_543' title='bbox 2898 1089 3033 1143; x_wconf 90' lang='lat' dir='ltr'><strong>sicut</strong></span> <span class='ocrx_word' id='word_1_544' title='bbox 3052 1090 3249 1143; x_wconf 88' lang='lat' dir='ltr'><strong>dictum</strong></span> <span class='ocrx_word' id='word_1_545' title='bbox 3271 1099 3373 1155; x_wconf 85' lang='lat' dir='ltr'><strong>est,</strong></span> <span class='ocrx_word' id='word_1_546' title='bbox 3401 1105 3592 1146; x_wconf 86' lang='lat' dir='ltr'><strong>ascen-</strong></span> 
     </span>
    </p>
   </div>
   <div class='ocr_carea' id='block_1_71' title="bbox 2019 1175 3595 1249">
    <p class='ocr_par' dir='ltr' id='par_1_71' title="bbox 2019 1175 3595 1249">
     <span class='ocr_line' id='line_1_71' title="bbox 2019 1175 3595 1249; baseline 0.004 -20"><span class='ocrx_word' id='word_1_547' title='bbox 2019 1175 2096 1229; x_wconf 91' lang='lat' dir='ltr'><strong>dit</strong></span> <span class='ocrx_word' id='word_1_548' title='bbox 2133 1176 2326 1231; x_wconf 85' lang='lat' dir='ltr'><strong>Paulus</strong></span> <span class='ocrx_word' id='word_1_549' title='bbox 2364 1177 2748 1249; x_wconf 80' lang='lat' dir='ltr'><strong>Jerosolymam</strong></span> <span class='ocrx_word' id='word_1_550' title='bbox 2789 1179 2967 1234; x_wconf 78' lang='lat' dir='ltr'><strong>videre</strong></span> <span class='ocrx_word' id='word_1_551' title='bbox 2996 1180 3232 1235; x_wconf 84' lang='lat' dir='ltr'><strong>Petrum.</strong></span> <span class='ocrx_word' id='word_1_552' title='bbox 3265 1181 3469 1235; x_wconf 81' lang='lat' dir='ltr'><strong>Dictum</strong></span> <span class='ocrx_word' id='word_1_553' title='bbox 3511 1190 3595 1236; x_wconf 83' lang='lat' dir='ltr'><strong>est</strong></span> 
     </span>
    </p>
   </div>
   <div class='ocr_carea' id='block_1_72' title="bbox 2021 1264 3593 1339">
    <p class='ocr_par' dir='ltr' id='par_1_72' title="bbox 2021 1264 3593 1339">
     <span class='ocr_line' id='line_1_72' title="bbox 2021 1264 3593 1339; baseline 0.004 -21"><span class='ocrx_word' id='word_1_554' title='bbox 2021 1264 2297 1335; x_wconf 88' lang='lat' dir='ltr'><strong>ﬁguratum</strong></span> <span class='ocrx_word' id='word_1_555' title='bbox 2323 1308 2338 1333; x_wconf 93' lang='lat'><strong>,</strong></span> <span class='ocrx_word' id='word_1_556' title='bbox 2371 1267 2615 1337; x_wconf 85' lang='lat' dir='ltr'><strong>Lapidem</strong></span> <span class='ocrx_word' id='word_1_557' title='bbox 2655 1286 2801 1339; x_wconf 83' lang='lat' dir='ltr'><strong>quem</strong></span> <span class='ocrx_word' id='word_1_558' title='bbox 2829 1270 3215 1339; x_wconf 74' lang='lat' dir='ltr'><strong>reprobaoerunt</strong></span> <span class='ocrx_word' id='word_1_559' title='bbox 3241 1269 3548 1338; x_wconf 65' lang='lat' dir='ltr'><strong>ludificantes</strong></span> <span class='ocrx_word' id='word_1_560' title='bbox 3575 1286 3593 1325; x_wconf 67' lang='grc' dir='ltr'>ξ</span> 
     </span>
    </p>
   </div>
   <div class='ocr_carea' id='block_1_73' title="bbox 2021 1354 3591 1430">
    <p class='ocr_par' dir='ltr' id='par_1_73' title="bbox 2021 1354 3591 1430">
     <span class='ocr_line' id='line_1_73' title="bbox 2021 1354 3591 1430; baseline 0.004 -23"><span class='ocrx_word' id='word_1_561' title='bbox 2021 1354 2212 1409; x_wconf 76' lang='lat' dir='ltr'><strong>factum</strong></span> <span class='ocrx_word' id='word_1_562' title='bbox 2240 1356 2519 1427; x_wconf 72' lang='lat' dir='ltr'><strong>ﬁguratum</strong></span> <span class='ocrx_word' id='word_1_563' title='bbox 2545 1400 2560 1423; x_wconf 96' lang='lat'><strong>,</strong></span> <span class='ocrx_word' id='word_1_564' title='bbox 2592 1368 2783 1414; x_wconf 90' lang='lat' dir='ltr'><strong>unctus</strong></span> <span class='ocrx_word' id='word_1_565' title='bbox 2808 1358 2958 1428; x_wconf 81' lang='lat' dir='ltr'><strong>lapis,</strong></span> <span class='ocrx_word' id='word_1_566' title='bbox 2991 1360 3081 1429; x_wconf 86' lang='lat' dir='ltr'><strong>qui</strong></span> <span class='ocrx_word' id='word_1_567' title='bbox 3102 1360 3197 1413; x_wconf 78' lang='lat' dir='ltr'><strong>fuit</strong></span> <span class='ocrx_word' id='word_1_568' title='bbox 3220 1359 3287 1413; x_wconf 90' lang='lat' dir='ltr'><strong>ad</strong></span> <span class='ocrx_word' id='word_1_569' title='bbox 3311 1368 3470 1430; x_wconf 88' lang='lat' dir='ltr'><strong>caput</strong></span> <span class='ocrx_word' id='word_1_570' title='bbox 3497 1360 3591 1414; x_wconf 85' lang='lat' dir='ltr'><strong>Ja-</strong></span> 
     </span>
    </p>
   </div>
   <div class='ocr_carea' id='block_1_74' title="bbox 2017 1440 3589 1521">
    <p class='ocr_par' dir='ltr' id='par_1_74' title="bbox 2017 1440 3589 1521">
     <span class='ocr_line' id='line_1_74' title="bbox 2017 1440 3589 1521; baseline 0.003 -22"><span class='ocrx_word' id='word_1_571' title='bbox 2017 1446 2136 1500; x_wconf 87' lang='lat' dir='ltr'><strong>eob.</strong></span> <span class='ocrx_word' id='word_1_572' title='bbox 2158 1446 2387 1501; x_wconf 62' lang='lat' dir='ltr'><strong>Del‘etur</strong></span> <span class='ocrx_word' id='word_1_573' title='bbox 2405 1449 2791 1519; x_wconf 81' lang='lat' dir='ltr'><strong>exspectationi</strong></span> <span class='ocrx_word' id='word_1_574' title='bbox 2812 1460 2999 1504; x_wconf 75' lang='lat' dir='ltr'><strong>vestra:</strong></span> <span class='ocrx_word' id='word_1_575' title='bbox 3015 1450 3154 1519; x_wconf 90' lang='lat' dir='ltr'><strong>quod</strong></span> <span class='ocrx_word' id='word_1_576' title='bbox 3177 1466 3241 1505; x_wconf 84' lang='lat' dir='ltr'><strong>ex</strong></span> <span class='ocrx_word' id='word_1_577' title='bbox 3259 1461 3482 1521; x_wconf 88' lang='lat' dir='ltr'><strong>utroqtte</strong></span> <span class='ocrx_word' id='word_1_578' title='bbox 3500 1440 3589 1517; x_wconf 87' lang='lat' dir='ltr'><strong>sit,</strong></span> 
     </span>
    </p>
   </div>
   <div class='ocr_carea' id='block_1_75' title="bbox 2018 1536 3593 1611">
    <p class='ocr_par' dir='ltr' id='par_1_75' title="bbox 2018 1536 3593 1611">
     <span class='ocr_line' id='line_1_75' title="bbox 2018 1536 3593 1611; baseline 0.004 -23"><span class='ocrx_word' id='word_1_579' title='bbox 2018 1544 2074 1589; x_wconf 87' lang='lat' dir='ltr'><strong>et</strong></span> <span class='ocrx_word' id='word_1_580' title='bbox 2100 1536 2308 1607; x_wconf 85' lang='lat' dir='ltr'><strong>proprie</strong></span> <span class='ocrx_word' id='word_1_581' title='bbox 2326 1547 2532 1607; x_wconf 85' lang='lat' dir='ltr'><strong>gestum</strong></span> <span class='ocrx_word' id='word_1_582' title='bbox 2554 1548 2638 1593; x_wconf 89' lang='lat' dir='ltr'><strong>est</strong></span> <span class='ocrx_word' id='word_1_583' title='bbox 2655 1548 2711 1594; x_wconf 90' lang='lat' dir='ltr'><strong>et</strong></span> <span class='ocrx_word' id='word_1_584' title='bbox 2735 1540 2994 1609; x_wconf 72' lang='lat' dir='ltr'><strong>significat</strong></span> <span class='ocrx_word' id='word_1_585' title='bbox 3013 1540 3313 1611; x_wconf 88' lang='lat' dir='ltr'><strong>ﬁguratum.</strong></span> <span class='ocrx_word' id='word_1_586' title='bbox 3340 1541 3593 1596; x_wconf 85' lang='lat' dir='ltr'><strong>Novimus</strong></span> 
     </span>
    </p>
   </div>
   <div class='ocr_carea' id='block_1_76' title="bbox 2020 1612 3591 1701">
    <p class='ocr_par' dir='ltr' id='par_1_76' title="bbox 2020 1612 3591 1701">
     <span class='ocr_line' id='line_1_76' title="bbox 2020 1612 3591 1701; baseline 0.004 -20"><span class='ocrx_word' id='word_1_587' title='bbox 2020 1627 2284 1701; x_wconf 72' lang='lat' dir='ltr'><strong>Abraham</strong></span> <span class='ocrx_word' id='word_1_588' title='bbox 2308 1630 2442 1686; x_wconf 90' lang='lat' dir='ltr'><strong>duos</strong></span> <span class='ocrx_word' id='word_1_589' title='bbox 2460 1631 2598 1688; x_wconf 89' lang='lat' dir='ltr'><strong>ﬁlios</strong></span> <span class='ocrx_word' id='word_1_590' title='bbox 2629 1632 2894 1700; x_wconf 88' lang='lat' dir='ltr'><strong>habuisse,</strong></span> <span class='ocrx_word' id='word_1_591' title='bbox 2914 1648 3075 1687; x_wconf 86' lang='lat' dir='ltr'><strong>unum</strong></span> <span class='ocrx_word' id='word_1_592' title='bbox 3105 1649 3171 1690; x_wconf 86' lang='lat' dir='ltr'><strong>ex</strong></span> <span class='ocrx_word' id='word_1_593' title='bbox 3201 1635 3412 1697; x_wconf 87' lang='lat' dir='ltr'><strong>ancilla,</strong></span> <span class='ocrx_word' id='word_1_594' title='bbox 3431 1612 3591 1688; x_wconf 81' lang='lat' dir='ltr'><strong>alium</strong></span> 
     </span>
    </p>
   </div>
   <div class='ocr_carea' id='block_1_77' title="bbox 2017 1719 3593 1791">
    <p class='ocr_par' dir='ltr' id='par_1_77' title="bbox 2017 1719 3593 1791">
     <span class='ocr_line' id='line_1_77' title="bbox 2017 1719 3593 1791; baseline 0.004 -19"><span class='ocrx_word' id='word_1_595' title='bbox 2017 1734 2081 1772; x_wconf 80' lang='lat' dir='ltr'><strong>ex</strong></span> <span class='ocrx_word' id='word_1_596' title='bbox 2108 1719 2270 1774; x_wconf 87' lang='lat' dir='ltr'><strong>libera</strong></span> <span class='ocrx_word' id='word_1_597' title='bbox 2297 1739 2311 1786; x_wconf 91' lang='lat'><strong>;</strong></span> <span class='ocrx_word' id='word_1_598' title='bbox 2344 1724 2554 1791; x_wconf 85' lang='lat' dir='ltr'><strong>proprie</strong></span> <span class='ocrx_word' id='word_1_599' title='bbox 2583 1732 2809 1790; x_wconf 85' lang='lat' dir='ltr'><strong>gestum,</strong></span> <span class='ocrx_word' id='word_1_600' title='bbox 2841 1739 2946 1777; x_wconf 91' lang='lat' dir='ltr'><strong>non</strong></span> <span class='ocrx_word' id='word_1_601' title='bbox 2972 1724 3143 1778; x_wconf 88' lang='lat' dir='ltr'><strong>solum</strong></span> <span class='ocrx_word' id='word_1_602' title='bbox 3174 1736 3468 1791; x_wconf 87' lang='lat' dir='ltr'><strong>narratum,</strong></span> <span class='ocrx_word' id='word_1_603' title='bbox 3498 1727 3593 1779; x_wconf 85' lang='lat' dir='ltr'><strong>sed</strong></span> 
     </span>
    </p>
   </div>
   <div class='ocr_carea' id='block_1_78' title="bbox 2016 1809 3594 1882">
    <p class='ocr_par' dir='ltr' id='par_1_78' title="bbox 2016 1809 3594 1882">
     <span class='ocr_line' id='line_1_78' title="bbox 2016 1809 3594 1882; baseline 0.004 -19"><span class='ocrx_word' id='word_1_604' title='bbox 2016 1819 2071 1863; x_wconf 87' lang='lat' dir='ltr'><strong>et</strong></span> <span class='ocrx_word' id='word_1_605' title='bbox 2095 1809 2289 1864; x_wconf 83' lang='lat' dir='ltr'><strong>factum</strong></span> <span class='ocrx_word' id='word_1_606' title='bbox 2315 1828 2327 1862; x_wconf 80' lang='grc' dir='ltr'><strong><em>τ</em></strong></span> <span class='ocrx_word' id='word_1_607' title='bbox 2355 1811 2633 1882; x_wconf 84' lang='lat' dir='ltr'><strong>ﬁguratum</strong></span> <span class='ocrx_word' id='word_1_608' title='bbox 2663 1813 2730 1867; x_wconf 93' lang='lat' dir='ltr'><strong>ibi</strong></span> <span class='ocrx_word' id='word_1_609' title='bbox 2751 1814 3061 1882; x_wconf 81' lang='lat' dir='ltr'><strong>exspectas?</strong></span> <span class='ocrx_word' id='word_1_610' title='bbox 3087 1811 3210 1868; x_wconf 68' lang='lat' dir='ltr'><strong>Ilaec</strong></span> <span class='ocrx_word' id='word_1_611' title='bbox 3231 1824 3350 1869; x_wconf 82' lang='lat' dir='ltr'><strong>stmt</strong></span> <span class='ocrx_word' id='word_1_612' title='bbox 3370 1816 3470 1869; x_wconf 85' lang='lat' dir='ltr'><strong>duo</strong></span> <span class='ocrx_word' id='word_1_613' title='bbox 3499 1814 3594 1869; x_wconf 80' lang='lat' dir='ltr'><strong>Te-</strong></span> 
     </span>
    </p>
   </div>
   <div class='ocr_carea' id='block_1_79' title="bbox 2015 1902 3594 1978">
    <p class='ocr_par' dir='ltr' id='par_1_79' title="bbox 2015 1902 3594 1978">
     <span class='ocr_line' id='line_1_79' title="bbox 2015 1902 3594 1978; baseline 0.007 -25"><span class='ocrx_word' id='word_1_614' title='bbox 2015 1911 2259 1956; x_wconf 84' lang='lat' dir='ltr'><strong>stamenta</strong></span> <span class='ocrx_word' id='word_1_615' title='bbox 2286 1902 2478 1973; x_wconf 77' lang='lat' dir='ltr'><strong>(Colat.</strong></span> <span class='ocrx_word' id='word_1_616' title='bbox 2508 1921 2557 1958; x_wconf 81' lang='lat' dir='ltr'><strong>tv</strong></span> <span class='ocrx_word' id='word_1_617' title='bbox 2580 1947 2595 1971; x_wconf 92' lang='lat'><strong>,</strong></span> <span class='ocrx_word' id='word_1_618' title='bbox 2625 1905 2697 1958; x_wconf 72' lang='lat'><strong>22</strong></span> <span class='ocrx_word' id='word_1_619' title='bbox 2720 1948 2734 1971; x_wconf 96' lang='lat'><strong>,</strong></span> <span class='ocrx_word' id='word_1_620' title='bbox 2765 1906 2879 1975; x_wconf 66' lang='grc' dir='ltr'><strong>ξι).</strong></span> <span class='ocrx_word' id='word_1_621' title='bbox 2910 1906 3062 1974; x_wconf 88' lang='lat' dir='ltr'><strong>Quod</strong></span> <span class='ocrx_word' id='word_1_622' title='bbox 3091 1922 3220 1977; x_wconf 85' lang='lat' dir='ltr'><strong>ergo</strong></span> <span class='ocrx_word' id='word_1_623' title='bbox 3250 1908 3473 1978; x_wconf 85' lang='lat' dir='ltr'><strong>ﬁgurate</strong></span> <span class='ocrx_word' id='word_1_624' title='bbox 3509 1911 3594 1964; x_wconf 82' lang='lat' dir='ltr'><strong>di-</strong></span> 
     </span>
    </p>
   </div>
   <div class='ocr_carea' id='block_1_80' title="bbox 2015 1992 3589 2072">
    <p class='ocr_par' dir='ltr' id='par_1_80' title="bbox 2015 1992 3589 2072">
     <span class='ocr_line' id='line_1_80' title="bbox 2015 1992 3589 2072; baseline 0.006 -28"><span class='ocrx_word' id='word_1_625' title='bbox 2015 1992 2188 2058; x_wconf 78' lang='lat' dir='ltr'><strong>citur,</strong></span> <span class='ocrx_word' id='word_1_626' title='bbox 2219 1995 2446 2063; x_wconf 88' lang='lat' dir='ltr'><strong>quodam</strong></span> <span class='ocrx_word' id='word_1_627' title='bbox 2473 1996 2632 2050; x_wconf 91' lang='lat' dir='ltr'><strong>modo</strong></span> <span class='ocrx_word' id='word_1_628' title='bbox 2659 1998 2889 2067; x_wconf 86' lang='lat' dir='ltr'><strong>tingitur.</strong></span> <span class='ocrx_word' id='word_1_629' title='bbox 2918 1996 3022 2053; x_wconf 88' lang='lat' dir='ltr'><strong>Sed</strong></span> <span class='ocrx_word' id='word_1_630' title='bbox 3048 2000 3296 2068; x_wconf 83' lang='lat' dir='ltr'><strong>quoniam</strong></span> <span class='ocrx_word' id='word_1_631' title='bbox 3323 2001 3480 2056; x_wconf 87' lang='lat' dir='ltr'><strong>debet</strong></span> <span class='ocrx_word' id='word_1_632' title='bbox 3510 2002 3589 2072; x_wconf 80' lang='grc' dir='ltr'><strong>(α)</strong></span> 
     </span>
    </p>
   </div>
   <div class='ocr_carea' id='block_1_81' title="bbox 2015 2082 3589 2160">
    <p class='ocr_par' dir='ltr' id='par_1_81' title="bbox 2015 2082 3589 2160">
     <span class='ocr_line' id='line_1_81' title="bbox 2015 2082 3589 2160; baseline 0.006 -26"><span class='ocrx_word' id='word_1_633' title='bbox 2015 2082 2219 2136; x_wconf 82' lang='lat' dir='ltr'><strong>exitum</strong></span> <span class='ocrx_word' id='word_1_634' title='bbox 2249 2083 2644 2151; x_wconf 87' lang='lat' dir='ltr'><strong>signilieationis</strong></span> <span class='ocrx_word' id='word_1_635' title='bbox 2668 2126 2681 2147; x_wconf 91' lang='lat'><strong>,</strong></span> <span class='ocrx_word' id='word_1_636' title='bbox 2711 2096 2766 2141; x_wconf 83' lang='lat' dir='ltr'><strong>et</strong></span> <span class='ocrx_word' id='word_1_637' title='bbox 2795 2088 2904 2157; x_wconf 73' lang='lat' dir='ltr'><strong>ipsa</strong></span> <span class='ocrx_word' id='word_1_638' title='bbox 2934 2088 3249 2157; x_wconf 87' lang='lat' dir='ltr'><strong>signiﬁcatio</strong></span> <span class='ocrx_word' id='word_1_639' title='bbox 3279 2099 3483 2145; x_wconf 84' lang='lat' dir='ltr'><strong>teneret</strong></span> <span class='ocrx_word' id='word_1_640' title='bbox 3510 2092 3589 2160; x_wconf 68' lang='grc' dir='ltr'><strong>(ὁ)</strong></span> 
     </span>
    </p>
   </div>
   <div class='ocr_carea' id='block_1_82' title="bbox 2018 2166 3593 2238">
    <p class='ocr_par' dir='ltr' id='par_1_82' title="bbox 2018 2166 3593 2238">
     <span class='ocr_line' id='line_1_82' title="bbox 2018 2166 3593 2238; baseline 0.008 -15"><span class='ocrx_word' id='word_1_641' title='bbox 2018 2171 2173 2225; x_wconf 86' lang='lat' dir='ltr'><strong>ﬁdem</strong></span> <span class='ocrx_word' id='word_1_642' title='bbox 2204 2166 2440 2228; x_wconf 82' lang='lat' dir='ltr'><strong>veritatis</strong></span> <span class='ocrx_word' id='word_1_643' title='bbox 2464 2215 2477 2238; x_wconf 90' lang='lat'><strong>,</strong></span> <span class='ocrx_word' id='word_1_644' title='bbox 2510 2175 2856 2230; x_wconf 84' lang='lat' dir='ltr'><strong>vitatcrimcn</strong></span> <span class='ocrx_word' id='word_1_645' title='bbox 2879 2176 3143 2232; x_wconf 82' lang='lat' dir='ltr'><strong>falsitatis.</strong></span> <span class='ocrx_word' id='word_1_646' title='bbox 3173 2179 3312 2235; x_wconf 83' lang='lat' dir='ltr'><strong>Ecce</strong></span> <span class='ocrx_word' id='word_1_647' title='bbox 3340 2180 3469 2234; x_wconf 77' lang='lat' dir='ltr'><strong>exiit</strong></span> <span class='ocrx_word' id='word_1_648' title='bbox 3505 2195 3593 2236; x_wconf 82' lang='lat' dir='ltr'><strong>se-</strong></span> 
     </span>
    </p>
   </div>
   <div class='ocr_carea' id='block_1_83' title="bbox 2015 2262 3589 2337">
    <p class='ocr_par' dir='ltr' id='par_1_83' title="bbox 2015 2262 3589 2337">
     <span class='ocr_line' id='line_1_83' title="bbox 2015 2262 3589 2337; baseline 0.007 -21"><span class='ocrx_word' id='word_1_649' title='bbox 2015 2262 2224 2317; x_wconf 88' lang='lat' dir='ltr'><strong>minans</strong></span> <span class='ocrx_word' id='word_1_650' title='bbox 2259 2264 2558 2330; x_wconf 88' lang='lat' dir='ltr'><strong>seminare;</strong></span> <span class='ocrx_word' id='word_1_651' title='bbox 2590 2272 2646 2319; x_wconf 90' lang='lat' dir='ltr'><strong>et</strong></span> <span class='ocrx_word' id='word_1_652' title='bbox 2663 2266 2973 2323; x_wconf 84' lang='lat' dir='ltr'><strong>seminando</strong></span> <span class='ocrx_word' id='word_1_653' title='bbox 3001 2269 3193 2324; x_wconf 88' lang='lat' dir='ltr'><strong>cecidit</strong></span> <span class='ocrx_word' id='word_1_654' title='bbox 3213 2271 3263 2324; x_wconf 91' lang='lat' dir='ltr'><strong>in</strong></span> <span class='ocrx_word' id='word_1_655' title='bbox 3295 2273 3376 2325; x_wconf 87' lang='lat' dir='ltr'><strong>via</strong></span> <span class='ocrx_word' id='word_1_656' title='bbox 3401 2313 3417 2337; x_wconf 93' lang='lat'><strong>,</strong></span> <span class='ocrx_word' id='word_1_657' title='bbox 3445 2275 3589 2327; x_wconf 90' lang='lat' dir='ltr'><strong>ceci-</strong></span> 
     </span>
    </p>
   </div>
   <div class='ocr_carea' id='block_1_84' title="bbox 2014 2352 3592 2430">
    <p class='ocr_par' dir='ltr' id='par_1_84' title="bbox 2014 2352 3592 2430">
     <span class='ocr_line' id='line_1_84' title="bbox 2014 2352 3592 2430; baseline 0.008 -24"><span class='ocrx_word' id='word_1_658' title='bbox 2014 2352 2093 2407; x_wconf 89' lang='lat' dir='ltr'><strong>dit</strong></span> <span class='ocrx_word' id='word_1_659' title='bbox 2116 2369 2276 2423; x_wconf 88' lang='lat' dir='ltr'><strong>super</strong></span> <span class='ocrx_word' id='word_1_660' title='bbox 2300 2363 2506 2423; x_wconf 83' lang='lat' dir='ltr'><strong>petrosa</strong></span> <span class='ocrx_word' id='word_1_661' title='bbox 2546 2356 2680 2422; x_wconf 90' lang='lat' dir='ltr'><strong>loca,</strong></span> <span class='ocrx_word' id='word_1_662' title='bbox 2711 2357 2903 2413; x_wconf 85' lang='lat' dir='ltr'><strong>cecidit</strong></span> <span class='ocrx_word' id='word_1_663' title='bbox 2927 2360 3063 2413; x_wconf 89' lang='lat' dir='ltr'><strong>inter</strong></span> <span class='ocrx_word' id='word_1_664' title='bbox 3085 2361 3287 2430; x_wconf 77' lang='lat' dir='ltr'><strong>Spinas,</strong></span> <span class='ocrx_word' id='word_1_665' title='bbox 3318 2362 3511 2417; x_wconf 90' lang='lat' dir='ltr'><strong>cecidit</strong></span> <span class='ocrx_word' id='word_1_666' title='bbox 3535 2364 3592 2419; x_wconf 86' lang='lat' dir='ltr'><strong>in</strong></span> 
     </span>
    </p>
   </div>
   <div class='ocr_carea' id='block_1_85' title="bbox 2017 2445 3585 2523">
    <p class='ocr_par' dir='ltr' id='par_1_85' title="bbox 2017 2445 3585 2523">
     <span class='ocr_line' id='line_1_85' title="bbox 2017 2445 3585 2523; baseline 0.007 -25"><span class='ocrx_word' id='word_1_667' title='bbox 2017 2452 2209 2500; x_wconf 91' lang='lat' dir='ltr'><strong>terram</strong></span> <span class='ocrx_word' id='word_1_668' title='bbox 2231 2445 2441 2500; x_wconf 87' lang='lat' dir='ltr'><strong>bonam.</strong></span> <span class='ocrx_word' id='word_1_669' title='bbox 2469 2446 2602 2514; x_wconf 83' lang='lat' dir='ltr'><strong>Quis</strong></span> <span class='ocrx_word' id='word_1_670' title='bbox 2622 2449 2750 2502; x_wconf 76' lang='lat' dir='ltr'><strong>exiit</strong></span> <span class='ocrx_word' id='word_1_671' title='bbox 2774 2450 3058 2517; x_wconf 88' lang='lat' dir='ltr'><strong>seminare,</strong></span> <span class='ocrx_word' id='word_1_672' title='bbox 3091 2460 3181 2506; x_wconf 90' lang='lat' dir='ltr'><strong>aut</strong></span> <span class='ocrx_word' id='word_1_673' title='bbox 3201 2453 3414 2523; x_wconf 88' lang='lat' dir='ltr'><strong>quando</strong></span> <span class='ocrx_word' id='word_1_674' title='bbox 3436 2455 3585 2522; x_wconf 72' lang='lat' dir='ltr'><strong>exiit,</strong></span> 
     </span>
    </p>
   </div>
   <div class='ocr_carea' id='block_1_86' title="bbox 2013 2537 3589 2616">
    <p class='ocr_par' dir='ltr' id='par_1_86' title="bbox 2013 2537 3589 2616">
     <span class='ocr_line' id='line_1_86' title="bbox 2013 2537 3589 2616; baseline 0.006 -25"><span class='ocrx_word' id='word_1_675' title='bbox 2013 2545 2105 2591; x_wconf 81' lang='lat' dir='ltr'><strong>aut</strong></span> <span class='ocrx_word' id='word_1_676' title='bbox 2125 2537 2175 2591; x_wconf 91' lang='lat' dir='ltr'><strong>in</strong></span> <span class='ocrx_word' id='word_1_677' title='bbox 2196 2553 2330 2607; x_wconf 88' lang='lat' dir='ltr'><strong>quas</strong></span> <span class='ocrx_word' id='word_1_678' title='bbox 2357 2539 2534 2608; x_wconf 86' lang='lat' dir='ltr'><strong>spinas</strong></span> <span class='ocrx_word' id='word_1_679' title='bbox 2559 2580 2574 2604; x_wconf 97' lang='lat'><strong>,</strong></span> <span class='ocrx_word' id='word_1_680' title='bbox 2606 2549 2697 2595; x_wconf 89' lang='lat' dir='ltr'><strong>aut</strong></span> <span class='ocrx_word' id='word_1_681' title='bbox 2729 2541 2788 2595; x_wconf 84' lang='lat' dir='ltr'><strong>in</strong></span> <span class='ocrx_word' id='word_1_682' title='bbox 2804 2557 2939 2611; x_wconf 88' lang='lat' dir='ltr'><strong>quos</strong></span> <span class='ocrx_word' id='word_1_683' title='bbox 2961 2543 3163 2614; x_wconf 84' lang='lat' dir='ltr'><strong>lapides</strong></span> <span class='ocrx_word' id='word_1_684' title='bbox 3185 2585 3201 2612; x_wconf 88' lang='lat'><strong>,</strong></span> <span class='ocrx_word' id='word_1_685' title='bbox 3231 2553 3325 2599; x_wconf 89' lang='lat' dir='ltr'><strong>aut</strong></span> <span class='ocrx_word' id='word_1_686' title='bbox 3352 2546 3403 2599; x_wconf 92' lang='lat' dir='ltr'><strong>in</strong></span> <span class='ocrx_word' id='word_1_687' title='bbox 3429 2561 3589 2616; x_wconf 78' lang='lat' dir='ltr'><strong>quam</strong></span> 
     </span>
    </p>
   </div>
   <div class='ocr_carea' id='block_1_87' title="bbox 2013 2630 3587 2707">
    <p class='ocr_par' dir='ltr' id='par_1_87' title="bbox 2013 2630 3587 2707">
     <span class='ocr_line' id='line_1_87' title="bbox 2013 2630 3587 2707; baseline 0.006 -26"><span class='ocrx_word' id='word_1_688' title='bbox 2013 2630 2171 2694; x_wconf 84' lang='lat' dir='ltr'><strong>viam,</strong></span> <span class='ocrx_word' id='word_1_689' title='bbox 2201 2641 2286 2683; x_wconf 89' lang='lat' dir='ltr'><strong>aut</strong></span> <span class='ocrx_word' id='word_1_690' title='bbox 2313 2631 2363 2683; x_wconf 91' lang='lat' dir='ltr'><strong>in</strong></span> <span class='ocrx_word' id='word_1_691' title='bbox 2393 2647 2548 2700; x_wconf 82' lang='lat' dir='ltr'><strong>quem</strong></span> <span class='ocrx_word' id='word_1_692' title='bbox 2578 2632 2807 2702; x_wconf 79' lang='lat' dir='ltr'><strong>agrum?</strong></span> <span class='ocrx_word' id='word_1_693' title='bbox 2834 2634 2888 2688; x_wconf 87' lang='lat' dir='ltr'><strong>Si</strong></span> <span class='ocrx_word' id='word_1_694' title='bbox 2927 2634 3077 2689; x_wconf 87' lang='lat' dir='ltr'><strong>audis</strong></span> <span class='ocrx_word' id='word_1_695' title='bbox 3104 2636 3305 2703; x_wconf 90' lang='lat' dir='ltr'><strong>ﬁctum,</strong></span> <span class='ocrx_word' id='word_1_696' title='bbox 3340 2637 3587 2707; x_wconf 87' lang='lat' dir='ltr'><strong>intelligis</strong></span> 
     </span>
    </p>
   </div>
   <div class='ocr_carea' id='block_1_88' title="bbox 2012 2723 3591 2791">
    <p class='ocr_par' dir='ltr' id='par_1_88' title="bbox 2012 2723 3591 2791">
     <span class='ocr_line' id='line_1_88' title="bbox 2012 2723 3591 2791; baseline 0.006 -15"><span class='ocrx_word' id='word_1_697' title='bbox 2012 2723 2353 2791; x_wconf 85' lang='lat' dir='ltr'><strong>signiﬁeative</strong></span> <span class='ocrx_word' id='word_1_698' title='bbox 2375 2743 2386 2777; x_wconf 90' lang='lat'>:</span> <span class='ocrx_word' id='word_1_699' title='bbox 2413 2725 2588 2779; x_wconf 88' lang='lat' dir='ltr'><strong>ﬁctum</strong></span> <span class='ocrx_word' id='word_1_700' title='bbox 2610 2734 2712 2780; x_wconf 88' lang='lat' dir='ltr'><strong>est.</strong></span> <span class='ocrx_word' id='word_1_701' title='bbox 2734 2725 2787 2782; x_wconf 88' lang='lat' dir='ltr'><strong>Si</strong></span> <span class='ocrx_word' id='word_1_702' title='bbox 2807 2728 2951 2782; x_wconf 86' lang='lat' dir='ltr'><strong>enim</strong></span> <span class='ocrx_word' id='word_1_703' title='bbox 2973 2744 3098 2786; x_wconf 80' lang='lat' dir='ltr'><strong>vero</strong></span> <span class='ocrx_word' id='word_1_704' title='bbox 3118 2728 3278 2783; x_wconf 87' lang='lat' dir='ltr'><strong>homo</strong></span> <span class='ocrx_word' id='word_1_705' title='bbox 3296 2732 3591 2786; x_wconf 76' lang='lat' dir='ltr'><strong>seminator</strong></span> 
     </span>
    </p>
   </div>
   <div class='ocr_carea' id='block_1_89' title="bbox 2011 2814 3581 2891">
    <p class='ocr_par' dir='ltr' id='par_1_89' title="bbox 2011 2814 3581 2891">
     <span class='ocr_line' id='line_1_89' title="bbox 2011 2814 3581 2891; baseline 0.006 -23"><span class='ocrx_word' id='word_1_706' title='bbox 2011 2814 2180 2868; x_wconf 77' lang='lat' dir='ltr'><strong>exiret</strong></span> <span class='ocrx_word' id='word_1_707' title='bbox 2203 2855 2216 2876; x_wconf 92' lang='lat'><strong>,</strong></span> <span class='ocrx_word' id='word_1_708' title='bbox 2250 2816 2525 2871; x_wconf 57' lang='lat' dir='ltr'><strong>etsemiua</strong></span> <span class='ocrx_word' id='word_1_709' title='bbox 2550 2859 2563 2882; x_wconf 95' lang='lat'><strong>,</strong></span> <span class='ocrx_word' id='word_1_710' title='bbox 2595 2818 2730 2873; x_wconf 90' lang='lat' dir='ltr'><strong>sicut</strong></span> <span class='ocrx_word' id='word_1_711' title='bbox 2756 2819 3051 2874; x_wconf 89' lang='lat' dir='ltr'><strong>audivimus</strong></span> <span class='ocrx_word' id='word_1_712' title='bbox 3074 2860 3089 2885; x_wconf 92' lang='lat'><strong>,</strong></span> <span class='ocrx_word' id='word_1_713' title='bbox 3120 2836 3217 2891; x_wconf 88' lang='lat' dir='ltr'><strong>per</strong></span> <span class='ocrx_word' id='word_1_714' title='bbox 3239 2821 3351 2876; x_wconf 74' lang='lat' dir='ltr'><strong>luce</strong></span> <span class='ocrx_word' id='word_1_715' title='bbox 3372 2821 3581 2877; x_wconf 81' lang='lat' dir='ltr'><strong>diversa</strong></span> 
     </span>
    </p>
   </div>
   <div class='ocr_carea' id='block_1_90' title="bbox 2007 2903 3587 2973">
    <p class='ocr_par' dir='ltr' id='par_1_90' title="bbox 2007 2903 3587 2973">
     <span class='ocr_line' id='line_1_90' title="bbox 2007 2903 3587 2973; baseline 0.007 -17"><span class='ocrx_word' id='word_1_716' title='bbox 2007 2903 2249 2973; x_wconf 71' lang='lat' dir='ltr'><strong>iactaret,</strong></span> <span class='ocrx_word' id='word_1_717' title='bbox 2280 2921 2386 2959; x_wconf 92' lang='lat' dir='ltr'><strong>non</strong></span> <span class='ocrx_word' id='word_1_718' title='bbox 2423 2916 2536 2961; x_wconf 88' lang='lat' dir='ltr'><strong>erat</strong></span> <span class='ocrx_word' id='word_1_719' title='bbox 2560 2906 2759 2971; x_wconf 86' lang='lat' dir='ltr'><strong>ﬁctum,</strong></span> <span class='ocrx_word' id='word_1_720' title='bbox 2791 2907 2884 2964; x_wconf 89' lang='lat' dir='ltr'><strong>sed</strong></span> <span class='ocrx_word' id='word_1_721' title='bbox 2922 2924 3023 2964; x_wconf 86' lang='lat' dir='ltr'><strong>nec</strong></span> <span class='ocrx_word' id='word_1_722' title='bbox 3049 2910 3404 2966; x_wconf 87' lang='lat' dir='ltr'><strong>mendacium.</strong></span> <span class='ocrx_word' id='word_1_723' title='bbox 3441 2912 3587 2967; x_wconf 77' lang='lat' dir='ltr'><strong>Non-</strong></span> 
     </span>
    </p>
   </div>
   <div class='ocr_carea' id='block_1_91' title="bbox 2007 2994 3583 3073">
    <p class='ocr_par' dir='ltr' id='par_1_91' title="bbox 2007 2994 3583 3073">
     <span class='ocr_line' id='line_1_91' title="bbox 2007 2994 3583 3073; baseline 0.009 -26"><span class='ocrx_word' id='word_1_724' title='bbox 2007 2994 2135 3050; x_wconf 90' lang='lat' dir='ltr'><strong>dum</strong></span> <span class='ocrx_word' id='word_1_725' title='bbox 2155 3007 2328 3052; x_wconf 87' lang='lat' dir='ltr'><strong>autem</strong></span> <span class='ocrx_word' id='word_1_726' title='bbox 2353 2997 2550 3063; x_wconf 84' lang='lat' dir='ltr'><strong>ﬁctum,</strong></span> <span class='ocrx_word' id='word_1_727' title='bbox 2583 2999 2677 3054; x_wconf 87' lang='lat' dir='ltr'><strong>sed</strong></span> <span class='ocrx_word' id='word_1_728' title='bbox 2702 3015 2807 3055; x_wconf 89' lang='lat' dir='ltr'><strong>non</strong></span> <span class='ocrx_word' id='word_1_729' title='bbox 2831 3001 3187 3057; x_wconf 87' lang='lat' dir='ltr'><strong>mendacium.</strong></span> <span class='ocrx_word' id='word_1_730' title='bbox 3219 3003 3433 3072; x_wconf 82' lang='lat' dir='ltr'><strong>Quare?</strong></span> <span class='ocrx_word' id='word_1_731' title='bbox 3449 3005 3583 3073; x_wconf 88' lang='lat' dir='ltr'><strong>Quia</strong></span> 
     </span>
    </p>
   </div>
   <div class='ocr_carea' id='block_1_92' title="bbox 2009 3086 3580 3165">
    <p class='ocr_par' dir='ltr' id='par_1_92' title="bbox 2009 3086 3580 3165">
     <span class='ocr_line' id='line_1_92' title="bbox 2009 3086 3580 3165; baseline 0.007 -27"><span class='ocrx_word' id='word_1_732' title='bbox 2009 3086 2268 3154; x_wconf 79' lang='lat' dir='ltr'><strong>signiﬁcat</strong></span> <span class='ocrx_word' id='word_1_733' title='bbox 2308 3088 2541 3156; x_wconf 84' lang='lat' dir='ltr'><strong>aliquid,</strong></span> <span class='ocrx_word' id='word_1_734' title='bbox 2572 3089 2712 3160; x_wconf 89' lang='lat' dir='ltr'><strong>quod</strong></span> <span class='ocrx_word' id='word_1_735' title='bbox 2759 3091 2936 3145; x_wconf 84' lang='lat' dir='ltr'><strong>ﬁctum</strong></span> <span class='ocrx_word' id='word_1_736' title='bbox 2980 3101 3063 3147; x_wconf 88' lang='lat' dir='ltr'><strong>est</strong></span> <span class='ocrx_word' id='word_1_737' title='bbox 3087 3134 3100 3157; x_wconf 91' lang='lat'><strong>,</strong></span> <span class='ocrx_word' id='word_1_738' title='bbox 3133 3108 3243 3148; x_wconf 85' lang='lat' dir='ltr'><strong>non</strong></span> <span class='ocrx_word' id='word_1_739' title='bbox 3278 3104 3328 3149; x_wconf 89' lang='lat' dir='ltr'><strong>te</strong></span> <span class='ocrx_word' id='word_1_740' title='bbox 3364 3095 3580 3165; x_wconf 87' lang='lat' dir='ltr'><strong>decipit.</strong></span> 
     </span>
    </p>
   </div>
   <div class='ocr_carea' id='block_1_93' title="bbox 2007 3176 3587 3248">
    <p class='ocr_par' dir='ltr' id='par_1_93' title="bbox 2007 3176 3587 3248">
     <span class='ocr_line' id='line_1_93' title="bbox 2007 3176 3587 3248; baseline 0.008 -19"><span class='ocrx_word' id='word_1_741' title='bbox 2007 3176 2208 3244; x_wconf 62' lang='lat' dir='ltr'><strong>Quaarit</strong></span> <span class='ocrx_word' id='word_1_742' title='bbox 2232 3178 2609 3248; x_wconf 86' lang='lat' dir='ltr'><strong>iatelligentem</strong></span> <span class='ocrx_word' id='word_1_743' title='bbox 2630 3219 2645 3245; x_wconf 90' lang='lat'><strong>,</strong></span> <span class='ocrx_word' id='word_1_744' title='bbox 2676 3194 2781 3234; x_wconf 88' lang='lat' dir='ltr'><strong>non</strong></span> <span class='ocrx_word' id='word_1_745' title='bbox 2803 3178 2927 3236; x_wconf 72' lang='lat' dir='ltr'><strong>facit</strong></span> <span class='ocrx_word' id='word_1_746' title='bbox 2953 3192 3238 3239; x_wconf 84' lang='lat' dir='ltr'><strong>errantem.</strong></span> <span class='ocrx_word' id='word_1_747' title='bbox 3268 3184 3379 3239; x_wconf 82' lang='lat' dir='ltr'><strong>Hoc</strong></span> <span class='ocrx_word' id='word_1_748' title='bbox 3398 3186 3587 3242; x_wconf 84' lang='lat' dir='ltr'><strong>volens</strong></span> 
     </span>
    </p>
   </div>
   <div class='ocr_carea' id='block_1_94' title="bbox 2006 3267 3578 3342">
    <p class='ocr_par' dir='ltr' id='par_1_94' title="bbox 2006 3267 3578 3342">
     <span class='ocr_line' id='line_1_94' title="bbox 2006 3267 3578 3342; baseline 0.005 -21"><span class='ocrx_word' id='word_1_749' title='bbox 2006 3267 2379 3323; x_wconf 79' lang='lat' dir='ltr'><strong>commendare</strong></span> <span class='ocrx_word' id='word_1_750' title='bbox 2404 3267 2664 3335; x_wconf 84' lang='lat' dir='ltr'><strong>Christus,</strong></span> <span class='ocrx_word' id='word_1_751' title='bbox 2694 3284 2847 3339; x_wconf 82' lang='lat' dir='ltr'><strong>poma</strong></span> <span class='ocrx_word' id='word_1_752' title='bbox 2877 3267 3137 3339; x_wconf 64' lang='lat' dir='ltr'><strong>quaesivit,</strong></span> <span class='ocrx_word' id='word_1_753' title='bbox 3166 3273 3440 3342; x_wconf 84' lang='lat' dir='ltr'><strong>ﬁguratam</strong></span> <span class='ocrx_word' id='word_1_754' title='bbox 3487 3276 3578 3341; x_wconf 87' lang='lat' dir='ltr'><strong>ibi,</strong></span> 
     </span>
    </p>
   </div>
   <div class='ocr_carea' id='block_1_95' title="bbox 2009 3359 3582 3432">
    <p class='ocr_par' dir='ltr' id='par_1_95' title="bbox 2009 3359 3582 3432">
     <span class='ocr_line' id='line_1_95' title="bbox 2009 3359 3582 3432; baseline 0.005 -21"><span class='ocrx_word' id='word_1_755' title='bbox 2009 3374 2113 3413; x_wconf 91' lang='lat' dir='ltr'><strong>non</strong></span> <span class='ocrx_word' id='word_1_756' title='bbox 2139 3359 2376 3414; x_wconf 74' lang='lat' dir='ltr'><strong>fallacem</strong></span> <span class='ocrx_word' id='word_1_757' title='bbox 2401 3359 2806 3415; x_wconf 86' lang='lat' dir='ltr'><strong>commendabat</strong></span> <span class='ocrx_word' id='word_1_758' title='bbox 2827 3361 3120 3427; x_wconf 82' lang='lat' dir='ltr'><strong>ﬁctionem;</strong></span> <span class='ocrx_word' id='word_1_759' title='bbox 3142 3378 3206 3417; x_wconf 90' lang='lat' dir='ltr'><strong>ac</strong></span> <span class='ocrx_word' id='word_1_760' title='bbox 3231 3378 3325 3432; x_wconf 87' lang='lat' dir='ltr'><strong>per</strong></span> <span class='ocrx_word' id='word_1_761' title='bbox 3350 3364 3450 3419; x_wconf 89' lang='lat' dir='ltr'><strong>hoc</strong></span> <span class='ocrx_word' id='word_1_762' title='bbox 3469 3366 3582 3419; x_wconf 81' lang='lat' dir='ltr'><strong>lau-</strong></span> 
     </span>
    </p>
   </div>
   <div class='ocr_carea' id='block_1_96' title="bbox 2007 3450 3583 3524">
    <p class='ocr_par' dir='ltr' id='par_1_96' title="bbox 2007 3450 3583 3524">
     <span class='ocr_line' id='line_1_96' title="bbox 2007 3450 3583 3524; baseline 0.005 -22"><span class='ocrx_word' id='word_1_763' title='bbox 2007 3450 2254 3517; x_wconf 75' lang='lat' dir='ltr'><strong>dubitem,</strong></span> <span class='ocrx_word' id='word_1_764' title='bbox 2271 3466 2375 3504; x_wconf 90' lang='lat' dir='ltr'><strong>non</strong></span> <span class='ocrx_word' id='word_1_765' title='bbox 2402 3451 2742 3505; x_wconf 87' lang='lat' dir='ltr'><strong>criminosam</strong></span> <span class='ocrx_word' id='word_1_766' title='bbox 2765 3452 3062 3520; x_wconf 89' lang='lat' dir='ltr'><strong>ﬁctionem;</strong></span> <span class='ocrx_word' id='word_1_767' title='bbox 3082 3470 3185 3517; x_wconf 85' lang='lat' dir='ltr'><strong>non</strong></span> <span class='ocrx_word' id='word_1_768' title='bbox 3216 3470 3316 3524; x_wconf 87' lang='lat' dir='ltr'><strong>qua</strong></span> <span class='ocrx_word' id='word_1_769' title='bbox 3343 3455 3583 3510; x_wconf 60' lang='lat' dir='ltr'><strong>discussa</strong></span> 
     </span>
    </p>
   </div>
   <div class='ocr_carea' id='block_1_97' title="bbox 2007 3540 3581 3610">
    <p class='ocr_par' dir='ltr' id='par_1_97' title="bbox 2007 3540 3581 3610">
     <span class='ocr_line' id='line_1_97' title="bbox 2007 3540 3581 3610; baseline 0.006 -19"><span class='ocrx_word' id='word_1_770' title='bbox 2007 3553 2067 3591; x_wconf 86' lang='lat' dir='ltr'><strong>ca</strong></span> <span class='ocrx_word' id='word_1_771' title='bbox 2095 3540 2145 3592; x_wconf 92' lang='lat' dir='ltr'><strong>in</strong></span> <span class='ocrx_word' id='word_1_772' title='bbox 2191 3540 2511 3606; x_wconf 81' lang='lat' dir='ltr'><strong>facultatem,</strong></span> <span class='ocrx_word' id='word_1_773' title='bbox 2543 3540 2637 3595; x_wconf 85' lang='lat' dir='ltr'><strong>sed</strong></span> <span class='ocrx_word' id='word_1_774' title='bbox 2666 3550 2994 3610; x_wconf 81' lang='lat' dir='ltr'><strong>perserutata</strong></span> <span class='ocrx_word' id='word_1_775' title='bbox 3038 3544 3084 3598; x_wconf 85' lang='lat' dir='ltr'><strong>si</strong></span> <span class='ocrx_word' id='word_1_776' title='bbox 3114 3545 3349 3600; x_wconf 85' lang='lat' dir='ltr'><strong>invenias</strong></span> <span class='ocrx_word' id='word_1_777' title='bbox 3381 3547 3581 3602; x_wconf 81' lang='lat' dir='ltr'><strong>verita-</strong></span> 
     </span>
    </p>
   </div>
   <div class='ocr_carea' id='block_1_98' title="bbox 2008 3629 2227 3703">
    <p class='ocr_par' dir='ltr' id='par_1_98' title="bbox 2008 3629 2227 3703">
     <span class='ocr_line' id='line_1_98' title="bbox 2008 3629 2227 3703; baseline 0 -21"><span class='ocrx_word' id='word_1_778' title='bbox 2008 3638 2113 3682; x_wconf 88' lang='lat' dir='ltr'><strong>tem</strong></span> <span class='ocrx_word' id='word_1_779' title='bbox 2136 3629 2227 3703; x_wconf 87' lang='lat' dir='ltr'><strong>(c).</strong></span> 
     </span>
    </p>
   </div>
   <div class='ocr_carea' id='block_1_99' title="bbox 2077 3722 3577 3798">
    <p class='ocr_par' dir='ltr' id='par_1_99' title="bbox 2077 3722 3577 3798">
     <span class='ocr_line' id='line_1_99' title="bbox 2077 3722 3577 3798; baseline 0.007 -23"><span class='ocrx_word' id='word_1_780' title='bbox 2077 3723 2130 3776; x_wconf 90' lang='lat'><strong>7.</strong></span> <span class='ocrx_word' id='word_1_781' title='bbox 2175 3722 2321 3776; x_wconf 67' lang='lat' dir='ltr'><strong>Idem</strong></span> <span class='ocrx_word' id='word_1_782' title='bbox 2359 3733 2600 3778; x_wconf 78' lang='lat' dir='ltr'><strong>tractatur</strong></span> <span class='ocrx_word' id='word_1_783' title='bbox 2632 3735 3003 3797; x_wconf 76' lang='lat' dir='ltr'><strong>argumentum.</strong></span> <span class='ocrx_word' id='word_1_784' title='bbox 3027 3726 3194 3782; x_wconf 85' lang='lat' dir='ltr'><strong>Video</strong></span> <span class='ocrx_word' id='word_1_785' title='bbox 3228 3728 3369 3798; x_wconf 83' lang='lat' dir='ltr'><strong>quod</strong></span> <span class='ocrx_word' id='word_1_786' title='bbox 3407 3728 3577 3785; x_wconf 76' lang='lat' dir='ltr'><strong>dicto-</strong></span> 
     </span>
    </p>
   </div>
   <div class='ocr_carea' id='block_1_100' title="bbox 2005 3816 3579 3892">
    <p class='ocr_par' dir='ltr' id='par_1_100' title="bbox 2005 3816 3579 3892">
     <span class='ocr_line' id='line_1_100' title="bbox 2005 3816 3579 3892; baseline 0.004 -22"><span class='ocrx_word' id='word_1_787' title='bbox 2005 3830 2097 3871; x_wconf 84' lang='lat' dir='ltr'><strong>rus</strong></span> <span class='ocrx_word' id='word_1_788' title='bbox 2142 3816 2210 3869; x_wconf 87' lang='lat' dir='ltr'><strong>sit</strong></span> <span class='ocrx_word' id='word_1_789' title='bbox 2246 3833 2261 3868; x_wconf 90' lang='lat'><strong>:</strong></span> <span class='ocrx_word' id='word_1_790' title='bbox 2297 3816 2515 3885; x_wconf 76' lang='lat' dir='ltr'><strong>Expone</strong></span> <span class='ocrx_word' id='word_1_791' title='bbox 2546 3817 2675 3872; x_wconf 87' lang='lat' dir='ltr'><strong>mihi</strong></span> <span class='ocrx_word' id='word_1_792' title='bbox 2714 3818 2816 3872; x_wconf 87' lang='lat' dir='ltr'><strong>hoe</strong></span> <span class='ocrx_word' id='word_1_793' title='bbox 2859 3818 2998 3888; x_wconf 88' lang='lat' dir='ltr'><strong>quod</strong></span> <span class='ocrx_word' id='word_1_794' title='bbox 3041 3819 3403 3890; x_wconf 86' lang='lat' dir='ltr'><strong>signiﬁcabat,</strong></span> <span class='ocrx_word' id='word_1_795' title='bbox 3438 3823 3579 3892; x_wconf 75' lang='lat' dir='ltr'><strong>quod</strong></span> 
     </span>
    </p>
   </div>
   <div class='ocr_carea' id='block_1_101' title="bbox 2007 3906 3579 3982">
    <p class='ocr_par' dir='ltr' id='par_1_101' title="bbox 2007 3906 3579 3982">
     <span class='ocr_line' id='line_1_101' title="bbox 2007 3906 3579 3982; baseline 0.004 -22"><span class='ocrx_word' id='word_1_796' title='bbox 2007 3906 2155 3961; x_wconf 74' lang='lat' dir='ltr'><strong>ﬁnxit</strong></span> <span class='ocrx_word' id='word_1_797' title='bbox 2174 3922 2233 3962; x_wconf 87' lang='lat' dir='ltr'><strong>se</strong></span> <span class='ocrx_word' id='word_1_798' title='bbox 2262 3908 2470 3978; x_wconf 80' lang='lat' dir='ltr'><strong>longius</strong></span> <span class='ocrx_word' id='word_1_799' title='bbox 2496 3908 2593 3963; x_wconf 88' lang='lat' dir='ltr'><strong>ire.</strong></span> <span class='ocrx_word' id='word_1_800' title='bbox 2621 3909 2677 3963; x_wconf 91' lang='lat' dir='ltr'><strong>Si</strong></span> <span class='ocrx_word' id='word_1_801' title='bbox 2705 3910 2847 3964; x_wconf 88' lang='lat' dir='ltr'><strong>enim</strong></span> <span class='ocrx_word' id='word_1_802' title='bbox 2878 3909 3205 3977; x_wconf 88' lang='lat' dir='ltr'><strong>signiﬁcabat</strong></span> <span class='ocrx_word' id='word_1_803' title='bbox 3231 3912 3308 3982; x_wconf 66' lang='grc' dir='ltr'><strong>(Α)</strong></span> <span class='ocrx_word' id='word_1_804' title='bbox 3330 3953 3344 3971; x_wconf 85' lang='grc'><strong>.</strong></span> <span class='ocrx_word' id='word_1_805' title='bbox 3376 3913 3579 3969; x_wconf 82' lang='lat' dir='ltr'><strong>lallacia</strong></span> 
     </span>
    </p>
   </div>
   <div class='ocr_carea' id='block_1_102' title="bbox 2005 3996 3579 4068">
    <p class='ocr_par' dir='ltr' id='par_1_102' title="bbox 2005 3996 3579 4068">
     <span class='ocr_line' id='line_1_102' title="bbox 2005 3996 3579 4068; baseline 0.006 -18"><span class='ocrx_word' id='word_1_806' title='bbox 2005 4007 2087 4050; x_wconf 87' lang='lat' dir='ltr'><strong>est</strong></span> <span class='ocrx_word' id='word_1_807' title='bbox 2104 4039 2118 4063; x_wconf 95' lang='lat'><strong>,</strong></span> <span class='ocrx_word' id='word_1_808' title='bbox 2145 3996 2473 4052; x_wconf 86' lang='lat' dir='ltr'><strong>mendacium</strong></span> <span class='ocrx_word' id='word_1_809' title='bbox 2493 4007 2592 4052; x_wconf 88' lang='lat' dir='ltr'><strong>est.</strong></span> <span class='ocrx_word' id='word_1_810' title='bbox 2625 3998 3061 4068; x_wconf 84' lang='lat' dir='ltr'><strong>Expositionibus</strong></span> <span class='ocrx_word' id='word_1_811' title='bbox 3089 4003 3288 4057; x_wconf 85' lang='lat' dir='ltr'><strong>nostris</strong></span> <span class='ocrx_word' id='word_1_812' title='bbox 3305 4014 3360 4058; x_wconf 91' lang='lat' dir='ltr'><strong>et</strong></span> <span class='ocrx_word' id='word_1_813' title='bbox 3378 4004 3579 4060; x_wconf 67' lang='lat' dir='ltr'><strong>discre-</strong></span> 
     </span>
    </p>
   </div>
   <div class='ocr_carea' id='block_1_103' title="bbox 2006 4088 3580 4165">
    <p class='ocr_par' dir='ltr' id='par_1_103' title="bbox 2006 4088 3580 4165">
     <span class='ocr_line' id='line_1_103' title="bbox 2006 4088 3580 4165; baseline 0.007 -24"><span class='ocrx_word' id='word_1_814' title='bbox 2006 4088 2224 4143; x_wconf 80' lang='lat' dir='ltr'><strong>tissimis</strong></span> <span class='ocrx_word' id='word_1_815' title='bbox 2249 4090 2447 4159; x_wconf 81' lang='lat' dir='ltr'><strong>regulis</strong></span> <span class='ocrx_word' id='word_1_816' title='bbox 2467 4089 2723 4145; x_wconf 88' lang='lat' dir='ltr'><strong>debemus</strong></span> <span class='ocrx_word' id='word_1_817' title='bbox 2748 4091 2850 4146; x_wconf 83' lang='lat' dir='ltr'><strong>hoc</strong></span> <span class='ocrx_word' id='word_1_818' title='bbox 2872 4091 3069 4157; x_wconf 87' lang='lat' dir='ltr'><strong>dicere,</strong></span> <span class='ocrx_word' id='word_1_819' title='bbox 3102 4094 3226 4164; x_wconf 86' lang='lat' dir='ltr'><strong>quid</strong></span> <span class='ocrx_word' id='word_1_820' title='bbox 3250 4096 3580 4165; x_wconf 79' lang='lat' dir='ltr'><strong>signiﬁcabat</strong></span> 
     </span>
    </p>
   </div>
   <div class='ocr_carea' id='block_1_104' title="bbox 2004 4178 3574 4257">
    <p class='ocr_par' dir='ltr' id='par_1_104' title="bbox 2004 4178 3574 4257">
     <span class='ocr_line' id='line_1_104' title="bbox 2004 4178 3574 4257; baseline 0.008 -25"><span class='ocrx_word' id='word_1_821' title='bbox 2004 4178 2199 4233; x_wconf 82' lang='lat' dir='ltr'><strong>alﬁctio</strong></span> <span class='ocrx_word' id='word_1_822' title='bbox 2220 4179 2459 4247; x_wconf 70' lang='lat' dir='ltr'><strong>qumdam</strong></span> <span class='ocrx_word' id='word_1_823' title='bbox 2486 4180 2692 4252; x_wconf 89' lang='lat' dir='ltr'><strong>longius</strong></span> <span class='ocrx_word' id='word_1_824' title='bbox 2712 4182 2872 4237; x_wconf 88' lang='lat' dir='ltr'><strong>eundi</strong></span> <span class='ocrx_word' id='word_1_825' title='bbox 2903 4199 2917 4235; x_wconf 91' lang='lat'><strong>:</strong></span> <span class='ocrx_word' id='word_1_826' title='bbox 2953 4182 3105 4239; x_wconf 81' lang='lat' dir='ltr'><strong>ﬁnxit</strong></span> <span class='ocrx_word' id='word_1_827' title='bbox 3141 4200 3201 4241; x_wconf 83' lang='lat' dir='ltr'><strong>se</strong></span> <span class='ocrx_word' id='word_1_828' title='bbox 3228 4187 3436 4257; x_wconf 85' lang='lat' dir='ltr'><strong>longius</strong></span> <span class='ocrx_word' id='word_1_829' title='bbox 3462 4190 3537 4245; x_wconf 83' lang='lat' dir='ltr'><strong>ire</strong></span> <span class='ocrx_word' id='word_1_830' title='bbox 3559 4232 3574 4256; x_wconf 94' lang='lat'><strong>,</strong></span> 
     </span>
    </p>
   </div>
   <div class='ocr_carea' id='block_1_105' title="bbox 2004 4269 3579 4345">
    <p class='ocr_par' dir='ltr' id='par_1_105' title="bbox 2004 4269 3579 4345">
     <span class='ocr_line' id='line_1_105' title="bbox 2004 4269 3579 4345; baseline 0.008 -24"><span class='ocrx_word' id='word_1_831' title='bbox 2004 4279 2059 4321; x_wconf 92' lang='lat' dir='ltr'><strong>et</strong></span> <span class='ocrx_word' id='word_1_832' title='bbox 2085 4277 2309 4332; x_wconf 81' lang='lat' dir='ltr'><strong>tenetur,</strong></span> <span class='ocrx_word' id='word_1_833' title='bbox 2336 4284 2405 4325; x_wconf 86' lang='lat' dir='ltr'><strong>ne</strong></span> <span class='ocrx_word' id='word_1_834' title='bbox 2431 4269 2637 4340; x_wconf 84' lang='lat' dir='ltr'><strong>longius</strong></span> <span class='ocrx_word' id='word_1_835' title='bbox 2657 4280 2765 4326; x_wconf 91' lang='lat' dir='ltr'><strong>eat.</strong></span> <span class='ocrx_word' id='word_1_836' title='bbox 2792 4272 3056 4341; x_wconf 86' lang='lat' dir='ltr'><strong>Quantum</strong></span> <span class='ocrx_word' id='word_1_837' title='bbox 3079 4273 3239 4345; x_wconf 87' lang='lat' dir='ltr'><strong>igitur</strong></span> <span class='ocrx_word' id='word_1_838' title='bbox 3259 4276 3325 4330; x_wconf 89' lang='lat' dir='ltr'><strong>ad</strong></span> <span class='ocrx_word' id='word_1_839' title='bbox 3350 4292 3579 4345; x_wconf 65' lang='grc' dir='ltr'><strong>ιιιτιξεωιο</strong></span> 
     </span>
    </p>
   </div>
   <div class='ocr_carea' id='block_1_106' title="bbox 2007 4360 3575 4434">
    <p class='ocr_par' dir='ltr' id='par_1_106' title="bbox 2007 4360 3575 4434">
     <span class='ocr_line' id='line_1_106' title="bbox 2007 4360 3575 4434; baseline 0.008 -21"><span class='ocrx_word' id='word_1_840' title='bbox 2007 4361 2130 4414; x_wconf 73' lang='lat' dir='ltr'><strong>tiam</strong></span> <span class='ocrx_word' id='word_1_841' title='bbox 2152 4360 2481 4430; x_wconf 72' lang='lat' dir='ltr'><strong>corporalem</strong></span> <span class='ocrx_word' id='word_1_842' title='bbox 2500 4362 2695 4417; x_wconf 82' lang='lat' dir='ltr'><strong>absens</strong></span> <span class='ocrx_word' id='word_1_843' title='bbox 2717 4364 3001 4432; x_wconf 88' lang='lat' dir='ltr'><strong>putabatur</strong></span> <span class='ocrx_word' id='word_1_844' title='bbox 3026 4365 3280 4421; x_wconf 87' lang='lat' dir='ltr'><strong>Dominus</strong></span> <span class='ocrx_word' id='word_1_845' title='bbox 3300 4367 3575 4434; x_wconf 82' lang='lat' dir='ltr'><strong>Christus;</strong></span> 
     </span>
    </p>
   </div>
   <div class='ocr_carea' id='block_1_107' title="bbox 2004 4452 3575 4527">
    <p class='ocr_par' dir='ltr' id='par_1_107' title="bbox 2004 4452 3575 4527">
     <span class='ocr_line' id='line_1_107' title="bbox 2004 4452 3575 4527; baseline 0.008 -23"><span class='ocrx_word' id='word_1_846' title='bbox 2004 4452 2197 4506; x_wconf 85' lang='lat' dir='ltr'><strong>absens</strong></span> <span class='ocrx_word' id='word_1_847' title='bbox 2237 4453 2513 4521; x_wconf 88' lang='lat' dir='ltr'><strong>putabatur</strong></span> <span class='ocrx_word' id='word_1_848' title='bbox 2535 4495 2551 4520; x_wconf 94' lang='lat'><strong>,</strong></span> <span class='ocrx_word' id='word_1_849' title='bbox 2578 4453 2723 4508; x_wconf 84' lang='lat' dir='ltr'><strong>velut</strong></span> <span class='ocrx_word' id='word_1_850' title='bbox 2760 4454 2969 4524; x_wconf 81' lang='lat' dir='ltr'><strong>longius</strong></span> <span class='ocrx_word' id='word_1_851' title='bbox 2992 4455 3106 4510; x_wconf 90' lang='lat' dir='ltr'><strong>ibit.</strong></span> <span class='ocrx_word' id='word_1_852' title='bbox 3135 4456 3283 4513; x_wconf 76' lang='lat' dir='ltr'><strong>Tene</strong></span> <span class='ocrx_word' id='word_1_853' title='bbox 3312 4457 3539 4516; x_wconf 86' lang='lat' dir='ltr'><strong>ﬁdeliter</strong></span> <span class='ocrx_word' id='word_1_854' title='bbox 3560 4503 3575 4527; x_wconf 90' lang='lat'><strong>,</strong></span> 
     </span>
    </p>
   </div>
   <div class='ocr_carea' id='block_1_108' title="bbox 2007 4542 3577 4621">
    <p class='ocr_par' dir='ltr' id='par_1_108' title="bbox 2007 4542 3577 4621">
     <span class='ocr_line' id='line_1_108' title="bbox 2007 4542 3577 4621; baseline 0.007 -25"><span class='ocrx_word' id='word_1_855' title='bbox 2007 4551 2128 4597; x_wconf 83' lang='lat' dir='ltr'><strong>tene</strong></span> <span class='ocrx_word' id='word_1_856' title='bbox 2148 4543 2296 4597; x_wconf 90' lang='lat' dir='ltr'><strong>illum</strong></span> <span class='ocrx_word' id='word_1_857' title='bbox 2322 4542 2390 4598; x_wconf 90' lang='lat' dir='ltr'><strong>ad</strong></span> <span class='ocrx_word' id='word_1_858' title='bbox 2419 4542 2729 4599; x_wconf 79' lang='lat' dir='ltr'><strong>fraetionem</strong></span> <span class='ocrx_word' id='word_1_859' title='bbox 2755 4545 2927 4616; x_wconf 80' lang='lat' dir='ltr'><strong>panis.</strong></span> <span class='ocrx_word' id='word_1_860' title='bbox 2955 4546 3091 4614; x_wconf 88' lang='lat' dir='ltr'><strong>Quid</strong></span> <span class='ocrx_word' id='word_1_861' title='bbox 3117 4548 3328 4604; x_wconf 87' lang='lat' dir='ltr'><strong>dicam?</strong></span> <span class='ocrx_word' id='word_1_862' title='bbox 3355 4552 3577 4621; x_wconf 82' lang='lat' dir='ltr'><strong>agnovi-</strong></span> 
     </span>
    </p>
   </div>
   <div class='ocr_carea' id='block_1_109' title="bbox 2005 4633 3580 4704">
    <p class='ocr_par' dir='ltr' id='par_1_109' title="bbox 2005 4633 3580 4704">
     <span class='ocr_line' id='line_1_109' title="bbox 2005 4633 3580 4704; baseline 0.009 -19"><span class='ocrx_word' id='word_1_863' title='bbox 2005 4634 2134 4688; x_wconf 83' lang='lat' dir='ltr'><strong>stis?</strong></span> <span class='ocrx_word' id='word_1_864' title='bbox 2154 4633 2214 4689; x_wconf 89' lang='lat' dir='ltr'><strong>Si</strong></span> <span class='ocrx_word' id='word_1_865' title='bbox 2241 4634 2549 4704; x_wconf 81' lang='lat' dir='ltr'><strong>agnovistis,</strong></span> <span class='ocrx_word' id='word_1_866' title='bbox 2578 4635 2650 4691; x_wconf 92' lang='lat' dir='ltr'><strong>ibi</strong></span> <span class='ocrx_word' id='word_1_867' title='bbox 2673 4635 2941 4691; x_wconf 88' lang='lat' dir='ltr'><strong>Christum</strong></span> <span class='ocrx_word' id='word_1_868' title='bbox 2963 4638 3259 4696; x_wconf 79' lang='lat' dir='ltr'><strong>invenistis.</strong></span> <span class='ocrx_word' id='word_1_869' title='bbox 3286 4641 3494 4697; x_wconf 87' lang='lat' dir='ltr'><strong>Diutius</strong></span> <span class='ocrx_word' id='word_1_870' title='bbox 3512 4645 3580 4699; x_wconf 85' lang='lat' dir='ltr'><strong>de</strong></span> 
     </span>
    </p>
   </div>
   <div class='ocr_carea' id='block_1_110' title="bbox 2005 4725 3575 4797">
    <p class='ocr_par' dir='ltr' id='par_1_110' title="bbox 2005 4725 3575 4797">
     <span class='ocr_line' id='line_1_110' title="bbox 2005 4725 3575 4797; baseline 0.008 -21"><span class='ocrx_word' id='word_1_871' title='bbox 2005 4734 2342 4780; x_wconf 88' lang='lat' dir='ltr'><strong>sacramento</strong></span> <span class='ocrx_word' id='word_1_872' title='bbox 2366 4725 2683 4795; x_wconf 80' lang='lat' dir='ltr'><strong>loquendum</strong></span> <span class='ocrx_word' id='word_1_873' title='bbox 2727 4742 2834 4781; x_wconf 89' lang='lat' dir='ltr'><strong>non</strong></span> <span class='ocrx_word' id='word_1_874' title='bbox 2861 4736 2961 4783; x_wconf 84' lang='lat' dir='ltr'><strong>est.</strong></span> <span class='ocrx_word' id='word_1_875' title='bbox 2990 4728 3092 4797; x_wconf 83' lang='lat' dir='ltr'><strong>Qui</strong></span> <span class='ocrx_word' id='word_1_876' title='bbox 3124 4727 3229 4787; x_wconf 88' lang='lat' dir='ltr'><strong>hoc</strong></span> <span class='ocrx_word' id='word_1_877' title='bbox 3273 4746 3575 4791; x_wconf 83' lang='lat' dir='ltr'><strong>sacramen-</strong></span> 
     </span>
    </p>
   </div>
   <div class='ocr_carea' id='block_1_111' title="bbox 2008 4815 3579 4888">
    <p class='ocr_par' dir='ltr' id='par_1_111' title="bbox 2008 4815 3579 4888">
     <span class='ocr_line' id='line_1_111' title="bbox 2008 4815 3579 4888; baseline 0.008 -20"><span class='ocrx_word' id='word_1_878' title='bbox 2008 4825 2118 4869; x_wconf 85' lang='lat' dir='ltr'><strong>tum</strong></span> <span class='ocrx_word' id='word_1_879' title='bbox 2149 4831 2307 4871; x_wconf 87' lang='lat' dir='ltr'><strong>uosse</strong></span> <span class='ocrx_word' id='word_1_880' title='bbox 2342 4815 2591 4872; x_wconf 74' lang='lat' dir='ltr'><strong>diﬁerunt</strong></span> <span class='ocrx_word' id='word_1_881' title='bbox 2611 4858 2627 4882; x_wconf 92' lang='lat'><strong>,</strong></span> <span class='ocrx_word' id='word_1_882' title='bbox 2673 4818 2880 4888; x_wconf 85' lang='lat' dir='ltr'><strong>longius</strong></span> <span class='ocrx_word' id='word_1_883' title='bbox 2903 4821 2971 4874; x_wconf 81' lang='lat' dir='ltr'><strong>ab</strong></span> <span class='ocrx_word' id='word_1_884' title='bbox 3008 4820 3088 4875; x_wconf 87' lang='lat' dir='ltr'><strong>eis</strong></span> <span class='ocrx_word' id='word_1_885' title='bbox 3115 4821 3373 4878; x_wconf 83' lang='lat' dir='ltr'><strong>Christus.</strong></span> <span class='ocrx_word' id='word_1_886' title='bbox 3408 4824 3462 4878; x_wconf 88' lang='lat' dir='ltr'><strong>Id</strong></span> <span class='ocrx_word' id='word_1_887' title='bbox 3492 4834 3579 4880; x_wconf 86' lang='lat' dir='ltr'><strong>te-</strong></span> 
     </span>
    </p>
   </div>
   <div class='ocr_carea' id='block_1_112' title="bbox 2008 4907 3573 4982">
    <p class='ocr_par' dir='ltr' id='par_1_112' title="bbox 2008 4907 3573 4982">
     <span class='ocr_line' id='line_1_112' title="bbox 2008 4907 3573 4982; baseline 0.008 -22"><span class='ocrx_word' id='word_1_888' title='bbox 2008 4917 2187 4975; x_wconf 81' lang='lat' dir='ltr'><strong>neant,</strong></span> <span class='ocrx_word' id='word_1_889' title='bbox 2220 4922 2326 4962; x_wconf 83' lang='lat' dir='ltr'><strong>non</strong></span> <span class='ocrx_word' id='word_1_890' title='bbox 2352 4907 2656 4974; x_wconf 79' lang='lat' dir='ltr'><strong>dimittant;</strong></span> <span class='ocrx_word' id='word_1_891' title='bbox 2680 4907 2906 4964; x_wconf 87' lang='lat' dir='ltr'><strong>invitent</strong></span> <span class='ocrx_word' id='word_1_892' title='bbox 2926 4911 2995 4964; x_wconf 90' lang='lat' dir='ltr'><strong>ad</strong></span> <span class='ocrx_word' id='word_1_893' title='bbox 3026 4913 3332 4982; x_wconf 59' lang='lat' dir='ltr'><strong>hospitium,</strong></span> <span class='ocrx_word' id='word_1_894' title='bbox 3359 4922 3415 4970; x_wconf 78' lang='lat' dir='ltr'><strong>et</strong></span> <span class='ocrx_word' id='word_1_895' title='bbox 3438 4916 3573 4971; x_wconf 73' lang='lat' dir='ltr'><strong>iuvi-</strong></span> 
     </span>
    </p>
   </div>
   <div class='ocr_carea' id='block_1_113' title="bbox 2007 4996 2521 5052">
    <p class='ocr_par' dir='ltr' id='par_1_113' title="bbox 2007 4996 2521 5052">
     <span class='ocr_line' id='line_1_113' title="bbox 2007 4996 2521 5052; baseline 0 -2"><span class='ocrx_word' id='word_1_896' title='bbox 2007 5003 2183 5050; x_wconf 85' lang='lat' dir='ltr'><strong>tsntor</strong></span> <span class='ocrx_word' id='word_1_897' title='bbox 2210 4996 2281 5051; x_wconf 87' lang='lat' dir='ltr'><strong>ad</strong></span> <span class='ocrx_word' id='word_1_898' title='bbox 2305 4997 2521 5052; x_wconf 73' lang='lat' dir='ltr'><strong>cmlum.</strong></span> 
     </span>
    </p>
   </div>
   <div class='ocr_carea' id='block_1_114' title="bbox 2086 5169 2500 5231">
    <p class='ocr_par' dir='ltr' id='par_1_114' title="bbox 2086 5169 2500 5231">
     <span class='ocr_line' id='line_1_114' title="bbox 2086 5169 2500 5231; baseline -0.002 -10"><span class='ocrx_word' id='word_1_899' title='bbox 2086 5172 2137 5231; x_wconf 92' lang='lat' dir='ltr'><strong>a)</strong></span> <span class='ocrx_word' id='word_1_900' title='bbox 2153 5177 2315 5231; x_wconf 76' lang='lat' dir='ltr'><strong>Forte,</strong></span> <span class='ocrx_word' id='word_1_901' title='bbox 2341 5169 2500 5222; x_wconf 76' lang='lat' dir='ltr'><strong>habet.</strong></span> 
     </span>
    </p>
   </div>
   <div class='ocr_carea' id='block_1_115' title="bbox 2066 5171 3576 5368">
    <p class='ocr_par' dir='ltr' id='par_1_115' title="bbox 2066 5171 3576 5368">
     <span class='ocr_line' id='line_1_115' title="bbox 2086 5171 2500 5231; baseline -0.002 -10"><span class='ocrx_word' id='word_1_902' title='bbox 2086 5185 2117 5221; x_wconf 92' lang='lat' dir='ltr'><strong>a</strong></span> <span class='ocrx_word' id='word_1_903' title='bbox 2153 5177 2315 5231; x_wconf 76' lang='lat' dir='ltr'><strong>Forte,</strong></span> <span class='ocrx_word' id='word_1_904' title='bbox 2341 5171 2500 5222; x_wconf 76' lang='lat' dir='ltr'><strong>habet.</strong></span> 
     </span>
     <span class='ocr_line' id='line_1_116' title="bbox 2066 5171 2997 5358; baseline 0 -74"><span class='ocrx_word' id='word_1_905' title='bbox 2066 5171 2138 5358; x_wconf 49' lang='lat' dir='ltr'><strong>3b;</strong></span> <span class='ocrx_word' id='word_1_906' title='bbox 2161 5239 2317 5294; x_wconf 79' lang='lat' dir='ltr'><strong>Forte,</strong></span> <span class='ocrx_word' id='word_1_907' title='bbox 2341 5238 2482 5283; x_wconf 80' lang='lat' dir='ltr'><strong>tenet.</strong></span> <span class='ocrx_word' id='word_1_908' title='bbox 2649 5292 2664 5306; x_wconf 46' lang='lat'><em>.</em></span> <span class='ocrx_word' id='word_1_909' title='bbox 2983 5297 2997 5310; x_wconf 50' lang='lat'><em>.</em></span> 
     </span>
     <span class='ocr_line' id='line_1_117' title="bbox 2089 5293 3576 5368; baseline 0.007 -22"><span class='ocrx_word' id='word_1_910' title='bbox 2089 5308 2116 5346; x_wconf 84' lang='lat' dir='ltr'><strong>e</strong></span> <span class='ocrx_word' id='word_1_911' title='bbox 2161 5301 2316 5368; x_wconf 69' lang='lat' dir='ltr'><strong>vorte,</strong></span> <span class='ocrx_word' id='word_1_912' title='bbox 2335 5305 2437 5368; x_wconf 73' lang='lat' dir='ltr'><strong>non</strong></span> <span class='ocrx_word' id='word_1_913' title='bbox 2459 5306 2567 5368; x_wconf 42' lang='lat' dir='ltr'><strong>.quo</strong></span> <span class='ocrx_word' id='word_1_914' title='bbox 2597 5293 2940 5368; x_wconf 60' lang='lat' dir='ltr'><strong>discussam</strong></span> <span class='ocrx_word' id='word_1_915' title='bbox 2976 5311 3032 5349; x_wconf 72' lang='grc' dir='ltr'><strong>ιη</strong></span> <span class='ocrx_word' id='word_1_916' title='bbox 3083 5297 3353 5362; x_wconf 68' lang='lat' dir='ltr'><strong>falsitatem.</strong></span> <span class='ocrx_word' id='word_1_917' title='bbox 3396 5300 3482 5352; x_wconf 76' lang='lat' dir='ltr'><strong>sed</strong></span> <span class='ocrx_word' id='word_1_918' title='bbox 3523 5309 3576 5356; x_wconf 80' lang='lat' dir='ltr'><strong>ut</strong></span> 
     </span>
    </p>
   </div>
  </div>
