3852 6182
366 293 471 351 559

898 407 1124 462 saluto
1164 406 1252 477 xc
1273 415 1287 429 -
1308 408 1404 480 (a).

366 519 441 572 De
483 517 637 572 rcrbis
664 518 924 588 Evangelii
954 515 1220 580 Matt/tari,
1267 535 1383 586 cap.
1436 535 1581 586 xxu,
1637 520 1767 575 l-li
1798 560 1812 585 ,
1859 522 1944 574 ubi

434 610 496 661 de
535 610 725 679 nuptiis
749 608 845 677 ﬁlii
888 609 1037 679 regis.
1065 607 1251 664 Contra
1295 608 1592 663 Donatistas
1618 651 1632 675 ,
1666 612 1727 663 de
1768 611 1942 663 c/mri-

430 707 549 751 tate.

672 772 870 840 Habitus
889 789 1175 855 Carthagine
1199 791 1247 840 in
1272 791 1505 842 Bestituta
1527 789 1618 854 (b).

431 893 482 947 ί.
523 890 814 947 Cominium
860 891 1164 945 dominicum
1204 889 1395 961 duplex
1424 907 1443 944 :
1471 891 1616 945 aliud
1655 892 1772 954 hic,
1804 890 1934 961 ﬁde-

355 983 517 1046 lium;
563 981 705 1037 aliud
763 982 817 1036 in
858 981 1029 1048 ctzlis,
1079 983 1353 1037 beatorum.
1390 981 1615 1052 Nuptias
1663 983 1752 1037 lilii
1795 983 1934 1053 regis

353 1074 573 1144 ejusque
609 1074 907 1129 convivium
949 1083 1144 1129 norunt
1187 1089 1374 1130 omnes
1413 1073 1595 1131 lidehss
1619 1116 1634 1140 ,
1665 1085 1720 1130 et
1748 1090 1932 1144 appa-

351 1176 498 1221 ratus
536 1179 735 1223 mensa:
774 1165 1058 1221 dominica:
1094 1167 1331 1220 omnium
1376 1177 1453 1221 est
1502 1165 1757 1221 voluntati
1800 1182 1922 1235 pru-

350 1256 572 1324 positus.
614 1254 839 1310 interest
861 1264 1038 1311 autem
1062 1255 1329 1326 quomodo
1367 1256 1488 1326 quis
1525 1255 1776 1321 accedat,
1808 1272 1929 1311 cum

348 1344 603 1401 acCedere
621 1361 726 1401 non
750 1353 974 1402 vetatur.
992 1346 1280 1416 Scriptura:
1301 1348 1498 1417 quippe
1516 1357 1717 1402 saneta:
1735 1347 1933 1405 ducent

348 1450 447 1490 nos
490 1436 751 1493 dominica
778 1437 885 1493 duo
925 1451 1046 1494 esse
1073 1438 1313 1493 convivia
1339 1455 1353 1503 ;
1387 1454 1547 1492 unum
1577 1455 1683 1507 quo
1713 1439 1932 1494 veniunt

347 1527 468 1579 ικιηί
508 1535 562 1581 et
585 1527 710 1583 mali
729 1567 746 1587 .
775 1528 1000 1585 alterum
1028 1542 1136 1598 quo
1162 1542 1266 1583 non
1294 1528 1556 1583 accedunt
1598 1530 1741 1584 mali.
1787 1528 1927 1599 Ergo

344 1616 644 1671 convivium
678 1619 882 1677 Domini
903 1658 919 1685 ,
951 1619 1092 1675 unde
1128 1619 1288 1677 modo
1313 1635 1433 1674 cum
1477 1620 1816 1691 Evangelium
1847 1622 1925 1677 le-

344 1714 561 1772 geretur
587 1706 905 1774 audivimus,
936 1708 1100 1764 habet
1123 1711 1304 1778 utique
1330 1710 1499 1764 bonos
1522 1719 1578 1763 et
1597 1712 1783 1764 malos.
1801 1709 1927 1766 Om-

344 1812 438 1852 nes
458 1799 547 1867 qui
571 1798 639 1853 ab
665 1798 765 1857 hoc
789 1801 1033 1856 convivio
1057 1808 1469 1868 excusaveruut,
1501 1802 1625 1856 mali
1651 1812 1806 1857 sunt:
1829 1804 1923 1860 sed

343 1905 444 1943 non
470 1904 658 1946 omn-'s
684 1891 773 1960 qui
804 1891 1165 1957 intraverunt,
1196 1891 1319 1947 boni
1346 1903 1489 1947 sunt.
1520 1892 1771 1962 Alloquor
1795 1909 1924 1965 ergo

340 1997 453 2043 vos,
482 1982 570 2050 qui
603 1981 652 2035 in
681 1980 782 2039 hoc
809 1983 1053 2037 convivio
1071 1982 1194 2038 boni
1214 1981 1569 2047 discumbitis,
1600 1984 1922 2053 quicumque

337 2072 608 2126 attenditis
641 2073 781 2142 quod
809 2072 1008 2127 dictum
1035 2082 1148 2137 est,
1183 2073 1285 2140 Qui
1312 2073 1584 2128 manducet
1619 2082 1667 2129 et
1692 2073 1809 2129 bibit
1836 2076 1920 2129 in-

335 2164 516 2233 digne,
535 2164 788 2234 judicium
817 2164 913 2219 sibi
950 2164 1221 2218 manducet
1242 2172 1289 2220 et
1314 2163 1434 2219 bibit
1461 2163 1508 2233 (l
1532 2162 1649 2218 Cor.
1680 2181 1734 2219 XI
1756 2205 1770 2227 ,
1800 2163 1915 2237 29).

333 2256 529 2310 Omnes
553 2255 641 2325 qui
668 2256 799 2311 tales
827 2254 978 2320 estis.
1000 2254 1245 2325 alloquor
1275 2270 1389 2322 vos,
1416 2264 1471 2309 ut
1498 2255 1625 2310 foris
1648 2270 1752 2310 non
1771 2271 1919 2326 qua:-

333 2347 460 2400 ratis
487 2346 674 2411 bonos,
704 2346 845 2402 intus
869 2346 1106 2403 tolerctis
1131 2347 1317 2403 malos.

400 2437 455 2489 ‘2.
492 2434 629 2491 Iusti
654 2452 826 2491 omnes
853 2436 949 2490 hac
974 2438 1027 2492 in
1052 2439 1153 2492 vita
1179 2447 1227 2495 et
1254 2439 1377 2493 mali
1401 2449 1517 2492 sunt
1544 2449 1592 2494 et
1621 2441 1755 2494 boni.
1798 2440 1914 2498 Non

330 2527 364 2580 d
404 2527 514 2581 bito
553 2526 736 2585 audire
757 2526 896 2582 velle
912 2525 1241 2583 Charitatem
1276 2538 1506 2584 vestram
1532 2569 1548 2593 ,
1589 2530 1802 2599 quinam
1826 2531 1915 2588 isti

328 2629 485 2681 sunt,
527 2618 594 2674 de
641 2619 834 2687 quibus
873 2618 1150 2689 alloquens
1180 2618 1477 2689 dispuutvi,
1527 2631 1584 2677 ut
1631 2620 1758 2677 foris
1805 2638 1911 2680 non

326 2718 568 2779 quierant
629 2710 798 2769 bonos
838 2749 855 2776 ,
921 2710 1062 2771 intus
1116 2711 1339 2767 tolerent
1380 2713 1567 2769 malos.
1613 2714 1671 2769 Si
1724 2730 1912 2771 omnes

330 2802 455 2856 mali
479 2810 600 2857 sunt
628 2801 789 2863 intus.
820 2815 955 2872 quos
972 2817 1091 2856 sum
1112 2801 1413 2859 allocutus?
1441 2804 1498 2859 Si
1520 2816 1699 2861 autem
1723 2821 1912 2863 omnes

326 2893 446 2945 Itoni
474 2901 600 2948 sunt
622 2893 782 2957 intus,
814 2906 947 2963 quos
975 2894 1156 2949 monui
1190 2903 1248 2949 ut
1276 2895 1506 2951 tolerent
1529 2896 1733 2953 malos?
1754 2897 1908 2954 Prius

321 2997 450 3051 «ει-κθ
472 2981 761 3051 adiuvante
790 2982 1015 3041 Domino
1033 3023 1052 3050 ,
1082 2983 1150 3040 de
1170 2983 1269 3040 hac
1296 2986 1592 3055 quastione
1623 2996 1680 3043 ut
1719 3003 1905 3058 pussu-

320 3091 439 3128 tttttS
457 3116 472 3139 ,
500 3092 773 3133 exeamus.
799 3076 1004 3133 Bonum
1022 3077 1069 3132 si
1092 3076 1325 3147 perfecte
1349 3078 1655 3150 liquidoque
1679 3094 1907 3151 perpen-

320 3168 416 3222 das
439 3209 456 3233 ,
488 3183 647 3223 nemo
672 3168 841 3225 bonus
868 3170 969 3226 nisi
997 3184 1133 3226 unus
1161 3170 1325 3227 Deus.
1368 3171 1543 3228 Habes
1569 3174 1905 3244 apertissime

321 3257 605 3314 Dominum
627 3258 913 3325 dicentem,
934 3260 1073 3326 Quid
1091 3277 1170 3317 me
1184 3262 1465 3334 interrogas
1478 3264 1541 3318 de
1554 3263 1684 3320 bona
1695 3267 1723 3319 γ
1735 3263 1903 3321 Nemo

315 3350 493 3413 boasts,
510 3350 609 3405 nisi
637 3366 772 3407 usus
798 3349 933 3407 Deus
959 3350 1171 3425 (Matth.
1203 3367 1315 3420 snt,
1334 3352 1446 3427 l7).
1471 3354 1751 3422 Quomodo
1770 3371 1900 3428 ergo

319 3441 518 3509 nuptias
542 3441 648 3498 illa:
672 3440 868 3497 habent
883 3442 1051 3499 bonos
1065 3452 1120 3499 et
1143 3444 1335 3530 tuatua2
1354 3446 1401 3500 si
1426 3460 1586 3501 nemo
1610 3447 1781 3502 bonus
1796 3449 1897 3504 nisi

318 3545 455 3587 unus
480 3530 657 3587 Deus?
685 3531 865 3589 Primo
883 3533 1021 3589 scire
1039 3533 1267 3601 debetis,
1296 3536 1587 3591 secundm
1611 3538 1895 3609 quemdam

315 3620 533 3676 modum
574 3636 761 3677 omnes
803 3636 900 3678 nos
940 3635 1061 3678 esse
1102 3624 1289 3680 malos.
1336 3624 1564 3681 Prorsus
1602 3628 1895 3685 secundum

313 3710 594 3782 quemdam
620 3710 839 3771 modum
864 3726 1053 3769 omnes
1076 3713 1202 3771 mali
1222 3728 1412 3773 sumus
1441 3732 1456 3771 :
1486 3716 1779 3775 secundm
1800 3734 1896 3775 au-

312 3814 420 3861 tem
447 3805 729 3876 quemdam
756 3805 998 3872 modum,
1021 3823 1127 3864 non
1156 3822 1344 3866 omnes
1368 3809 1495 3867 boni
1524 3825 1728 3868 sumus.
1764 3812 1895 3869 Pos-

311 3912 497 3954 sumus
536 3897 679 3953 enim
723 3911 823 3955 nos
850 3898 1119 3968 Apostolis
1156 3901 1509 3969 comparare?
1537 3901 1731 3973 quibus
1776 3902 1891 3973 ipse

311 3989 563 4046 Dominus
593 3991 697 4056 ait,
732 3989 793 4046 Si
820 4006 938 4062 ergo
958 4005 1074 4057 eos,
1104 4006 1221 4046 cum
1243 3991 1353 4047 sitis
1376 3992 1499 4047 ntali
1517 4034 1533 4058 ,
1565 3998 1722 4049 nostis
1759 3995 1889 4050 bona

307 4082 428 4135 data
441 4079 564 4135 dare
576 4081 699 4151 filiis
712 4081 905 4136 uestris.
922 4080 978 4139 Si
993 4081 1395 4138 consideremus
1409 4082 1732 4153 Scripturas,
1750 4100 1887 4142 unus

307 4170 377 4233 ibi
396 4178 512 4227 erat
533 4171 703 4228 malus
718 4172 856 4228 inter
870 4170 1151 4229 duodecim
1173 4173 1213 4227 Α
1223 4174 1475 4242 postulas,
1496 4187 1713 4245 propter
1725 4192 1883 4247 quem

309 4263 563 4319 Dominus
586 4263 660 4319 ait
681 4264 909 4334 quodam
932 4264 1069 4330 loco,
1101 4264 1166 4318 Et
1191 4279 1278 4320 vos
1307 4267 1483 4321 utendi
1511 4271 1647 4333 estis,
1675 4270 1764 4324 sed
1783 4286 1884 4325 non

306 4370 477 4411 aesaes
507 4353 682 4428 (lacn.
711 4370 806 4410 χιιι
825 4395 842 4422 ,
875 4354 985 4426 10).
1013 4355 1292 4411 Allocutus
1320 4366 1494 4413 tamen
1521 4359 1576 4414 in
1601 4375 1885 4418 commune

303 4459 490 4503 omnes
506 4445 612 4509 ait,
646 4444 707 4500 Si
732 4460 817 4499 eos
843 4459 961 4499 cum
983 4445 1095 4501 sitis
1112 4446 1254 4501 mali.
1282 4448 1498 4503 Audivit
1527 4451 1628 4507 hoc
1651 4451 1841 4508 Petrus
1863 4494 1878 4520 ,

301 4533 503 4590 audivit
527 4532 757 4590 Joannes
779 4576 795 4603 ,
822 4535 1021 4592 audivit
1060 4537 1350 4603 Andrteas,
1381 4539 1662 4596 audierunt
1699 4545 1880 4600 caeleri

301 4643 489 4685 omnes
512 4627 757 4686 undecim
777 4630 1039 4701 Apostoli.
1061 4631 1198 4702 Quid
1216 4631 1532 4688 audierunt?
1564 4633 1660 4689 Vos
1679 4652 1791 4691 cum
1809 4639 1882 4693 si-

297 4723 362 4777 tis
385 4723 527 4790 mali,
552 4725 707 4779 uastis
728 4722 860 4778 bona
878 4723 999 4779 data
1023 4724 1146 4779 dare
1168 4725 1290 4795 filiis
1313 4727 1488 4782 vestris
1516 4743 1535 4782 :
1562 4739 1750 4799 quanto
1769 4747 1880 4784 ma-

296 4815 374 4887 gis
403 4813 554 4870 Pater
575 4825 734 4871 uester
755 4815 843 4887 qui
862 4816 913 4870 in
943 4816 1079 4871 catis
1101 4825 1192 4882 est,
1212 4816 1349 4872 dabit
1371 4816 1503 4872 bona
1530 4821 1810 4891 petentibus
1823 4838 1879 4877 se

297 4909 313 4977 (
325 4906 509 4962 Matth.
535 4922 605 4962 vu
625 4947 641 4972 ,
673 4908 806 4979 “)1l
834 4906 1029 4963 Audito
1054 4906 1199 4978 quod
1225 4908 1352 4964 ntali
1381 4919 1562 4967 essent
1582 4951 1598 4975 ,
1625 4911 1875 4981 despera-

295 5009 484 5054 verunt
514 5017 526 5052 :
559 4998 739 5054 audito
775 4998 917 5070 quod
945 4999 1085 5054 Deus
1125 4999 1175 5054 in
1202 5000 1353 5055 cazlis
1382 5009 1524 5057 esset
1553 5011 1701 5083 pater
1727 5004 1873 5071 ipso.

295 5106 432 5153 rum,
452 5092 870 5161 respiraverunt.
895 5089 1024 5147 Cum
1042 5093 1172 5157 sitis,
1191 5093 1380 5163 inquit,
1400 5094 1524 5148 mali
1549 5113 1569 5149 .-
1598 5095 1723 5165 quid
1745 5112 1872 5166 ergo

290 5182 514 5239 debetur
538 5184 711 5251 malis,
733 5184 831 5239 nisi
856 5185 1210 5256 supplicium?
1243 5185 1446 5253 Quanto
1467 5189 1649 5261 magis,
1679 5191 1866 5262 inquit,

292 5272 452 5330 Pater
473 5286 630 5330 vester
647 5315 665 5341 ,
693 5276 777 5346 qui
801 5276 856 5330 in
877 5276 1015 5332 catis
1039 5277 1153 5333 est?
1178 5278 1305 5348 quid
1332 5277 1554 5337 debetur
1579 5279 1705 5339 ﬁliis
1721 5322 1739 5350 ,
1767 5284 1867 5340 nisi

238 5354 246 5447 ξ
285 5452 308 5463 Β
348 5387 365 5403 ·
400 5385 661 5437 Habuimus
696 5386 996 5453 exemplaria
1025 5390 1077 5439 in
1112 5386 1303 5440 duobus
1334 5397 1454 5463 bss.
1502 5389 1597 5455 ob,
1644 5399 1698 5445 et
1741 5398 1869 5459 apud

197 5428 246 5454 ’³
284 5428 419 5495 διιδιιιί

346 5526 419 5667 iii
441 5528 1135 5667 iis}:
1159 5596 1531 5667 εοτυειεηειιιιιε
1573 5602 1864 5667 malum.

283 5651 522 5724 ferro-tle
557 5654 747 5705 Basilica
780 5659 1010 5708 Restitute
1048 5657 1227 5709 dictum
1264 5666 1340 5710 est
1373 5672 1550 5724 supra,
1584 5651 1865 5717 aa'g'ér'itiii

210 5719 218 5726 ·
282 5719 394 5758 acui
421 5712 488 5761 ω.

1600 296 1656 351 S.
1702 295 2065 352 AUGUSTINI
2108 298 2406 356 El’lSCUPl

3532 313 3644 367 560

2052 413 2363 478 premium?
2396 416 2447 469 In
2475 419 2686 473 nomine
2709 420 2964 476 titulorum
2988 464 2999 484 ,
3036 434 3205 475 uetus
3227 437 3500 495 pinnarum
3533 444 3547 478 :
3584 430 3641 485 tu

2048 503 2261 557 trttuinc
2284 503 2532 570 filiorum,
2557 524 2677 578 spes
2703 509 2991 565 ha-rcdum.

2117 595 2167 649 5.
2216 595 2339 650 Mali
2367 616 2398 651 α
2428 601 2648 654 convivio
2669 602 2860 657 exclusi
2882 645 2895 670 ,
2928 605 3132 674 quinam
3158 606 3486 677 intelligendi.
3530 609 3635 664 Sc-

2043 684 2275 747 cundum
2311 687 2436 759 quid
2476 706 2601 761 ergo
2630 692 2753 745 mali
2785 706 2934 747 erant
2961 694 3115 749 iidem
3146 696 3278 765 ipsi,
3315 698 3402 767 qui
3434 712 3633 753 secun-

2043 774 2167 830 dum
2188 777 2386 849 aliquid
2410 780 2535 835 boni
2556 792 2725 837 erant.
2750 784 2952 851 Quibus
2973 789 3116 842 enim
3140 788 3339 844 dictum
3362 802 3443 845 est
3463 834 3476 857 ,
3502 790 3637 847 Cum

2040 864 2149 919 sitis
2180 867 2299 921 ntali
2318 909 2330 933 ,
2364 871 2518 925 nostis
2544 870 2672 926 bona
2699 874 2817 928 data
2842 876 2964 930 dare
2987 878 3107 946 ﬁliis
3133 881 3343 946 vestris;
3372 884 3633 938 continuo

2040 958 2357 1029 subjectum,
2394 964 2593 1029 Quanto
2623 968 2781 1037 magis
2810 967 2961 1023 Pater
2988 982 3142 1026 vester
3166 975 3251 1044 qui
3275 976 3323 1028 in
3348 976 3486 1030 curiis
3512 988 3586 1031 est
3608 979 3634 1013 ’

2041 1050 2197 1106 Pater
2224 1069 2350 1125 ergo
2378 1056 2639 1113 malorum
2662 1102 2676 1128 ,
2709 1061 2800 1116 sed
2832 1078 2934 1116 non
2963 1063 3425 1135 relinquendormu
3453 1088 3466 1135 ;
3499 1073 3629 1142 quia

2039 1144 2279 1199 medicus
2302 1149 2687 1206 sanandnrum.
2718 1152 3022 1211 Secundum
3050 1173 3177 1229 ergo
3203 1162 3482 1231 quemdam
3508 1180 3630 1218 nta-

2037 1234 2312 1291 dunrmali
2353 1250 2523 1294 erant.
2560 1241 2623 1296 Et
2657 1252 2831 1299 tatncn
2870 1246 2946 1302 illi
2966 1252 3201 1303 conviva:
3231 1254 3627 1321 patrisfamilias

2038 1325 2089 1379 in
2117 1328 2253 1397 regis
2283 1331 2479 1398 nuptiis
2497 1373 2511 1398 ,
2546 1343 2672 1402 puto
2694 1336 2813 1405 quia
2839 1353 2941 1391 non
2968 1347 3122 1394 erant
3144 1339 3209 1396 de
3239 1342 3329 1395 illa
3357 1360 3584 1400 numero
3606 1388 3621 1409 ,

2034 1413 2102 1468 de
2125 1416 2314 1485 quibus
2339 1418 2537 1474 dictum
2561 1430 2643 1475 est
2666 1463 2679 1487 ,
2712 1422 3058 1481 lnvitaverunl
3082 1429 3239 1484 bonos
3264 1441 3311 1485 et
3335 1433 3538 1500 malos;
3566 1447 3626 1490 ut

2035 1503 2086 1557 in
2115 1521 2336 1563 numero
2364 1510 2623 1566 malorum
2647 1513 2967 1585 deputentur
2986 1560 3000 1583 ,
3033 1535 3167 1588 quos
3206 1522 3503 1580 audivimus
3528 1542 3625 1582 ex-

2034 1595 2208 1651 clusos
2234 1597 2284 1651 in
2309 1598 2413 1666 illo,
2448 1603 2536 1672 qui
2562 1603 2805 1659 inventus
2825 1617 2906 1662 est
2930 1624 3033 1663 non
3064 1610 3261 1669 habere
3290 1625 3493 1671 vestem
3522 1634 3624 1673 nn~

2035 1689 2268 1755 ptialetn.
2292 1691 2592 1750 Secundum
2620 1697 2766 1767 quid,
2793 1699 3027 1770 inquam,
3051 1704 3174 1758 ntali
3204 1716 3354 1762 erant
3373 1708 3464 1779 qui
3490 1710 3619 1765 boni

2030 1787 2210 1832 erant:
2231 1783 2521 1839 secundum
2540 1788 2663 1856 quid
2688 1786 2810 1843 boni
2837 1800 2987 1846 erant
3013 1795 3100 1864 qui
3127 1796 3249 1850 mali
3279 1807 3448 1853 erant.
3476 1800 3618 1856 Audi

2027 1866 2285 1925 Joannem
2308 1874 2595 1930 secundum
2617 1878 2742 1947 quid
2765 1880 2887 1935 mali
2909 1893 3058 1937 erant
3081 1900 3094 1937 :
3121 1884 3182 1940 Si
3201 1886 3477 1943 dixerimus
3495 1891 3620 1961 quia

2027 1976 2126 2015 non
2151 1962 2388 2020 habemus
2413 1978 2702 2037 peccatum,
2735 1988 2823 2027 nos
2851 1974 2986 2043 ipsos
3011 1977 3294 2033 seducimur
3312 2022 3327 2048 ,
3355 1993 3402 2035 et
3429 1984 3618 2039 vetitas

2024 2050 2077 2105 in
2105 2052 2245 2108 nobis
2273 2072 2373 2111 non
2399 2068 2488 2112 est.
2509 2058 2648 2117 Ecce
2668 2065 2959 2121 secundum
2974 2068 3098 2138 quid
3129 2071 3249 2124 mali
3277 2086 3460 2128 erant:
3487 2077 3613 2147 quia

2027 2141 2290 2200 habebant
2329 2161 2625 2218 peccatum.
2673 2154 2973 2213 Secundum
3000 2161 3126 2230 quid
3156 2163 3277 2217 boni
3317 2141 3615 2224 erantiSi

2023 2238 2235 2309 confessi
2265 2242 2510 2309 fuerimus
2549 2257 2753 2315 peccata
2781 2262 2953 2305 nostra
2975 2293 2989 2316 ,
3021 2254 3188 2322 ﬁdelis
3229 2266 3301 2313 est
3327 2268 3373 2312 et
3387 2270 3568 2328 justus
3593 2306 3607 2325 ,

2020 2327 2105 2395 qui
2130 2327 2348 2383 dimittat
2377 2333 2517 2388 nobis
2545 2348 2749 2406 peccata
2773 2380 2788 2403 ,
2819 2350 2866 2394 et
2896 2345 3102 2398 mundat
3129 2362 3220 2400 nos
3261 2347 3324 2402 ab
3348 2327 3489 2406 omni
3510 2352 3610 2406 ini-

2018 2417 2204 2487 quitate
2234 2419 2276 2492 (l
2295 2419 2453 2477 Joan.
2479 2440 2518 2491 t,
2548 2425 2601 2492 8,
2633 2427 2708 2499 9).
2737 2429 2793 2485 Si
2817 2446 2944 2503 ergo
2966 2433 3283 2503 dixerimus,
3311 2441 3607 2499 secundum

2020 2508 2155 2564 hanc
2180 2514 2593 2585 cupasitionem,
2614 2534 2770 2589 quam
2796 2524 3014 2579 audistis
3038 2541 3125 2581 me
3147 2527 3217 2584 de
3237 2533 3438 2587 sanctis
3457 2532 3606 2591 Scri-

2018 2601 2187 2667 pturis
2211 2643 2226 2669 ,
2259 2613 2317 2657 ut
2348 2606 2578 2662 arbitror
2601 2649 2619 2677 ,
2664 2614 2945 2681 protulisse
2966 2656 2982 2681 ,
3012 2618 3230 2675 eosdem
3274 2621 3522 2680 homines
3550 2638 3604 2682 et

2015 2689 2184 2745 bonus
2212 2707 2330 2750 esse
2359 2697 2648 2755 secundum
2673 2704 2953 2772 quemdam
2976 2708 3211 2778 modum,
3242 2722 3297 2768 et
3322 2716 3493 2771 malos
3514 2733 3602 2773 sc-

2013 2782 2241 2838 cundum
2278 2788 2560 2857 quemdam
2588 2795 2842 2861 modum;
2892 2798 2937 2853 si
2980 2802 3270 2858 secundum
3300 2804 3441 2864 hunc
3468 2823 3596 2866 scn-

2012 2886 2126 2927 sum
2166 2876 2487 2934 voluerimus
2514 2883 2755 2953 accipere
2797 2891 2935 2958 quod
2962 2889 3162 2947 dictum
3193 2907 3273 2950 est
3298 2937 3312 2961 ,
3345 2895 3599 2956 Invitaw~

2011 2973 2129 3018 ruat
2157 2965 2309 3021 bonos
2329 2977 2377 3021 et
2406 2971 2600 3039 malos,
2638 2974 2688 3030 id
2719 2988 2800 3032 est
2825 2980 3041 3035 easdem
3074 2983 3214 3053 ipsos
3251 2996 3306 3041 et
3333 2986 3507 3044 bonos
3539 3002 3596 3048 et

2008 3057 2210 3125 malos;
2241 3058 2285 3113 si
2315 3061 2413 3117 hoc
2438 3064 2762 3124 voluerimus
2784 3070 3047 3142 accipere,
3078 3090 3184 3130 non
3211 3081 3591 3149 pet-mittimur,

2006 3155 2224 3217 propter
2250 3148 2397 3207 illum
2421 3154 2510 3223 qui
2536 3154 2781 3214 inventus
2805 3168 2892 3215 est
2912 3177 3016 3218 non
3042 3164 3241 3221 habens
3270 3179 3471 3224 vestem
3494 3148 3592 3226 nus

2008 3236 2218 3306 ptialem
2241 3278 2259 3305 ,
2286 3249 2340 3297 et
2380 3257 2485 3299 non
2524 3256 2807 3320 utcumque
2846 3253 3143 3322 projectus.
3179 3267 3235 3312 nt
3264 3268 3469 3315 tantum
3503 3264 3591 3317 illo

2004 3331 2253 3386 convivio
2271 3334 2588 3405 privaretur,
2612 3341 2706 3395 sed
2730 3351 2786 3396 ut
2808 3352 3010 3401 aeterno
3031 3348 3082 3402 itt
3105 3352 3442 3409 tenebrarum
3465 3372 3588 3427 sup-

2002 3423 2161 3493 plicio
2179 3425 2539 3486 damnaretur.

2072 3517 2126 3571 4.
2152 3516 2266 3575 Uno
2298 3523 2508 3578 excluso
2534 3527 2718 3584 multos
2750 3531 2978 3588 exclusos
3001 3535 3296 3606 signiﬁcari.
3321 3539 3425 3596 Sed
3456 3543 3585 3600 dicit

1999 3607 2187 3680 aliquis
2212 3629 2224 3666 :
2256 3612 2392 3681 Quid
2412 3614 2480 3672 de
2502 3634 2609 3674 uno
2634 3618 2889 3677 homine?
2917 3626 3043 3695 quid
3065 3629 3256 3685 mirum
3273 3632 3299 3685 ῗ
3325 3635 3449 3704 quid
3472 3654 3587 3691 mn-

1996 3710 2181 3766 gnum,
2212 3701 2257 3755 si
2287 3704 2456 3760 servis
2485 3709 2879 3777 patrisfamilias
2901 3715 3167 3789 subrepsit
3192 3701 3397 3779 unusin
3426 3728 3581 3783 turba

1998 3803 2102 3844 non
2133 3790 2335 3850 habens
2374 3807 2573 3854 vestem
2614 3803 2900 3872 nuptialem
2922 3807 2946 3860 ‘l
2970 3807 3233 3883 Numquid
3268 3827 3487 3888 prapter
3514 3822 3580 3875 il.

1997 3884 2102 3937 lum
2132 3894 2339 3955 poterat
2362 3890 2465 3945 dici
2491 3934 2505 3960 ,
2537 3891 2885 3953 [irritaverant
2913 3900 3066 3958 bonos
3091 3916 3141 3958 et
3170 3884 3327 3964 multis
3346 3884 3381 3965 ἵ*
3401 3911 3583 3970 luteu-

1992 3972 2102 4057 dite
2125 3990 2285 4047 ergo,
2317 3988 2370 4035 et
2398 3974 2675 4057 intelligite
2696 4029 2710 4052 ,
2744 3987 2935 4048 fratres
2961 3994 3088 4049 mei.
3120 3995 3266 4055 Unus
3286 4000 3376 4058 ille
3410 4020 3580 4063 unum

1989 4079 2157 4134 genus
2176 4078 2316 4133 erat;
2341 4088 2462 4128 nam
2491 4077 2640 4133 multi
2662 4091 2809 4137 erant
2838 4082 2933 4155 (a).
2961 4084 3299 4159 Respondeat
3329 4094 3417 4152 hic
3442 4100 3576 4156 mihi

1989 4160 2212 4232 diligens
2231 4164 2462 4232 auditor,
2493 4176 2548 4222 et
2572 4168 2710 4225 dicat
2745 4191 2759 4227 :
2789 4173 2921 4230 Noto
2946 4176 3075 4233 mihi
3104 4196 3288 4239 narres
3310 4189 3583 4258 SliSpiCitt-

1989 4265 2085 4306 nes
2108 4262 2251 4318 tuas;
2276 4254 2486 4324 probari
2513 4259 2643 4315 mihi
2667 4262 2786 4317 volo
2810 4265 2930 4334 quia
2956 4283 3092 4325 unus
3114 4269 3203 4327 ille
3223 4275 3372 4332 multi
3392 4254 3574 4336 erant.

1987 4339 2171 4397 Aderit
2200 4342 2454 4401 Dominus
2477 4389 2491 4412 ,
2524 4351 2759 4419 probabo
2788 4355 2944 4423 plane
2966 4399 2981 4423 .
3014 4375 3114 4417 nec
3141 4361 3350 4436 longius
3391 4372 3577 4442 requie

1988 4445 2099 4485 ram
2128 4441 2184 4487 ut
2227 4437 2423 4503 possim
2455 4438 2701 4508 probare.
2732 4442 2785 4498 In
2815 4444 2943 4514 ipsis
2968 4450 3079 4505 suis
3104 4452 3278 4509 verbis
3302 4454 3448 4514 Deus
3471 4437 3576 4515 ad-

1981 4520 2183 4590 juvabit
2207 4540 2315 4590 me,
2347 4534 2401 4581 et
2423 4529 2563 4598 quod
2592 4532 2739 4587 vobis
2766 4545 3005 4605 apertum
3033 4541 3103 4596 sit
3126 4543 3447 4603 ministrabit
3471 4565 3575 4620 per

1985 4629 2091 4671 me.
2121 4615 2255 4672 Ecce
2281 4618 2536 4690 ingressus
2558 4627 2947 4696 paterfamilias,
2978 4640 3032 4684 ut
3056 4632 3318 4705 inspiceret
3338 4615 3577 4696 discum-

1982 4704 2168 4761 battles.
2199 4707 2405 4779 Videte,
2430 4711 2620 4771 fratres
2642 4717 2770 4782 mei,
2791 4720 2913 4789 quia
2945 4737 3048 4777 non
3079 4704 3335 4795 pertinuit
3356 4731 3424 4785 ad
3452 4748 3573 4789 ser-

1981 4813 2077 4853 vos
2093 4838 2109 4862 ,
2140 4800 2240 4854 nisi
2270 4801 2491 4861 invitare
2516 4814 2569 4861 et
2592 4807 2858 4867 adducere
2882 4811 3050 4871 bonos
3076 4826 3129 4872 et
3153 4820 3358 4875 malos:
3386 4824 3572 4881 videte

1980 4889 2101 4958 quia
2143 4905 2248 4945 non
2272 4891 2471 4948 dictum
2501 4904 2616 4964 est,
2645 4895 3126 4960 Consideraverunt
3151 4911 3288 4965 servi
3316 4910 3571 4971 discum-

1979 4977 2254 5048 bentes,et
2282 4982 2355 5038 ibi
2374 4984 2686 5044 invenerunt
2721 4989 2987 5048 botninem
3032 5012 3137 5051 nun
3163 4997 3449 5061 habentem
3474 5023 3569 5063 ve-

1977 5077 2113 5125 stem
2135 5072 2445 5142 nuptialem,
2462 5076 2787 5136 etdixerunt
2810 5082 2881 5139 ei.
2903 5083 3016 5139 Non
3045 5086 3145 5143 hoc
3168 5091 3425 5160 scriptum
3457 5110 3562 5152 est.

1976 5160 2357 5219 Paterfamilias
2393 5165 2655 5238 inspexit,
2688 5172 3067 5242 paterfamilias
3105 5181 3338 5248 invenit,
3374 5197 3565 5257 pater.

1977 5252 2202 5312 familias
2227 5255 2509 5329 distinxit,
2539 5262 2918 5331 paterfamilias
2954 5273 3243 5341 separavit.
3290 5252 3403 5337 Hoc
3434 5282 3561 5350 qui-

1973 5344 2095 5401 dem
2113 5350 2539 5417 praetemundum
2558 5367 2662 5408 non
2686 5353 2800 5410 fuit.
2821 5357 2977 5417 Aliud
2996 5370 3172 5416 autem
3189 5364 3421 5434 probare
3442 5344 3567 5424 sus-

1972 5438 2228 5508 cepimus.
2247 5441 2515 5511 quomodo
2539 5444 2693 5501 multi
2707 5456 2886 5503 essent
2900 5449 2989 5504 ille
3011 5466 3167 5508 unus.
3185 5452 3406 5512 [intrarit
3429 5475 3564 5529 ergo

1971 5529 2333 5600 paterfamilias
2371 5530 2617 5603 inspicere
2642 5535 3004 5596 discumbentes
3024 5581 3039 5605 .
3072 5553 3120 5596 et
3157 5544 3343 5600 invenit
3384 5548 3530 5605 licini
3542 5584 3563 5593 ς

1971 5635 2084 5676 nent
2107 5637 2206 5676 non
2227 5622 2488 5679 habentem
2515 5634 2697 5682 restem
2717 5629 2992 5701 nuptialem
3020 5649 3040 5688 :
3065 5643 3113 5689 et
3135 5636 3207 5690 ait
3232 5636 3328 5705 illi,
3354 5638 3558 5710 Amice,

2037 5730 2105 5795 (a)
2130 5733 2243 5782 vide
2262 5733 2385 5783 intra
2406 5748 2680 5787 sermonem
2702 5739 2779 5790 93.
