3852 6182
186 318 265 375 561
1636 301 1866 357 SERlIO
1904 300 2018 357 XC.

184 425 411 499 quomoda
451 423 550 475 huc
581 420 754 475 venisti
783 435 879 471 non
910 416 1095 471 habens
1124 426 1301 470 restem
1332 414 1600 485 nuptialem
1622 415 1647 465 .’
1687 415 1747 466 At

187 526 257 579 ille
276 523 540 577 obmutuit.
574 519 717 575 Talis
746 518 888 573 enim
921 515 1301 585 interrogabat,
1325 513 1408 567 cui
1438 512 1530 566 ille
1553 512 1751 581 lingere

187 617 292 672 nihil
323 624 551 686 poterat.
583 612 755 667 Vestis
779 611 974 680 quippe
997 608 1081 661 illa
1109 607 1162 660 in
1186 603 1370 670 corde,
1392 619 1495 657 non
1519 601 1569 655 in
1591 615 1752 655 carne

188 706 545 777 inspiciebatur
579 721 592 757 :
625 718 743 772 qua:
780 701 829 755 si
863 700 1096 768 desuper
1126 697 1309 751 fuisse!
1340 694 1518 748 indulti
1544 733 1559 758 ,
1591 691 1749 746 etiam

182 799 333 856 setvis
363 812 469 851 non
503 794 692 849 luisset
732 791 1012 847 occultata.
1043 788 1144 845 Ubi
1186 788 1257 842 sit
1299 783 1561 839 induenda
1593 782 1752 837 vestis

186 891 454 961 nuptialis,
486 887 709 956 accipite
733 927 748 950 ,
783 883 871 938 ubi
914 881 1148 952 loquitur
1170 921 1183 943 ,
1218 877 1518 933 Sacerdotes
1557 875 1629 928 tui
1666 874 1751 927 ius

184 987 383 1038 Mter
399 981 655 1052 justitiam
680 974 851 1049 (Psal.
871 989 994 1039 cxx,
1013 972 1094 1044 θ).
1121 972 1193 1025 De
1214 984 1276 1025 ca
1299 977 1444 1024 veste
1469 967 1594 1021 dicit
1613 966 1754 1033 Apo-

185 1074 353 1135 stolus,
374 1070 443 1126 Si
460 1081 630 1123 tamen
655 1066 839 1133 induti,
859 1074 906 1118 et
926 1080 1025 1118 non
1048 1061 1172 1116 nudi
1198 1060 1514 1115 inveniamur
1539 1056 1605 1129 (II
1629 1055 1746 1110 Cor.

187 1182 227 1229 τ,
242 1163 316 1235 5).
348 1163 487 1232 Ergo
517 1160 764 1214 iuventus
789 1163 875 1210 est
899 1169 931 1209 a
963 1152 1186 1208 Domino
1209 1149 1297 1221 qui
1322 1161 1507 1204 servos
1530 1147 1744 1219 latebat.

187 1258 525 1324 Interrogatus
553 1248 872 1305 obmutescit
900 1264 915 1301 :
941 1245 1161 1315 ligatur,
1191 1240 1497 1312 projicitur,
1527 1237 1747 1292 damna-

186 1359 258 1400 tur
279 1358 413 1399 unus
436 1358 468 1397 a
498 1340 698 1395 multis.
727 1337 949 1392 Domine
973 1376 988 1401 ,
1019 1335 1255 1390 dixeram
1281 1373 1296 1397 ,
1324 1331 1448 1403 quia
1475 1339 1528 1385 tu
1557 1329 1745 1383 admo-

183 1452 269 1491 nes
288 1449 468 1489 omnes
495 1431 809 1487 admonere.
830 1427 1069 1483 Recolite
1091 1438 1297 1480 mecum
1325 1423 1483 1477 verba
1506 1435 1625 1491 qua:
1649 1435 1748 1473 au-

182 1527 326 1583 distis
346 1568 361 1590 ,
390 1535 441 1580 ct
467 1524 665 1578 multos
690 1522 851 1576 fuisse
875 1534 1041 1574 unum
1066 1517 1216 1571 illum
1244 1514 1401 1570 modo
1428 1513 1706 1569 invenietis
1730 1550 1747 1578 ,

181 1618 329 1675 modo
359 1615 684 1688 judicabitis.
728 1611 904 1670 Unum
934 1619 1081 1666 certe
1120 1609 1537 1676 interrogaverat
1566 1604 1749 1659 Domi-

182 1726 285 1776 nus,
322 1710 406 1764 uni
443 1708 673 1771 dixerat,
704 1705 892 1770 Amice,
918 1702 1172 1775 quomodo
1209 1700 1307 1754 huc
1330 1697 1570 1753 intrasti?
1600 1697 1751 1753 Unus

177 1805 502 1857 ohtnutuerat
521 1842 536 1864 ,
567 1810 619 1855 et
638 1798 710 1855 de
738 1799 851 1869 ipso
879 1813 984 1851 uno
1008 1794 1208 1850 dictum
1238 1792 1407 1846 fuerat
1426 1833 1439 1855 ,
1471 1789 1647 1861 Ligate
1672 1788 1749 1841 illi

179 1913 349 1951 mm“
375 1905 418 1950 et
450 1896 603 1966 pedes
622 1937 636 1958 ,
668 1902 712 1947 et
740 1891 918 1946 mittite
940 1891 1087 1945 illum
1110 1890 1164 1942 in
1189 1886 1414 1941 tenebras
1441 1884 1706 1940 exteriores
1731 1899 1749 1935 :

174 1989 235 2043 ibi
252 1989 351 2045 erit
372 1989 525 2058 ﬂetus
549 1994 599 2039 et
624 1983 808 2038 stridor
826 1981 1068 2035 dentium.
1092 1979 1266 2047 Quare.
1293 1975 1426 2031 hoc?
1445 1973 1596 2029 Multi
1617 1974 1748 2028 enim

173 2090 274 2134 sunt
300 2078 489 2145 avocati,
508 2075 671 2147 pauci
694 2090 805 2129 vero
830 2074 989 2129 electi.
1018 2070 1153 2141 Quid
1185 2070 1308 2126 huic
1335 2067 1751 2123 manifestationi

176 2170 406 2227 veritatis
430 2168 695 2239 quispiam
730 2162 1096 2221 contradicat?
1124 2161 1339 2222 Mittite,
1370 2159 1573 2230 inquit,
1605 2156 1755 2212 illum

175 2261 217 2313 in
242 2258 470 2316 tenebras
488 2256 778 2312 exteriores.
818 2253 968 2308 Illum
995 2260 1142 2308 certe
1169 2264 1333 2307 unum
1353 2291 1368 2317 ,
1400 2248 1467 2304 de
1490 2263 1596 2319 quo
1623 2246 1753 2301 dicit

181 2350 446 2415 Dominus,
467 2346 620 2401 Multi
638 2345 772 2399 enim
790 2351 906 2399 sunt
927 2342 1106 2408 vocati,
1125 2342 1274 2412 pauci
1292 2355 1407 2395 vero
1426 2340 1586 2393 electi.
1613 2339 1752 2407 Ergo

179 2441 313 2513 pinei
357 2455 469 2495 non
495 2438 783 2493 mittuntur
818 2434 975 2490 foras.
1004 2432 1163 2488 Certe
1192 2446 1330 2485 unus
1365 2438 1483 2486 erat
1507 2429 1595 2484 ille
1615 2471 1629 2492 ,
1661 2428 1750 2499 qui

180 2548 271 2585 non
298 2530 534 2586 habebat
562 2536 765 2583 vestem
791 2524 1098 2595 nuptialem.
1130 2521 1374 2594 Projicite
1414 2536 1547 2574 eum.
1578 2521 1753 2587 Quare

181 2619 489 2691 |rujiciturl
518 2617 674 2673 Multi
705 2616 836 2671 enim
861 2623 980 2670 sunt
1020 2613 1181 2668 vocati
1198 2653 1215 2679 ,
1246 2611 1394 2683 pauci
1427 2626 1543 2666 vero
1586 2609 1749 2667 electi.

182 2712 431 2767 Dimiuite
460 2723 693 2780 paucos,
724 2706 966 2779 projicite
1004 2704 1223 2761 multos.
1252 2704 1413 2761 Certe
1452 2719 1589 2760 unus
1616 2714 1749 2760 erat.

180 2801 314 2859 liuius
337 2802 565 2857 omnino
592 2800 727 2864 iste,
759 2814 864 2853 non
891 2798 1062 2853 solum
1090 2796 1241 2852 multi
1274 2805 1462 2861 erant,
1490 2796 1583 2852 sed
1616 2797 1754 2851 mul-

180 2895 394 2949 titodinc
420 2893 681 2948 bonorum
708 2905 986 2945 nutrierunt
1009 2888 1350 2959 superabant.
1373 2887 1519 2943 Mulli
1540 2887 1682 2942 enim
1703 2895 1758 2941 et

178 2986 328 3040 Imm:
359 2984 461 3041 sed
486 2985 538 3038 in
565 2982 963 3052 comparatione
991 2981 1249 3036 malorum
1279 2980 1429 3051 pauci
1457 2988 1582 3034 sunt
1608 2979 1753 3034 boni.

178 3076 327 3131 Multa
358 3078 625 3131 frumenta
658 3082 777 3128 nata
806 3082 930 3126 sunt
960 3089 973 3125 :
1003 3086 1250 3142 compara
1279 3071 1445 3141 paleis
1464 3110 1481 3135 ,
1510 3080 1562 3124 cl
1593 3084 1756 3139 pauca

176 3182 331 3236 grana
353 3175 501 3221 sunt.
537 3164 701 3220 Iidem
729 3163 824 3233 ipsi
858 3163 909 3217 in
937 3177 996 3216 sc
1019 3162 1147 3231 ipsis
1179 3161 1328 3214 Inculti
1354 3202 1369 3227 ,
1398 3161 1450 3216 in
1475 3174 1758 3231 compara-

179 3258 325 3314 tione
355 3258 616 3312 iuniorum
646 3254 819 3325 pauci.
847 3253 1124 3322 Quomodo
1150 3253 1436 3322 probamus
1472 3254 1593 3323 quia
1622 3254 1673 3307 in
1698 3268 1760 3308 se

180 3348 311 3419 ipsis
350 3348 536 3403 tntilli?
566 3345 722 3401 Nulli
763 3346 826 3399 ab
865 3346 1054 3399 oriente
1079 3353 1124 3398 et
1166 3343 1227 3397 ab
1254 3343 1507 3397 occidente
1542 3344 1754 3397 venient.

176 3441 296 3509 Quo
322 3438 574 3495 venient?
602 3437 683 3493 Ad
717 3436 844 3491 illud
887 3435 1185 3491 convivium
1210 3475 1225 3501 ,
1257 3434 1309 3488 in
1352 3434 1492 3504 quod
1532 3433 1662 3488 boni
1705 3442 1761 3489 et

175 3533 301 3589 mali
326 3535 545 3589 intrant.
576 3532 653 3587 De
680 3531 784 3585 alio
808 3528 1050 3585 convivio
1080 3528 1285 3582 locutus
1308 3526 1569 3595 adiunxit,
1592 3524 1660 3579 Et
1682 3541 1761 3580 rc-

172 3629 410 3682 ciunbent
446 3643 562 3680 nm
590 3624 876 3688 Abraham,
910 3620 1058 3676 Isaac
1096 3631 1142 3674 et
1163 3617 1322 3673 Jacob
1341 3659 1356 3685 ,
1385 3620 1440 3672 in
1477 3634 1631 3688 regno
1656 3633 1760 3671 co:—

174 3715 333 3771 lonuu
371 3716 593 3789 (Matth.
625 3731 716 3770 vttt
738 3758 751 3777 ,
787 3713 890 3783 ll).
924 3711 1055 3767 Illud
1079 3720 1163 3767 est
1189 3710 1491 3765 convivium
1517 3723 1623 3778 quo
1653 3723 1759 3762 non

169 3812 438 3864 necessari
463 3815 589 3862 sunt
608 3805 753 3861 mali.
786 3804 895 3858 lloc
915 3802 1054 3873 quod
1079 3801 1236 3856 modo
1256 3809 1337 3855 est
1355 3798 1514 3869 digne
1533 3798 1763 3869 accipia-

171 3909 253 3953 tur
275 3943 292 3967 ,
326 3913 385 3956 ut
415 3900 483 3956 ad
513 3898 643 3953 illud
685 3896 1038 3968 perveniatur.
1087 3892 1250 3948 Iidem
1277 3906 1407 3962 ergo
1446 3890 1596 3946 multi
1624 3931 1638 3957 ,
1667 3890 1763 3960 qui

167 3999 317 4059 [rauci
351 4011 367 4048 :
400 3990 555 4047 multi
583 3991 638 4044 in
664 4004 724 4045 se
747 3988 875 4058 ipsis
893 4027 908 4051 ,
942 3986 1092 4056 pauci
1121 3987 1171 4039 in
1198 3984 1456 4039 malorum
1481 3997 1761 4052 compara-

167 4088 330 4141 tione.
364 4085 513 4154 Ergo
538 4081 666 4154 quid
692 4080 767 4135 ait
796 4077 1091 4134 Dominus?
1120 4075 1324 4131 Invenit
1346 4091 1506 4131 unum
1528 4116 1543 4142 ,
1570 4084 1624 4130 et
1647 4076 1718 4129 ait
1742 4115 1757 4138 ,

162 4172 529 4244 Projiciantur
572 4171 725 4227 ιιιιιιιί
749 4211 764 4236 ,
796 4177 1103 4225 remaneant
1140 4166 1314 4238 pauci.
1342 4166 1534 4221 Dicere
1573 4164 1716 4220 enim
1741 4207 1756 4230 ,

164 4265 318 4320 Multi
354 4266 559 4328 vocati,
593 4263 742 4333 pauci
767 4276 882 4316 vero
919 4259 1093 4327 electi,
1130 4259 1261 4315 nihil
1283 4269 1365 4314 εει
1389 4256 1530 4313 aliud
1555 4298 1569 4321 ,
1602 4270 1760 4325 quam

156 4372 353 4427 aperte
369 4356 683 4418 ostendere,
702 4354 794 4424 qui
822 4354 873 4407 in
893 4354 995 4408 isto
1020 4352 1267 4409 convivio
1295 4352 1427 4406 tales
1444 4350 1758 4411 habeantur,

159 4459 214 4503 ut
229 4450 300 4504 ad
323 4449 477 4504 aliud
497 4447 800 4504 convivium
824 4445 1200 4515 perducantur,
1219 4459 1324 4515 quo
1349 4442 1524 4499 nullus
1544 4440 1764 4497 accedet

154 4541 460 4596 malorum.

225 4632 280 4686 5.
316 4630 579 4698 Quanam
607 4627 673 4682 sit
700 4626 846 4681 vestis
869 4626 1126 4697 nuptialis.
1163 4622 1305 4693 Quid
1330 4638 1456 4693 ergo
1486 4622 1608 4678 cst?
1635 4624 1763 4679 Om-

148 4738 248 4779 nes
291 4722 398 4792 qui
433 4720 686 4776 acceditis
728 4718 794 4774 ad
837 4733 1074 4781 mensam
1108 4715 1425 4770 dominicam
1452 4755 1468 4781 ,
1517 4729 1637 4785 quas
1679 4715 1765 4771 hic

148 4822 257 4879 est,
287 4812 437 4867 nolo
461 4825 583 4866 esse
607 4824 729 4864 cum
760 4809 937 4863 multis
957 4806 1289 4878 separandis,
1316 4804 1411 4860 sed
1439 4822 1558 4860 cum
1586 4806 1765 4876 paucis

146 4898 584 4956 conservandis.
633 4898 785 4955 Unde
829 4897 931 4955 hoc
961 4896 1245 4968 poteritis?
1282 4895 1519 4967 Accipite
1564 4904 1764 4952 vestem

144 4992 495 5064 nuptialem.
526 4991 767 5061 Expone,
797 4990 1025 5061 inquies,
1049 4989 1201 5045 nobis
1224 4998 1427 5045 vestem
1457 4987 1764 5059 nuptialem.

141 5082 355 5138 Procul
391 5079 566 5135 dubio
608 5081 697 5134 illa
742 5081 903 5136 vestis
946 5089 1060 5148 est,
1100 5095 1258 5151 quam
1291 5095 1394 5134 non
1422 5078 1621 5136 habent
1668 5080 1769 5135 nisi

139 5174 302 5241 boni,
332 5172 397 5229 in
430 5170 680 5226 convivio
706 5171 1055 5243 relinquendi,
1095 5170 1340 5227 servandi
1363 5171 1432 5227 ad
1471 5171 1768 5228 convivium

139 5283 253 5336 quo
298 5263 508 5319 nullus
532 5262 704 5316 malus
724 5263 947 5326 accedit,
974 5277 1074 5333 per
1098 5263 1305 5318 Domini
1331 5265 1551 5331 gratiam
1576 5264 1769 5334 perdu-

135 5355 304 5411 cendi
347 5372 363 5409 :
419 5353 525 5422 ipsi
588 5351 786 5407 habent
844 5363 1047 5408 vestem
1099 5354 1406 5423 nuptialem.
1463 5354 1773 5423 Quwramus

137 5462 299 5517 ergo,
338 5445 555 5501 fratres
606 5443 730 5508 mei,
772 5443 912 5499 inter
957 5443 1138 5499 ﬁdeles
1181 5446 1272 5513 qui
1301 5452 1425 5499 sunt
1459 5446 1546 5515 qui
1580 5445 1774 5500 habent

133 5534 392 5608 aliquid,
428 5531 577 5603 quod
607 5533 730 5588 mali
762 5549 864 5588 non
893 5532 1111 5600 habent,
1140 5534 1331 5603 ctipsa
1357 5536 1458 5591 erit
1483 5535 1646 5591 vestis
1670 5551 1770 5589 nu-

134 5628 356 5698 ptialis.
396 5623 471 5679 Si
500 5623 839 5701 Sacramenta
878 5624 1187 5693 dixerimus,
1216 5626 1405 5681 videtis
1431 5628 1770 5697 quemadmo-

131 5722 266 5776 dum
306 5718 439 5773 sint
480 5714 630 5769 malis
661 5715 918 5787 bonisque
948 5718 1267 5772 communia.
1320 5716 1618 5788 Baptismus
1653 5719 1772 5773 est?

3334 292 3442 359 56!

1859 427 1985 490 Siue
2014 434 2281 504 Baptismo
2307 434 2520 505 quidem
2561 451 2717 492 nemo
2746 440 2810 490 ad
2841 441 3007 491 Deum
3049 434 3285 506 pervenit
3308 450 3324 489 :
3346 433 3438 489 sed

1862 541 1965 579 non
1992 526 2165 580 omnis
2194 526 2283 597 qui
2331 527 2487 583 habet
2517 526 2840 597 Baptismum
2881 525 2949 581 ad
2980 526 3142 580 Deum
3178 527 3438 596 pervenit.

1861 618 1974 672 Non
1997 630 2123 688 ergo
2152 632 2366 688 possum
2405 618 2697 690 intelligere
2722 618 3045 689 Baptismum
3072 631 3192 672 esse
3238 623 3438 672 vestem

1862 710 2166 779 nuptialem,
2199 709 2247 763 id
2278 715 2359 765 est
2386 708 2559 777 ipsum
2589 718 3015 774 sacramentum;
3052 723 3208 778 quam
3237 717 3437 763 veStem

1859 799 2012 854 video
2042 800 2094 853 in
2121 800 2293 865 bonis,
2327 799 2479 854 video
2521 800 2572 854 in
2599 799 2773 854 malis.
2822 798 2982 854 Forte
3002 797 3167 853 altare
3213 806 3315 864 est,
3355 797 3440 852 vel

1858 891 1999 961 quod
2036 890 2293 960 accipitur
2315 891 2382 946 de
2409 890 2580 946 altari.
2609 888 2862 945 Videmus
2889 889 3007 958 quia
3041 888 3188 943 multi
3214 887 3437 941 mandu—

1858 991 2004 1046 cant,
2030 988 2084 1035 ct
2107 980 2361 1051 judicium
2393 981 2492 1036 sibi
2514 980 2903 1036 manducanlct
2932 979 3133 1034 bibunt.
3153 977 3289 1047 Quid
3314 991 3440 1047 ergo

1858 1084 1938 1128 est
1958 1073 1980 1126 ?
2002 1073 2312 1140 Jejunatur?
2338 1072 2589 1142 Jejuuant
2617 1079 2669 1127 et
2698 1072 2845 1127 mali.
2883 1070 2961 1126 Ad
2990 1069 3282 1125 Ecclesium
3307 1082 3439 1125 con-

1858 1165 2132 1220 curritur?
2183 1165 2519 1221 Concurrunt
2558 1176 2613 1220 et
2660 1164 2803 1218 mali.
2860 1163 3139 1219 Postremo
3188 1161 3438 1216 miracula

1861 1254 2031 1309 Ilunt?
2056 1254 2172 1309 Non
2199 1256 2371 1310 solum
2401 1254 2525 1309 boni
2552 1251 2746 1309 iaciunt
2785 1261 2840 1308 et
2864 1253 3009 1319 mali,
3038 1251 3130 1307 sed
3160 1249 3439 1319 aliquando

1860 1361 1965 1400 non
2002 1344 2203 1401 faciunt
2248 1346 2392 1401 boni.
2422 1345 2560 1401 Ecce
2604 1344 2656 1399 in
2710 1353 2890 1399 vetere
2919 1342 3115 1413 populo
3137 1340 3275 1411 magi
3301 1340 3439 1395 Pha-

1859 1437 2039 1493 raonis
2065 1439 2318 1493 miracula
2344 1438 2601 1494 iaciebant
2625 1435 2819 1510 (Ea-od.
2847 1451 2917 1489 vn
2939 1442 2993 1490 et
3017 1433 3154 1506 vni),
3190 1432 3439 1486 Israelita:

1857 1544 1961 1583 non
2011 1529 2394 1585 faciebantzin
2449 1528 2699 1584 lsraelitis
2746 1527 2891 1583 solus
2938 1525 3145 1597 Moyses
3182 1535 3236 1579 et
3262 1524 3437 1577 Aaron

1856 1620 2116 1676 faciebant
2131 1638 2144 1683 ;
2161 1620 2342 1676 cteteri
2360 1634 2462 1675 non
2480 1619 2760 1683 faciebant,
2777 1616 2869 1672 sed
2882 1615 3145 1681 videbant,
3168 1612 3440 1674 timebant,

1853 1712 2163 1768 credebant.
2180 1710 2439 1782 Numquid
2459 1710 2703 1766 meliores
2720 1709 2855 1778 magi
2879 1707 3168 1763 Pharaonis
3189 1706 3437 1759 miracula

1856 1802 2131 1868 facientes,
2164 1818 2318 1873 quam
2351 1802 2573 1873 populus
2612 1798 2794 1868 Israel,
2840 1799 2927 1870 qui
2973 1797 3224 1853 miracula
3266 1794 3441 1851 facere

1855 1906 1959 1950 non
1987 1894 2218 1960 valebat,
2248 1901 2302 1949 et
2339 1893 2406 1948 ad
2436 1894 2605 1949 Deum
2637 1901 2813 1947 tamen
2845 1889 3071 1962 populus
3111 1883 3451 1959 pertinebat?

1856 1985 1910 2040 lu
1955 1987 2066 2056 ipsa
2106 1986 2371 2049 Ecclesia,
2424 1986 2733 2055 Apostolum
2766 1983 2922 2049 audi,
2966 1978 3231 2051 Numquid
3271 1993 3442 2032 omnes

1856 2079 2157 2150 propheth
2198 2079 2440 2147 numquid
2484 2093 2654 2131 omnes
2703 2076 2837 2129 dona
2874 2074 3054 2127 habent
3090 2069 3442 2125 curationum?

1855 2168 2100 2237 numquid
2152 2184 2321 2221 omnes
2342 2167 2527 2237 linguis
2549 2167 2820 2235 loquuntur
2851 2162 2892 2236 (I
2912 2160 3030 2218 Cor.
3061 2176 3156 2227 xu,
3181 2159 3274 2226 29,
3301 2159 3390 2230 30)
3418 2162 3441 2211 t

1926 2258 1979 2314 6.
2014 2257 2172 2313 Vestis
2201 2255 2445 2327 nuptialis
2481 2256 2722 2310 charitas.
2750 2254 2897 2309 Bona
2936 2260 3118 2305 ca'tera
3141 2265 3251 2305 stne
3268 2249 3439 2304 chari-

1857 2362 1959 2406 tate
1995 2368 2094 2406 non
2151 2360 2378 2421 prosunt.
2436 2347 2665 2404 Charitas
2727 2357 2775 2401 et
2814 2344 3066 2416 cupiditas
3123 2344 3178 2397 in
3221 2342 3439 2397 homine.

1855 2444 1985 2512 Qua:
2013 2451 2241 2512 estergo
2267 2443 2428 2498 vestis
2457 2441 2545 2496 illa
2576 2438 2866 2511 nuptialis?
2895 2437 3020 2492 Haec
3048 2443 3131 2491 est
3158 2435 3320 2490 vestis
3348 2450 3444 2489 nu-

1857 2534 2033 2605 ptialis
2071 2553 2084 2589 :
2126 2532 2274 2588 Finis
2310 2543 2478 2587 autem
2523 2530 2759 2604 praerepti
2801 2538 2905 2597 est,
2957 2527 3242 2597 Apostolus
3292 2525 3441 2589 dicit.

1860 2625 2081 2680 charitas
2117 2624 2181 2679 de
2206 2624 2359 2678 corde
2382 2639 2527 2695 puro,
2557 2631 2605 2677 et
2632 2620 2931 2676 conscientia
2961 2619 3110 2686 bona,
3139 2626 3187 2673 et
3217 2616 3318 2685 ﬁde
3338 2633 3440 2671 non

1861 2718 1979 2785 [icta
2006 2714 2048 2787 (Ι
2080 2715 2208 2770 Tim.
2236 2729 2276 2782 ι,
2301 2712 2380 2781 5).
2412 2713 2534 2769 llaec
2556 2719 2641 2767 est
2668 2711 2833 2766 vestis
2859 2710 3125 2780 nuptialis.
3153 2706 3277 2777 Non,
3295 2721 3443 2778 quat-

1860 2821 2085 2877 eumque
2109 2805 2341 2860 charitas
2367 2821 2380 2859 :
2411 2819 2532 2858 nam
2559 2802 2869 2872 plerumque
2884 2799 3129 2856 videntur
3143 2812 3202 2854 se
3223 2796 3444 2866 diligere

1860 2901 2019 2955 etiam
2051 2898 2292 2952 homines
2322 2895 2604 2966 participes
2630 2894 2781 2948 malae
2828 2891 3184 2947 conseientim.
3213 2888 3313 2956 Qui
3361 2888 3435 2941 si-

1862 2990 1973 3045 mul
2003 2988 2278 3045 latrocinia
2309 2986 2525 3052 faciunt,
2557 2985 2645 3056 qui
2674 2983 2829 3039 simul
2857 2979 3133 3048 maleﬁcia,
3180 2979 3267 3049 qui
3288 2979 3444 3032 simul

1864 3081 2150 3135 histriones
2196 3089 2396 3146 amant,
2426 3077 2514 3148 qui
2565 3075 2719 3130 simul
2770 3073 2967 3144 aurigis
3008 3082 3062 3127 ει
3107 3070 3446 3127 venatoribus

1863 3173 2114 3235 clamant,
2161 3171 2469 3241 plerumque
2500 3168 2724 3239 diligunt
2768 3178 2827 3221 se
2851 3183 2865 3216 ε
2893 3163 2987 3221 sed
3027 3179 3134 3218 non
3162 3171 3245 3219 est
3286 3162 3339 3217 in
3370 3163 3447 3217 eis

1863 3265 2085 3319 choritas
2107 3264 2170 3317 de
2196 3263 2348 3316 corde
2368 3270 2515 3331 puro,
2546 3267 2592 3313 et
2636 3256 2940 3312 conscientia
2968 3256 3116 3321 bona,
3151 3264 3197 3308 et
3222 3252 3323 3323 ﬁde
3348 3267 3447 3306 non

1865 3355 2002 3426 ﬁcta.
2025 3353 2168 3408 Talis
2191 3352 2424 3408 eharitas
2439 3350 2602 3406 vestis
2624 3356 2708 3403 est
2727 3346 2993 3416 nuptialis.
3011 3342 3072 3400 Si
3083 3344 3268 3413 linguis
3283 3342 3448 3396 [tanti-

1865 3463 1987 3501 uum
2001 3446 2178 3515 loquar
2193 3453 2237 3497 et
2253 3442 2576 3513 Angelorum,
2602 3438 2898 3492 charitatem
2914 3444 3081 3488 autem
3098 3448 3198 3488 non
3220 3432 3445 3496 habeam,

1866 3541 2034 3610 [actus
2061 3553 2194 3599 sum,
2225 3534 2427 3603 inquit,
2467 3542 2519 3585 ut
2546 3538 2872 3585 atratnentum
2896 3540 3105 3591 sonans,
3138 3534 3225 3577 aut
3249 3521 3451 3593 cymba-

1866 3629 1972 3683 lum
2001 3628 2236 3682 tinuieus.
2280 3623 2624 3680 Advencrunt
2651 3621 2843 3689 lingua:
2871 3617 3017 3682 solm,
3049 3623 3105 3671 et
3135 3615 3328 3670 dicitur
3347 3614 3447 3681 eis,

1865 3718 1999 3786 Quid
2022 3718 2123 3770 huc
2143 3713 2378 3770 intrastis
2404 3727 2509 3767 non
2536 3711 2795 3766 habentes
2820 3714 3019 3762 vestem
3047 3704 3366 3775 nuptialem?
3392 3703 3454 3758 Si

1865 3810 2101 3873 habuero,
2123 3808 2311 3878 inquit,
2345 3805 2679 3878 prophetiam,
2701 3812 2747 3857 et
2769 3802 2925 3858 sciero
2941 3801 3107 3855 omnia
3121 3808 3449 3861 sacramenta,

1866 3910 1913 3955 et
1956 3915 2151 3954 omnem
2174 3897 2452 3963 scientiam,
2491 3905 2539 3949 et
2582 3894 2803 3948 habuero
2858 3889 3032 3961 ﬁdem,
3078 3891 3153 3943 ita
3174 3897 3227 3942 ut
3268 3897 3454 3941 montes

1866 3994 2196 4061 transferant,
2231 3989 2525 4043 charitatem
2557 3994 2725 4039 autem
2759 3999 2860 4038 non
2888 3980 3097 4036 habeam
3116 4022 3130 4047 ,
3170 3980 3296 4034 nihil
3322 3996 3452 4033 sum.

1867 4083 2008 4140 Ecce
2033 4092 2158 4137 sunt
2186 4082 2270 4135 illa
2299 4078 2553 4135 miracula
2581 4077 2852 4131 hominum
2877 4074 3193 4147 plerumque
3220 4086 3324 4126 non
3365 4071 3456 4126 han

1868 4174 2104 4229 bcntium
2155 4179 2357 4225 vestem
2387 4168 2697 4240 nuptialem.
2727 4166 2787 4222 Si
2820 4165 2954 4230 haec,
3003 4163 3190 4233 inquit,
3233 4163 3453 4217 habeam

1867 4263 2404 4329 oninia,etChristum
2421 4277 2524 4316 non
2538 4256 2919 4325 habeam,nihil
2931 4271 3068 4311 sum.
3089 4254 3427 4326 Nihil,inquit
3440 4297 3455 4320 ,

1867 4372 1996 4414 sunt.
2020 4355 2161 4426 Ergo
2187 4353 2461 4424 pmphetia
2479 4351 2612 4407 nihil
2631 4351 2750 4405 est?
2766 4363 2894 4421 ergo
2917 4348 3137 4403 scientia
3158 4362 3463 4403 sacrametp

1870 4459 2043 4505 torum
2065 4447 2195 4503 nihil
2219 4448 2337 4502 est?
2354 4445 2469 4501 Non
2491 4445 2576 4499 illa
2600 4443 2729 4499 nihil
2746 4451 2900 4497 sunt:
2925 4441 3018 4498 sed
3045 4443 3232 4513 agmsi
3254 4441 3342 4496 illa
3362 4440 3458 4494 ha-

1869 4540 2046 4605 beam,
2073 4550 2128 4596 et
2154 4538 2465 4595 charitatcm
2494 4553 2598 4592 non
2640 4537 2884 4602 habeam,
2913 4533 3047 4590 nihil
3070 4548 3211 4590 sum.
3254 4534 3459 4602 Quanta

1870 4632 2009 4687 bona
2053 4630 2184 4686 nihil
2222 4637 2442 4700 prosunt
2471 4628 2586 4683 sine
2625 4641 2733 4682 uno
2772 4626 2957 4681 bono?
2983 4624 3041 4680 Si
3084 4639 3190 4680 non
3238 4623 3461 4679 habeam

1870 4721 2269 4786 charitatem,si
2297 4721 2666 4790 elecmosynas
2691 4718 2886 4787 largior
2915 4717 2966 4771 in
3002 4730 3280 4787 pauperes.
3321 4716 3366 4769 si
3395 4716 3461 4768 ad

1871 4814 2261 4870 confessionem
2287 4812 2516 4877 nominis
2530 4810 2721 4865 Christi
2741 4825 2906 4878 ustpie
2931 4808 2996 4862 ad
3020 4808 3351 4877 sanguinem,
3368 4822 3461 4859 us-

1872 4922 1975 4979 que
2003 4905 2068 4961 ad
2096 4906 2243 4976 ignes
2256 4902 2471 4965 accedo,
2491 4900 2825 4971 possuntista
2856 4898 3229 4955 ﬁerieamoro
3258 4894 3456 4964 glorim.

1873 4998 2047 5054 inania
2063 5004 2206 5050 sunt.
2223 4994 2355 5061 Quia
2371 5007 2499 5062 ergo
2517 4999 2736 5062 possunt
2759 4990 2871 5045 ﬁeri
2887 4990 3048 5044 etiam
3071 4996 3256 5042 amore
3279 4988 3461 5057 gloria:

1875 5088 2071 5153 inania,
2103 5102 2206 5140 non
2228 5083 2487 5139 charita'tc
2519 5080 2862 5151 pinguissima
2898 5079 3129 5150 pictatis,
3160 5079 3317 5131 etiam
3350 5076 3463 5145 ἱιιειι

1875 5184 2276 5241 commemorat,
2303 5185 2355 5229 et
2389 5173 2498 5244 ipsa
2526 5171 2648 5227 audi
2677 5170 2775 5227 :Si
2803 5170 3101 5224 distribuere
3139 5169 3309 5222 etruria
3354 5183 3464 5221 mea

1875 5270 1930 5323 iu
1954 5285 2099 5324 usum
2129 5282 2427 5337 pauperum,
2454 5273 2502 5319 et
2530 5264 2575 5319 si
2593 5261 2849 5317 tradidero
2875 5276 3057 5331 corpus
3093 5276 3255 5314 meum
3298 5269 3356 5312 ut
3380 5276 3466 5311 ar-

1878 5362 2045 5425 deant,
2078 5359 2372 5414 charitatem
2395 5375 2495 5412 non
2514 5357 2743 5419 habeam,
2766 5354 2894 5408 nihil
2920 5354 3044 5407 mihi
3065 5351 3264 5423 prodest
3287 5352 3325 5423 (Ι
3343 5349 3461 5406 Cor.

1878 5466 1992 5515 xm,
2019 5450 2161 5519 1-5).
2198 5448 2323 5503 lianc
2364 5459 2447 5503 est
2475 5450 2639 5503 vestis
2667 5444 2934 5514 nuptialis.
2980 5443 3305 5511 Interrogata
3336 5458 3460 5506 vos;

1878 5541 1925 5596 si
1951 5539 2156 5595 habetis
2177 5540 2341 5606 illam,
2361 5539 2529 5594 securi
2550 5538 2679 5593 estis
2702 5538 2751 5591 in
2774 5536 3014 5591 convivio
3030 5534 3311 5589 dominico.
3339 5535 3465 5590 Dtta’,

1881 5641 2001 5685 sunt
2035 5632 2086 5684 in
2136 5631 2347 5685 homine
2387 5646 2526 5695 uno,
2556 5628 2790 5684 charitas
2834 5637 2889 5683 et
2915 5627 3195 5698 cupiditas.
3226 5626 3467 5682 Charitas

1881 5732 2129 5776 nascatur
2172 5724 2222 5776 in
2274 5731 2348 5789 te,
2401 5711 2441 5774 si
2475 5720 2710 5775 nondum
2758 5728 2877 5775 nata
2916 5730 3024 5786 est;
3052 5729 3105 5775 et
3142 5720 3184 5774 si
3214 5728 3333 5773 nati
3361 5729 3461 5785 cst,
