3934 6184
343 269 458 343 se;
675 288 704 307 κ

350 388 545 451 alatur,
580 381 860 445 nutriatur,
893 384 1121 433 crescat.
1153 374 1244 430 illa
1296 390 1421 429 vero
1471 371 1753 444 cupiditas,
1786 378 1839 425 et
1885 366 1930 426 si

350 479 404 535 in
436 480 534 533 hac
556 477 658 532 vita
681 471 941 543 exstingui
970 470 1181 541 penitus
1209 483 1313 524 non
1345 475 1550 538 potest;
1577 467 1694 536 quia
1719 465 1765 519 si
1792 464 1933 517 dixe-

351 572 511 625 rimus
534 565 669 638 quod
695 573 951 636 peccatum
998 578 1098 616 non
1152 559 1409 623 habemus,
1442 575 1532 612 nos
1571 557 1709 626 ipsos
1730 554 1930 610 seduci-

350 678 482 723 mus,
512 667 558 712 et
585 656 764 710 veritas
789 656 840 709 in
863 654 1003 709 nobis
1032 670 1132 708 non
1152 661 1259 706 est:
1288 652 1338 705 in
1379 659 1632 721 quantum
1652 658 1830 703 autem
1851 655 1933 701 est

352 756 404 807 in
427 750 576 806 nobis
597 749 873 820 cupiditas,
895 748 947 803 iu
974 755 1177 802 tantum
1205 745 1321 800 sine
1343 752 1560 814 peccato
1581 757 1687 797 non
1711 754 1927 795 sumus:

350 845 581 901 charims
603 853 824 906 crescat,
848 840 1109 911 cupiditas
1130 839 1437 903 decrescat;
1470 845 1527 892 ut
1545 833 1828 906 aliquando
1844 833 1933 887 illa

353 938 675 1006 perﬁciatur,
716 934 817 991 hoc
859 942 942 990 est
983 932 1242 997 eharitas,
1273 930 1532 1001 cupiditas
1568 935 1931 985 consumatur.

350 1028 554 1084 induite
606 1041 701 1082 vos
756 1034 958 1081 vestem
1014 1024 1346 1094 nuptialem:
1380 1036 1473 1076 vos
1515 1020 1791 1091 alloquor,
1843 1016 1933 1087 qui

350 1120 575 1175 necdum
610 1118 837 1173 habetis.
881 1116 998 1172 .lam
1042 1115 1186 1171 intus
1216 1115 1376 1177 estis,
1399 1113 1510 1183 jam
1537 1111 1603 1166 ad
1631 1110 1933 1166 convivium

349 1211 620 1273 accudilis,
667 1218 720 1264 et
750 1218 950 1265 vestem
978 1207 1031 1262 in
1068 1206 1327 1263 hor-orem
1371 1205 1553 1274 sponsi
1583 1201 1815 1257 nondum
1840 1199 1935 1255 ha-

349 1303 484 1363 betis
514 1310 727 1356 :vcstra
777 1299 955 1354 adhuc
979 1297 1237 1369 qumritis,
1284 1313 1388 1351 non
1419 1311 1539 1365 qua:
1564 1293 1688 1349 Jesu
1715 1291 1932 1347 Christi.

353 1392 528 1445 \‘estis
556 1392 697 1446 enim
730 1390 980 1462 nuptialis
1001 1390 1051 1444 in
1081 1390 1285 1443 honore
1323 1386 1580 1457 accipitur
1604 1383 1933 1454 coniugatio-

348 1483 452 1544 nis,
479 1481 530 1535 id
558 1488 640 1535 est
668 1480 850 1552 sponsi
899 1490 953 1535 et
980 1493 1212 1548 Sponsm.
1256 1476 1436 1533 Nostis
1458 1489 1713 1545 sponsum
1736 1491 1750 1526 :
1778 1471 1935 1527 Chri-

351 1585 465 1627 stus
491 1581 592 1627 est.
631 1572 811 1626 Nostis
853 1585 1102 1640 sponsam
1130 1587 1142 1623 :
1177 1568 1417 1623 Ecclesia
1466 1574 1567 1621 est.
1599 1566 1807 1621 Deferle
1833 1580 1936 1618 nu-

347 1664 517 1728 benti,
570 1662 773 1719 deferte
830 1662 1064 1716 ducenti.
1117 1661 1172 1716 Si
1208 1660 1321 1713 istis
1353 1661 1488 1715 bene
1525 1657 1819 1713 detuleritis
1845 1655 1935 1727 qui

351 1754 570 1814 ttttlttfltl,
613 1769 706 1809 \‘05
729 1753 821 1807 ﬁlii
853 1754 1018 1808 eritis.
1043 1752 1183 1823 Ergo
1212 1753 1279 1825 in)
1300 1751 1401 1806 hoc
1432 1751 1690 1822 prolicite.
1724 1750 1936 1820 Dillgilc

352 1848 652 1913 l'otniamn,
676 1856 727 1901 et
750 1845 819 1900 ibi
842 1846 1031 1901 discite
1058 1844 1275 1915 diligere
1299 1860 1391 1899 vos
1416 1863 1427 1899 :
1456 1853 1513 1899 ut
1531 1859 1650 1899 cum
1667 1842 1935 1914 diligendo

352 1938 632 1991 Dominum
646 1937 936 1992 dilexeritis
954 1952 1066 2003 vos,
1090 1936 1261 1991 securi
1280 1936 1505 2006 diligatis
1519 1935 1787 2006 proximos
1797 1935 1936 1990 sicut

348 2047 462 2083 vos.
491 2029 715 2098 Quando
743 2030 885 2085 enim
932 2046 1035 2083 non
1076 2029 1289 2084 invenio
1310 2044 1368 2084 se
1396 2030 1565 2099 ipsum
1596 2029 1927 2100 diligentem,

345 2123 615 2190 quoumdo
655 2122 704 2177 ci
735 2122 981 2192 permitto
1019 2121 1338 2192 proximum,
1380 2136 1536 2191 quem
1565 2120 1747 2192 diligat
1798 2123 1935 2175 sicut

346 2234 372 2266 s
393 2237 402 2250 -
422 2216 625 2284 ipsum?
644 2216 710 2271 Et
730 2216 847 2287 quis
863 2224 963 2279 est,
990 2215 1176 2284 inquit,
1207 2215 1292 2284 qtti
1316 2231 1421 2269 non
1449 2214 1630 2285 diligat
1652 2231 1709 2270 se
1728 2215 1933 2284 ipsum?

349 2307 484 2361 lli-ce
527 2308 645 2374 quis
684 2318 763 2360 est
790 2324 807 2361 :
838 2306 937 2371 Qui
968 2305 1133 2377 diligit
1174 2307 1508 2374 iniquitatent,
1556 2306 1664 2360 odit
1709 2309 1931 2362 animant

344 2416 487 2449 suum
519 2395 687 2465 (l’sul.
707 2413 761 2461 x,
786 2396 864 2466 6).
882 2396 1148 2466 Numquid
1169 2397 1428 2467 diligitse,
1451 2398 1694 2467 quiamat
1714 2414 1928 2454 carnem

344 2504 516 2550 suam,
546 2497 600 2541 ct
622 2487 734 2542 odit
762 2487 994 2541 animant
1035 2502 1207 2552 suam,
1240 2489 1380 2542 malo
1413 2503 1531 2555 suo,
1581 2490 1719 2544 malo
1738 2492 1930 2546 anima:

345 2597 455 2638 sui:
484 2591 537 2634 et
563 2582 741 2635 carnis
770 2581 919 2635 suae?
941 2579 1071 2647 Quis
1097 2588 1273 2635 autem
1292 2580 1464 2651 diligit
1488 2583 1720 2637 animam
1744 2584 1930 2639 suam?

343 2672 442 2738 Qui
471 2672 642 2742 diligit
672 2673 839 2727 Deum
866 2687 934 2728 ex
964 2681 1078 2726 toto
1106 2672 1266 2728 corde
1291 2688 1406 2738 suo,
1442 2682 1497 2729 et
1517 2690 1580 2728 ex
1613 2683 1719 2730 tota
1752 2685 1929 2732 mente

343 2781 457 2825 sua.
489 2764 605 2819 .lam
642 2764 732 2820 tali
774 2765 1051 2819 committo
1093 2766 1392 2834 proximum
1416 2766 1454 2819 ⁸.
1502 2766 1712 2837 Diligite
1753 2769 1929 2837 proxi-

342 2871 478 2920 mos,
511 2865 755 2926 tauquam
775 2870 870 2910 vos
896 2855 1059 2924 ipsos.

415 2948 463 3005 7.
522 2945 794 3002 Proximus
822 2989 835 3011 ,
865 2950 1027 3001 omnis
1053 2949 1223 3003 homo.
1273 2949 1402 3018 Quis
1445 2960 1547 3016 est,
1578 2951 1764 3022 inquit,
1797 2953 1925 3007 mihi

340 3040 646 3107 proximus?
679 3040 864 3097 Omnis
910 3042 1070 3099 homo
1109 3042 1382 3112 proximus
1424 3051 1545 3099 tuus
1591 3053 1690 3099 est.
1741 3044 1927 3100 Nonne

337 3130 474 3188 duos
500 3140 747 3198 parentes
774 3132 1054 3186 habuimus
1097 3134 1326 3188 omnes?
1370 3133 1616 3189 Proxima
1666 3145 1792 3191 sunt
1824 3137 1923 3192 sibi

337 3222 598 3292 cujusque
623 3223 833 3293 generis
862 3224 1131 3291 animalia,
1156 3225 1434 3281 columbus
1476 3227 1745 3293 columbo,
1802 3244 1924 3297 par-

310 3317 441 3372 .dus
472 3316 656 3386 pardo,
679 3316 824 3386 aspis
845 3318 1036 3387 aspidi,
1069 3334 1230 3387 pecus
1252 3319 1454 3387 pecori,
1483 3328 1536 3374 et
1566 3335 1671 3374 nou
1695 3330 1778 3375 est
1805 3336 1924 3391 pro-

339 3409 510 3462 xiuttts
528 3406 687 3463 homo
714 3407 951 3464 homini?
970 3408 1210 3465 Recolite
1239 3410 1621 3465 institutionem
1642 3423 1920 3467 creaturae.

340 3498 479 3553 Dixit
521 3498 685 3562 Deus,
726 3498 1056 3568 proutlerunt
1084 3515 1268 3570 aqu-.c;
1303 3500 1557 3565 natantia,
1612 3509 1759 3557 cetos
1807 3517 1921 3555 ma-

337 3606 489 3654 gnos.
522 3591 712 3660 pisces,
741 3591 917 3657 alites,
950 3591 1251 3662 similiaque
1282 3593 1633 3662 protulerunt.
1656 3593 1921 3665 Numquid

335 3684 402 3737 de
444 3699 544 3736 una
586 3700 685 3739 ave
713 3700 900 3741 onmes
954 3685 1117 3739 aves?
1166 3686 1426 3756 Numquid
1463 3686 1529 3741 de
1558 3702 1665 3742 uno
1715 3689 1924 3743 vulture

336 3792 522 3829 omnes
554 3777 832 3833 vultures?
881 3777 1147 3848 Numquid
1190 3780 1260 3834 de
1316 3795 1421 3833 uno
1461 3781 1710 3835 columbo
1736 3797 1923 3837 omnes

335 3869 894 3940 rolumbi?Numqnid
924 3870 992 3926 de
1038 3888 1144 3926 uno
1184 3872 1404 3928 coluhro
1448 3888 1635 3927 omnes
1672 3874 1922 3928 colubri?

337 3962 600 4032 Numquid
626 3962 693 4018 de
719 3978 820 4017 una
853 3973 1037 4019 aurata
1079 3979 1265 4019 omnes
1302 3965 1539 4019 auratm?
1564 3964 1831 4035 Numquid
1855 3966 1922 4022 de

336 4071 436 4111 tina
459 4070 560 4109 ore
582 4070 775 4111 omnes
800 4056 974 4111 oves?
1006 4056 1198 4127 Utique
1223 4056 1380 4112 simul
1409 4064 1551 4112 terra
1576 4072 1769 4128 genera
1792 4074 1919 4128 pro-

338 4148 455 4201 tulit
482 4147 681 4202 omnia.
714 4147 942 4203 Ventum
990 4158 1073 4203 est
1100 4148 1166 4203 ad
1196 4149 1485 4215 hominem,
1519 4160 1574 4205 et
1600 4166 1704 4205 non
1734 4160 1922 4222 protu-

338 4239 394 4291 lit
427 4249 564 4293 terra
601 4239 891 4295 hominem.
917 4240 1110 4295 Factus
1143 4252 1227 4297 est
1250 4241 1406 4298 nobis
1437 4259 1575 4300 unus
1605 4254 1754 4314 pater
1781 4262 1795 4298 :
1823 4261 1949 4301 nec-

333 4330 522 4386 saltem
546 4330 673 4397 duo,
702 4341 850 4401 pater
873 4340 926 4386 et
951 4341 1122 4386 mater
1151 4350 1164 4383 :
1189 4331 1359 4388 factus
1376 4342 1479 4400 est,
1505 4335 1740 4404 inquam,
1769 4337 1922 4392 nobis

336 4438 473 4475 unus
500 4432 668 4491 pater,
700 4437 800 4478 nec
820 4423 1008 4477 saltem
1035 4422 1161 4489 duo,
1192 4432 1341 4492 pater
1389 4434 1444 4481 et
1470 4436 1641 4481 mater
1669 4447 1683 4483 :
1712 4427 1806 4483 sed
1854 4428 1923 4484 de

337 4528 445 4567 uno
468 4521 617 4582 patre
643 4528 747 4567 una
771 4523 942 4568 mater
966 4529 981 4576 ;
1004 4528 1140 4568 unus
1155 4515 1222 4569 de
1252 4516 1417 4581 nullo,
1444 4516 1537 4571 sed
1564 4533 1596 4573 a
1617 4519 1723 4572 Deo
1753 4518 1923 4575 lactus

335 4612 439 4664 est,
495 4611 550 4658 et
590 4612 695 4657 una
738 4603 806 4659 de
854 4604 944 4659 illo
974 4603 1126 4675 (Gen.
1163 4614 1261 4662 tet
1304 4606 1386 4676 ιι).
1437 4608 1707 4663 Attendite
1753 4626 1923 4681 genus

338 4704 577 4751 nostrum
611 4714 624 4751 :
652 4696 721 4751 de
751 4711 859 4753 uno
892 4696 1035 4752 fonte
1058 4700 1416 4762 manavimus;
1449 4709 1503 4754 et
1526 4699 1649 4770 quia
1674 4702 1763 4755 ille
1785 4718 1922 4758 unus

337 4789 392 4843 in
420 4787 823 4844 amaritudinem
853 4804 1039 4844 versus
1067 4802 1171 4855 est,
1214 4807 1403 4847 onmes
1429 4807 1493 4847 ex
1524 4793 1662 4846 oliva
1691 4794 1922 4849 oleaster

338 4881 461 4935 facti
485 4895 690 4936 sumus.
722 4880 879 4938 Venit
903 4890 955 4934 et
981 4881 1170 4952 gratia.
1198 4882 1487 4939 Generavit
1538 4900 1673 4939 unus
1704 4886 1769 4940 ad
1796 4901 1875 4954 pc:
1895 4916 1921 4929 -

335 4984 512 5028 catum
541 4981 594 5029 et
613 4972 679 5027 ad
710 4980 959 5039 mortem,
991 4982 1169 5029 tamen
1200 4989 1364 5029 untun
1393 4991 1581 5045 genus,
1607 4985 1780 5032 tamen
1801 4993 1921 5045 pro-

338 5065 510 5120 ximos
551 5066 651 5121 sibi
684 5081 905 5131 omnes;
959 5074 1135 5121 tamen
1190 5082 1294 5122 non
1338 5068 1508 5122 soluat
1566 5068 1787 5131 similes,
1825 5069 1919 5122 sed

337 5158 497 5211 etiam
545 5168 821 5227 cognatos.
873 5157 1028 5213 Venit
1062 5174 1197 5212 untts
1244 5168 1428 5213 contra
1479 5175 1640 5214 unum
1678 5179 1690 5213 :
1733 5170 1919 5215 contra

337 5264 501 5303 unum
537 5249 627 5318 qui
656 5251 872 5319 sparsit,
903 5264 1039 5303 ttuus
1067 5250 1155 5318 qui
1183 5249 1402 5320 colligit.
1435 5250 1524 5306 Sic
1553 5263 1734 5307 contra
1759 5269 1920 5307 unum

336 5341 426 5412 qui
479 5341 693 5407 occidit,
725 5356 863 5396 unus
900 5341 987 5410 qui
1020 5342 1267 5395 vivilicat.
1310 5343 1455 5396 Sicut
1483 5343 1624 5397 enim
1651 5346 1703 5398 in
1762 5346 1921 5398 Adam

338 5442 509 5487 omnes
552 5433 855 5497 moriuntur,
897 5434 969 5487 sic
1015 5434 1067 5486 in
1097 5433 1295 5488 Christo
1337 5450 1505 5489 omnes
1545 5436 1926 5504 viviﬁcabuntur

405 5587 520 5651 fago
540 5587 848 5651 Corlzeiensis
884 5593 965 5651 Ms.
1000 5591 1193 5651 antiqua
1236 5602 1379 5639 manu
1430 5591 1717 5643 emendatus
1753 5606 1765 5640 :
1814 5607 1925 5645 nam

341 5645 774 5759 laagitnaprimum,
807 5649 947 5696 sicuti
993 5645 1267 5698 sirmo'mrlus
1308 5665 1365 5699 ex
1399 5665 1460 5701 eo
1491 5651 1656 5711 (’(lldll,
1688 5654 1927 5707 committo

341 5719 398 5757 pr
484 5719 501 5753 ι

1558 257 1615 312 S.
1658 250 2020 311 AUGUSTINI
2068 251 2373 308 El’lSCOPl

3523 256 3626 313 58‘

2042 365 2257 433 (lCor.
2304 383 2395 435 xv,
2445 367 2558 441 εξ).
2604 370 2709 425 Sed
2759 369 3027 442 quomodo
3072 369 3140 426 de
3194 371 3287 426 illo
3323 348 3497 429 omnis
3538 377 3626 448 qui

2040 459 2294 523 nascitur,
2336 460 2559 515 moritur
2588 479 2601 515 :
2626 462 2703 517 sic
2734 462 2784 517 iu
2837 460 3051 518 Christo
3102 464 3278 521 omnis
3316 467 3409 536 qui
3432 467 3622 533 credit,

2040 547 2358 606 vivilicatur.
2387 551 2490 606 Sed
2513 555 2557 607 si
2587 551 2781 608 habeat
2807 562 3010 609 vestem
3057 556 3367 624 nuptialem,
3398 558 3444 613 si
3493 559 3626 615 iuvi-

2040 650 2178 695 tetur
2203 642 2515 708 servandus,
2539 659 2643 700 non
2664 646 3009 715 separandus.

2112 733 2164 786 8.
2228 730 2383 788 Fides
2437 751 2538 789 non
2595 736 2822 805 quwlt'bet
2878 737 3138 792 laudatur.
3206 739 3411 797 llabcte
3451 741 3629 813 itaque

2039 825 2383 892 cltaritatem,
2418 826 2606 883 fratres
2643 829 2767 884 mei.
2800 828 3038 900 Exposui
3071 832 3224 888 vobis
3278 844 3484 892 vestem
3525 853 3628 892 nu-

2043 918 2255 986 ptialem
2273 960 2289 985 ,
2317 920 2537 988 exposui
2570 920 2719 977 vobis
2749 932 2973 989 vestem.
2998 923 3269 980 Laudatur
3299 926 3429 983 lides
3447 970 3463 993 ,
3492 943 3627 984 coa-

2040 1020 2179 1077 stat,
2220 1011 2497 1067 laudatur:
2522 1012 2616 1069 sed
2656 1030 2777 1084 qua:
2818 1015 2949 1071 lides
2969 1058 2983 1080 ,
3012 1016 3293 1087 distinguit
3320 1021 3627 1091 Apostolus.

2040 1100 2173 1156 Nam
2213 1103 2469 1172 quosdam
2512 1105 2803 1176 gloriantes
2848 1107 2916 1162 de
2960 1107 3176 1173 lide,et
3216 1127 3320 1164 non
3371 1113 3630 1171 habentes

2042 1182 2210 1248 bonos
2245 1210 2455 1261 mores,
2485 1197 2729 1267 objurgat
2765 1199 3040 1268 apostolus
3076 1199 3339 1269 Jacobus,
3366 1212 3422 1258 et
3456 1203 3627 1261 dicit:

2046 1285 2121 1339 Tu
2148 1287 2311 1341 credis
2351 1289 2590 1358 quoniam
2635 1306 2765 1344 unus
2809 1300 2883 1345 est
2910 1289 3083 1357 Deus,
3108 1303 3157 1346 et
3199 1294 3320 1347 bene
3366 1296 3513 1363 facis.
3563 1296 3629 1350 Et

2042 1383 2294 1434 dmuones
2313 1381 2542 1442 credunt,
2562 1393 2607 1435 ct
2626 1384 3012 1438 contremiscunt
3031 1382 3235 1456 (Jacobi
3247 1402 3302 1448 tl,
3332 1387 3446 1457 10).
3471 1387 3627 1444 Unde

2042 1471 2286 1527 laudatus
2309 1481 2394 1527 est
2430 1473 2619 1527 Petrus
2638 1517 2651 1538 ,
2678 1474 2817 1530 unde
2844 1475 3018 1530 dictus
3044 1485 3128 1531 est
3157 1477 3342 1533 beatus
3362 1520 3377 1541 ,
3406 1481 3630 1535 recolite

2039 1580 2269 1620 mecum.
2317 1565 2449 1635 Quia
2495 1566 2661 1630 dixit,
2694 1567 2770 1621 Tu
2814 1585 2866 1622 es
2909 1568 3138 1624 Christus
3186 1570 3356 1625 Filius
3394 1570 3495 1626 Dei
3532 1574 3633 1627 vivi

2041 1655 2252 1727 (Matth.
2285 1673 2375 1711 xvt
2393 1699 2408 1724 ,
2433 1658 2532 1725 16,
2562 1659 2688 1727 l7)?
2716 1659 2805 1714 Ille
2836 1676 2940 1714 non
2961 1676 3152 1716 sonum
3180 1662 3463 1717 verborum
3485 1705 3499 1724 ,
3531 1664 3629 1720 sed

2039 1748 2283 1804 allectum
2323 1749 2499 1804 cordis
2547 1750 2800 1817 intendit,
2840 1753 2927 1822 qui
2975 1752 3187 1808 beatum
3238 1755 3626 1824 pronuntiavit.

2038 1839 2172 1895 Nam
2199 1841 2356 1895 vultis
2383 1855 2541 1897 nosse
2571 1842 2949 1897 beatitudinem
2977 1843 3118 1899 Petri
3148 1860 3253 1899 non
3286 1845 3337 1898 itt
3367 1845 3474 1901 illis
3501 1861 3630 1902 ver-

2036 1931 2121 1986 bis
2141 1931 2334 1985 fuisse?
2362 1932 2484 1986 Haec
2512 1932 2759 1987 dixerunt
2784 1942 2837 1987 et
2864 1933 3155 1989 cla-mones.
3189 1934 3495 2006 δεξαμεᾳαί
3518 1937 3631 2003 sis;

2039 2032 2093 2076 tu
2117 2039 2169 2078 es
2192 2022 2357 2077 Filius
2384 2022 2477 2078 Dei
2499 2023 2686 2094 (Marc.
2716 2041 2753 2090 I,
2775 2026 2890 2093 Si).
2914 2025 3105 2081 Filium
3128 2026 3220 2081 Dei
3242 2027 3521 2083 confessus
3543 2037 3631 2084 est

2037 2114 2226 2169 Petrus
2251 2124 2264 2169 ':
2289 2114 2476 2170 Filium
2502 2116 2594 2170 Dei
2619 2115 2846 2171 confessi
2869 2126 2992 2171 sunt
3010 2117 3301 2175 drcmones.
3326 2120 3624 2190 Distingue,

2037 2208 2251 2264 domine
2271 2251 2287 2274 ,
2317 2209 2596 2280 distingue.
2629 2210 2903 2281 Distingue
2946 2211 3125 2282 plane.
3172 2212 3359 2269 Petrus
3402 2214 3540 2269 divit
3571 2215 3626 2269 in

2034 2317 2219 2357 amore
2237 2344 2252 2365 ,
2278 2302 2548 2359 dwmones
2576 2317 2606 2356 a
2631 2303 2840 2358 timore.
2872 2303 3107 2372 Denique
3136 2304 3222 2358 ille
3246 2305 3400 2369 dicit,
3436 2306 3627 2361 Tecum

2034 2412 2145 2451 sum
2173 2412 2325 2466 usque
2345 2396 2414 2449 ad
2434 2404 2640 2450 mortem
2674 2395 2821 2467 (Luc.
2850 2410 2958 2451 xxu
2978 2439 2993 2463 ,
3016 2395 3132 2469 53).
3158 2398 3455 2465 lllidicunt,
3487 2401 3630 2468 Quid

2036 2488 2177 2541 nobis
2202 2497 2248 2541 et
2271 2487 2360 2541 tibi
2381 2487 2592 2560 (Matth.
2618 2501 2730 2553 vm,
2752 2486 2884 2560 ‘29)?
2912 2488 3054 2559 Ergo
3071 2491 3159 2560 qui
3180 2490 3369 2545 venisti
3399 2496 3468 2545 ad
3488 2507 3625 2548 con-

2033 2578 2228 2632 vivium
2247 2620 2262 2644 ,
2288 2580 2397 2634 noli
2421 2578 2490 2634 de
2517 2579 2630 2636 sola
2654 2579 2758 2635 lide
2788 2579 3022 2649 gloriari.
3065 2580 3338 2652 Distingue
3359 2591 3415 2637 et
3452 2584 3622 2652 ipsam

2035 2669 2215 2735 iidem,
2233 2682 2289 2723 et
2308 2679 2431 2724 tunc
2454 2671 2504 2724 in
2527 2679 2580 2725 te
2605 2671 2909 2741 agnoscitur
2928 2671 3090 2727 vestis
3117 2673 3389 2743 nuptialis.
3417 2673 3627 2729 Distin-

2031 2770 2156 2832 guat
2197 2761 2510 2829 Apostolus,
2542 2761 2730 2817 doceat
2766 2777 2863 2817 nos
2895 2761 3114 2833 :Neque
3150 2764 3501 2831 circumcisio,
3530 2766 3622 2820 in—

2032 2854 2178 2924 quit,
2209 2853 2403 2925 aliquid
2443 2857 2606 2919 valet,
2650 2872 2806 2923 neque
2843 2857 3144 2928 prwputium
3165 2898 3178 2919 ,
3208 2857 3300 2912 sed
3340 2857 3489 2927 fides.
3526 2857 3626 2914 Dic

2030 2961 2149 3016 qua!
2173 2963 2185 2997 :
2209 2945 2464 3016 numquid
2495 2962 2602 3002 non
2642 2955 2697 3002 et
2738 2946 3006 3003 dmmones
3046 2947 3273 3003 credunt
3308 2956 3364 3004 et
3399 2930 3623 3005 contrco

2031 3039 2293 3093 misr-unt?
2323 3038 2477 3106 Dico,
2510 3038 2707 3109 inquit,
2735 3040 2889 3106 audi,
2914 3040 3181 3112 distinguo
3198 3083 3212 3108 ,
3236 3042 3397 3096 modo
3422 3040 3624 3097 distin-

2030 3145 2170 3200 guo:
2201 3129 2309 3185 Sed
2334 3131 2491 3200 ﬁdes,
2525 3147 2637 3200 quae
2675 3148 2763 3201 per
2798 3131 3116 3185 dilectionem
3144 3141 3385 3203 operatur
3411 3130 3619 3205 (Colat.

2028 3241 2081 3287 v,
2111 3225 2188 3297 6).
2219 3224 2349 3293 Quae
2377 3240 2505 3294 ergo
2538 3224 2708 3279 ﬁdes?
2734 3225 2903 3295 qualis
2934 3224 3101 3280 fides?
3129 3224 3253 3290 Qua:
3273 3242 3362 3295 per
3380 3226 3620 3280 dilectio-

2029 3334 2141 3370 nem
2187 3324 2443 3388 operatur.
2495 3314 2738 3381 Omnem,
2770 3317 2969 3386 inqttit,
3001 3317 3259 3371 scientiam
3292 3318 3335 3371 si
3365 3317 3583 3372 habeam
3602 3360 3619 3382 ,

2027 3420 2073 3463 et
2098 3427 2295 3464 onmem
2328 3409 2509 3479 fidem,
2539 3410 2613 3463 ita
2640 3419 2696 3463 ut
2723 3419 2914 3464 montes
2951 3414 3255 3482 transferam
3278 3451 3292 3475 ,
3318 3409 3624 3464 charitatem

2026 3512 2314 3556 autemnon
2336 3501 2544 3555 habeam
2565 3544 2579 3566 ,
2604 3501 2736 3554 nihil
2754 3516 2886 3554 sunt.
2916 3499 3118 3555 Habete
3146 3499 3303 3555 iidem
3331 3515 3452 3554 cum
3472 3499 3619 3555 dile-

2026 3597 2242 3651 ctione:
2270 3611 2392 3650 nam
2446 3594 2783 3650 dilectionem
2829 3609 2934 3649 non
2980 3594 3203 3663 potestis
3249 3591 3447 3648 habere
3496 3593 3622 3648 sine

2028 3688 2151 3744 lide.
2186 3688 2295 3743 lloe
2330 3703 2557 3753 moneo,
2590 3686 2690 3743 hoc
2729 3685 3004 3751 exhortor,
3037 3684 3138 3740 hoc
3179 3685 3232 3739 in
3263 3685 3477 3739 nomine
3505 3685 3620 3739 Do-

2025 3781 2158 3837 mini
2202 3781 2370 3836 doceo
2411 3780 2735 3836 Cltaritatem
2772 3789 3033 3845 vestram,
3066 3787 3125 3833 ut
3167 3777 3408 3833 habeatis
3450 3776 3618 3833 ﬁdem

2024 3886 2146 3927 eum
2172 3871 2459 3926 dilectione
2483 3888 2497 3925 ε
2524 3869 2641 3940 quia
2665 3869 2889 3940 potestis
2920 3869 3116 3924 habere
3143 3868 3301 3923 ﬁdem
3329 3868 3446 3923 sine
3474 3869 3616 3923 dile—

2025 3965 2219 4019 ctione.
2241 3962 2372 4018 Nam
2403 3979 2508 4017 non
2539 3977 2634 4017 vos
2655 3962 2908 4018 exhortor
2932 3970 2989 4015 ut
3014 3960 3252 4016 habeatis
3290 3959 3448 4016 fidem
3469 4001 3486 4026 ,
3518 3961 3617 4016 sed

2025 4055 2362 4111 cltaritalem.
2388 4055 2503 4110 Non
2533 4056 2755 4124 potestis
2773 4055 2915 4109 enim
2943 4053 3138 4109 habere
3158 4054 3473 4108 charitatem
3496 4055 3619 4109 sine

2029 4146 2165 4212 lide;
2195 4146 2507 4201 cbaritatetn
2537 4145 2680 4201 enim
2709 4145 2828 4201 dico
2857 4147 2948 4201 Dei
2978 4153 3034 4201 et
3062 4146 3285 4216 proximi
3315 4164 3329 4200 :
3354 4146 3497 4201 unde
3520 4161 3617 4215 po-

2026 4248 2130 4292 test
2169 4239 2268 4292 ista
2303 4252 2425 4292 esse
2459 4237 2576 4292 sine
2613 4235 2753 4291 lide?
2781 4237 3060 4304 Quomodo
3103 4245 3247 4291 amat
3295 4237 3491 4301 Deum,
3522 4239 3615 4308 qui

2027 4346 2133 4385 non
2171 4330 2341 4384 credit
2381 4330 2433 4384 in
2476 4330 2674 4386 Deum?
2702 4329 2979 4396 Quomodo
3007 4338 3148 4384 amat
3176 4329 3339 4385 Deum
3379 4329 3578 4384 stultus
3599 4373 3615 4393 ,

2025 4425 2113 4494 qui
2146 4425 2272 4479 dicit
2300 4425 2351 4478 in
2378 4424 2539 4479 corde
2565 4440 2694 4490 suo,
2733 4422 2853 4478 Non
2882 4434 2955 4478 est
2982 4422 3119 4478 Deus
3146 4423 3317 4491 (Psat.
3353 4440 3483 4491 xm,
3520 4425 3616 4495 1)?

1972 4549 1983 4561 -
2026 4516 2209 4573 Potest
2239 4516 2351 4572 lieri
2381 4527 2435 4572 ut
2459 4516 2645 4573 credas
2675 4517 2882 4573 venisse
2915 4515 3218 4583 Christum,
3249 4525 3303 4572 et
3346 4532 3451 4572 non
3492 4516 3615 4571 dili-

2024 4623 2119 4679 gas
2154 4606 2444 4664 Christum.
2474 4608 2589 4663 Non
2615 4616 2789 4678 potest
2816 4617 2993 4664 autem
3015 4607 3128 4664 fieri
3152 4616 3210 4662 ut
3234 4606 3425 4676 diligas
3452 4604 3614 4661 Chri-

2026 4711 2166 4755 stum
2182 4742 2196 4766 ,
2220 4711 2273 4755 et
2299 4716 2404 4755 non
2426 4700 2572 4757 dicas
2592 4701 2803 4756 venisse
2824 4700 3115 4756 Christum.

2097 4792 2150 4848 9.
2192 4791 2423 4847 Charitas
2450 4792 2520 4845 ad
2549 4792 2779 4847 inimicos
2807 4790 3008 4846 extendi
3030 4791 3189 4848 debet.
3226 4790 3404 4847 Oratio
3437 4802 3617 4847 contra

2027 4885 2256 4939 inimicos
2306 4900 2539 4957 quamam
2590 4885 2796 4949 illicita,
2843 4901 3075 4955 quamam
3110 4886 3266 4940 licita.
3317 4883 3461 4956 Ergo
3515 4883 3616 4939 ha—

2029 4975 2149 5030 bete
2178 4975 2334 5030 lidcm
2373 4991 2494 5031 cum
2533 4975 2840 5032 dilectione.
2873 4975 2976 5032 Ista
3019 4984 3103 5032 est
3145 4977 3311 5032 vestis
3336 4976 3613 5047 nuptialis.

2030 5070 2218 5125 Amate
2263 5070 2484 5124 invicem
2507 5111 2521 5135 ,
2551 5069 2639 5140 qui
2679 5067 2950 5124 Christum
2992 5068 3246 5139 diligitis:
3272 5078 3445 5123 amate
3473 5068 3615 5122 ami-

2028 5177 2121 5216 cos
2142 5204 2156 5221 ,
2189 5170 2363 5215 amate
2385 5161 2649 5217 inimicos.
2676 5160 2792 5215 Non
2813 5161 2883 5216 sit
2903 5159 3058 5217 vobis
3078 5160 3289 5214 durum.
3318 5157 3458 5228 Quid
3484 5174 3619 5231 ergo

2032 5252 2251 5322 perditis
2270 5297 2285 5320 ,
2311 5253 2395 5309 ubi
2422 5254 2646 5308 multmn
2669 5253 2987 5325 acquiritis?
3015 5252 3150 5322 Quid
3183 5270 3277 5322 pro
3309 5266 3499 5324 magno
3520 5266 3617 5306 ro-

2030 5360 2122 5411 gas
2150 5346 2313 5399 Deum
2335 5387 2348 5408 ,
2381 5356 2439 5399 ut
2466 5345 2722 5400 moriatur
2753 5346 2997 5400 inimicus
3019 5345 3178 5400 tuus?
3206 5343 3322 5399 Non
3349 5352 3432 5400 est
3453 5343 3621 5397 vestis

2033 5439 2129 5490 ista
2175 5436 2444 5506 nuptialis.
2475 5436 2702 5492 Attende
2745 5438 2917 5508 ipsum
2944 5451 3196 5506 sponsum
3228 5434 3281 5489 in
3319 5447 3481 5489 cruce
3519 5448 3622 5503 pro

2033 5536 2082 5583 te
2113 5529 2434 5598 pendentem
2451 5572 2465 5596 ,
2494 5536 2547 5585 et
2572 5545 2667 5600 pro
2692 5530 2802 5583 suis
2824 5528 3052 5583 inimicis
3074 5527 3281 5581 Patrem
3301 5532 3619 5596 rogantem:

2034 5620 2205 5684 Pater,
2238 5621 2435 5689 inquit,
2470 5622 2671 5692 ignosce
2698 5622 2832 5685 illis,
2861 5620 2979 5690 quia
3012 5619 3237 5673 nesciunt
3274 5616 3396 5688 quid
3424 5615 3625 5685 faciunt

2036 5712 2181 5783 (Luc.
2217 5728 2385 5779 xxut,
2416 5711 2531 5783 δι).
2561 5711 2744 5766 Vidisti
2777 5725 3028 5781 sponsum
3051 5710 3148 5766 ista
3171 5708 3436 5764 dicentem
3457 5749 3473 5777 ,
3499 5705 3627 5763 vide
