3934 6184
311 275 422 330 565

309 401 369 444 et
390 387 620 443 amicum
646 384 828 455 sponsi
867 399 988 440 cum
1017 393 1164 439 veste
1203 383 1420 453 nuptiali
1468 384 1766 437 imitatum.
1798 382 1899 436 Be-

303 483 587 538 nedictum
635 479 966 549 Stephanum
1014 475 1307 543 attendite,
1348 474 1614 545 quomodo
1669 475 1905 543 increpat

311 575 532 633 Judmos
552 614 567 638 ,
591 579 844 640 tanquam
883 584 1086 633 saevus,
1113 577 1358 638 tanquam
1387 568 1551 622 iratus
1575 583 1587 620 :
1617 565 1756 619 Dura
1792 583 1904 620 cer-

312 667 424 720 uice
441 707 458 731 ,
486 672 533 717 ct
560 679 660 716 non
688 660 971 714 circumcisi
1011 659 1160 712 corde
1188 667 1234 712 et
1271 658 1478 712 auribus
1497 700 1512 724 ,
1540 673 1626 711 ros
1658 656 1907 711 restitistis

318 755 543 826 Spiritui
562 761 757 806 sancto.
791 750 948 818 Quem
982 747 1350 818 Prophetarum
1374 765 1472 802 non
1497 748 1783 802 occiderunt
1810 764 1904 818 pa-

312 857 422 900 tres
468 842 662 897 vestri?
687 840 890 896 Audisti
935 839 1202 910 quomodo
1247 840 1420 910 lingua
1472 840 1673 893 smviat.
1723 838 1908 893 Adhuc

317 946 374 989 tu
404 943 624 1006 paratus
665 947 725 987 es
760 933 938 986 dicere
982 932 1033 985 in
1069 930 1388 1001 quemlibet,
1421 939 1579 1001 atque
1624 930 1822 984 utinam
1856 930 1906 984 in

320 1043 442 1082 cum
473 1026 620 1082 dicas
643 1066 658 1090 ,
687 1024 776 1094 qui
809 1023 974 1078 Deum
996 1021 1304 1088 oﬂenderit,
1329 1037 1432 1075 non
1460 1021 1549 1092 qui
1578 1029 1652 1075 te.
1679 1019 1909 1076 Offendit

323 1119 491 1172 Deum
534 1127 586 1170 et
632 1131 736 1168 non
778 1117 1056 1182 inerepas;
1083 1112 1303 1168 ollcndit
1343 1121 1426 1177 te,
1459 1112 1660 1168 clamas
1685 1111 1805 1166 :ubi
1827 1120 1909 1166 est

323 1208 490 1262 vestis
513 1206 602 1258 illa
647 1203 931 1274 nuptialis?
961 1202 1193 1257 Audistis
1230 1217 1356 1272 ergo
1385 1201 1651 1272 quomodo
1680 1200 1910 1256 saeviet-it

319 1294 863 1368 Stephanus:audite
907 1293 1178 1364 quomodo
1218 1293 1481 1347 dilexerit.
1535 1292 1767 1348 Oll‘endit
1818 1307 1911 1346 eos

325 1405 466 1458 quos
489 1387 828 1457 increpabat,
855 1383 1118 1454 lapidatus
1158 1394 1241 1440 eat
1279 1384 1345 1437 ab
1369 1385 1466 1438 eis.
1497 1383 1563 1438 Et
1605 1399 1725 1438 cum
1759 1383 1912 1437 undi-

325 1496 434 1549 que
457 1478 738 1535 htrentium
767 1477 1010 1530 manibus
1029 1519 1043 1540 ,
1073 1486 1124 1530 et
1157 1476 1386 1546 lapidum
1420 1475 1608 1530 ictibus
1637 1491 1910 1546 premere-

326 1584 413 1627 tur
453 1582 509 1628 et
548 1570 892 1634 tunderetur,
939 1570 1085 1639 prius
1135 1568 1245 1623 ait:
1275 1566 1490 1623 Domine
1521 1567 1644 1622 Iesu
1682 1566 1908 1635 Christe,

322 1665 499 1731 accipe
519 1662 750 1732 spiritum
773 1676 954 1714 meum.
984 1658 1182 1714 Deinde
1204 1669 1545 1728 posteaquam
1573 1675 1666 1728 pro
1689 1674 1746 1714 se
1767 1667 1912 1713 stans

321 1759 524 1821 oravit,
553 1772 649 1827 pro
693 1755 796 1810 illis
836 1755 923 1824 qui
969 1753 1274 1823 lapidabant
1320 1768 1474 1817 eum,
1503 1768 1640 1822 genu
1682 1751 1825 1818 lixit,
1860 1763 1913 1807 et

321 1851 459 1904 dixit
484 1866 496 1901 :
523 1848 758 1911 Domine,
789 1863 851 1900 ne
874 1855 1068 1899 statuas
1089 1845 1159 1899 eis
1181 1846 1273 1899 hoc
1298 1845 1530 1900 delictum
1555 1862 1572 1899 :
1597 1861 1693 1914 ego
1717 1847 1913 1900 moriar

324 1951 377 2002 in
401 1963 563 2000 carne
585 1989 598 2011 ,
631 1962 735 1998 non
767 1943 839 1996 illi
871 1943 920 1995 in
953 1941 1131 1998 corde.
1165 1941 1230 1994 Et
1271 1941 1372 1995 hoc
1407 1941 1548 1995 dicto
1591 1939 1912 1994 obdormivit

324 2041 462 2109 (Act.
491 2055 582 2102 vn,
605 2039 664 2094 5|
683 2036 817 2106 -59).
851 2037 974 2091 Ptist
997 2035 1111 2090 lucc
1134 2034 1292 2088 verba
1321 2034 1450 2088 nihil
1478 2032 1678 2088 addidit
1713 2052 1724 2086 :
1756 2033 1906 2096 dixit,

323 2141 375 2186 et
404 2130 569 2194 abiit;
599 2127 886 2184 novissima
923 2126 1036 2196 ejus
1062 2125 1232 2180 oratio
1258 2140 1354 2195 pr.)
1384 2125 1610 2181 inimicis
1661 2123 1774 2178 fuit.
1820 2125 1911 2178 Di-

322 2223 464 2278 scite
489 2221 690 2275 habere
717 2228 919 2275 vestem
952 2215 1348 2287 nuptialem.lta
1373 2225 1426 2272 et
1451 2225 1504 2270 ttt
1536 2217 1634 2286 lige
1653 2231 1845 2287 genua,
1862 2225 1915 2271 et

323 2313 516 2369 collide
545 2312 770 2366 l'rontem
822 2311 872 2363 in
920 2318 1055 2363 terra
1079 2349 1093 2374 ,
1126 2316 1180 2362 et
1226 2321 1537 2363 accessurus
1579 2305 1645 2360 ad
1674 2321 1912 2361 mensam

326 2405 538 2459 Domini
560 2447 574 2468 ,
606 2402 672 2458 ad
699 2402 1000 2457 convivium
1029 2410 1331 2456 sanctarum
1359 2399 1775 2471 Scripturarum,
1806 2400 1911 2454 noli

324 2497 505 2552 dicere
525 2537 541 2560 ,
563 2495 620 2551 Si
648 2493 902 2549 moriatur
943 2492 1184 2548 inimicus
1213 2511 1225 2546 :
1251 2493 1502 2555 Domine,
1527 2493 1568 2546 si
1621 2492 1745 2562 quid
1787 2507 1815 2545 a
1862 2502 1914 2546 te

326 2587 493 2640 merui
515 2627 530 2650 ,
559 2584 742 2640 occide
781 2583 1052 2637 inimicum
1080 2598 1277 2636 mcum.
1324 2582 1473 2649 Quod
1509 2583 1551 2636 si
1581 2582 1714 2636 forte
1740 2582 1872 2636 dicis
1895 2625 1910 2650 ,

328 2693 436 2730 non
466 2676 625 2729 limes
651 2689 717 2730 ne
745 2674 834 2728 tibi
866 2673 1184 2744 respondeat
1215 2691 1226 2726 :
1252 2673 1305 2728 Si
1337 2674 1580 2727 occidere
1604 2674 1792 2728 vellem
1817 2675 1917 2729 ini-

328 2767 525 2822 micum
557 2775 734 2830 tuum,
771 2773 820 2819 te
852 2764 997 2832 prius
1021 2764 1361 2819 occiderem?
1392 2765 1470 2818 .-\n
1501 2764 1765 2834 gloriaris,
1794 2767 1913 2836 quia

327 2856 486 2911 nmdo
519 2856 769 2910 invitatus
801 2853 1027 2909 venisti?
1063 2853 1243 2924 Cogita
1267 2896 1279 2914 ,
1311 2854 1576 2922 paululum
1621 2863 1743 2910 ante
1789 2856 1915 2927 quid

329 2949 491 3004 luisti.
543 2948 730 3004 Nonne
778 2962 862 3001 me
894 2944 1309 3016 blasphctnasti?
1338 2960 1512 3000 nonne
1552 2962 1636 3001 me
1668 2947 1918 3002 irrisisti?

329 3055 506 3094 nonne
551 3052 744 3092 nomen
787 3052 966 3091 meum
1014 3035 1080 3090 de
1129 3044 1268 3089 terra
1311 3035 1492 3090 delere
1539 3035 1783 3090 voluisti?
1821 3037 1915 3092 sed

331 3134 537 3204 plaudis
567 3132 692 3197 tibi,
724 3131 844 3200 quia
873 3129 1122 3182 invitatus
1165 3125 1374 3182 venisti.
1412 3126 1468 3181 Si
1510 3135 1562 3181 te
1600 3127 1913 3184 occidissem

332 3225 626 3290 inimicum,
651 3236 807 3294 quem
838 3220 1068 3275 facerem
1095 3217 1358 3273 amicum?
1382 3217 1517 3286 Quid
1550 3219 1687 3274 male
1713 3219 1916 3274 orando

331 3318 488 3373 doces
528 3333 643 3381 me,
672 3313 814 3386 quod
855 3329 960 3368 non
1009 3311 1107 3366 feci
1154 3312 1204 3365 in
1245 3311 1334 3366 te?
1358 3311 1467 3365 lmo
1507 3326 1639 3382 rgo,
1669 3312 1794 3367 dicit
1822 3313 1914 3369 tibi

337 3411 505 3475 Dens,
536 3407 754 3462 doceam
789 3415 871 3470 te,
904 3414 960 3459 ut
991 3403 1215 3458 imiteris
1241 3417 1345 3457 me.
1385 3401 1444 3457 In
1484 3418 1638 3459 cruce
1680 3402 1917 3474 pendens

333 3500 470 3566 dixi,
504 3498 717 3569 Ignosce
761 3495 900 3557 illis,
925 3494 1043 3562 quia
1067 3494 1294 3550 nesciunt
1336 3494 1457 3562 quid
1500 3494 1708 3564 faciunt.
1753 3493 1915 3549 Docui

335 3590 434 3646 hoc
461 3589 684 3644 militem
713 3601 912 3642 meum.
941 3585 1070 3638 Esto
1108 3585 1208 3640 tiro
1235 3598 1386 3640 meus
1413 3595 1594 3638 contra
1621 3583 1911 3639 diabolum.

338 3681 501 3736 Aliter
529 3680 723 3733 invicte
751 3677 896 3731 nullo
921 3675 1081 3730 modo
1111 3675 1368 3745 pugnabis
1388 3715 1401 3739 ,
1433 3675 1534 3729 nisi
1561 3691 1657 3744 pro
1686 3675 1786 3728 tuis
1813 3675 1917 3729 ini-

335 3772 484 3826 micis
508 3770 763 3825 oraveris.
788 3769 881 3822 Dic
903 3768 1078 3837 plane,
1103 3766 1190 3821 die
1207 3767 1367 3822 etiam
1400 3765 1520 3831 hoc,
1545 3767 1630 3822 dic
1654 3776 1709 3821 ut
1738 3767 1915 3823 inimi-

335 3877 450 3916 cum
465 3872 611 3916 tuum
633 3859 964 3929 persequaris
984 3875 996 3911 :
1015 3856 1106 3912 sed
1125 3857 1354 3912 scienter
1367 3856 1481 3921 die;
1500 3856 1763 3926 distingue
1775 3857 1916 3928 quod

333 3955 480 4011 dicis.
517 3954 656 4008 Ecce
682 3952 842 4006 homo
868 3959 950 4006 est
976 3950 1220 4004 inimicus
1262 3957 1384 4004 tuus
1411 3969 1423 4004 :
1450 3950 1713 4020 responde
1757 3951 1913 4017 mihi,

335 4047 454 4117 quid
485 4047 536 4101 iu
568 4047 659 4100 illo
687 4045 988 4100 inimicetur
1018 4042 1138 4105 tibi;
1162 4041 1420 4112 numquid
1463 4041 1564 4097 hoc
1593 4043 1733 4113 quod
1759 4043 1918 4097 homo

333 4148 408 4192 est
430 4179 442 4202 ,
475 4137 780 4191 inimicatur
801 4134 928 4190 tibi?
949 4132 1082 4187 Non.
1114 4131 1217 4188 Sed
1249 4133 1411 4202 quid?
1441 4133 1592 4201 Quod
1624 4134 1793 4188 malus
1813 4144 1914 4189 est.

335 4230 482 4298 Quod
515 4231 676 4285 homo
705 4235 814 4294 est,
847 4225 986 4297 quod
1031 4241 1128 4296 ego
1173 4223 1269 4280 feci
1292 4267 1306 4290 ,
1339 4241 1444 4280 non
1476 4224 1566 4280 tibi
1598 4226 1914 4282 inimicatur.

338 4323 468 4376 Dicit
495 4321 586 4375 tibi
619 4339 631 4372 :
663 4320 774 4390 Ego
806 4319 1071 4373 hominem
1106 4316 1204 4372 feci
1235 4331 1337 4370 non
1375 4317 1570 4371 malum
1603 4335 1615 4371 :
1646 4317 1812 4373 factus
1839 4329 1919 4374 est

337 4413 505 4467 malus
530 4427 626 4482 per
649 4409 1063 4466 inobedientiam
1087 4449 1100 4472 ,
1133 4408 1219 4478 qui
1248 4408 1422 4478 potius
1450 4407 1638 4464 zabulo
1662 4409 1914 4475 obcdivit,

323 4520 490 4574 quam
521 4503 647 4557 Deo.
677 4500 826 4570 Quod
855 4500 967 4570 ipse
989 4497 1146 4563 fecit,
1179 4497 1279 4552 hoc
1301 4499 1391 4553 tibi
1415 4498 1715 4554 inimicatur
1739 4517 1752 4554 :
1779 4501 1918 4557 unde

322 4583 534 4657 ualus,
565 4593 655 4648 tibi
687 4592 930 4646 inimicus
959 4599 1073 4654 est;
1108 4606 1211 4645 non
1244 4589 1383 4644 unde
1412 4590 1570 4645 homo
1611 4601 1710 4647 est.
1746 4594 1918 4648 Audio

337 4687 474 4741 enim
497 4683 795 4748 hominem,
823 4689 878 4737 et
907 4681 1103 4736 malum
1130 4698 1143 4733 :
1171 4695 1330 4733 ttnum
1357 4694 1551 4736 nomen
1581 4689 1664 4735 cst
1689 4691 1913 4747 naturae,

337 4777 560 4830 alterum
581 4774 750 4842 culpa:
778 4790 790 4825 :
819 4785 953 4827 sano
981 4771 1188 4839 culpam
1211 4811 1223 4831 .
1251 4779 1305 4824 et
1330 4785 1486 4825 servo
1514 4781 1776 4825 naturam.
1808 4773 1917 4830 lloc

340 4868 428 4922 tibi
470 4867 598 4920 dicit
627 4865 765 4920 Deus
796 4873 952 4918 tuus:
982 4863 1046 4917 Et
1089 4877 1214 4917 ecce
1255 4861 1466 4916 vindico
1494 4870 1544 4917 te
1565 4904 1578 4926 ,
1605 4864 1790 4919 occido
1818 4866 1918 4920 iiii-

337 4963 527 5016 inicum
578 4967 753 5026 tuum;
781 4958 848 5013 de
892 4956 984 5012 illo
1031 4955 1162 5010 tollo
1205 4953 1346 5025 quod
1399 4954 1567 5010 malus
1622 4965 1735 5024 est,
1765 4972 1918 5013 servo

335 5054 474 5124 quod
523 5053 682 5107 homo
724 5059 837 5107 est:
863 5048 1115 5119 ntunquid
1163 5047 1206 5102 si
1254 5048 1431 5104 iecero
1469 5048 1613 5102 illum
1648 5049 1916 5106 hominem

338 5146 562 5207 bonum,
593 5159 695 5197 nou
739 5141 908 5197 occidi
952 5140 1222 5195 inimicum
1272 5148 1418 5194 tuum
1440 5182 1455 5206 ,
1484 5149 1538 5196 et
1566 5139 1663 5196 feci
1690 5143 1916 5198 amicum

338 5237 516 5292 tuum?
536 5237 626 5293 Sic
647 5251 774 5306 roga
796 5234 936 5305 quod
958 5248 1112 5304 rogas
1133 5273 1147 5299 ,
1179 5243 1235 5286 ut
1267 5247 1371 5286 non
1403 5233 1644 5288 homines
1673 5245 1910 5304 pereant,

337 5332 426 5385 sed
457 5333 583 5401 ipsa:
611 5329 898 5384 inimicitia:
927 5335 1168 5398 pereant.
1197 5325 1253 5382 Si
1297 5335 1472 5381 autem
1522 5327 1624 5383 hoc
1672 5344 1792 5384 oras
1815 5372 1827 5395 ,
1866 5342 1922 5386 ut

339 5426 497 5479 homo
526 5423 800 5487 moriatur;
822 5420 992 5476 malus
1007 5435 1127 5474 oras
1153 5427 1336 5474 contra
1362 5419 1558 5474 malum
1585 5437 1596 5472 :
1621 5429 1817 5476 etcum
1844 5423 1923 5477 di-

339 5520 432 5579 (is,
457 5514 652 5570 Occide
682 5514 911 5578 malum;
941 5510 1229 5582 respondet
1259 5509 1348 5565 libi
1370 5551 1384 5576 ,
1416 5511 1583 5580 Quem
1613 5522 1846 5570 vestrum
1882 5517 1918 5570 '.

401 5652 428 5682 ι
446 5657 507 5698 tta
531 5645 719 5697 (Iorbcit
737 5647 838 5696 usis
859 5651 944 5707 Ms.
968 5646 1157 5707 tametsi
1195 5647 1275 5707 qui
1303 5656 1363 5693 eo
1385 5644 1613 5707 utebatur
1639 5643 1928 5697 Sit‘tttonrlus

340 5713 463 5760 dese:
481 5711 664 5762 suerit.
695 5719 835 5770 quem
853 5706 1030 5757 nmium
1052 5706 1073 5756 ?
1099 5706 1275 5757 versus
1293 5713 1438 5756 etiam
1456 5706 1635 5768 aliquot
1659 5718 1722 5754 ex
1750 5707 1925 5757 eodem

1775 269 2003 326 SERMU
2049 270 2160 327 XC.

3501 281 3604 338 560

2093 382 2178 437 10.
2225 382 2556 439 Επιρηᾱεηιίη
2585 385 2784 440 dilectio
2804 429 2819 452 ,
2851 397 2900 440 ut
2926 404 3095 443 omnes
3121 391 3286 457 rapiat
3311 389 3379 444 ad
3417 389 3602 446 Deum.

2015 473 2297 532 Extendite
2338 490 2467 548 ergo
2509 477 2882 545 dilectionem,
2916 497 3019 534 non
3065 495 3231 551 usque
3256 481 3322 536 ad
3351 481 3606 554 conjuges

2012 573 2062 617 et
2111 562 2246 618 lilios
2289 578 2519 621 vestros.
2558 565 2659 621 Ista
2689 567 2901 624 dilectio
2946 569 3103 623 etiam
3147 569 3200 624 in
3241 572 3523 639 pecoribus
3558 585 3610 626 et

2015 654 2320 722 passeribus
2351 655 2645 710 invenitur.
2668 655 2827 714 Scitis
2855 659 2983 713 istos
3011 675 3253 729 passeres
3278 670 3330 714 et
3361 661 3604 717 hirundi-

2014 759 2110 797 nes
2151 745 2607 815 quemadmodum
2652 747 2869 819 diligant
2897 750 3179 818 coujuges,
3209 752 3366 806 simul
3393 769 3492 806 ova
3526 753 3607 806 io-

2015 844 2199 901 veant,
2231 837 2390 891 simul
2423 839 2595 908 pullos
2620 841 2884 907 nutriant,
2914 853 3060 912 grata
3104 843 3330 913 quadam
3359 855 3412 899 et
3455 856 3606 900 natu-

2015 917 2116 980 rali'
2133 927 2368 984 bonitate
2389 971 2402 994 ,
2432 931 2574 985 nulla
2614 932 2842 1002 cogitata
2869 933 3137 989 mercede.
3171 935 3285 990 Non
3314 939 3450 992 enin:
3478 938 3603 993 dicit

2023 1033 2210 1089 passer
2235 1039 2248 1075 :
2271 1020 2508 1078 Nutriam
2539 1024 2676 1079 filios
2697 1040 2865 1092 meos,
2885 1038 2940 1082 ut
2968 1044 3089 1081 cum
3119 1044 3363 1096 senuero,
3391 1045 3604 1102 pasmut

2017 1123 2124 1164 me.
2153 1109 2290 1166 Nihil
2324 1112 2512 1168 horum
2542 1116 2772 1185 cogitat:
2797 1117 2961 1188 gratis
3000 1127 3178 1187 amat,
3209 1121 3372 1190 gratis
3404 1124 3603 1193 pascit;

2015 1201 2258 1258 allectum
2284 1207 2518 1274 parentis
2543 1209 2777 1275 exhibet,
2805 1211 3206 1268 retributionem
3231 1230 3336 1269 non
3360 1216 3606 1286 requirit.

2017 1291 2084 1346 Et
2129 1310 2256 1359 nos,
2301 1297 2454 1361 novi,
2487 1299 2627 1363 scio,
2660 1301 2738 1355 sic
2780 1301 2972 1355 amatis
3019 1302 3156 1358 ﬁlios
3201 1315 3426 1360 vestros.
3483 1305 3605 1360 Non

2017 1385 2147 1438 enim
2188 1385 2365 1440 debent
2404 1389 2500 1456 ﬁlii
2540 1391 2831 1458 parentibus
2861 1392 3200 1447 thesaurizare
3220 1437 3234 1459 ,
3258 1395 3346 1449 sed
3367 1405 3597 1465 parentes

2017 1475 2224 1548 ﬁliis(ll
2249 1477 2365 1531 Cor.
2402 1495 2508 1544 xu,
2569 1480 2676 1552 ll).
2715 1481 2846 1536 llinc
2875 1483 3034 1537 etiam
3085 1485 3234 1538 multi
3257 1487 3500 1542 excitatis
3531 1485 3607 1559 (a)

2024 1569 2299 1622 avaritiam
2321 1581 2573 1638 vestram,
2607 1574 2728 1643 quia
2761 1573 2879 1629 ﬁliis
2900 1576 3090 1630 vestris
3106 1578 3400 1647 acquiritis,
3421 1580 3604 1649 eisque

2018 1659 2244 1713 servatis
2273 1658 2369 1730 (ὁ).
2396 1660 2498 1714 Sed
2545 1662 2816 1718 cxtendite
2858 1663 3226 1729 dilectionem,
3258 1678 3466 1722 crescat
3507 1670 3607 1725 ista

2018 1747 2233 1803 dilectio
2264 1766 2275 1801 :
2306 1765 2487 1805 amare
2512 1761 2688 1806 autem
2721 1753 2857 1808 ﬁlios
2880 1765 2932 1808 ct
2957 1756 3229 1827 conjugcs,
3257 1757 3490 1812 nondum
3522 1775 3611 1814 ve-

2018 1839 2113 1893 stis
2144 1840 2228 1894 illa
2271 1842 2522 1911 nuptialis
2564 1853 2663 1898 est.
2710 1844 2911 1900 llabetc
2952 1846 3108 1902 fidem
3140 1847 3207 1902 ad
3238 1850 3422 1905 Deum.
3456 1850 3608 1906 Prius

2017 1929 2221 2000 diligite
2251 1933 2436 1987 Deum.
2468 1935 2751 2012 Extendite
2776 1937 2840 1991 ad
2873 1938 3070 2004 Deum;
3104 1950 3156 1995 et
3182 1957 3315 2010 quos
3346 1943 3608 2012 poteritis,

2019 2025 2186 2093 rapite
2227 2025 2292 2079 ad
2341 2027 2526 2081 Deum.
2557 2010 2830 2083 lluitnicus
2880 2040 2962 2085 est
2997 2049 3008 2082 :
3039 2033 3274 2102 rapiatur
3315 2010 3379 2088 ad
3424 2035 3608 2090 Deum.

2020 2115 2184 2170 Filius
2212 2126 2326 2183 est,
2361 2104 2494 2171 uxor
2524 2131 2633 2184 cst,
2666 2135 2854 2175 servus
2897 2132 2980 2176 est
3009 2141 3021 2175 :
3047 2124 3282 2193 rapiatur
3320 2125 3385 2180 ad
3423 2127 3608 2182 Deum.

2019 2207 2334 2280 Peregrinus
2359 2221 2442 2266 est
2471 2229 2482 2262 :
2511 2215 2746 2283 rapiatur
2772 2214 2839 2267 ad
2875 2215 3061 2270 Deum.
3099 2216 3348 2273 Inimicus
3378 2230 3459 2275 est
3487 2238 3499 2272 :
3527 2238 3613 2275 ra-

2021 2301 2198 2369 piatur
2223 2304 2290 2355 ad
2319 2303 2503 2356 Deum.
2535 2303 2700 2373 ltape,
2735 2321 2861 2375 rape
2893 2306 3162 2362 inimicum
3190 2325 3202 2361 :
3229 2311 3483 2380 rapiendo
3504 2327 3610 2368 non

2018 2394 2121 2447 erit
2148 2393 2410 2448 inimicus.
2442 2396 2530 2450 Sic
2555 2397 2856 2465 proficiatur
2885 2400 2921 2463 ¹,
2951 2400 3030 2454 sic
3065 2401 3297 2458 charitas
3325 2403 3608 2471 nutriatur,

2020 2494 2076 2540 ut
2094 2485 2288 2539 nutrita
2307 2486 2613 2556 perﬁciatur
2636 2504 2649 2540 ε
2674 2488 2748 2542 sic.
2771 2489 2935 2544 vestis
2953 2492 3203 2560 nuptialis
3225 2493 3472 2548 induatur
3496 2513 3508 2548 :
3534 2496 3610 2551 sic

2021 2575 2192 2646 imago
2211 2575 2325 2639 Dei,
2345 2576 2580 2647 adquam
2599 2580 2759 2632 creati
2780 2594 2982 2646 sumus,
3003 2581 3326 2650 proﬁciendo
3346 2587 3610 2658 resculpa-

2023 2678 2128 2722 tur.
2151 2668 2426 2723 Peccando
2451 2670 2590 2723 enim
2608 2670 2931 2726 obsolefacta
2953 2682 3088 2740 erat,
3109 2675 3286 2731 attrita
3311 2687 3442 2731 erat.
3461 2676 3612 2733 Unda

2020 2758 2224 2812 attrita'l
2240 2759 2378 2814 unde
2397 2759 2752 2815 ob5olefacta?
2771 2762 2899 2816 Cum
2919 2761 3136 2819 l'ricatur
3159 2764 3223 2818 ad
3243 2775 3456 2821 terram.
3475 2767 3610 2836 Quid

2019 2857 2118 2914 est,
2153 2848 2219 2902 ad
2241 2858 2433 2903 terram
2454 2850 2702 2905 fricatur?
2723 2851 2972 2908 Tcrrenis
2996 2854 3371 2924 cupiditatibus
3402 2859 3608 2915 teritur.

2023 2939 2322 3010 Quanquam
2348 2941 2487 2995 enim
2510 2943 2560 2995 in
2583 2943 2799 3014 imagine
2826 2944 3042 3000 ambulet
3082 2945 3230 3002 homo
3249 2989 3265 3014 ,
3297 2959 3461 3004 tamen
3488 2967 3613 3006 rane

2020 3032 2342 3085 conturbatur
2367 3031 2536 3104 (Psal.
2562 3050 2785 3102 xxxvtu,
2810 3036 2890 3107 7).
2919 3035 3130 3093 Veritas
3146 3041 3400 3110 quaeritur
3433 3042 3484 3098 in
3518 3043 3610 3100 Dei

2021 3122 2249 3194 imagine
2267 3165 2282 3189 ,
2316 3139 2420 3179 non
2447 3126 2668 3179 vanitas.
2700 3127 2942 3184 Amando
2963 3131 3108 3185 cnim
3131 3132 3410 3188 veritatem
3436 3133 3612 3207 imago

2022 3211 2107 3266 illa
2129 3255 2143 3278 ,
2177 3212 2244 3267 ad
2272 3229 2428 3284 quatn
2456 3217 2617 3270 creati
2646 3232 2828 3271 sumus
2846 3258 2860 3283 ,
2894 3221 3244 3290 resculpatur,
3273 3233 3328 3278 et
3366 3225 3612 3295 proprius

2021 3320 2270 3359 nummus
2293 3306 2492 3361 Ctesari
2520 3317 2700 3363 nostro
2727 3308 2995 3365 reddatur.
3018 3311 3106 3368 Sic
3129 3314 3270 3368 enim
3289 3330 3356 3370 ex
3385 3332 3611 3386 l‘CSpOtl--

2021 3395 2173 3451 sione
2212 3396 2422 3451 Domini
2461 3398 2716 3466 audistis,
2747 3401 3074 3457 tentantibus
3103 3402 3303 3459 Judteis
3344 3406 3607 3463 dicentem

2027 3488 2343 3552 Dominmu,
2395 3489 2532 3556 Quid
2576 3508 2654 3544 me
2707 3493 2938 3559 (cuiatis,
2991 3495 3311 3565 hypocritw?
3353 3498 3612 3572 Ostendita

2022 3581 2146 3634 mihi
2175 3581 2422 3634 numisma
2451 3597 2656 3647 census,
2687 3582 2736 3636 id
2779 3591 2862 3638 est
2882 3624 2898 3650 ,
2928 3586 3326 3654 expressionem
3366 3588 3611 3661 imaginis

2022 3681 2075 3726 et
2115 3671 2640 3742 superscriptionem.
2697 3671 2973 3729 Ostenditc
3019 3675 3146 3730 mihi
3191 3677 3315 3748 quid
3372 3679 3608 3744 solvitis,

2021 3763 2144 3834 quid
2178 3763 2404 3834 paratis,
2440 3764 2564 3834 quid
2612 3780 2640 3817 a
2689 3765 2836 3820 vobis
2866 3766 3122 3838 exigitur;
3153 3770 3423 3827 ostendite
3453 3772 3603 3828 mihi.

2021 3857 2378 3913 Ostenderunt
2408 3858 2484 3912 illi
2513 3857 2789 3913 denarium
2817 3876 2828 3912 :
2858 3868 2912 3915 et
2938 3861 3180 3930 qumsivit
3206 3866 3358 3932 cujus
3389 3863 3609 3920 haberet

2023 3949 2302 4019 imaginem
2331 3958 2384 4002 ct
2403 3949 2930 4018 superscriptionem.
2962 3951 3407 4022 Responderunt,
3435 3955 3608 4011 Cresa-

2020 4043 2090 4096 ris
2111 4040 2321 4114 (Matth.
2351 4057 2489 4106 xxu,
2515 4040 2722 4113 18-21).
2744 4039 3045 4099 Carsar'iste
3069 4054 3123 4099 ct
3149 4045 3431 4116 imaginem
3458 4063 3607 4104 sitam

2021 4133 2231 4204 quazrit.
2279 4131 2461 4188 Ctesar
2499 4149 2605 4189 non
2634 4133 2744 4188 vult
2787 4133 2887 4188 sibi
2935 4135 3110 4205 perire
3156 4137 3296 4208 quod
3335 4137 3526 4208 jussit,
3557 4151 3609 4196 et

2022 4224 2164 4280 Deus
2193 4240 2297 4279 non
2323 4224 2436 4279 vult
2463 4226 2638 4297 perire
2673 4225 2814 4296 quod
2844 4225 2985 4282 fecit.
3018 4227 3218 4296 Caesar,
3250 4231 3439 4287 fratres
3467 4236 3605 4299 mei,

2023 4334 2127 4372 non
2150 4317 2273 4372 t'ecit
2297 4334 2571 4372 nummum
2606 4337 2617 4372 :
2650 4319 2931 4374 monetarii
2957 4319 3184 4388 faciunt;
3213 4323 3505 4380 artiﬁcibus
3523 4326 3610 4398 jn-

2023 4409 2196 4476 betur,
2226 4410 2338 4465 suis
2377 4410 2636 4464 ministris
2664 4410 2964 4482 imperavit.
2998 4412 3179 4484 Imago
3214 4416 3613 4486 exprimebatur

2023 4500 2074 4555 in
2104 4517 2321 4556 nummo
2349 4517 2362 4552 ε
2388 4501 2440 4555 in
2469 4517 2686 4557 nummo
2729 4511 2812 4556 est
2854 4503 3031 4576 imago
3060 4504 3306 4562 Caesaris.
3337 4509 3404 4564 Et
3435 4523 3609 4567 tamen

2022 4591 2161 4662 quod
2181 4591 2269 4646 alii
2298 4592 2681 4662 impresserunt
2701 4593 2957 4663 qureritur
2986 4612 3000 4647 :
3033 4596 3120 4652 ille
3149 4597 3491 4667 thesaurizat,
3523 4603 3610 4658 illo

2024 4697 2128 4736 nou
2169 4683 2277 4738 vult
2318 4683 2418 4738 sibi
2461 4684 2663 4754 negari.
2698 4684 2906 4740 llloneta
2937 4686 3132 4742 Christi
3179 4689 3340 4746 homo
3380 4702 3482 4748 est.
3535 4695 3608 4750 lbi

2023 4772 2198 4843 imago
2226 4773 2420 4828 Christi
2438 4814 2452 4838 ,
2483 4773 2554 4828 ibi
2583 4788 2775 4828 nomen
2802 4775 3064 4841 Christi’,
3098 4794 3291 4835 munus
3311 4781 3527 4847 Christi,
3596 4785 3644 4822 υτ

2023 4864 2198 4922 omnia
2224 4864 2440 4922 Christi.

2023 5061 2191 5135 codice
2215 5066 2492 5135 tumsupra,
2514 5068 2635 5135 tum.
2657 5060 2778 5112 infra
2812 5070 2920 5135 post
2959 5065 3122 5135 verba,
3174 5066 3354 5119 llabetc
3375 5068 3523 5135 ﬁdem
3546 5078 3610 5126 ad

2024 5132 2199 5183 Deum,
2221 5124 2524 5173 restituimus
2542 5124 2748 5174 omissos
2766 5136 2796 5172 a
2815 5124 3078 5176 Sirmondo.

2091 5186 2108 5254 ξ
2127 5187 2198 5254 sic
2218 5185 2524 5254 Corbeiensis
2539 5192 2699 5254 MS._M
2719 5187 3010 5254 sirmondus.
3035 5186 3330 5254 perficiatur.

2089 5247 2257 5315 {Apud
2279 5247 2574 5315 sirmondum
2608 5247 2769 5315 deest,
2815 5246 2883 5315 ibi
2905 5246 3074 5315 nomen
3103 5246 3309 5315 é‘hristi,
3336 5257 3541 5309 habetur
3570 5261 3616 5308 in

2025 5309 2304 5380 goi'beiensi
2325 5315 2427 5369 Ms;
2443 5310 2720 5380 moxquein
2736 5310 2909 5360 eodem
2927 5311 3090 5362 codice
3110 5328 3213 5376 [.1‘0,
3233 5309 3402 5367 manu".
3418 5331 3436 5368 (
3454 5322 3499 5368 lu
3516 5323 3611 5376 isti.

2027 5368 2224 5442 legitur,
2248 5368 2469 5442 nutrimus
2490 5368 2684 5442 Christi.

2111 5433 2162 5492 a)
2196 5439 2353 5492 Forte,
2379 5433 2638 5484 excusatis.

2093 5493 2160 5555 (ll)
2184 5494 2296 5543 vide
2317 5507 2460 5557 supra
2479 5507 2750 5552 sermonem
2767 5500 2845 5561 86,
2867 5516 2914 5551 u.
2941 5501 3016 5552 ll.
