3852 6182
301 268 403 327 50'!

815 376 1042 435 SERMO
1080 376 1190 433 XCI
1225 372 1299 447 ((ι)
1334 381 1372 425 ⁹.

292 475 369 531 De
391 476 547 532 verbis
572 472 834 547 Evangelii
864 470 1094 525 Matt/uri
1113 513 1126 537 ,
1156 469 1240 524 ubi
1268 466 1511 523 Dominus
1551 466 1868 537 interrogauit

359 569 586 633 Judreos,
622 567 767 640 cujus
804 565 968 636 [ilium
1007 563 1226 620 dicerent
1269 579 1376 618 esse
1416 558 1688 617 Christum.
1737 556 1863 630 Cap.

290 677 429 726 xxu,
471 660 540 727 ἲ.
564 656 727 712 4246
753 653 849 729 (b).
938 727 949 736 ο

357 750 581 808 CAPUT
604 747 885 805 PRIMUM.
906 781 975 789 --
1002 751 1051 804 1.
1080 746 1333 804 Christum
1353 763 1457 800 esse
1482 744 1716 799 Messium
1746 760 1864 813 pro-

288 844 435 900 batur
484 854 657 896 contra
701 840 927 895 Judwos.
975 838 1281 910 Interrogati
1325 836 1524 904 Judmi,
1556 837 1695 892 sicut
1727 850 1867 891 nunc

284 954 349 993 es
364 936 666 1008 Evangelia,
686 952 805 991 cum
824 935 1153 1001 recitaretur,
1172 933 1488 998 audivimus,
1503 930 1771 1001 quomodo
1783 945 1869 985 cs-

283 1040 366 1083 set
387 1029 641 1083 Dominus
682 1038 862 1081 neSter
881 1025 1034 1080 .leus
1059 1023 1301 1080 Christus
1323 1023 1460 1079 (ilius
1480 1021 1643 1078 David
1663 1063 1678 1085 ,
1708 1036 1863 1092 quem

286 1118 569 1173 Dominum
605 1133 758 1171 suum
801 1116 991 1173 dixerit
1038 1117 1147 1186 ipse
1188 1114 1385 1181 David,
1410 1114 1731 1203 reSpoudere
1759 1128 1861 1167 non

285 1221 586 1280 potuerunt.
612 1208 722 1265 line
750 1210 890 1265 enim
921 1210 969 1264 in
999 1210 1226 1265 Domino
1252 1219 1528 1275 noveram,
1557 1207 1696 1278 quod
1722 1206 1863 1261 vide-

286 1305 427 1356 haut.
454 1301 753 1373 Apparebat
771 1302 910 1357 enim
926 1302 1001 1355 eis
1019 1300 1154 1357 ﬁlius
1166 1300 1395 1355 hominis
1411 1318 1423 1352 :
1439 1300 1862 1359 occultusautetn

283 1405 397 1447 erat
413 1393 575 1447 Filius
590 1393 702 1447 Dei.
720 1391 850 1446 lliuc
868 1402 946 1445 est
959 1390 1097 1461 quod
1116 1407 1234 1445 cum
1251 1400 1304 1446 et
1324 1391 1559 1461 superari
1576 1405 1730 1460 posse
1743 1406 1863 1444 cre-

283 1485 548 1551 diderunt,
563 1496 609 1540 et
627 1484 765 1556 ligno
777 1499 1091 1557 suspensum
1109 1483 1404 1547 irriserunt,
1424 1482 1678 1538 dicentes:
1700 1483 1760 1536 Si
1773 1482 1865 1536 Fi-

286 1576 382 1637 lius
400 1574 492 1631 Dei
501 1586 589 1641 est,
607 1575 870 1630 descendat
882 1575 944 1630 de
965 1591 1129 1636 cruce,
1143 1585 1189 1629 et
1199 1574 1447 1629 credimus
1459 1574 1511 1629 in
1527 1592 1638 1630 eum
1652 1574 1861 1647 (Matth.

286 1683 460 1733 xxvu,
476 1667 562 1732 it),
579 1666 665 1739 ω)
681 1667 851 1722 .Aliud
880 1665 1150 1730 videbant,
1168 1665 1308 1721 aliud
1328 1683 1431 1723 non
1453 1666 1861 1737 cognoscebant.

283 1761 338 1816 Si
357 1760 495 1815 enim
518 1761 905 1829 Cognovissent,
925 1774 1192 1829 nunquam
1207 1760 1485 1815 Dominum
1495 1761 1677 1831 gloria:
1689 1761 1863 1814 cruci-

283 1851 520 1906 tixissent
543 1849 582 1920 (l
606 1848 721 1905 Cor.
746 1866 802 1915 tt,
829 1850 909 1919 8).
938 1849 1186 1905 Sciebant
1213 1858 1386 1905 tamen
1408 1850 1677 1906 Christum
1700 1850 1862 1906 ﬁlium

280 1933 466 2001 David,
484 1938 616 1994 Nam
634 1939 791 2000 etiam
822 1954 961 1994 nunc
987 1941 1157 2008 ipsum
1183 1949 1400 2009 sperant
1423 1955 1542 1995 esse
1561 1948 1860 1995 venturum.

280 2032 434 2086 Latet
451 2042 542 2086 eos
562 2031 698 2101 quod
726 2032 948 2097 venerit,
969 2030 1060 2085 sed
1094 2031 1327 2087 volentes
1355 2032 1500 2087 latet.
1516 2032 1696 2103 Neque
1721 2033 1862 2087 enim

279 2125 325 2178 si
347 2123 661 2194 pendentem
691 2138 793 2176 non
817 2131 1162 2192 agnoverunt,
1179 2132 1231 2177 et
1249 2133 1555 2194 regnantem
1578 2138 1865 2194 agnoscere

281 2232 386 2273 non
411 2213 725 2269 debuerunt.
756 2212 811 2267 In
841 2212 991 2283 cujus
1011 2214 1153 2268 enim
1177 2214 1389 2268 nomine
1410 2223 1663 2270 vocantur
1696 2225 1749 2269 et
1773 2214 1865 2269 be-

282 2305 599 2361 nedicuntur
641 2319 827 2359 omnes
868 2312 1087 2374 gentes,
1128 2303 1228 2358 nisi
1257 2304 1306 2357 in
1334 2304 1452 2373 ejus
1480 2320 1633 2373 quem
1683 2314 1867 2374 putant

281 2394 548 2451 Christum
591 2411 695 2453 non
738 2394 934 2450 fuisse?
964 2393 1080 2464 Ipse
1107 2397 1247 2449 enim
1277 2396 1417 2453 ﬁlius
1445 2397 1605 2451 David
1627 2439 1643 2464 ,
1687 2398 1866 2468 utique

280 2502 345 2549 ex
363 2486 565 2542 semine
580 2485 740 2548 David
762 2484 1047 2546 secundum
1062 2500 1299 2549 carnem,
1320 2486 1459 2540 ﬁlius
1473 2498 1554 2543 est
1571 2489 1862 2543 Abraham.

281 2582 336 2638 Si
366 2590 541 2637 autem
575 2581 771 2637 dictum
796 2580 967 2638 estad
1000 2582 1288 2645 Abraham,
1311 2580 1377 2637 In
1396 2583 1582 2639 semine
1609 2592 1693 2637 tuo
1714 2584 1863 2639 bene-

281 2675 506 2728 dicentur
535 2688 705 2726 omnes
729 2682 897 2744 gentes
928 2671 1086 2740 (Gen.
1118 2688 1256 2737 xm,
1288 2675 1400 2745 ΓΙ),
1443 2684 1497 2729 et
1538 2675 1718 2731 vident
1754 2676 1864 2746 jam

280 2762 331 2829 in
361 2762 573 2819 Christo
604 2771 787 2819 nostro
812 2762 1052 2820 benedici
1081 2780 1267 2821 omnes
1291 2774 1505 2837 gentes;
1529 2768 1655 2839 quid
1675 2783 1863 2838 exspe-

281 2864 431 2913 ctant
459 2854 596 2927 quod
617 2854 727 2927 jam
752 2856 894 2911 venit
925 2856 963 2922 ⁸,
987 2864 1041 2911 et
1066 2872 1169 2913 non
1198 2858 1386 2915 timent
1413 2858 1552 2928 quod
1583 2867 1867 2915 venturum

279 2949 397 3003 est?
424 2942 673 3017 Lapidem
701 2948 841 3004 enim
869 2963 928 3004 se
951 2947 1083 3004 dixit
1125 2949 1236 3021 ipse
1276 2949 1530 3006 Dominus
1572 2962 1750 3009 noster
1771 2952 1864 3008 Je-

279 3057 371 3097 sus
396 3041 660 3109 Chrisnts,
695 3041 1006 3112 prophetico
1031 3042 1096 3096 ad
1134 3058 1192 3098 se
1216 3042 1559 3099 assereudum
1588 3054 1744 3102 utens
1781 3056 1863 3100 te-

278 3135 546 3190 stimonio.
590 3134 842 3204 Lapidem
887 3144 1064 3189 autem
1100 3134 1289 3198 talem.
1315 3145 1371 3190 ut
1403 3136 1448 3190 si
1475 3137 1594 3207 quis
1644 3138 1694 3193 in
1738 3155 1860 3197 cum

277 3224 584 3291 offenderit,
606 3234 1023 3296 conquassatur;
1051 3241 1210 3295 super
1235 3242 1391 3295 quem
1417 3236 1590 3283 autem
1618 3229 1752 3299 lapis
1775 3231 1863 3287 ille

277 3318 503 3384 venerit,
526 3327 766 3374 conterat
787 3334 904 3371 cum
925 3316 1074 3387 (Luc.
1098 3334 1165 3373 xx
1184 3360 1199 3381 ,
1236 3319 1319 3383 t7,
1354 3318 1693 3390 l8).Quando
1718 3323 1858 3376 enim

277 3412 328 3464 in
374 3426 495 3469 eum
541 3409 852 3476 oll‘enditur,
904 3409 1119 3465 humilis
1159 3409 1302 3480 jacet
1332 3428 1345 3465 :
1375 3410 1598 3481 jacendo
1646 3412 1862 3469 humilis

274 3512 490 3574 quassat
544 3501 1261 3581 oﬁ'endcntemgvenicndo
1323 3504 1564 3559 excelsus
1635 3508 1862 3562 conterit

275 3593 688 3665 superbientem.
727 3593 841 3649 iam
859 3610 984 3665 ergo
1010 3592 1179 3649 Judaei
1201 3593 1286 3649 illa
1316 3594 1607 3652 offensione
1626 3600 1858 3669 quassati

274 3695 434 3742 sint:
464 3696 626 3743 restat
672 3696 727 3742 ut
766 3687 883 3759 ejus
915 3686 1169 3757 praeclaro
1204 3686 1435 3744 adventu
1473 3690 1631 3746 etiam
1670 3701 1857 3747 conte-

275 3774 478 3846 rantur,
511 3780 609 3835 nisi
660 3780 794 3835 forte
834 3795 953 3836 cum
997 3780 1209 3849 vivunt,
1243 3782 1583 3851 agnoverint,
1631 3799 1699 3838 ne
1740 3798 1857 3840 mo-

274 3873 496 3934 riantur.
531 3870 743 3935 Patiens
767 3871 908 3926 enim
937 3880 1015 3925 est
1045 3872 1201 3936 Deus,
1230 3881 1284 3926 et
1315 3872 1432 3929 illos
1457 3873 1693 3944 quotidie
1718 3876 1854 3931 invi-

273 3973 350 4027 tat
376 3962 441 4019 ad
474 3961 649 4018 ﬁdem.

344 4054 566 4112 CAPUT
594 4053 656 4110 ll.
681 4054 825 4109 —2.
860 4053 1007 4110 Idem
1052 4066 1296 4112 tractatur
1337 4069 1703 4130 argumentum.
1748 4060 1855 4119 Sed

275 4163 390 4202 eum
430 4146 595 4203 Judrei
636 4147 960 4221 respondere
1004 4164 1108 4205 non
1144 4159 1362 4220 possent
1400 4152 1624 4207 Domino
1663 4169 1854 4225 prapo-

274 4240 417 4294 nenti
465 4241 813 4310 quaestionem
857 4250 911 4297 et
952 4236 1189 4309 dicenti,
1216 4242 1368 4313 cujus
1405 4242 1573 4301 ﬁlium
1616 4243 1855 4301 dicerent

270 4328 578 4397 Christum;
609 4341 767 4401 atque
789 4330 863 4391 illi
887 4332 1288 4402 responderent,
1313 4336 1507 4392 Filium
1529 4337 1695 4395 David
1719 4357 1733 4392 :
1757 4340 1851 4395 ad-

270 4420 445 4487 dendo
474 4430 528 4476 et
554 4420 918 4491 proponendo,
950 4422 1211 4490 Quomodo
1243 4442 1361 4495 ergo
1391 4424 1560 4489 David
1587 4430 1641 4483 in
1664 4431 1852 4500 spiritu

270 4520 409 4566 vocat
438 4526 550 4563 eum
582 4508 876 4578 Dominum,
905 4510 1074 4567 dicens
1125 4532 1137 4569 ε
1186 4512 1327 4568 Dixit
1360 4514 1604 4573 Dominus
1635 4519 1852 4577 Domino

267 4618 399 4668 meo,
433 4599 567 4658 Sede
589 4602 658 4657 ad
682 4602 934 4658 dexteram
969 4622 1165 4672 nteant,
1194 4607 1350 4662 donec
1395 4626 1580 4679 ponam
1624 4613 1850 4669 inimicos

266 4700 377 4748 tuos
404 4691 494 4746 sub
518 4691 727 4763 pedibus
752 4692 890 4753 tuis?
918 4693 979 4750 Si
1005 4710 1122 4766 ergo
1153 4694 1344 4762 David,
1376 4698 1566 4769 inquit,
1597 4702 1648 4754 in
1667 4704 1849 4771 spiritu

264 4784 385 4841 dicit
409 4801 520 4839 eum
543 4783 836 4853 Dominum,
860 4787 1111 4858 quomodo
1138 4799 1208 4844 est
1230 4790 1368 4858 [ilius
1388 4792 1536 4862 ejus?
1555 4793 1665 4855 Non
1691 4795 1844 4863 dixit,

262 4875 379 4931 Non
407 4886 490 4932 est
520 4874 659 4932 ﬁlius
679 4877 825 4946 ejus;
848 4878 963 4945 sed,
995 4878 1257 4944 Quomodo
1280 4891 1351 4935 est
1372 4881 1508 4950 ﬁlius
1539 4885 1646 4956 ejus
1665 4888 1690 4940 Ρ
1708 4886 1850 4954 Quo-

261 4968 412 5024 modo
435 4983 555 5024 cum
582 4967 728 5035 dicit,
756 4969 974 5024 verbum
1001 4972 1289 5041 quaerentis
1316 4982 1416 5034 est.
1440 4991 1545 5028 non
1567 4978 1805 5046 negantis
1831 4992 1843 5031 :

265 5070 511 5128 tanquam
540 5058 585 5114 si
619 5059 721 5115 hoc
749 5060 827 5115 eis
853 5061 1075 5141 diceret,
1099 5062 1239 5119 Bene
1258 5065 1469 5135 quidem
1492 5067 1667 5124 dicitis
1685 5068 1843 5126 Chri-

261 5159 400 5204 stum
431 5150 593 5205 ﬁlium
627 5151 787 5206 David
810 5194 823 5215 ,
854 5153 946 5209 sed
976 5155 1089 5224 ipse
1118 5155 1283 5213 David
1310 5157 1586 5213 Dominum
1614 5176 1736 5215 οιιτιι
1764 5162 1844 5216 di-

259 5241 366 5307 cit;
416 5256 572 5312 quem
621 5242 747 5299 dicit
791 5243 881 5299 ille
926 5243 1235 5311 Domimtm,
1265 5250 1531 5317 quomodo
1556 5260 1637 5306 est
1668 5252 1844 5307 titius?

326 5417 505 5494 igniti,
545 5418 673 5482 quod
686 5420 797 5481 jam
816 5432 910 5471 non
931 5422 1070 5482 venit.
1104 5426 1248 5476 Abest
1279 5428 1526 5491 particula,
1559 5442 1667 5492 non,
1690 5446 1717 5481 a
1743 5450 1842 5494 ma-

264 5488 627 5606 ηυῗὲξᾷξέωξ
663 5549 741 5591 est
761 5543 819 5592 ad
842 5542 963 5594 duos
977 5544 1038 5594 el.
1053 5546 1113 5597 ad
1134 5559 1204 5598 es.
1222 5555 1273 5598 et
1290 5557 1391 5598 Am.
1410 5558 1483 5601 Er.
1510 5561 1610 5603 Par.
1636 5563 1742 5606 ιον.

323 5597 398 5666 (ᾳ)
422 5597 562 5657 Alias,
587 5603 652 5651 de
676 5610 911 5666 Tempore
934 5606 1041 5656 234.

323 5656 394 5718 (ο)
419 5656 710 5716 “mentietur
734 5677 761 5713 a
787 5656 993 5717 t‘ossidio
1018 5670 1063 5717 in
1086 5669 1312 5734 tndicnlo,
1339 5687 1440 5737 cap.
1466 5676 1512 5745 8.

1522 259 1579 313 S.
1626 254 1992 312 AliClIS'i'iNl
2039 257 2337 315 ilPiSthi‘l

3454 265 3565 327 568

1978 371 2419 439 Dici-rentiuda'i,
2441 379 2484 432 si
2521 379 2731 437 intructi
2748 391 2930 439 essent
2950 383 3054 441 ﬁde
3069 383 3387 455 Christiana.
3400 402 3574 462 quam

1976 476 2073 514 nus
2105 473 2383 532 tenemus;
2418 468 2460 521 si
2492 478 2676 525 contra
2708 471 3047 542 Evaugtdium
3090 476 3252 535 corda
3284 481 3573 537 nonuclau-

1975 553 2191 617 dereut.
2228 559 2271 613 si
2306 560 2461 613 vitam
2494 563 2817 631 Spiritualem
2849 567 2902 621 in
2928 582 2987 623 se
3017 566 3215 626 habere
3237 571 3569 641 voluissent.

1976 646 2362 715 responderent
2396 651 2636 707 instructi
2667 656 2889 711 ecclesia
2923 658 3021 712 tica
3046 659 3149 715 ﬁde
3170 660 3291 716 huic
3305 664 3573 733 qumstie-

1973 736 2048 800 ni,
2064 749 2115 792 et
2134 739 2388 807 dicerent,
2404 742 2661 813 Quoniam
2676 747 2728 799 in
2746 749 2993 819 principio
3008 761 3113 804 erat
3128 751 3412 823 Verbum,“
3436 756 3567 812 Ver-

1973 828 2087 883 bum
2102 842 2207 885 erat
2222 838 2361 903 apud
2378 834 2555 902 Deum,
2570 847 2615 890 et
2635 837 2770 893 Deus
2784 852 2887 895 erat
2902 840 3113 898 Verbum
3125 862 3144 901 .'
3158 861 3283 902 ecce
3292 849 3568 917 quomodo

1973 930 2053 977 est
2079 923 2333 981 Dominus
2362 926 2547 983 David.
2576 929 2682 983 Sed
2712 931 2833 1000 quia
2869 930 3085 989 Verbum
3102 952 3220 993 caro
3248 941 3440 1009 factum
3462 950 3565 1005 est,

1971 1024 2018 1069 et
2037 1014 2274 1070 habitavit
2290 1018 2343 1071 in
2365 1021 2503 1074 nobis
2530 1019 2707 1092 (Joau.
2732 1038 2769 1088 ι,
2801 1024 2847 1087 ί,
2886 1025 3005 1094 lt);
3036 1020 3162 1082 ecce
3185 1029 3456 1097 quomodo
3479 1040 3567 1111 est

1972 1099 2120 1162 [ilius
2156 1109 2339 1165 David.
2385 1111 2492 1167 Sed
2533 1118 2830 1171 nescientes
2873 1116 3282 1184 obmtttttcrnnt,
3325 1138 3425 1177 nec
3464 1106 3566 1179 ore

1971 1198 2157 1254 saltem
2187 1201 2368 1255 clauso
2397 1217 2557 1258 aures
2588 1219 2907 1273 aperuerunt
2929 1251 2942 1270 .
2980 1218 3036 1263 ut
3061 1211 3205 1279 quod
3236 1213 3565 1283 respondere

1970 1304 2075 1344 non
2109 1300 2395 1360 potuerunt
2422 1296 2750 1367 interrogati,
2782 1309 2999 1353 nossent
3022 1301 3221 1357 edocti.

2040 1381 2266 1440 CAPUT
2298 1385 2472 1441 HL—
2492 1388 2544 1443 5.
2578 1387 2841 1445 Iucaruati
2876 1390 3021 1449 Verbi
3061 1397 3350 1465 mysterium
3390 1398 3567 1470 dignis

1969 1474 2216 1543 aperitur.
2246 1476 2430 1531 Amare
2459 1477 2616 1534 Deum
2643 1482 2800 1552 gratis
2828 1483 2986 1551 pietas
3014 1495 3106 1540 cst.
3135 1484 3239 1541 Sed
3277 1489 3399 1557 quia
3442 1507 3531 1543 uta
3549 1519 3563 1529 -

1970 1577 2129 1627 gnum
2168 1573 2252 1620 est
2304 1582 2462 1624 nosse
2508 1572 2848 1639 mysterium,
2889 1575 3160 1644 quomodo
3194 1579 3262 1633 sit
3302 1579 3565 1635 Dominus

1974 1651 2135 1708 David
2164 1665 2218 1711 et
2244 1659 2380 1713 ﬁlius
2402 1660 2565 1715 David
2592 1678 2605 1715 :
2633 1665 2900 1734 quomodo
2927 1668 2995 1720 sit
3023 1684 3124 1723 una
3148 1684 3370 1738 permuta
3395 1672 3563 1729 homo

1971 1756 2017 1798 et
2051 1744 2190 1801 Dens
2217 1766 2229 1801 :
2254 1751 2521 1818 quomodo
2548 1754 2619 1807 sit
2669 1755 2720 1809 in
2766 1755 2933 1810 forma
2970 1757 3200 1814 hominis
3240 1761 3416 1817 minor
3454 1763 3562 1819 Pa-

1973 1846 2072 1901 tre,
2097 1838 2147 1891 in
2179 1838 2343 1895 forma
2371 1842 2461 1897 Dei
2490 1845 2708 1915 :equalis
2736 1846 2877 1902 Patri
2908 1836 3214 1919 :quoinodo
3242 1851 3434 1907 iterum
3470 1854 3561 1908 di-

1970 1929 2042 1982 cit
2072 1929 2109 1991 ‘,
2142 1939 2214 1995 et,
2248 1931 2405 1987 Pater
2434 1938 2599 2007 major
2627 1954 2706 1991 me
2743 1950 2813 1993 est
2839 1940 3017 2009 (Joaa.
3046 1959 3154 2010 xw,
3181 1943 3304 2014 23);
3326 1956 3410 2012 cl,
3438 1945 3560 2019 Ego

1970 2033 2016 2075 et
2049 2019 2202 2078 Pater
2231 2042 2385 2079 unum
2422 2045 2594 2083 sumus
2622 2029 2731 2104 (ld.
2763 2048 2827 2096 χ,
2859 2034 2951 2104 30)
2977 2052 2990 2087 :
3019 2038 3139 2105 quia
3184 2052 3428 2109 mum
3472 2050 3564 2094 est

1970 2127 2382 2185 sacramentum,
2414 2130 2469 2175 ut
2496 2122 2614 2191 capi
2647 2124 2836 2193 possit,
2866 2140 3041 2182 mores
3063 2127 3377 2185 informandi
3405 2141 3559 2186 sunt.

1974 2204 2202 2278 Indignis
2229 2211 2369 2264 enim
2394 2211 2631 2267 clausum
2677 2225 2759 2270 cst
2780 2258 2794 2281 ,
2839 2220 3264 2287 promcrentihns
3290 2225 3554 2292 aperitur.

1970 2294 2077 2353 Nec
2121 2298 2322 2370 lapides
2344 2344 2360 2369 ,
2388 2318 2486 2358 nec
2511 2314 2719 2369 vectes.
2753 2323 2850 2362 nec
2881 2311 3075 2378 pugni,
3107 2326 3205 2366 nec
3229 2314 3404 2370 calces
3427 2324 3562 2371 sunt

1970 2388 2161 2459 quibus
2188 2392 2458 2460 pulsamus
2484 2394 2548 2449 ad
2580 2396 2881 2453 Dominum.
2914 2399 3029 2454 Vita
3057 2402 3250 2472 pulsat,
3277 2405 3397 2459 vita:
3420 2422 3559 2475 ape-

1972 2481 2123 2535 ritur.
2153 2483 2328 2539 Corde
2365 2486 2580 2554 petitur,
2608 2489 2770 2543 corde
2798 2493 3070 2560 quatritur,
3099 2494 3259 2550 corde
3289 2497 3556 2566 pulsatur,

1970 2572 2117 2627 cnrdi
2146 2576 2399 2644 aperitur.
2427 2577 2532 2633 Cor
2554 2588 2731 2635 autem
2760 2582 2864 2638 hoc
2886 2584 3026 2654 quod
3055 2596 3200 2642 recte
3228 2590 3375 2658 petit,
3404 2603 3563 2650 recte

1972 2665 2144 2732 pulsat
2162 2675 2215 2721 et
2240 2669 2449 2738 qttatrit,
2472 2671 2616 2740 pium
2637 2688 2757 2729 esse
2782 2675 2959 2731 debet.
2985 2677 3161 2731 Primo
3184 2695 3364 2736 amare
3386 2682 3558 2739 Deum

1970 2758 2166 2824 gratis;
2199 2756 2311 2812 haec
2339 2767 2421 2813 est
2448 2761 2590 2816 enim
2621 2762 2787 2832 pietas
2816 2782 2830 2817 :
2862 2780 2960 2820 nec
2983 2767 3081 2822 sibi
3109 2779 3257 2824 extra
3284 2770 3430 2827 illum
3455 2790 3557 2843 po-

1971 2864 2099 2903 nere
2141 2851 2473 2918 mercedem,
2499 2869 2657 2922 quam
2701 2868 2973 2925 exspectet
3012 2875 3078 2915 ex
3126 2861 3235 2917 illo.
3269 2862 3362 2918 ιιιυ
3407 2866 3557 2920 enim

1970 2939 2159 2994 melius
2183 2950 2264 2996 est
2290 2942 2437 2997 nihil.
2472 2943 2538 2999 Et
2567 2946 2691 3015 quid
2717 2962 2896 3003 carum
2926 2952 3059 3021 petit
3084 2969 3113 3006 a
3144 2953 3272 3020 Deo,
3301 2956 3387 3010 cui
3410 2957 3555 3014 Deus

1970 3033 2083 3101 ipse
2108 3034 2229 3088 vilis
2256 3036 2370 3090 est?
2396 3036 2614 3093 Terram
2639 3037 2766 3107 dat,
2792 3049 2846 3095 et
2867 3042 3069 3112 gaudes
3089 3084 3104 3109 ,
3135 3058 3341 3103 amator
3371 3057 3551 3117 terrae,

1969 3135 2019 3176 et
2048 3122 2216 3179 factus
2244 3136 2402 3182 terra.
2431 3128 2484 3182 Si
2511 3128 2729 3197 gaudes,
2751 3132 2962 3200 quando
2989 3133 3077 3188 dat
3104 3143 3328 3203 terram;
3352 3151 3555 3210 quanto

1967 3216 2193 3285 amplius
2219 3218 2447 3287 gaudere
2474 3219 2640 3273 debes
2660 3262 2674 3283 ,
2703 3236 2823 3274 cum
2871 3238 2932 3276 se
2974 3224 3145 3294 ipsum
3175 3227 3266 3281 tibi
3301 3229 3388 3281 dat
3409 3270 3427 3295 ,
3462 3233 3559 3301 qui

1968 3304 2093 3361 fecit
2117 3306 2310 3362 caelum
2332 3318 2387 3363 et
2405 3311 2638 3364 terram?
2662 3310 2838 3367 Gratis
2860 3330 2989 3385 ergo
3008 3318 3265 3373 amandus
3284 3331 3363 3375 est
3385 3321 3550 3377 Dens.

1967 3394 2099 3450 Nam
2143 3397 2385 3454 diabolus
2429 3400 2528 3454 hoc
2566 3412 2750 3457 sancto
2775 3403 2877 3459 Job
2907 3408 3147 3463 nesciens
3193 3412 3317 3480 quid
3363 3414 3413 3466 in
3461 3415 3555 3470 illo

1969 3486 2109 3541 intus
2128 3498 2390 3557 ageretur,
2413 3506 2662 3561 magnum
2684 3494 2884 3559 crimen
2904 3495 3119 3566 objecit,
3146 3498 3357 3557 dicens:
3384 3503 3433 3557 Ν
3441 3522 3554 3557 um-

1964 3575 2086 3646 quid
2111 3578 2267 3648 gratis
2291 3580 2409 3632 colit
2432 3579 2531 3634 .Iob
2559 3580 2767 3640 Deum?

2035 3666 2260 3725 CAPUT
2292 3668 2380 3724 ιν.
2402 3672 2540 3727 -4.
2569 3670 2816 3729 Diabolus
2842 3677 3183 3734 calumniosus
3206 3682 3549 3742 adversarius.

1968 3760 2135 3823 Quare
2159 3759 2223 3814 de
2259 3761 2399 3823 bonis
2422 3774 2630 3835 spargat
2654 3767 2809 3821 mala.
2845 3768 2984 3839 Ergo
3010 3771 3054 3826 si
3083 3771 3418 3830 adversarius
3448 3777 3552 3835 hoc

1963 3850 2177 3921 ttitjECil,
2200 3853 2386 3910 timere
2406 3854 2662 3913 debemus
2688 3874 2753 3914 ne
2781 3858 2882 3915 hoc
2911 3862 3066 3919 nobis
3087 3865 3385 3935 objiciatur.
3411 3870 3550 3925 Cum

1963 3956 2153 4011 magno
2171 3944 2312 3998 enim
2336 3944 2664 4003 calumnioso
2686 3948 2943 4005 habemus
2966 3956 3257 4023 negotium.
3277 3958 3333 4013 Si
3355 3964 3554 4031 quaerit

1964 4031 2162 4102 ﬁngere
2186 4034 2328 4103 quod
2357 4051 2462 4091 non
2484 4048 2585 4105 est,
2609 4049 2807 4110 quanto
2827 4044 2995 4114 magis
3009 4045 3241 4114 objiccre
3262 4051 3399 4117 quod
3427 4065 3512 4107 est
3527 4054 3553 4106 2

1961 4123 2297 4180 Gaudeamus
2327 4135 2505 4185 tamen
2535 4130 2579 4197 ⁸,
2605 4132 2728 4201 quia
2755 4133 2874 4188 talis
2897 4145 2979 4189 est
3002 4136 3163 4205 judcx
3181 4180 3197 4204 ,
3224 4141 3314 4210 qui
3344 4140 3452 4197 falli
3482 4148 3554 4199 ab

1959 4223 2268 4271 accusatore
2317 4228 2499 4273 nostro
2527 4235 2630 4275 non
2661 4232 2854 4291 potest.
2899 4223 3031 4280 Nam
3062 4226 3109 4281 si
3139 4226 3408 4287 hominem
3453 4233 3552 4288 ha-

1959 4303 2209 4365 beremus
2228 4308 2483 4377 judicem,
2505 4310 2630 4368 huic
2655 4313 2906 4384 quidquid
2932 4318 3093 4373 vellet
3120 4320 3340 4391 ﬁngeret
3364 4323 3550 4380 inimi-

1957 4410 2070 4451 cus.
2101 4396 2269 4453 Nemo
2308 4409 2386 4454 est
2422 4401 2634 4460 diabolo
2676 4408 2899 4463 astutior
2934 4408 3001 4464 ad
3046 4410 3374 4482 ﬁngendum.
3410 4416 3551 4474 Nam

1956 4495 2011 4541 et
2031 4503 2169 4543 nunc
2193 4490 2368 4547 omnia
2394 4489 2524 4547 falsa
2549 4496 2770 4551 crimina
2799 4497 2865 4554 de
2895 4502 3093 4557 sanctis
3124 4503 3235 4574 ipse
3263 4509 3546 4579 conﬁngit.

1956 4576 2046 4633 Sic
2096 4593 2223 4635 suas
2266 4581 2665 4643 criminationes
2687 4588 2862 4643 valere
2886 4605 2992 4646 non
3016 4607 3170 4661 posse
3189 4596 3326 4665 apud
3348 4576 3547 4665 Deum,

1954 4670 2094 4724 inter
2139 4669 2381 4729 homines
2422 4675 2536 4731 illas
2578 4680 2798 4750 spargit.
2830 4682 2892 4737 Et
2922 4684 3021 4739 hoc
3049 4686 3097 4741 ei
3125 4687 3253 4757 quid
3284 4691 3507 4760 prodest
3528 4737 3546 4760 ,

1952 4774 2075 4815 cum
2113 4761 2254 4818 dicat
2282 4764 2584 4835 Apostolus.
2621 4768 2799 4827 Gloria
2834 4784 3006 4829 nostra
3035 4777 3144 4833 nec
3167 4789 3275 4842 est.
3305 4784 3546 4841 testimo-

1952 4852 2091 4906 nium
2116 4855 2431 4912 conscientia:
2455 4868 2639 4915 nostra:
2662 4861 2729 4933 (ll
2759 4861 2876 4919 Cor.
2905 4881 2941 4934 ι,
2978 4866 3105 4939 1‘2)?
3133 4868 3339 4928 Putatis
3361 4884 3545 4930 tamen

1950 4942 2070 5013 quia
2104 4944 2192 5000 ille
2233 4944 2361 5003 falsa
2387 4948 2610 5006 erimina
2649 4952 2792 5008 nulla
2834 4957 3026 5013 astutia
3065 4962 3358 5034 conﬁngit?
3382 4965 3549 5024 Novit

1950 5032 2073 5103 qttid
2120 5035 2243 5090 inde
2287 5038 2408 5094 ntali
2448 5048 2601 5111 agat,
2633 5042 2734 5098 nisi
2766 5045 2815 5100 ei
2844 5047 3058 5104 resistat
3084 5032 3349 5121 vigilantia
3392 5057 3544 5114 ﬁdei.

1950 5120 2074 5178 Ideo
2103 5125 2244 5180 enim
2270 5127 2412 5184 etde
2434 5129 2589 5186 bonis
2616 5133 2753 5191 mala
2779 5138 2998 5207 spargit,
3021 5148 3075 5194 ut
3103 5120 3294 5198 inﬁrmi
3322 5161 3428 5199 non
3453 5164 3546 5218 pu-

1951 5221 2063 5267 tent
2096 5214 2304 5286 aliquos
2331 5233 2452 5274 esse
2479 5218 2682 5289 bonos,
2713 5233 2768 5280 et
2799 5224 3007 5283 tradant
3053 5243 3112 5286 se
3156 5214 3545 5302 rapiendos-li—

1949 5303 2217 5361 bidinibus
2238 5316 2293 5363 et
2317 5307 2671 5382 dissipandos,
2695 5314 2933 5373 dicentes
2957 5319 3099 5389 apud
3121 5336 3181 5378 se
3202 5323 3380 5394 ipsos:
3405 5326 3544 5394 Quis

2012 5441 2027 5472 ⁸
2042 5442 2386 5511 Αείἓιθιιρίᾳιδίε
2402 5443 2549 5507 liber,
2561 5449 2800 5511 thmodo
2812 5460 2977 5502 mm
2989 5451 3127 5505 dicit.
3151 5455 3225 5505 sic
3245 5457 3393 5507 etiam
3408 5471 3548 5511 unus

2012 5449 2027 5472 ι
2054 5449 2386 5518 Cistereiensis
2402 5449 2549 5507 liber,
2561 5449 2800 5560 quamde
2812 5460 2977 5525 verm
2989 5451 3127 5505 dicit.
3151 5455 3225 5505 sic
3245 5457 3393 5507 etiam
3408 5471 3548 5511 unus

2332 5514 2456 5569 Mss;
2480 5522 2574 5573 pau
2591 5523 2721 5579 eque
2738 5519 2847 5577 post
2864 5513 2993 5565 idem
3012 5516 3187 5579 codex,
3215 5531 3373 5571 mores
3386 5522 3549 5584 refor-

1945 5625 2237 5747 Μῗδλιᾶίέἓὲι
2252 5634 2363 5739 gitis.
2392 5631 2646 5686 evadimus
2661 5639 2837 5687 tamen.
2861 5636 3059 5697 Quidam
3079 5645 3247 5691 autem
3265 5654 3278 5691 :
3305 5647 3360 5692 tu
3378 5643 3544 5695 euasi-

2055 5725 2067 5745 ,
2210 5723 2224 5747 ,
2334 5728 2345 5739 .

2055 5725 2067 5745 ’
2096 5723 2224 5749 ναμε,
2253 5723 2345 5739 μιν.
