3852 6182
124 303 221 362 56$

118 414 358 477 ostentm
396 414 491 487 qui
532 423 709 470 servat
746 414 1057 470 mandatum
1084 415 1211 471 Dei?
1239 426 1329 471 aut
1356 416 1471 487 quis
1504 426 1583 471 est
1608 419 1698 486 qui

117 515 287 566 servat
321 504 660 562 castitatem?
686 504 822 561 Dum
862 515 1010 576 putat
1045 506 1172 576 quia
1218 522 1375 561 neruo
1401 547 1417 573 ,
1478 507 1590 576 ipse
1645 510 1702 562 tit

123 618 289 658 nemo.
320 600 434 655 lloc
462 612 593 670 ergo
626 600 737 669 agit
756 598 1018 655 diabolus.
1046 598 1153 654 Sed
1182 599 1302 654 talis
1331 610 1446 655 erat
1473 600 1550 652 rir
1579 599 1694 660 Job,

122 698 183 753 de
220 702 323 767 quo
364 693 497 748 nihil
544 698 730 762 posset
761 692 1253 762 contingereznota
1293 693 1435 747 enim
1484 702 1600 747 erat
1647 704 1699 746 et

125 787 269 844 nimis
305 786 445 841 clara
490 786 596 839 vita
635 783 772 853 ejus.
800 782 906 840 Sed
938 783 1061 853 quia
1091 784 1285 838 multas
1312 783 1539 838 habebat
1564 781 1700 837 divi-

130 882 234 947 tias,
260 877 358 932 hoc
385 874 612 946 obiecit,
640 874 785 946 quod
809 883 864 930 et
887 875 933 929 si
956 884 1116 937 esset,
1150 858 1394 928 in'corde
1423 887 1540 927 esse
1572 886 1695 942 pos-

133 982 220 1036 sel,
244 970 291 1026 in
337 967 579 1023 moribus
602 980 863 1037 pparere
886 979 994 1019 non
1018 974 1218 1034 posset.
1246 962 1467 1019 Colebut
1504 962 1692 1036 Deum,

134 1063 330 1124 iaciebat
355 1060 762 1130 eleemosynas;
788 1066 844 1113 et
870 1072 977 1127 quo
1020 1055 1184 1112 corde
1229 1056 1494 1121 faciebat,
1538 1070 1697 1109 nemo

134 1154 340 1216 sciebat,
367 1165 468 1206 nec
509 1149 622 1220 ipse
664 1148 945 1204 diabolus:
968 1147 1065 1203 sed
1110 1148 1248 1204 Deus
1285 1154 1524 1201 noverat.
1561 1145 1693 1200 Per-

134 1244 258 1297 hibet
300 1242 436 1296 Deus
482 1238 848 1294 testimonium
875 1252 1034 1292 servo
1059 1252 1159 1292 suo
1182 1255 1196 1291 :
1218 1236 1463 1293 diabolus
1486 1234 1692 1290 calum-

133 1336 285 1389 niatur
331 1347 484 1387 servo
514 1330 629 1385 Dei.
660 1329 995 1385 Permittitur
1025 1329 1112 1384 ille
1142 1329 1334 1385 tentari
1364 1330 1405 1395 ί,
1440 1329 1695 1398 probatur

131 1423 236 1489 Job,
264 1420 601 1477 confunditur
629 1420 894 1476 diabolus.
916 1417 1307 1474 Invenituran
1330 1419 1494 1488 gratis
1513 1419 1691 1474 colere

133 1517 305 1579 Deum,
331 1516 493 1586 gratis
518 1514 742 1584 diligere
772 1531 785 1566 :
814 1527 919 1567 non
959 1512 1080 1582 quia
1125 1511 1321 1581 aliquid
1367 1511 1550 1572 dedit,
1595 1510 1689 1565 sed

133 1608 234 1675 quia
258 1622 313 1661 se
337 1606 506 1676 ipsum
538 1619 645 1660 non
671 1603 909 1659 abstulit.
930 1603 1017 1657 Ait
1042 1603 1185 1657 enim
1210 1601 1493 1657 :Dominus
1516 1602 1651 1655 dedit
1669 1641 1685 1666 ,

134 1698 349 1753 Dominus
372 1697 612 1763 abstulit;
633 1698 759 1751 sicut
780 1694 1000 1750 Domino
1025 1694 1233 1764 placuit,
1259 1695 1329 1748 ita
1360 1697 1546 1766 factum
1574 1705 1687 1750 est:

131 1792 182 1844 sit
197 1806 360 1843 nomen
382 1787 588 1844 Domini
617 1786 931 1843 benedictum
961 1784 1101 1859 (Job.
1123 1792 1179 1857 ι).
1209 1785 1344 1856 Ignis
1378 1785 1687 1841 tentationis

129 1882 358 1947 accessit;
388 1880 483 1937 sed
512 1895 703 1935 aurum
726 1921 740 1945 ,
769 1895 875 1934 non
905 1879 1154 1948 stipulam
1197 1877 1398 1932 invenit
1424 1893 1436 1928 :
1468 1876 1687 1933 abstulit

126 1973 305 2036 sordes,
329 1987 433 2027 non
461 1971 723 2025 convertit
747 1970 801 2023 in
829 1969 1089 2024 cinerem.

187 2062 389 2118 CAPUT
419 2062 567 2117 V.---
584 2062 637 2117 5.
672 2059 798 2115 Post
822 2060 1148 2131 quaestionem
1177 2060 1239 2114 de
1263 2056 1482 2123 Christo,
1507 2075 1596 2113 cur
1620 2058 1684 2112 de

129 2154 319 2208 mribus
336 2154 525 2224 agitur.
556 2150 787 2206 Honores
816 2150 1156 2206 ecclesias'ici.
1188 2151 1321 2217 Quia
1347 2166 1474 2221 ergo
1498 2150 1563 2204 ad
1592 2165 1682 2205 sa-

128 2255 422 2301 cramentum
451 2243 544 2297 Dei
574 2241 972 2312 intelligendum
991 2283 1006 2306 ,
1036 2241 1302 2311 quomodo
1340 2240 1586 2296 Christus
1629 2249 1684 2297 et

126 2338 266 2390 homo
286 2345 336 2391 et
358 2335 501 2390 Deus
524 2335 616 2400 sit,
644 2348 739 2390 cor
763 2331 1125 2388 mandandum
1148 2341 1261 2398 est;
1288 2332 1572 2387 mundatur
1590 2347 1685 2385 au-

126 2436 217 2481 tem
244 2426 467 2481 moribus
488 2467 504 2492 ,
535 2425 663 2488 vita,
692 2424 934 2479 castitate
953 2464 969 2489 ,
1001 2423 1285 2478 sanctitate
1305 2462 1320 2488 ,
1352 2422 1636 2478 dilectione
1662 2464 1678 2486 .

124 2526 173 2571 ct
210 2517 299 2573 lide
339 2533 460 2588 quae
505 2532 602 2587 per
647 2516 987 2572 dilectionem
1032 2525 1284 2585 operatur
1311 2512 1507 2586 (Galat.
1543 2529 1595 2580 ν,
1623 2512 1680 2584 6)

125 2607 235 2677 (hoc
261 2617 429 2663 autem
466 2607 609 2678 quod
647 2606 855 2676 loquor,
891 2613 1058 2661 totum
1090 2616 1336 2675 tanquam
1379 2604 1539 2659 arbor
1562 2613 1677 2670 est,

122 2716 227 2770 qua:
248 2700 467 2757 radicem
497 2700 659 2757 liabet
685 2699 740 2754 in
767 2697 977 2755 corde:
1017 2713 1192 2769 neque
1217 2697 1359 2757 enim
1388 2695 1525 2751 facta
1552 2712 1677 2766 prn-

121 2793 290 2849 cedunt
328 2793 427 2848 nisi
473 2792 545 2848 de
591 2791 771 2848 cordis
807 2790 1016 2856 radice;
1057 2790 1208 2846 ubisi
1231 2789 1559 2862 plantaveris
1585 2804 1682 2843 cu-

122 2883 397 2953 piduatem,
425 2884 597 2954 spina:
623 2882 951 2954 procedunt;
993 2881 1039 2937 si
1080 2881 1405 2952 plantaveris
1439 2879 1678 2934 cliarita-

122 2985 212 3032 tem
234 2978 273 3040 ³,
298 2977 494 3033 fructus
518 2976 835 3047 procedunt)
863 2993 878 3028 :
899 2975 1079 3030 statim
1100 2975 1351 3028 Dominus
1374 2983 1494 3044 post
1522 2974 1676 3029 istam

119 3070 436 3138 quastitinem
465 3066 794 3139 propositam
822 3066 1052 3132 Judaais,
1082 3066 1187 3121 illis
1217 3065 1541 3134 respondere
1563 3079 1671 3120 non

120 3160 390 3215 valentibus
408 3200 425 3227 ,
455 3158 684 3229 subjecit
708 3157 775 3213 de
802 3157 1040 3212 moribus
1064 3157 1241 3226 loqui,
1270 3164 1329 3210 ιιι
1369 3154 1680 3211 ostenderet

118 3266 268 3320 quare
289 3252 357 3307 illi
380 3252 578 3323 indigni
603 3250 800 3307 fuerint
821 3250 1114 3318 intelligere
1138 3248 1278 3318 quod
1307 3248 1671 3318 interrogavit.

118 3339 281 3395 Miseri
319 3344 446 3397 enim
488 3340 705 3412 superbi
750 3355 873 3397 cum
920 3340 1245 3410 respondere
1285 3355 1390 3395 non
1423 3349 1671 3410 possent,

122 3431 286 3500 utique
299 3431 582 3487 debuerunt
606 3430 786 3487 dicere
812 3449 824 3485 :
849 3430 1126 3486 Nescimus
1152 3445 1281 3496 nos;
1304 3430 1570 3500 Magister,
1588 3430 1674 3486 die

122 3524 272 3580 nobis.
301 3524 686 3580 Obmutuerunt
712 3524 765 3578 in
794 3522 1183 3597 propositione,
1211 3537 1312 3577 nec
1348 3536 1410 3577 os
1442 3537 1674 3592 aperue-

122 3624 224 3668 runt
244 3614 304 3669 ad
326 3615 741 3684 inquisitionem.
770 3613 838 3668 Et
857 3614 1034 3668 statim
1060 3614 1315 3683 Dominus
1335 3612 1402 3668 de
1423 3613 1672 3682 superbia

122 3705 300 3759 illorum
333 3704 570 3768 :Cavete,
600 3705 798 3775 inquit,
826 3704 888 3758 ab
919 3703 1140 3769 Scribis,
1170 3704 1253 3772 qui
1281 3712 1453 3756 amant
1491 3702 1670 3772 prwsi-

120 3797 214 3850 dere
232 3798 282 3851 in
302 3800 602 3870 synagogis,
630 3808 677 3851 et
705 3797 921 3868 diligunt
955 3798 1175 3867 primum
1204 3796 1369 3850 locum
1407 3796 1461 3849 in
1498 3796 1669 3849 canui.

120 3889 192 3940 riis
224 3888 425 3957 (Matth.
473 3906 634 3952 xxtn,
665 3888 719 3954 6,
755 3898 803 3942 et
830 3887 996 3942 Marc.
1016 3887 1218 3954 311,58,
1242 3887 1357 3958 59).
1393 3886 1509 3943 Non
1548 3888 1670 3958 quia

119 3982 386 4050 accipiunt,
443 3982 539 4037 sed
578 3982 698 4052 quia
729 3980 973 4051 diligunt.
1006 3980 1103 4035 llic
1153 3981 1293 4035 enim
1349 3996 1443 4036 cur
1483 3997 1668 4036 eorum

119 4077 393 4142 accusavit,
448 4077 743 4130 Accusator
789 4082 967 4128 autem
993 4073 1172 4129 cordis
1220 4088 1340 4129 esse
1395 4088 1500 4128 non
1550 4088 1673 4142 pns-

118 4173 219 4231 tet,
265 4167 362 4221 nisi
409 4166 594 4221 cordis
638 4166 926 4234 inspector.
968 4163 1192 4233 Oportet
1231 4164 1374 4218 enim
1424 4171 1481 4218 ut
1514 4177 1670 4216 servo

120 4254 190 4308 Dei
223 4255 428 4311 babenti
458 4257 688 4325 aliquem
734 4255 990 4309 honorem
1032 4253 1084 4308 in
1130 4253 1362 4307 Ecclesia
1403 4252 1671 4307 deferatur

117 4347 286 4413 primum
306 4348 454 4403 locus
485 4365 500 4403 :
526 4347 647 4417 quia
692 4347 736 4400 si
781 4362 886 4402 non
925 4345 1215 4411 deferatur,
1244 4346 1438 4399 malum
1478 4355 1560 4400 est
1597 4347 1669 4400 illi

116 4439 184 4507 qui
221 4453 321 4494 non
356 4436 566 4497 defert:
594 4454 701 4492 non
734 4446 910 4493 tamen
950 4437 1147 4491 bonum
1174 4446 1257 4492 est
1283 4437 1353 4490 illi
1384 4437 1468 4491 cui
1496 4436 1671 4491 defer-

118 4537 201 4583 tur.
224 4529 438 4599 Oportet
460 4531 639 4600 itaque
663 4538 716 4583 ut
740 4529 792 4583 in
813 4529 1224 4597 congregatione
1247 4528 1668 4583 Christianorum

118 4623 351 4691 prapositi
378 4621 548 4693 plebis
569 4620 889 4676 eminentius
917 4602 1159 4685 sedeant,
1187 4628 1245 4673 ut
1272 4620 1383 4689 ipsa
1406 4620 1535 4675 sede
1564 4621 1673 4674 dis-

119 4710 408 4781 tinguantur,
454 4724 513 4770 et
546 4728 734 4768 eorum
776 4711 1012 4789 officium
1051 4711 1182 4767 satis
1223 4721 1517 4780 appareat:
1564 4728 1669 4767 non

119 4814 266 4859 tamen
294 4816 348 4861 ut
376 4804 633 4861 inﬂentur
665 4803 733 4858 de
755 4802 915 4868 sede;
943 4800 1038 4857 sed
1070 4810 1128 4857 ut
1150 4802 1382 4870 cogitent
1407 4802 1669 4856 sarcinam

118 4896 234 4952 unde
250 4909 364 4953 sunt
386 4898 649 4953 reddituri
676 4897 954 4951 rationem.
967 4895 1097 4964 Quis
1112 4903 1288 4952 autem
1312 4896 1475 4959 novit,
1496 4906 1671 4950 utrum

116 4984 198 5039 hoc
218 4997 412 5054 ament,
439 4999 533 5042 aut
558 5004 664 5043 non
692 4988 904 5043 ament?
931 4986 1037 5042 Res
1065 4986 1165 5040 ista
1194 4985 1369 5041 cordis
1398 4996 1498 5052 est,
1523 4986 1669 5054 judi-

114 5093 211 5132 cem
236 5080 423 5137 habere
451 5095 558 5135 non
592 5089 764 5150 potest
797 5078 897 5132 nisi
928 5078 1115 5133 Deum.
1146 5076 1265 5147 Ipse
1292 5087 1467 5131 autem
1496 5078 1673 5132 Domi-

116 5183 197 5224 nus
215 5172 529 5228 admonebat
546 5187 695 5236 suos,
714 5186 782 5225 ne
803 5170 1097 5227 inciderent
1116 5170 1171 5226 in
1193 5171 1295 5226 tale
1315 5169 1636 5227 fermentum
1655 5188 1666 5225 :

113 5263 234 5330 quod
270 5265 373 5320 alio
413 5266 534 5321 loco
570 5264 734 5329 dicit,
763 5262 937 5319 Cavete
962 5280 995 5319 a
1020 5264 1263 5333 fermento
1295 5262 1671 5317 Pharisazormn

115 5361 151 5404 et
177 5354 588 5411 Sadducaeorum.
612 5355 679 5411 Et
704 5370 825 5411 cum
856 5363 1100 5426 putarent
1139 5354 1209 5409 illi
1246 5364 1524 5425 propterea
1571 5353 1672 5409 hoc

113 5456 216 5499 θυιιι
240 5445 434 5511 dicere,
451 5447 574 5518 quia
597 5462 762 5517 panes
792 5461 895 5502 non
922 5445 1240 5512 intulerant;
1264 5445 1533 5516 respondit
1557 5445 1635 5501 eis
1656 5462 1669 5500 :

166 5580 300 5629 'ttss.
340 5580 517 5631 denum

166 5580 178 5608 1

164 5585 300 5707 ’,ἃ
315 5579 806 5707 lm'd‘lantaveﬂs
822 5641 1124 5707 chatjitatem,
1149 5650 1266 5707 etc,
1290 5643 1509 5707 itemque
1532 5641 1668 5707 intra,

118 5699 383 5778 tt:
406 5699 573 5768 palma
592 5704 656 5778 de
676 5704 796 5778 creto
818 5702 1068 5778 pendebat,
1096 5699 1213 5778 etc?
1236 5699 1283 5753 in
1322 5699 1454 5766 prqu
1476 5699 1671 5754 excusis

119 5770 486 5824 "inanimum.
504 5770 775 5816 restituitur
799 5779 861 5815 ex
889 5770 1236 5822 manuscriptis.

1599 303 1829 360 SEllMO
1870 302 2001 359 XCI.

3297 314 3397 371 57G

1818 416 2024 473 Excidit
2059 419 2212 486 vobis,
2243 430 2362 487 quot
2389 421 2552 476 millia
2579 424 2795 477 saturati
2831 417 2946 478 sunt
2974 441 3037 479 ea:
3059 426 3275 496 quinque
3296 443 3395 491 na-

1809 512 1955 567 uibus
1972 514 1998 567 .9
2026 513 2165 569 Tum:
2195 516 2545 571 intellexerunt
2564 560 2578 583 ,
2606 518 2803 587 inquit,
2834 520 2952 589 quia
2980 522 3274 590 fornicatum
3300 521 3394 576 doc

1807 606 2018 657 ctrinam
2067 621 2240 659 eontm
2286 607 2493 661 dicebat.
2533 607 2741 680 (Matth.
2787 625 2897 675 xw,
2928 610 3104 677 6-12).
3136 611 3393 668 Amabant

1805 695 1947 749 enim
1991 696 2064 751 illi
2116 699 2212 751 ista
2254 701 2565 769 temporalia
2591 719 2604 755 :
2634 685 2832 757 interna
2861 717 2986 756 vero
3015 717 3113 758 nec
3136 704 3392 759 timebant

1805 788 1962 850 mala,
1996 804 2094 843 nec
2131 788 2419 860 diligebant
2463 791 2624 846 bona.
2654 792 2849 847 Clauso
2890 793 3052 848 corde
3098 793 3392 865 intelligere

1804 892 1910 931 non
1938 888 2182 947 poterant
2203 881 2344 951 quod
2376 883 2628 935 Dominus
2658 882 3018 951 interrogavit.

1872 969 2096 1026 CAPUT
2136 970 2223 1025 Vl.
2251 1003 2322 1012 —
2342 972 2394 1025 li.
2437 972 2585 1027 Unde
2608 974 2664 1042 fit
2698 974 2897 1027 animus
2923 988 3087 1044 capax
3103 973 3172 1027 ad
3195 972 3386 1029 intelli-

1799 1061 1965 1129 genda
2008 1063 2267 1132 mysteria.
2317 1064 2452 1132 Quid
2523 1075 2699 1118 autem
2742 1064 2899 1119 iaciat
2962 1065 3199 1120 Ecclesia
3257 1066 3382 1132 Dei,

1801 1161 1854 1204 ut
1895 1154 2067 1223 possit
2092 1154 2389 1226 intelligere
2416 1157 2557 1227 quod
2581 1157 2749 1227 prima
2782 1160 2975 1213 meruit
3000 1158 3259 1215 credere?
3285 1160 3384 1215 Fac

1796 1241 1904 1295 ciat
1949 1257 2201 1312 capacem
2231 1246 2466 1301 animum
2488 1247 2554 1301 ad
2590 1248 2952 1318 recipiendum
2978 1250 3117 1319 quod
3148 1250 3379 1309 dabitur.

1794 1330 1946 1396 Quod
1973 1340 2033 1387 ut
2061 1333 2211 1388 ﬁeret
2229 1375 2245 1401 ,
2269 1335 2320 1389 id
2347 1345 2462 1402 est,
2495 1346 2548 1391 ut
2575 1352 2738 1409 capax
2762 1340 2969 1393 animus
2998 1347 3175 1405 esset,
3202 1340 3381 1397 Domi-

1797 1437 1897 1477 nus
1941 1424 2084 1480 Deus
2128 1437 2310 1482 noster
2335 1428 2611 1497 suspendit
2644 1430 2902 1499 promissa
2928 1472 2943 1497 ,
2992 1446 3099 1486 non
3140 1432 3377 1487 abstulit.

1796 1513 1920 1568 ldeo
1964 1516 2241 1585 suSpendit
2260 1559 2273 1585 ,
2298 1528 2354 1572 ut
2383 1534 2480 1573 nos
2499 1519 2848 1575 extendamus
2874 1539 2887 1575 :
2920 1520 3041 1575 ideo
3063 1535 3161 1575 nos
3187 1532 3379 1577 exten-

1792 1604 2002 1671 dimus,
2033 1617 2089 1661 ut
2131 1624 2439 1665 crescamus
2474 1630 2486 1665 :
2516 1610 2635 1665 ideo
2682 1612 2976 1666 crescimus
3001 1653 3016 1676 ,
3048 1620 3103 1666 ut
3149 1615 3379 1683 attinga-

1792 1709 1931 1749 mus.
1966 1696 2095 1752 Vide
2123 1699 2424 1766 apostolum
2454 1700 2673 1754 Paulum
2699 1701 2751 1753 in
2782 1715 3043 1770 suspensa
3073 1711 3375 1756 extensum.

1793 1784 1915 1839 Non
1947 1788 2067 1857 quia
2079 1789 2193 1859 jam
2227 1792 2539 1859 acceperim,
2580 1799 2669 1844 aut
2687 1791 2801 1859 jam
2827 1793 3077 1861 perfectus
3105 1791 3220 1843 sint.
3248 1788 3380 1843 Fra-

1789 1886 1908 1945 tres,
1938 1895 2030 1949 ego
2059 1894 2140 1934 me
2158 1895 2259 1934 non
2287 1880 2504 1937 arbitror
2532 1879 2926 1950 apprehendisse
2950 1894 2967 1932 :
2992 1896 3146 1933 unum
3173 1888 3340 1935 autent
3358 1921 3374 1946 ,

1786 1985 1902 2043 Μ
1935 1981 2069 2025 retro
2089 1971 2270 2027 oblitus
2292 2011 2305 2038 ,
2333 1972 2388 2027 in
2410 1989 2469 2025 ea
2489 1988 2604 2044 quw
2622 1981 2737 2025 ante
2761 1980 2879 2024 sunt
2907 1980 3136 2025 extentus
3155 2012 3169 2036 ,
3197 1987 3375 2025 serun-

1787 2063 1909 2117 dum
1935 2063 2262 2119 intentionem
2301 2080 2480 2135 sequor
2506 2064 2574 2117 ad
2599 2063 2823 2133 palmam
2847 2077 3082 2131 supernae
3105 2063 3378 2118 vocationis

1786 2153 1882 2209 Dei
1902 2156 1956 2208 in
1982 2154 2183 2209 Christo
2206 2153 2332 2209 Iesu
2360 2156 2378 2223 (
2403 2153 2634 2227 Philipp.
2665 2170 2718 2209 ιιι
2738 2195 2753 2218 ,
2774 2153 3003 2224 12-14).
3034 2154 3128 2210 Ille
3155 2155 3207 2209 in
3236 2164 3375 2209 terra

1785 2246 2036 2302 currebat
2068 2263 2082 2301 :
2113 2248 2286 2316 palma
2329 2246 2397 2300 de
2437 2246 2576 2301 caelo
2621 2244 2905 2315 pendebat.
2949 2244 3004 2299 in
3057 2255 3196 2299 terra
3249 2260 3376 2316 ergo

1783 2337 2033 2393 currebat
2062 2356 2077 2393 :
2109 2338 2202 2393 sed
2248 2339 2300 2393 in
2340 2338 2543 2407 Spiritu
2581 2337 2926 2392 ascendebat.
2958 2335 3091 2392 Vide
3131 2351 3257 2407 ergo
3285 2353 3384 2392 ex-

1786 2437 2012 2496 tentum,
2041 2428 2164 2484 vide
2183 2428 2250 2483 ad
2274 2441 2535 2499 suspensa
2565 2427 2905 2497 pendentem.
2931 2425 3143 2497 Sequor,
3179 2428 3373 2497 inquit,

1783 2521 1851 2574 ad
1903 2522 2125 2593 palmam
2164 2536 2398 2592 superna:
2458 2521 2734 2576 vocationis
2774 2518 2872 2575 Dei
2904 2521 2957 2573 in
2997 2519 3191 2574 Christo
3227 2519 3373 2574 Jesn.

1853 2615 1907 2668 Ἰ.
1940 2614 2061 2669 Non
2104 2614 2328 2670 ascendit
2374 2615 2426 2669 in
2474 2613 2656 2668 etclam
2702 2614 2801 2667 nisi
2838 2613 2925 2685 qui
2963 2614 3174 2668 inluni-et
3221 2613 3375 2668 Chri-

1782 2717 1879 2761 sto.
1938 2706 2337 2762 Ambulandum
2403 2721 2530 2777 ergo
2594 2715 2706 2770 est,
2758 2720 2861 2760 nec
2936 2703 3100 2776 pedes
3168 2720 3374 2776 ungen-

1782 2798 1873 2864 di,
1908 2813 2006 2854 nec
2043 2798 2285 2866 jnmenta
2330 2796 2655 2867 qumrenda,
2690 2811 2787 2851 nec
2842 2797 2990 2851 navis
3028 2796 3369 2865 providenda.

1782 2887 1986 2945 Allecto
2010 2904 2186 2953 curre,
2206 2904 2389 2943 amore
2408 2887 2641 2952 ambula,
2669 2887 2931 2943 charitate
2960 2886 3207 2944 ascende.
3234 2888 3371 2953 Quid

1781 2980 1975 3051 quaeris
2022 2979 2204 3034 viam?
2250 2978 2453 3034 Iulia-re
2493 2977 2855 3048 Christo,qui
2901 2978 3272 3033 descendendo
3319 2991 3373 3036 et

1786 3069 2124 3127 ascendendo
2159 3084 2217 3124 se
2247 3070 2419 3139 ipsum
2454 3068 2578 3124 fecit
2600 3070 2757 3122 riam.
2792 3067 2884 3123 Vis
2911 3068 3242 3124 ascendere?
3266 3071 3374 3123 As-

1781 3161 2099 3216 cendentem
2133 3169 2272 3214 tene.
2304 3160 2515 3215 Etenim
2546 3174 2643 3228 per
2672 3168 2724 3213 te
2748 3160 2920 3230 ipsum
2956 3160 3115 3215 levari
3149 3175 3250 3213 non
3276 3173 3371 3229 po.

1782 3261 1878 3305 tes.
1919 3251 2052 3318 Quia
2098 3266 2243 3305 nerito
2267 3250 2493 3304 ascendit
2535 3251 2588 3303 in
2643 3254 2857 3317 caelum,
2892 3250 2990 3305 nisi
3031 3252 3115 3322 qui
3159 3250 3222 3305 de
3248 3250 3373 3305 caelo

1778 3342 2065 3408 descendit,
2091 3340 2260 3394 Filius
2290 3340 2539 3404 Ιιοιιιὶιιῐε,
2587 3341 2674 3411 qui
2710 3349 2782 3394 est
2821 3341 2873 3394 in
2910 3341 3034 3395 caelo
3060 3338 3249 3408 (Joan.
3277 3356 3332 3396 ιιι
3353 3383 3367 3405 ,

1778 3431 1890 3501 15).
1913 3432 1967 3487 Si
1992 3446 2151 3489 nemo
2175 3430 2450 3496 ascendit,
2479 3430 2577 3483 nisi
2606 3431 2694 3501 qui
2717 3430 3027 3495 descendit,
3051 3432 3164 3501 ipse
3189 3442 3368 3487 autem

1777 3531 1859 3577 est
1907 3522 2074 3579 Filius
2121 3521 2352 3575 hominis
2381 3522 2638 3576 Dominus
2672 3531 2856 3577 noster
2901 3522 3091 3587 Jesus;
3124 3523 3203 3577 vis
3230 3531 3285 3576 et
3314 3533 3367 3577 ιιι

1776 3612 2102 3668 ascendere?
2130 3612 2422 3667 Membrum
2454 3613 2620 3682 ipsius
2643 3623 2779 3679 esto,
2804 3615 2890 3682 qui
2922 3613 3067 3669 solus
3105 3615 3365 3670 ascendit.

1786 3700 1998 3756 Etenim
2028 3702 2116 3755 ille
2146 3710 2303 3770 caput
2329 3715 2452 3755 cum
2486 3703 2693 3758 caeteris
2734 3703 2987 3758 membris
3029 3720 3166 3758 liDllS
3209 3705 3369 3761 homo

1775 3800 1875 3846 est.
1909 3793 1972 3846 Et
1999 3807 2119 3845 eum
2158 3792 2448 3846 ascendere
2477 3807 2636 3847 uerno
2679 3801 2893 3862 potest,
2923 3795 3024 3849 nisi
3055 3795 3143 3866 qni
3172 3796 3224 3850 in
3253 3797 3368 3864 ejus

1776 3901 2000 3956 corpore
2028 3885 2324 3940 membrum
2354 3884 2517 3955 ipsius
2544 3884 2713 3940 factus
2731 3885 2885 3941 fuerit
2906 3903 2920 3952 ;
2942 3887 3210 3957 impletur,
3232 3888 3364 3958 Quia

1776 3995 1921 4032 nemo
1957 3979 2212 4043 ascendit,
2241 3977 2339 4032 nisi
2362 3978 2447 4048 qui
2485 3979 2758 4032 descendit.
2791 3979 2903 4034 Non
2931 3980 3072 4034 enim
3103 3992 3251 4050 potes
3279 3981 3364 4036 di-

1775 4083 1940 4122 cere:
1987 4070 2125 4123 Etce
2168 4084 2332 4137 quare
2377 4069 2652 4133 ascendit,
2702 4071 2849 4125 verbi
2897 4072 3095 4139 gratia,
3142 4072 3362 4139 Pen-ns,

1775 4174 1942 4229 quare
1983 4157 2222 4213 ascendit
2251 4158 2478 4222 Paulus,
2512 4174 2676 4228 quare
2705 4159 3061 4214 ascenderunt
3085 4163 3319 4230 Apostoli
3346 4205 3359 4224 .

1775 4251 1818 4303 si
1842 4266 1985 4302 nemo
2010 4249 2266 4313 ascendit,
2297 4249 2395 4303 nisi
2417 4250 2498 4317 qui
2521 4250 2817 4303 descendit?
2840 4250 3208 4320 Respondetur
3234 4253 3324 4305 tibi
3347 4271 3360 4308 :

1778 4338 1985 4402 Petrus,
2021 4338 2214 4393 Paulus
2252 4347 2306 4393 et
2330 4340 2507 4394 exteri
2535 4340 2807 4409 Apostoli,
2839 4351 2892 4395 et
2921 4356 3109 4395 omnes
3149 4342 3360 4410 ﬁdeles,

1776 4430 1901 4501 quid
1918 4431 2137 4486 audiunt
2153 4430 2222 4485 ab
2246 4432 2535 4500 Apostolo?
2567 4431 2664 4486 Vos
2687 4441 2850 4486 autem
2874 4434 2990 4488 estis
3010 4450 3194 4505 corpus
3212 4433 3364 4492 Chri-

1774 4526 1873 4591 sti,
1913 4533 1959 4577 et
2003 4523 2222 4578 membra
2258 4541 2324 4579 ex
2369 4534 2513 4595 parte
2533 4524 2606 4597 (a)
2639 4524 2829 4596 (lCor.
2861 4541 2932 4580 xu
2952 4568 2965 4591 ,
2987 4527 3058 4582 27
3079 4527 3121 4600 ).
3153 4529 3208 4586 Si
3237 4546 3364 4601 ergo

1775 4629 1969 4686 corpus
1996 4615 2191 4670 Christi
2236 4624 2287 4672 et
2325 4617 2562 4671 membra
2601 4612 2757 4673 unius
2793 4630 2919 4673 sunt
2946 4621 2962 4652 ¹
2989 4662 3005 4686 ,
3033 4622 3141 4676 noli
3190 4622 3365 4679 facere

1775 4707 1929 4762 duos.
1961 4708 2188 4778 Reliquit
2213 4710 2352 4764 enim
2381 4710 2469 4765 ille
2500 4720 2701 4778 patrem
2730 4720 2785 4766 et
2812 4721 3067 4780 matrem,
3096 4725 3149 4768 et
3185 4716 3362 4772 adlim-

1776 4800 1844 4854 sit
1872 4800 2021 4853 uxori
2047 4814 2187 4864 suae,
2215 4810 2274 4855 ut
2301 4811 2481 4856 essent
2520 4802 2627 4855 duo
2657 4803 2707 4856 in
2735 4818 2897 4859 carne
2917 4821 3020 4859 una
3045 4806 3065 4879 (
3087 4806 3271 4877 Ephee.
3301 4826 3360 4877 ι’,

1786 4890 1876 4953 3i.
1909 4891 2029 4969 59.).
2055 4891 2283 4961 Reliquit
2339 4901 2540 4961 patrem
2562 4931 2576 4951 ,
2622 4894 2743 4961 quia
2788 4909 2893 4948 non
2925 4895 3008 4949 hic
3046 4912 3105 4950 se
3133 4898 3365 4952 ostendit

1773 4982 2030 5052 a-qnalem
2073 4982 2215 5035 Patri
2242 5000 2256 5034 :
2291 4981 2385 5035 sed
2414 4983 2758 5050 semetipsum
2785 4985 3071 5039 cxinanivit
3094 5027 3108 5051 ,
3138 4986 3360 5041 formam

1775 5076 1914 5130 servi
1956 5073 2222 5142 accipiens
2252 5070 2524 5147 (Philipp.
2561 5089 2632 5138 ιι,
2664 5074 2738 5145 7).
2761 5074 2998 5145 Reliquit
3037 5085 3092 5131 et
3138 5087 3359 5134 matrem

1775 5165 2146 5237 Synagogam,
2193 5163 2261 5218 de
2302 5180 2406 5235 qua
2447 5164 2734 5220 carnaliter
2773 5174 2931 5222 natus
2974 5177 3075 5223 est.
3125 5170 3361 5226 Adlnesit

1777 5256 1925 5310 uxori
1966 5270 2111 5323 sum,
2149 5253 2200 5309 id
2225 5264 2333 5321 est,
2368 5255 2619 5310 Ecclesia:
2661 5271 2788 5311 suae.
2821 5256 2971 5325 Quod
3001 5260 3359 5316 testimonium

1775 5359 1826 5402 et
1856 5349 1967 5417 ipse
1989 5363 2109 5401 cum
2131 5357 2596 5413 commemoraret,
2615 5347 2752 5416 quod
2780 5350 3015 5419 separari
3043 5366 3149 5404 non
3179 5351 3357 5409 liceret

1777 5439 2081 5509 conjugium
2126 5430 2695 5494 demonstravitHNon
2738 5439 2960 5511 legistis,
3008 5440 3199 5512 inquit,
3242 5445 3365 5509 quia

1779 5530 1914 5584 Deus
1939 5530 2025 5601 qui
2051 5531 2164 5603 fecit
2189 5530 2252 5585 ab
2272 5531 2436 5599 initio,
2464 5530 2743 5585 masculum
2765 5540 2812 5584 et
2840 5532 3078 5603 feminam
3104 5536 3223 5603 feeit
3248 5532 3363 5588 eos?

1842 5643 1855 5673 ί
1883 5648 1985 5691 Am.
2002 5649 2076 5691 Er.
2103 5648 2155 5693 et
2183 5643 2486 5710 ccloertinus
2506 5641 2630 5693 alter
2661 5644 2817 5697 codex
2842 5646 3084 5707 omittunt,
3108 5644 3265 5701 totius.
3292 5646 3362 5710 ιι.

1778 5711 1854 5753 ter
1876 5711 2038 5752 autem
2057 5712 2135 5753 Ms.
2155 5704 2261 5766 ejus
2282 5703 2389 5755 loco
2402 5705 2567 5766 habet,
2586 5717 2745 5754 unum.

1840 5765 1911 5826 (α)
1935 5771 2102 5824 (ιι-σερε..
2126 5765 2183 5815 eli
2206 5766 2413 5817 mérous.
