3934 6184
397 314 491 370 5⁸11
1637 300 1694 356 S.
1736 293 2099 356 AUGUSTINI
2141 293 2482 352 EPISCOPI'

402 430 564 486 Erunt
584 429 712 486 duo.
747 424 934 495 inquit,
961 425 1010 476 in
1041 438 1190 475 carne
1228 436 1349 475 una.
1381 418 1528 484 Quod
1547 433 1666 488 ergo
1693 414 1830 470 Deus
1859 431 1975 470 con-

387 520 595 591 jutta‘it,
623 518 770 571 homo
814 530 913 568 non
955 520 1169 581 separet.
1206 509 1268 564 Et
1297 507 1423 579 quid
1450 515 1563 573 est,
1592 504 1708 560 Duo
1749 505 1801 558 in
1836 520 1986 557 carne

398 609 536 667 ratio?
563 606 830 677 Sequitur,
863 613 917 659 et
959 604 1086 659 dicit
1117 621 1129 656 :
1165 599 1330 673 Igitur
1348 601 1462 671 jam
1490 615 1591 653 non
1620 597 1749 664 duo,
1771 596 1860 651 sed
1883 612 1986 650 una

399 718 516 755 raro
546 698 760 769 (Matth.
791 713 884 752 xu
904 738 918 764 ,
950 695 1098 768 4-6).
1145 693 1308 748 Nemo
1345 690 1601 758 ascendit,
1630 691 1726 745 nisi
1766 690 1851 759 qui
1892 689 1986 742 de-

397 791 613 847 scendit.

471 882 698 940 CAPUT
733 882 836 937 \‘iI.
867 912 938 922 ——
978 881 1030 936 8.
1084 876 1312 936 Christus
1336 888 1382 932 et
1402 876 1631 931 Ecclesia
1656 891 1786 929 unus
1813 874 1982 928 homo.

397 975 528 1031 Nam
580 982 638 1029 ut
690 972 977 1039 noveritis,
1024 970 1147 1042 quia
1187 985 1323 1024 unus
1372 954 1534 1022 homo
1579 975 1662 1022 est
1679 979 1908 1037 sponsus
1933 975 1984 1020 et

398 1081 614 1135 sponsa,
644 1063 933 1121 secundum
953 1077 1170 1119 carnem
1190 1060 1387 1118 Christi
1409 1100 1426 1124 ,
1452 1074 1558 1114 non
1585 1056 1874 1115 secundum
1899 1055 1988 1111 di-

399 1157 671 1211 vinitatem
704 1173 717 1210 :
745 1170 867 1209 nam
895 1152 1188 1209 secundum
1216 1150 1545 1205 divinitatem
1583 1147 1723 1218 quod
1749 1153 1834 1202 est
1862 1146 1951 1204 ille
1971 1187 1986 1211 .

401 1261 500 1301 nos
544 1261 664 1301 esse
695 1260 800 1300 non
839 1257 1152 1314 possumus;
1184 1241 1306 1313 quia
1342 1241 1429 1297 ille
1448 1249 1688 1303 creator,
1715 1252 1814 1292 nos
1842 1251 1992 1292 crea-

401 1347 543 1403 tura;
571 1336 662 1391 ilie
689 1335 935 1401 eliector,
968 1348 1067 1388 nos
1096 1332 1255 1397 iacti;
1285 1331 1374 1387 ille
1414 1329 1691 1394 conditor,
1723 1343 1820 1383 nos
1862 1343 1992 1382 cono

399 1430 494 1483 diti
526 1446 539 1482 :
567 1428 660 1483 sed
710 1436 770 1482 ut
806 1440 1049 1482 essemus
1091 1440 1210 1478 cum
1243 1422 1332 1477 illo
1384 1436 1548 1476 unum
1595 1419 1649 1475 in
1676 1420 1765 1473 illo
1787 1458 1803 1480 .
1832 1426 1991 1489 caput

400 1530 640 1575 nostrum
664 1533 783 1573 esse
810 1518 1010 1580 voluit,
1042 1514 1353 1584 accipiendo
1381 1528 1597 1568 carnem
1619 1527 1684 1568 ex
1717 1511 1872 1567 nobis
1894 1552 1909 1576 ,
1937 1510 1991 1564 in

398 1628 504 1681 qua
533 1619 831 1666 moreretur
862 1624 957 1678 pro
989 1608 1139 1661 nobis
1166 1625 1181 1660 :
1215 1614 1271 1660 ut
1300 1604 1554 1659 noveritis
1580 1617 1710 1673 ergo
1738 1602 1859 1675 quia
1892 1601 1993 1655 hoc

400 1714 570 1758 totum
593 1719 726 1758 unus
747 1711 828 1756 est
847 1700 1110 1764 Christus,
1128 1714 1223 1770 per
1245 1696 1435 1754 Isaiam
1455 1697 1618 1751 dixit:
1645 1695 1792 1751 Sicut
1809 1708 1993 1764 sponso

400 1795 626 1864 alligavit
655 1792 778 1846 mihi
807 1793 1043 1857 mitram,
1071 1799 1116 1844 et
1141 1790 1267 1843 sicut
1291 1803 1529 1857 sponsam
1547 1785 1712 1840 induit
1737 1800 1817 1839 me
1842 1800 1994 1838 orna-

402 1897 569 1941 mento
591 1885 723 1958 (lsai
741 1925 757 1950 ,
783 1900 900 1948 ut,
935 1883 1047 1952 to.)
1079 1881 1193 1952 Ipse
1223 1893 1470 1951 sponsus,
1497 1878 1608 1947 ipse
1628 1891 1841 1947 sponsa.
1874 1875 1993 1943 Ipse

404 1980 561 2048 plane
608 1993 837 2047 sponsus
881 1976 934 2030 in
977 1976 1181 2044 capite,
1214 1987 1411 2043 sponsa
1458 1971 1510 2025 in
1553 1984 1800 2040 corpore.
1831 1967 1994 2023 Erunt

402 2071 542 2133 enim
562 2111 579 2136 ,
602 2069 803 2139 inquit,
836 2067 937 2122 duo
968 2067 1022 2120 in
1052 2081 1201 2120 carne
1244 2081 1344 2118 una
1370 2080 1387 2117 :.
1411 2070 1467 2119 et
1492 2077 1590 2115 non
1610 2062 1725 2132 jam
1753 2060 1875 2125 duo,
1900 2058 1996 2114 sed

402 2180 503 2215 una
523 2176 643 2215 caro
673 2167 772 2215 est.

469 2247 524 2300 9.
561 2250 694 2305 Fide
719 2266 779 2304 ac
825 2249 966 2305 bonis
1004 2246 1238 2318 operibus
1266 2245 1332 2298 nd
1380 2243 1477 2298 Dei
1503 2243 1741 2299 visionem
1770 2241 2001 2312 perveni-

401 2361 529 2398 mus.
587 2344 767 2414 Itaque
807 2341 878 2397 ad
918 2340 1158 2397 membra
1208 2337 1371 2409 ipsius
1413 2336 1769 2407 pertinentes,
1800 2345 1857 2389 ut
1897 2333 1999 2390 hoc

403 2443 800 2489 sacramentum
822 2432 1198 2501 intelligamus.
1227 2438 1285 2483 ut
1310 2427 1418 2483 dixi
1438 2470 1454 2493 ,
1486 2425 1702 2492 h'atres,
1737 2426 1822 2494 pie
1852 2426 1997 2479 viva-

404 2541 546 2587 mus,
579 2524 742 2579 Deum
765 2523 930 2592 gratis
956 2520 1258 2590 diligamus.
1286 2517 1406 2587 Ipse
1437 2525 1613 2572 autem
1650 2518 1739 2586 qui
1767 2516 2000 2572 ostendit

409 2613 869 2684 peregrinantibus
907 2610 1131 2666 formam
1168 2610 1344 2674 servi,
1372 2617 1549 2663 servat
1570 2609 1997 2678 pervenientibus

406 2703 633 2760 formam
666 2704 778 2759 Dei.
821 2703 894 2757 De
935 2700 1103 2756 forma
1148 2699 1288 2755 servi
1322 2699 1510 2753 stravit
1538 2699 1697 2763 viam,
1729 2698 1795 2753 de
1827 2697 1997 2752 forma

410 2795 501 2850 Dei
530 2794 767 2849 condidit
814 2792 1057 2864 patriam.
1100 2791 1233 2861 Quia
1259 2804 1387 2861 ergo
1422 2790 1643 2844 multum
1687 2799 1769 2844 est
1804 2789 1868 2842 ad
1901 2803 1998 2843 nos

404 2904 598 2959 capere
629 2887 760 2953 hoc,
797 2886 891 2941 sed
933 2900 1040 2941 non
1067 2894 1148 2940 est
1177 2883 1400 2940 multum
1450 2881 1670 2937 credere
1718 2881 1852 2935 hoc:
1885 2880 1999 2935 Nisi

406 2984 548 3040 ollim
576 2978 887 3034 credideritis
908 3018 921 3042 ,
950 2978 1025 3031 ait
1048 2975 1245 3041 Isaias,
1273 2990 1373 3028 non
1404 2973 1692 3044 intelligetis
1713 2973 1729 3042 (
1754 2971 1839 3025 Id.
1888 2989 1958 3026 vn
1983 3012 1995 3034 .

407 3075 462 3138 9,
491 3089 588 3127 sec.
616 3067 782 3140 LXX)
810 3088 823 3122 :
853 3068 1187 3122 ambulemus
1229 3079 1323 3135 per
1366 3063 1521 3117 tidem
1551 3061 1803 3133 quamdiu
1849 3077 2000 3131 pcre-

405 3166 677 3235 grinamur
698 3176 730 3215 a
762 3159 1012 3225 Domino,
1039 3157 1213 3212 donec
1240 3154 1611 3226 perveniamus
1638 3154 1704 3208 ad
1731 3153 1961 3223 Speciem
1978 3194 1993 3217 ,

410 3256 499 3311 ubi
538 3253 835 3309 videbimus
880 3250 1014 3306 facie
1056 3249 1122 3303 ad
1147 3246 1336 3302 faciem
1360 3245 1437 3320 (il
1471 3244 1589 3302 Cor.
1620 3262 1654 3301 v
1675 3287 1690 3311 ,
1714 3245 1785 3310 6,
1815 3245 1845 3299 7
1867 3287 1882 3310 ,
1904 3254 1949 3299 et
1977 3243 1998 3298 I

411 3348 528 3403 Cor.
573 3362 707 3410 xm,
739 3342 856 3416 12).
904 3341 1253 3397 Ambulantes
1292 3355 1388 3411 per
1420 3339 1607 3402 ﬁdem,
1635 3338 1772 3393 bene
1806 3352 1998 3407 opere-

409 3454 550 3496 mur.
578 3436 634 3491 in
667 3438 820 3491 bonis
852 3435 1102 3504 operibus
1143 3433 1367 3504 gratuita
1394 3431 1461 3486 sit
1489 3430 1702 3485 dilecuo
1730 3430 1827 3485 Dei
1853 3471 1868 3496 ,
1903 3430 1998 3484 be-

412 3530 581 3584 nelica
627 3527 697 3584 sit
721 3526 935 3582 dilectio
959 3525 1202 3595 proximi.
1226 3524 1334 3578 Deo
1354 3522 1495 3576 enim
1525 3520 1666 3592 quod
1686 3531 1999 3588 praestemus

409 3636 515 3675 non
542 3619 799 3676 habemus
824 3637 836 3672 :
870 3617 963 3673 sed
994 3617 1113 3687 quia
1137 3616 1384 3686 proximo
1414 3614 1669 3668 habemus
1693 3612 1833 3684 quod
1863 3628 2000 3682 pr:e~

408 3724 638 3777 stemus,
670 3709 970 3782 przestando
998 3708 1250 3780 indigenti
1280 3706 1700 3777 promet-ebimur
1724 3704 2001 3759 abundan-

412 3815 539 3860 tem.
573 3802 700 3858 Inde
742 3800 1107 3871 unusquisque
1134 3797 1274 3868 quod
1316 3796 1508 3860 habet,
1543 3804 1762 3867 prtestet
1805 3794 1995 3848 alteri:

410 3895 666 3966 quidquid
698 3895 816 3964 plus
843 3892 1000 3947 habet
1022 3890 1271 3960 largiatur
1295 3887 1461 3957 inepi.
1488 3886 1636 3941 Alius
1658 3885 1816 3940 habet
1841 3900 2000 3954 pecu-

414 3993 555 4043 niam
581 4008 596 4043 ;
632 3995 812 4058 pascat
847 3998 1163 4055 pauperem,
1190 3981 1381 4036 vestiat
1411 3977 1639 4043 nudum,
1668 3976 2003 4031 acditicetec-

409 4081 651 4146 nicsiam,
683 4087 937 4149 aperetur
981 4076 1048 4130 de
1079 4073 1299 4144 pecunia
1341 4070 1593 4143 quidquid
1636 4069 1757 4124 boni
1807 4078 1997 4137 potest.

417 4172 563 4226 Alius
591 4169 751 4225 habet
776 4169 1093 4224 consilium:
1130 4174 1270 4237 regat
1301 4164 1629 4234 proximum,
1662 4161 1822 4232 pellat
1851 4170 2001 4216 tene«

417 4264 539 4317 bras
567 4260 913 4317 dubitationis
960 4258 1093 4313 luce-
1109 4256 1319 4327 pietatis
1351 4256 1387 4306 ¹.
1423 4254 1575 4309 Alius
1608 4252 1766 4306 habet
1802 4251 2004 4305 doctri-

414 4370 535 4408 nam
564 4372 578 4408 :
606 4360 792 4424 eroget
823 4351 890 4405 de
914 4350 1131 4405 cellario
1166 4348 1408 4411 Domini,
1439 4347 1702 4401 ministret
1729 4344 2004 4399 conservis

414 4445 615 4498 nbat-ia
634 4485 649 4510 ,
676 4441 942 4499 coniortet
972 4440 1158 4496 lidelcs
1177 4480 1193 4505 ,
1238 4447 1453 4495 revocet
1498 4446 1741 4492 errantes
1760 4479 1772 4501 ,
1798 4445 2005 4507 qu:erat

413 4534 670 4605 perditos,
722 4541 975 4601 quantum
1022 4538 1198 4599 potest
1241 4529 1413 4582 iaciat.
1462 4529 1553 4582 Est
1594 4527 1733 4598 quini
1755 4527 1855 4582 sibi
1881 4542 2005 4582 cro-

413 4634 540 4694 gent
566 4625 726 4679 etiam
770 4637 1030 4692 pauperes
1060 4639 1073 4675 :
1102 4621 1236 4674 alius
1279 4620 1466 4674 claudo
1500 4620 1663 4689 pedes
1700 4634 2004 4675 accoinmo-

412 4718 538 4781 det,
584 4715 720 4769 alios
764 4729 907 4769 cmeo
966 4726 1092 4768 suos
1135 4711 1319 4765 oculos
1361 4709 1524 4765 duces
1570 4710 1835 4777 prmhcat;
1869 4711 2006 4764 alios

416 4807 596 4862 visitet
650 4804 954 4870 inﬁrmum,
984 4803 1118 4860 alius
1154 4802 1373 4870 sepeliat
1400 4810 1689 4855 mortuum.
1731 4799 1866 4854 Sunt
1905 4799 2004 4853 ista

416 4901 468 4953 in
495 4896 765 4962 omnibus,
790 4905 848 4951 ut
887 4907 1104 4966 prorsus
1131 4890 1348 4947 tiiilicile
1376 4891 1674 4946 inveniatur
1698 4889 1889 4959 aliquis
1916 4890 2003 4958 qui

419 5008 524 5045 non
555 4990 753 5045 habeat
799 4987 939 5043 unde
966 4985 1163 5056 aliquid
1205 4984 1358 5039 alteri
1391 4991 1621 5052 prmstet.
1655 4982 1721 5036 Et
1751 4979 1873 5035 illud
1908 4996 2007 5034 ex-

418 5094 646 5139 tremum
667 5090 722 5137 et
751 5094 1000 5152 magnum
1020 5077 1160 5149 quod
1182 5077 1255 5130 ait
1281 5078 1320 5131 Α
1331 5074 1588 5145 pestolus.
1609 5073 1831 5127 Invicem
1854 5089 2006 5124 onera

417 5185 577 5228 vestra
601 5181 794 5243 portate
814 5212 827 5235 ,
858 5180 907 5225 et
929 5171 1001 5225 sit:
1034 5166 1365 5239 adimplebitis
1399 5165 1557 5237 legem
1581 5163 1766 5220 Christi
1793 5167 1809 5233 (
1832 5161 1997 5216 Colat.

422 5282 470 5319 γι
492 5309 507 5330 ,
528 5263 605 5337 2).

484 5421 499 5453 ι
527 5418 599 5467 sic
614 5417 736 5469 alter
762 5431 791 5466 e
812 5412 1100 5466 Coibertinis
1113 5420 1219 5461 Mss.
1244 5411 1362 5460 ειιίιί
1384 5423 1518 5468 vero,
1538 5405 1642 5457 luce
1659 5406 1880 5472 prcloris.

3579 302 3693 365 872

2622 410 2854 470 εειιιιο
2889 412 3027 470 xcu
3054 417 3071 438 ο
3093 413 3190 483 (α).

2198 501 2276 557 De
2303 502 2489 558 eisdem
2509 504 2668 560 verbis
2701 503 2966 578 Evangelii
2998 505 3228 562 Mattltci
3246 548 3262 574 ,
3288 523 3405 579 sap.
3430 525 3566 578 xm,

2758 597 2795 667 γ
2818 635 2833 651 .
2855 596 3043 653 me.

2163 682 2389 743 CAPUT
2437 686 2715 743 PRiliUM.
2744 718 2820 730 —
2845 690 2898 744 i.
2942 688 3165 758 Quaestio
3200 688 3399 746 Judcis
3439 691 3580 762 facta
3620 694 3694 750 de

2094 775 2314 831 Christo.
2389 776 2747 846 Qumstionem
2810 781 3138 850 propositam
3211 780 3412 838 Judazis
3486 783 3691 842 debent

2093 868 2304 924 solvere
2330 868 2634 925 Christiani.
2666 869 2921 927 Dominus
2945 872 3087 927 enim
3102 871 3259 928 Jesus
3277 872 3526 930 Christus
3549 916 3565 943 ,
3592 879 3686 947 qui

2094 978 2212 1019 eam
2233 962 2434 1019 Iudaeis
2459 965 2768 1035 proposuit.
2798 965 2913 1036 ipse
2955 982 3059 1021 non
3102 967 3283 1036 solvit,
3313 967 3410 1024 sed
3437 968 3645 1026 intimis
3674 1014 3690 1035 .

2092 1054 2248 1110 nobis
2291 1064 2469 1111 autem
2524 1054 2703 1111 solvit.
2757 1056 2824 1114 Et
2878 1058 3311 1113 commemorabo
3355 1057 3690 1118 Cbaritatem

2093 1155 2326 1204 vestram
2349 1190 2361 1214 ,
2406 1158 2463 1205 et
2490 1149 2770 1205 invenietis
2797 1149 2919 1220 quia
2962 1150 3137 1205 solvit.
3167 1150 3346 1206 Primo
3369 1151 3571 1207 nodum
3602 1154 3688 1209 vi-

2094 1239 2219 1296 dcte
2260 1242 2588 1312 quaestionis.
2619 1242 2873 1311 Quaesivit
2913 1259 2943 1296 a
2972 1242 3170 1299 Judmis
3212 1242 3339 1316 quid
3368 1244 3448 1299 eis
3475 1244 3691 1300 videm-

2094 1342 2242 1387 retur
2267 1332 2336 1387 de
2359 1332 2569 1389 Christo
2589 1376 2605 1400 ,
2635 1333 2787 1404 cujus
2810 1341 2954 1389 esset
2991 1333 3128 1388 illius
3160 1352 3173 1389 :
3203 1336 3327 1405 quia
3353 1344 3408 1391 et
3438 1335 3540 1407 ipsi
3568 1350 3691 1406 spe-

2095 1437 2217 1482 rant
2268 1426 2560 1483 Christum.
2614 1427 2673 1483 In
2739 1428 3026 1499 I‘mphetis
3084 1430 3356 1500 legerunt,
3400 1441 3689 1487 venturum

2095 1527 2573 1589 exspectaverunt,
2601 1529 2918 1591 praesentem
2952 1522 3298 1578 occiderunt:
3329 1523 3453 1593 quia
3492 1523 3585 1577 ubi
3615 1524 3693 1579 ie-

2095 1611 2290 1681 geb'mt
2333 1620 2614 1666 venturum
2640 1610 2947 1679 Christum,
2978 1612 3050 1668 ibi
3079 1612 3328 1683 legebant
3373 1614 3499 1685 quia
3541 1615 3691 1670 occi-

2096 1702 2206 1767 suri
2255 1716 2410 1758 erant
2452 1701 2750 1759 Christum.
2790 1703 2899 1761 Sed
2947 1704 3086 1759 illius
3131 1704 3363 1761 futurum
3400 1706 3693 1762 adventum

2097 1794 2382 1863 sperabant
2421 1795 2470 1849 in
2501 1795 2782 1867 Prophetis
2813 1813 2825 1849 :
2860 1812 2980 1852 nam
3024 1797 3255 1853 futurum
3292 1811 3446 1852 suum
3482 1798 3694 1855 facinus

2098 1902 2203 1943 non
2233 1888 2502 1943 videbant.
2529 1889 2619 1945 Sic
2656 1905 2785 1961 ergo
2827 1904 2921 1946 eos
2962 1891 3309 1961 interrogavit
3330 1890 3399 1947 de
3432 1891 3692 1955 Christo,

2097 1994 2203 2033 non
2232 1980 2380 2050 quasi
2409 1980 2477 2036 de
2522 1980 2821 2052 incognito,
2860 1991 2952 2036 aut
2991 1982 3142 2052 cujus
3184 1997 3377 2038 nomen
3416 1998 3694 2053 nunquam

2097 2072 2401 2138 audissent,
2433 2082 2523 2128 aut
2547 2074 2700 2144 cujus
2738 2074 3023 2130 adventum
3066 2088 3335 2147 nunquam
3361 2087 3690 2146 sperassent.

2097 2161 2229 2217 Nam
2259 2164 2510 2234 quoniam
2538 2164 2713 2228 adhuc
2735 2180 2855 2220 eum
2883 2177 3134 2235 sperant,
3157 2166 3279 2221 ideo
3298 2177 3495 2220 errant.
3524 2166 3694 2236 Equi-

2099 2252 2223 2308 dem
2252 2262 2307 2308 et
2353 2270 2454 2309 nos
2493 2269 2767 2325 speramus
2792 2273 2944 2321 eum;
2976 2257 3071 2312 sed
3108 2267 3389 2312 venturum
3416 2257 3652 2329 judice-In
3676 2300 3691 2323 ,

2100 2359 2207 2400 non
2249 2353 2533 2401 venturum
2578 2347 2945 2417 judicandum.
2998 2348 3279 2418 Prophetas
3304 2359 3482 2404 autem
3524 2349 3694 2404 sancti

2100 2445 2384 2508 utrumque
2441 2438 2922 2507 prophetaverunt,
2971 2446 3250 2493 venturum
3307 2455 3429 2495 eum
3498 2440 3696 2509 injuste

2103 2529 2250 2598 prius
2266 2527 2635 2598 judicandum,
2653 2538 2933 2586 venturum
2953 2540 3132 2600 postea
3147 2531 3290 2600 juste
3305 2530 3692 2601 judicaturum.

2105 2621 2243 2690 Quid
2277 2638 2432 2693 ergo,
2465 2623 2660 2693 inquit,
2711 2623 2848 2678 vobis
2879 2624 3074 2677 videtur
3100 2623 3163 2677 de
3189 2623 3426 2679 Christo?
3458 2625 3608 2695 cujus
3633 2624 3696 2692 ﬁ-

2105 2715 2207 2769 lius
2235 2715 2348 2769 est?
2374 2713 2762 2787 Responderunt
2787 2714 2865 2769 illi
2892 2731 2910 2769 :
2944 2714 3131 2770 David.
3177 2716 3403 2770 Prorsus
3446 2715 3513 2769 de
3552 2716 3693 2771 Seri-

2103 2804 2290 2872 pturis.
2320 2805 2389 2858 At
2425 2806 2557 2860 ille:
2588 2804 2851 2871 Quomodo
2879 2804 3047 2859 David
3091 2806 3144 2860 in
3170 2806 3349 2878 spiritu
3396 2815 3542 2860 vocat
3583 2823 3694 2860 eum

2102 2892 2396 2958 Dominum,
2420 2895 2592 2950 dicens
2623 2912 2642 2949 :
2677 2895 2820 2951 Dixit
2841 2895 3086 2950 Dominus
3105 2895 3322 2951 Domino
3349 2914 3479 2962 meo,
3510 2896 3645 2952 Sede
3663 2915 3696 2951 tl

2101 2985 2294 3041 dextris
2323 2988 2446 3041 meis
2463 3030 2477 3050 ,
2507 2989 2666 3043 donec
2696 3003 2889 3059 ponam
2916 2990 3145 3044 inimicos
3173 2998 3285 3044 tuos
3313 2990 3585 3044 scabellum
3611 3008 3695 3060 pe-

2101 3077 2221 3131 dum
2249 3080 2489 3134 tuorum!
2532 3079 2593 3135 Si
2617 3096 2736 3151 ergo
2765 3078 2932 3134 David
2972 3082 3024 3136 in
3061 3081 3243 3152 spiritu
3271 3092 3418 3137 vocat
3444 3099 3560 3138 eum
3593 3082 3693 3139 Du-

2102 3171 2315 3236 minum,
2340 3173 2591 3243 quomodo
2620 3172 2759 3241 ﬁlius
2784 3174 2894 3245 ejus
2919 3182 2991 3229 est
3014 3175 3040 3227 .’

2170 3261 2397 3317 CAPUT
2421 3262 2482 3317 ll.
2502 3262 2646 3317 —-2.
2671 3262 2898 3318 Christus
2917 3281 2971 3320 se
2997 3266 3161 3333 ﬁlium
3194 3265 3357 3320 David
3394 3284 3497 3321 non
3521 3276 3689 3338 negat.

2104 3352 2200 3407 llic
2247 3354 2538 3408 cavendum
2581 3365 2696 3420 est,
2726 3370 2791 3411 ne
2837 3366 3050 3427 putetur
3087 3356 3329 3414 Christus
3359 3374 3417 3415 se
3472 3375 3695 3431 negasse

2102 3443 2267 3497 lilium
2297 3459 2415 3500 esse
2443 3444 2624 3499 David.
2656 3445 2771 3501 Non
2811 3460 2869 3499 se
2909 3448 3072 3502 lilium
3125 3449 3285 3502 David
3325 3452 3534 3519 negavit
3562 3494 3579 3518 ,
3607 3448 3698 3506 sed

2100 3533 2317 3589 modum
2347 3536 2608 3604 qumsivit.
2638 3536 2865 3594 Dixisti:
2882 3536 3045 3593 lilium
3070 3554 3190 3594 esse
3220 3540 3384 3594 David
3414 3582 3430 3607 ,
3456 3558 3565 3596 non
3610 3558 3705 3599 ne-

2100 3644 2169 3698 go
2198 3647 2210 3682 :
2241 3627 2334 3683 sed
2366 3629 2456 3683 ille
2502 3645 2623 3684 cum
2667 3629 2950 3685 Dominum
2981 3641 3167 3698 vocat;
3200 3632 3360 3688 dicite
3401 3633 3538 3689 mihi
3568 3650 3708 3706 quo-

2105 3719 2264 3776 modo
2288 3720 2356 3774 sit
2387 3719 2544 3786 titius,
2572 3721 2662 3792 qui
2695 3730 2780 3777 est
2807 3732 2860 3777 et
2882 3722 3168 3777 Dominus:
3201 3723 3361 3780 dicite
3403 3725 3708 3794 quomodo.

2102 3808 2182 3865 illi
2204 3826 2311 3865 non
2333 3811 2615 3878 dixerunt,
2646 3811 2738 3867 sed
2768 3821 3065 3868 tacuerunt.
3103 3814 3347 3869 Dicamus
3373 3829 3475 3869 nos
3495 3857 3508 3879 ,
3536 3830 3714 3887 expo-

2102 3909 2265 3956 nente
2290 3902 2406 3970 ipso
2433 3900 2669 3956 Christo.
2701 3901 2842 3958 Ubi?
2870 3902 2973 3958 Per
2992 3905 3307 3976 Apostolum
3326 3919 3506 3958 suum.
3543 3905 3713 3962 Prius

2103 3990 2244 4044 unde
2264 3991 2547 4060 probamus
2571 3993 2690 4063 quia
2718 3993 2833 4062 ipse
2870 3992 3112 4049 Christus
3153 3996 3434 4065 exposuit?
3461 3997 3713 4065 Aposto-

2104 4082 2188 4137 ius
2213 4082 2340 4137 dicit
2371 4083 2488 4137 :An
2522 4085 2670 4138 vultis
2703 4085 3098 4156 experimentum
3136 4088 3365 4156 accipere
3390 4088 3508 4160 ejus
3536 4090 3643 4161 qui
3662 4091 3711 4145 in

2105 4192 2185 4229 me
2231 4175 2452 4246 loquitur
2499 4174 2728 4232 Christus
2754 4176 2825 4250 (Il
2870 4176 2986 4234 Cor.
3029 4194 3151 4243 xm,
3193 4181 3271 4251 3).
3306 4180 3446 4251 Ergo
3468 4181 3521 4236 in
3556 4184 3714 4253 Apoo

2105 4265 2241 4319 stola
2275 4265 2427 4320 istam
2454 4265 2701 4337 dignatus
2720 4278 2801 4323 est
2820 4269 3036 4325 Solvere
3055 4271 3422 4339 qumstionem.
3453 4270 3710 4330 Primum

2107 4371 2203 4427 per
2228 4357 2540 4427 Apostolum
2569 4358 2792 4429 loquens
2810 4358 3054 4416 ChriStus
3075 4403 3089 4427 ,
3112 4361 3235 4432 quid
3264 4361 3394 4416 dixit
3413 4362 3484 4417 ad
3513 4363 3714 4422 Timo-

2109 4449 2327 4503 theum?
2374 4447 2570 4504 Memor
2602 4460 2707 4505 esto
2754 4449 3008 4507 Christum
3050 4451 3230 4507 Iesum
3279 4455 3637 4513 ταωνι-θεῖαι
3689 4475 3714 4512 o

2109 4546 2320 4596 mortuis
2349 4558 2412 4597 ea:
2436 4544 2625 4598 semine
2655 4542 2843 4612 David,
2871 4546 3143 4600 secundum
3173 4545 3502 4619 Evangelium
3534 4568 3715 4608 nicum

2110 4631 2173 4703 (Il
2205 4631 2341 4687 Tim.
2383 4634 2537 4701 11,8).
2570 4636 2708 4691 Ecce
2731 4636 2976 4691 Christus
3016 4638 3155 4692 ﬁlius
3200 4648 3283 4695 est
3323 4639 3512 4696 David.
3563 4642 3717 4713 Quo-

2109 4724 2270 4778 modo
2306 4734 2389 4780 est
2429 4733 2484 4780 et
2527 4726 2781 4781 Dominus
2825 4728 3030 4793 David?
3070 4730 3196 4793 Dic,
3233 4732 3488 4799 Aposmie
3534 4750 3553 4787 :
3616 4735 3717 4803 Qui

2108 4830 2225 4868 cum
2245 4816 2298 4869 in
2327 4819 2493 4886 {arma
2512 4813 2612 4871 Dei
2635 4827 2790 4884 esset,
2821 4835 2923 4872 non
2946 4821 3177 4891 rapinam
3202 4821 3472 4877 arbitratus
3493 4833 3577 4878 est
3609 4843 3723 4882 esse

2108 4906 2318 4978 aqualis
2358 4905 2481 4962 Deo.
2510 4908 2752 4979 Agnosco
2797 4909 3081 4967 Dominum
3126 4913 3310 4968 David.
3342 4913 3399 4970 Si
3453 4922 3720 4985 agnoscis

2110 4999 2392 5055 Dominum
2434 5000 2596 5056 David
2615 5042 2635 5067 ,
2666 5002 2946 5057 Dominum
2979 5014 3239 5073 nostrum,
3268 5003 3555 5061 Dominum
3587 5008 3721 5066 caeli

2109 5103 2162 5147 et
2179 5102 2356 5158 terra},
2379 5092 2658 5148 Dominum
2676 5095 3022 5165 Angeiorum,
3043 5098 3297 5165 :eqnalem
3325 5098 3430 5152 Deo
3457 5099 3509 5152 in
3532 5098 3725 5157 forma

2112 5186 2204 5241 Dei
2259 5186 2303 5240 si
2353 5185 2601 5256 agnoscis
2631 5205 2647 5241 :
2675 5187 2820 5243 unde
2864 5187 3003 5243 [ilius
3046 5188 3248 5243 David?
3290 5188 3520 5245 Attende
3563 5194 3729 5263 quod

2110 5288 2381 5349 sequatur.
2428 5279 2716 5349 Apostolus
2768 5279 3050 5335 Dominum
3109 5280 3273 5336 David
3321 5281 3414 5336 tibi
3467 5287 3736 5341 ostendit

2111 5371 2366 5436 dicendo,
2398 5371 2498 5437 Qui
2544 5389 2660 5427 cum
2697 5373 2749 5426 in
2778 5372 2945 5442 [arma
2995 5372 3087 5427 Dei
3127 5383 3293 5440 esset,
3323 5391 3421 5429 non
3466 5381 3739 5444 rapinam

2111 5462 2383 5517 arbitratus
2406 5471 2480 5518 est
2506 5479 2612 5518 esse
2630 5463 2836 5533 wqualis
2861 5463 2985 5518 Deo.
3016 5464 3178 5520 Filius
3204 5465 3367 5520 David
3397 5466 3576 5520 unde?
3606 5468 3739 5525 Sed

2177 5662 2194 5679 '
2215 5662 2482 5723 Castigatus
2495 5661 2552 5712 ad
2591 5659 2653 5710 ei.
2678 5660 2754 5710 ch.
2782 5668 2833 5712 et
2858 5670 2955 5710 Am.
2978 5669 3054 5712 Fr.
3082 5670 3185 5713 Par.
3208 5669 3321 5715 nov.

2175 5722 2249 5785 (η)
2274 5722 2410 5783 Alias,
2432 5722 2494 5771 de
2519 5731 2752 5786 Tempore
2779 5723 2879 5771 ἔω.
