3852 6182
188 308 284 362 573
1591 285 1766 363 Sena

1876 310 2039 364 K‘Illl.

190 420 498 481 semetipsum
544 419 848 485 «inclusit,
891 421 1105 489 formam
1144 422 1270 476 servi
1314 422 1599 489 accipietis;
1625 421 1679 475 in
1695 422 1766 476 si-

195 511 516 567 militudinem
561 512 823 566 hominum
873 516 1034 583 factus
1058 554 1073 578 ,
1116 523 1161 567 et
1211 512 1382 566 habita
1431 514 1657 567 inventus
1711 524 1765 568 ut

194 607 328 659 homo
348 620 368 656 :
395 603 679 658 humiliarit
707 606 1029 677 semetipsum
1055 610 1220 677 factus
1249 605 1483 661 obediens
1510 623 1669 676 usque
1692 607 1765 660 ad

193 705 385 748 mortem
404 734 420 758 ,
463 704 677 748 mortem
710 707 877 750 autent
901 698 1083 751 crucis.
1115 696 1334 768 Pmpter
1378 697 1512 767 quod
1557 708 1603 751 et
1630 697 1767 753 Deus

192 786 323 839 illum
362 785 602 840 exultavit
632 783 886 856 (Philipp.
915 802 980 846 tt.
1011 786 1156 858 6-9).
1190 787 1499 842 Resurrcxit
1522 787 1766 842 Christus

192 894 243 930 es
290 877 496 932 semine
553 877 738 942 David,
770 877 909 933 lilius
943 878 1141 945 David,
1185 881 1306 951 quia
1352 881 1637 935 exinanivit
1683 896 1762 936 se.

191 967 456 1034 Quomodo
502 968 837 1023 exinanivit?
874 968 1145 1025 Sumenda
1179 971 1320 1042 quod
1350 988 1452 1025 non
1478 981 1593 1026 erat
1615 1013 1631 1039 ,
1659 987 1763 1026 non

192 1058 453 1127 perdenda
502 1059 646 1129 quod
670 1068 807 1115 erat.
859 1062 1159 1117 Exiuanivit
1204 1078 1296 1127 se,
1343 1063 1639 1120 humiliavit
1682 1079 1761 1120 se.

189 1153 307 1207 Cum
359 1160 504 1206 esset
552 1152 727 1216 Dens,
772 1152 935 1208 homo
976 1154 1238 1223 apparuit.
1292 1153 1639 1226 Contemptus
1684 1163 1768 1212 est

188 1243 232 1295 in
258 1251 395 1296 terra
424 1241 709 1297 ambulans
730 1285 743 1307 ,
773 1244 863 1313 qui
906 1244 1099 1300 caelum
1128 1244 1269 1300 fecit.
1297 1244 1648 1316 Contemptus
1685 1257 1768 1302 est

186 1336 329 1408 quasi
357 1336 519 1391 homo
538 1377 553 1399 ,
583 1335 737 1406 quasi
767 1336 963 1392 nullius
1007 1338 1234 1392 virtutis.
1261 1337 1377 1392 Non
1421 1340 1593 1393 solum
1634 1354 1766 1394 con-

187 1437 447 1497 temptus,
478 1427 574 1482 sed
602 1428 821 1497 insuper
857 1435 911 1483 et
953 1429 1182 1484 occisus.
1204 1429 1364 1500 Lapis
1403 1438 1520 1485 erat
1540 1431 1724 1499 jacens
1748 1472 1762 1495 ,

184 1518 511 1574 oll’endcruat
541 1518 593 1572 in
619 1534 742 1573 eum
768 1518 938 1574 1(ιώνί
957 1560 973 1585 ,
1001 1528 1055 1574 ει
1074 1521 1307 1591 quassati
1338 1529 1482 1575 sunt.
1505 1520 1641 1589 Quid
1667 1536 1763 1576 au-

185 1620 284 1665 tem
311 1612 384 1665 ait
413 1611 561 1681 ipse?
588 1610 690 1678 Qui
712 1610 975 1678 oﬂenderit
1000 1614 1054 1665 in
1074 1612 1297 1683 lapidem
1324 1613 1495 1678 istum,
1515 1628 1765 1683 conquas-

181 1703 406 1757 sabitur:
427 1720 580 1772 super
619 1720 765 1773 quem
804 1705 988 1757 uenerit
1027 1714 1194 1769 autem
1237 1704 1370 1775 lapis
1395 1704 1488 1757 iste
1507 1745 1521 1767 ,
1548 1713 1769 1758 conteret

183 1810 287 1847 cum
315 1795 335 1861 (
359 1793 544 1847 Matth.
575 1810 683 1860 xu,
717 1795 838 1864 Η).
881 1795 1036 1848 Prius
1056 1794 1254 1863 jacuit,
1282 1805 1336 1851 et
1383 1793 1718 1851 oll'enderunt
1750 1814 1762 1845 :

184 1886 352 1942 veniet
375 1886 628 1955 desuper,
658 1896 711 1942 et
737 1896 979 1943 conteret
1005 1896 1301 1958 quassatos.

248 1977 470 2034 CAPUT
495 1978 584 2033 Ill.
599 1980 735 2035 —-5.
750 1979 977 2035 Christus
999 1979 1136 2041 Deus
1151 1989 1196 2034 et
1221 1980 1391 2035 homo.
1407 1981 1696 2051 Accepistis
1712 1990 1768 2036 et

189 2071 341 2125 hlium
355 2071 617 2137 David,et
633 2071 911 2127 Dominum
931 2072 1121 2127 David:
1139 2072 1418 2127 Dominum
1437 2074 1599 2128 David
1624 2088 1767 2128 sem-

190 2178 301 2229 per,
328 2161 489 2216 lilium
514 2161 678 2216 David
700 2178 763 2217 ex
796 2172 1066 2234 tempore:
1086 2164 1362 2219 Dominum
1397 2165 1558 2220 David
1581 2174 1763 2220 uatum

190 2251 250 2319 ib
271 2251 558 2308 substantia
582 2253 771 2313 Patris.
790 2253 952 2308 (ilium
967 2253 1132 2309 David
1164 2263 1346 2309 natum
1377 2270 1446 2309 ex
1468 2255 1628 2309 Maria
1656 2255 1765 2310 vir-

189 2344 302 2412 gine
322 2345 338 2376 ¹
370 2353 686 2414 conceptum
712 2344 780 2400 de
803 2344 1002 2415 Spiritu
1031 2356 1236 2401 saneto.
1269 2347 1561 2417 Utrumque
1588 2357 1769 2403 tenea-

190 2449 319 2488 mus.
352 2432 525 2490 Unum
566 2435 760 2489 horum
786 2436 935 2489 nobis
964 2436 1062 2491 erit
1089 2444 1287 2491 mtcrna
1317 2435 1606 2501 habitatio;
1637 2438 1770 2493 alte-

190 2542 300 2581 rum
316 2526 497 2582 horum
520 2527 676 2583 nobis
693 2537 774 2583 est
792 2544 822 2581 a
844 2529 1268 2599 peregrinatione
1310 2528 1566 2585 liberalia.
1584 2530 1767 2584 Domi-

190 2633 284 2673 nus
305 2620 436 2674 enim
459 2629 643 2674 noster
662 2619 818 2674 Jcsus
838 2619 1083 2676 Christus
1108 2620 1207 2676 nisi
1230 2621 1473 2692 dignatus
1496 2631 1634 2677 esset
1653 2622 1765 2678 ﬁeri

190 2715 369 2779 homo,
410 2713 635 2783 perisset
664 2712 842 2768 homo.
876 2713 1069 2768 Factus
1096 2722 1179 2769 est
1204 2730 1360 2784 quem
1393 2714 1549 2782 fecit,
1579 2730 1646 2770 ne
1671 2732 1765 2784 pe-

190 2805 316 2858 riret
351 2819 506 2874 quem
548 2803 698 2859 fecit.
741 2805 908 2859 Ilomo
937 2820 1125 2866 verus.
1155 2805 1294 2860 Deu’s
1319 2821 1473 2861 verus
1503 2824 1515 2861 :
1551 2806 1689 2862 Deus
1714 2816 1768 2862 ct

189 2894 344 2948 homo
367 2905 506 2951 totus
529 2896 797 2952 Christus.
826 2897 951 2952 Hinc
980 2907 1063 2952 est
1083 2897 1353 2954 Catholica
1380 2899 1530 2955 ﬁdes.
1555 2900 1653 2967 Qui
1676 2917 1770 2957 ue-

187 2996 273 3051 gat
302 2986 457 3041 Deum
485 2985 759 3042 Christum
791 3028 805 3051 ,
838 2988 1184 3044 Photinianus
1212 2998 1330 3045 est:
1360 2991 1450 3061 qui
1493 2999 1650 3062 negat
1673 2992 1767 3046 ho-

189 3075 377 3131 mile
425 3076 699 3133 Christum
734 3119 749 3143 ,
807 3076 1128 3133 Manichmus
1178 3089 1280 3135 est.
1331 3080 1431 3147 Qui
1486 3083 1769 3138 confitetur

193 3166 352 3221 Deum
391 3169 644 3240 aequalem
688 3168 832 3224 Patri
868 3170 1138 3226 Christum
1165 3181 1221 3226 et
1247 3171 1513 3228 hominem
1541 3189 1725 3229 verum
1750 3217 1775 3239 ,γ

196 3273 397 3326 passum
435 3278 555 3317 vere
587 3303 604 3329 ,
646 3264 956 3334 sanguinem
994 3263 1192 3320 fudisse
1227 3280 1408 3321 verum
1444 3285 1458 3322 :
1490 3281 1593 3321 non
1625 3267 1766 3323 enim

200 3348 387 3407 veritas
410 3368 496 3408 nos
517 3353 773 3410 liberaret
791 3397 806 3420 ,
834 3357 880 3410 si
902 3355 1091 3411 falsum
1118 3358 1342 3427 pretium
1370 3374 1466 3429 pro
1492 3359 1645 3415 nobis
1669 3360 1767 3415 da-

198 3449 283 3493 ret
322 3459 335 3495 :
371 3453 640 3515 utrumque
681 3446 772 3516 qui
797 3447 1109 3516 conﬁtetur,
1137 3448 1440 3505 Catholicus
1467 3460 1566 3507 est.
1600 3452 1770 3507 Habet

194 3530 407 3596 patriam
433 3575 449 3600 ,
494 3533 659 3590 habet
697 3536 854 3590 viam.
898 3536 1068 3595 liabet
1108 3539 1327 3607 patriam
1357 3581 1372 3605 ,
1416 3540 1483 3595 In
1521 3544 1769 3613 principio

191 3630 299 3673 erat
334 3621 535 3679 Verbum
568 3642 589 3679 :
628 3626 790 3682 habet
812 3628 1066 3697 patriam,
1098 3628 1222 3684 Cum
1242 3634 1295 3685 in
1319 3635 1483 3703 [arma
1504 3633 1600 3688 Dei
1621 3643 1766 3701 esset,

195 3727 295 3767 non
332 3717 560 3785 rapinam
598 3718 870 3773 arbitratus
906 3729 1013 3786 est,
1054 3737 1159 3776 esse
1191 3722 1400 3791 aqualis
1435 3721 1562 3777 Deo.
1601 3724 1770 3780 Habet

194 3802 356 3869 \iam,
406 3804 619 3861 Verbum
659 3825 778 3863 caro
824 3813 1013 3882 factum
1057 3822 1129 3866 est
1156 3815 1176 3845 ⁸
1204 3812 1223 3885 (
1248 3812 1405 3868 Joan.
1446 3831 1497 3880 t,
1529 3817 1582 3884 1,
1615 3817 1722 3888 14)
1751 3836 1764 3871 :

195 3893 348 3951 habet
372 3898 526 3962 viam.
555 3900 913 3972 Semettpsum,
937 3905 1211 3960 exinanirit
1235 3906 1453 3975 [annuat
1479 3910 1608 3964 servi
1634 3912 1768 3965 acci-

196 3986 347 4051 piens.
377 3987 492 4060 ipse
520 4004 603 4046 est
629 3994 793 4061 patria
834 4010 939 4064 quo
976 3995 1144 4064 imus,
1178 3997 1292 4067 ipse
1337 3998 1419 4052 via
1467 4015 1569 4070 qua
1606 4000 1763 4057 imus.

199 4076 293 4133 l’er
319 4079 485 4151 ipsum
514 4083 757 4154 adipsum
777 4101 983 4153 eamus,
1016 4096 1070 4143 et
1098 4104 1203 4143 non
1223 4088 1538 4147 errabimus.

671 4209 900 4268 suane
934 4212 1097 4270 mu
1128 4221 1142 4237 -
1178 4214 1277 4287 (a).

204 4316 273 4371 De
311 4322 462 4376 verbis
501 4322 768 4396 Evangelii
797 4325 1056 4387 Matt/nui.
1098 4346 1213 4400 cup.
1241 4346 1370 4399 xxv,
1408 4333 1551 4398 l-l3,
1582 4334 1768 4391 Simile

327 4414 426 4468 erit
452 4430 673 4489 regnum
695 4417 949 4473 cmlorum
977 4420 1159 4476 decent
1190 4423 1497 4494 virginibus,
1526 4434 1620 4481 etc.

261 4525 479 4585 CAPUT
519 4530 796 4591 PRIMUM.
815 4565 877 4575 —
906 4535 953 4590 1.
988 4534 1165 4592 Decem
1194 4539 1407 4612 uirgines
1432 4558 1662 4613 quianam
1682 4543 1766 4598 in—

198 4616 470 4691 telligenda
490 4622 542 4675 in
572 4623 816 4693 parabole
854 4624 1132 4699 Evangelii.
1157 4630 1418 4689 Hesterno
1446 4633 1532 4689 die
1559 4636 1647 4705 qui
1675 4635 1769 4689 ad.

197 4708 392 4779 fuistis,
443 4716 848 4784 promissionem
891 4729 1126 4776 nostram
1171 4725 1361 4778 tenetis
1395 4743 1407 4777 :
1446 4742 1564 4795 quia:
1609 4727 1767 4784 hodie

194 4816 291 4856 non
318 4805 447 4859 solis
473 4805 643 4873 vobis,
675 4809 767 4863 sed
796 4809 1031 4880 pluribus
1053 4813 1212 4869 etiam
1245 4816 1335 4886 qui
1368 4828 1763 4888 convenerunt,

194 4892 412 4951 Domino
452 4897 773 4968 adjuvantc,
805 4902 1074 4960 reddenda
1112 4914 1214 4961 est.
1258 4906 1390 4975 Qua:
1431 4909 1536 4964 sint
1578 4908 1765 4966 decem

190 4985 431 5056 virgines,
466 5006 690 5059 quarum
730 4993 835 5047 sint
875 4995 1107 5066 quinque
1134 4997 1425 5068 prudentes
1452 5009 1507 5055 et
1532 5003 1766 5071 quinque

186 5076 382 5144 stultm,
410 5094 516 5135 non
539 5080 691 5136 facile
714 5081 947 5153 indagari
975 5095 1165 5155 potest.
1186 5088 1555 5147 Verumtamen
1575 5108 1769 5149 secun-

183 5167 306 5221 dum
350 5184 409 5223 ea
453 5186 573 5241 qum
614 5174 854 5228 continet
884 5176 994 5246 ipsa
1027 5177 1182 5239 lectio
1208 5197 1364 5251 quam
1393 5181 1648 5239 Charitati
1674 5201 1767 5240 ve-

243 5301 262 5380 :
284 5307 447 5380 itas?“
458 5309 626 5380 natum
655 5304 719 5356 de
755 5306 936 5380 Spiritu
970 5318 1133 5380 saneto
1163 5320 1209 5365 et
1232 5315 1412 5380 virgine
1436 5321 1603 5372 Maria.

213 5363 534 5444 EBEE‘:
560 5372 682 5444 tes:
727 5363 824 5419 ηόη
848 5370 1038 5444 suam
1069 5363 1179 5444 ειωέ
1194 5363 1405 5444 yart;
1421 5363 1765 5444 augeam.

186 5425 532 5505 t'fgrltulgfaro
544 5428 755 5505 factum
784 5438 872 5502 est.
899 5439 969 5505 Et_
982 5436 1124 5497 paulo
1142 5425 1282 5505 infra,
1294 5425 1566 5505 ilignei};

177 5486 507 5538 «ditionibus:
535 5486 643 5552 Ipse
664 5492 825 5554 patria
836 5507 930 5559 quo
949 5486 1105 5561 imus;
1127 5486 1477 5563 elinguia?"
1493 5486 1546 5554 at:

870 5586 922 5653 et
942 5590 1160 5642 quattr-r.
1177 5583 1237 5632 cl.
1258 5587 1314 5635 all
1339 5600 1382 5634 a.
1405 5590 1482 5637 cf».
1510 5589 1541 5637 Γ.
1564 5592 1611 5640 ll.
1638 5606 1688 5653 g.
1707 5590 1761 5640 lr.

176 5643 243 5680 ιη.
260 5642 334 5692 μ’.
356 5643 404 5677 v.
428 5631 506 5680 vd.
544 5640 626 5684 Am
661 5642 734 5685 l-Lr.
755 5644 857 5688 Par.
882 5631 990 5690 Lav.

237 5710 312 5774 (ο)
337 5708 480 5774 alia,
502 5715 570 5765 de
593 5719 762 5771 Verbis
782 5725 962 5774 Domini
987 5725 1063 5776 Β.

3355 328 3458 385 671

1874 437 1998 480 strue
2027 428 2186 483 etiam
2213 430 2372 488 hodie
2398 434 2537 490 volui
2568 438 2803 506 recitari,
2833 446 3087 511 quantum
3114 439 3241 494 mihi
3276 422 3455 497 Domi-

1874 533 1973 573 nus
1996 520 2321 578 intellectum
2352 523 2554 582 donare
2574 528 2842 599 dignatur,
2857 546 2963 584 non
2988 531 3116 586 mihi
3133 530 3341 588 videtur
3356 549 3454 589 tsm

1876 612 2121 678 parabola
2163 615 2243 669 vel
2288 616 2580 674 similitudo
2602 619 2668 674 ad
2696 636 2788 676 eas
2827 623 2970 679 solas
3001 626 3305 694 pertinere,
3336 641 3459 696 quas

1874 702 2086 772 prepria
2110 711 2165 757 et
2188 706 2553 763 excellentiori
2581 713 2862 768 sanctitate
2888 714 3120 785 virgines
3142 716 3194 769 in
3217 716 3456 773 Ecclesia

1872 793 2231 863 nominantur,
2251 814 2383 868 quas
2411 801 2568 856 etiam
2590 804 2863 861 usitatiore
2884 808 3141 865 vocabulo
3161 811 3459 865 Sanctimo-

1871 884 2039 939 niales
2066 888 2334 957 appellare
2362 892 2736 948 consuevimus
2757 894 2828 965 (η)
2848 915 2860 947 τ
2878 897 2992 962 sed,
3020 898 3123 968 nisi
3146 897 3323 967 fallor,
3345 901 3459 957 iure

1871 977 2157 1031 similitudo
2182 979 2247 1034 ad
2280 982 2579 1037 universam
2608 984 2899 1041 Ecclesium
2920 990 3163 1058 pertinet.
3198 991 3453 1060 Quamvis

1870 1070 1969 1151 etsi
1989 1070 2102 1126 illas
2128 1073 2269 1129 solas
2295 1076 2726 1147 intelligerenius,
2760 1097 2878 1150 quae
2907 1082 3347 1140 Sanctimonialcs
3372 1101 3460 1140 vo-

1870 1169 2079 1227 cantur,
2096 1164 2348 1235 numqttid
2371 1166 2551 1221 decem
2573 1170 2735 1223 sunt?
2752 1171 2901 1226 Absit
2930 1184 2986 1226 ut
3017 1182 3157 1228 tanta
3196 1175 3457 1245 virginum

1872 1251 2154 1308 multitudo
2174 1255 2239 1310 ad
2262 1266 2367 1310 tam
2391 1260 2637 1328 exiguum
2660 1277 2936 1316 numerum
2963 1274 3265 1318 revocetur.
3295 1265 3458 1320 Forte

1871 1357 2048 1401 autem
2084 1348 2227 1403 dicat
2267 1350 2458 1420 aliquis
2487 1370 2499 1405 :
2525 1353 2661 1421 Quid
2686 1354 2733 1408 si
2764 1355 2942 1409 multa:
2978 1364 3104 1411 sunt
3129 1357 3344 1413 nomine
3363 1398 3376 1418 .
3404 1365 3460 1412 et

1873 1443 1980 1492 tam
2007 1454 2187 1508 pauca:
2214 1450 2338 1495 sunt
2363 1442 2414 1496 in
2443 1444 2692 1509 veritate,
2738 1452 2795 1499 ut
2831 1447 2916 1500 vix
2952 1445 3136 1502 decem
3182 1446 3461 1502 invenian-

1872 1529 1992 1582 tur?
2020 1529 2134 1585 Non
2165 1531 2235 1585 ita
2265 1540 2364 1586 est.
2394 1533 2524 1587 Nam
2551 1534 2594 1589 si
2626 1536 2769 1590 solas
2805 1537 2990 1591 decem
3030 1536 3250 1608 intelligi
3297 1537 3460 1592 vellet

1870 1618 2068 1685 bonas,
2100 1638 2205 1676 non
2243 1623 2315 1679 ibi
2359 1626 2666 1681 ostenderet
2702 1629 2936 1699 quinque
2981 1629 3172 1685 fatuas.
3213 1629 3268 1686 Si
3314 1631 3455 1684 enim

1872 1709 2052 1764 multm
2074 1720 2198 1766 sunt
2219 1713 2448 1784 virgines
2474 1731 2592 1785 quae
2612 1727 2887 1782 vocantur,
2906 1735 3069 1789 quare
3094 1728 3280 1774 contra
3305 1720 3460 1789 quiu-

1871 1816 1974 1870 que
2002 1803 2137 1856 ostia
2162 1803 2354 1860 donms
2383 1821 2588 1875 magum
2617 1809 2972 1864 clauduntur?

1940 1890 2167 1948 CAPUT
2201 1895 2416 1951 ll.——2.
2474 1897 2704 1969 Virgines
2747 1900 2947 1967 decem,
2992 1901 3177 1956 animo:
3221 1902 3454 1972 quaelibet

1870 1982 1934 2037 de
1945 1984 2169 2040 Ecclesia
2185 1986 2295 2041 Dei.
2312 1988 2665 2059 lntelligamus
2679 2005 2822 2061 ergo,
2844 1990 3168 2061 charissimi,
3183 1992 3249 2047 ad
3268 2007 3457 2049 omnes

1871 2091 1989 2142 nos,
2019 2076 2069 2131 id
2098 2087 2195 2143 est,
2223 2079 2287 2133 ad
2316 2080 2614 2135 universam
2641 2082 2858 2137 omnino
2872 2082 3161 2137 Eeclesiam
3190 2083 3457 2152 pertinere

1872 2167 2025 2221 istam
2041 2170 2364 2239 parabolam,
2384 2187 2487 2226 non
2506 2172 2570 2225 ad
2584 2173 2727 2227 solos
2740 2176 3071 2242 praepositos,
3086 2173 3151 2228 de
3162 2175 3354 2244 quibus
3373 2175 3458 2229 he-

1870 2268 2050 2314 sterno
2062 2261 2147 2315 die
2163 2261 2323 2315 locuti
2341 2278 2546 2329 sumus;
2564 2279 2659 2318 nec
2676 2265 2740 2317 ad
2754 2265 2896 2319 solas
2915 2265 3116 2334 plebes;
3130 2264 3222 2319 sed
3240 2280 3458 2335 prorsus

1870 2349 1935 2405 ad
1952 2366 2156 2406 omnes.
2173 2353 2345 2421 Quare
2359 2368 2484 2424 ergo
2501 2354 2735 2425 quinque
2755 2364 2810 2411 et
2826 2355 3057 2427 quinque
3068 2354 3326 2427 virgines?
3339 2356 3456 2410 Ista:

1870 2445 2104 2514 quinque
2153 2454 2206 2499 et
2246 2445 2478 2516 quinque
2518 2446 2749 2517 virgines
2779 2491 2794 2514 ,
2846 2464 3034 2504 omnes
3075 2451 3293 2504 omnino
3334 2460 3459 2504 sunt

1872 2535 2063 2589 anima:
2105 2534 2548 2592 Christianorum.
2592 2538 2699 2594 Sed
2745 2547 2801 2594 ut
2838 2540 3080 2594 dicamus
3119 2541 3287 2600 vobis.
3316 2542 3457 2611 quod

1873 2624 1984 2681 Deo
2009 2626 2299 2699 inspirante
2336 2630 2628 2696 sentimus,
2661 2646 2769 2685 non
2795 2633 3205 2703 qualescumque
3242 2634 3455 2693 animm,

1870 2717 1965 2771 sed
1997 2719 2129 2774 tales
2153 2719 2344 2774 anima:
2371 2736 2490 2791 qua:
2518 2721 2712 2777 habent
2738 2721 3055 2778 catholicam
3079 2722 3257 2788 ﬁdem,
3285 2732 3340 2778 ct
3368 2723 3462 2777 ha-

1871 2811 1998 2866 bcre
2028 2811 2273 2867 videntur
2313 2813 2447 2869 bona
2484 2829 2646 2884 opera
2687 2814 2738 2869 in
2780 2814 3016 2870 Ecclesia
3050 2814 3255 2869 Deich
3281 2822 3457 2869 tamen

1872 2920 1938 2960 ex
1985 2904 2113 2975 ipsis
2157 2905 2391 2975 quinque
2430 2915 2554 2960 sunt
2585 2906 2892 2976 prudentes,
2917 2916 2972 2962 et
3000 2908 3231 2977 quinque
3277 2905 3454 2961 fatum.

1872 2995 2047 3064 Quare
2072 3011 2200 3067 ergo
2219 2997 2496 3068 appellata:
2520 3004 2643 3053 sunt
2670 2998 2922 3068 quinque,
2946 3005 3001 3052 et
3019 3013 3184 3068 quare
3205 2996 3456 3068 virgines,

1873 3089 2019 3158 prius
2063 3089 2369 3155 videamus;
2428 3100 2482 3146 et
2538 3091 2732 3148 deinde
2792 3102 2984 3147 caetera
3037 3092 3459 3147 consideremus.

1875 3180 2062 3235 Omnis
2087 3184 2262 3236 anima
2291 3185 2341 3237 in
2370 3199 2594 3254 corpore
2634 3183 2754 3239 ideo
2782 3184 3025 3255 quinario
3060 3199 3283 3239 numero
3329 3197 3461 3238 cen-

1874 3284 2039 3341 setur,
2089 3277 2212 3345 quia
2257 3277 2487 3347 quinque
2540 3278 2784 3333 sensibus
2822 3278 3003 3332 utitur.
3044 3276 3187 3331 Nihil
3211 3286 3292 3332 est
3317 3276 3461 3331 enim

1872 3367 2012 3436 quod
2043 3369 2301 3423 sentimus
2323 3384 2387 3423 ex
2415 3383 2656 3438 corpore,
2690 3369 2789 3424 nisi
2816 3370 2977 3440 janua
3007 3369 3458 3440 quinquepartita,

1873 3467 1965 3512 aut
1994 3458 2243 3523 videndo,
2269 3467 2361 3512 aut
2385 3458 2669 3524 audiendo,
2693 3469 2785 3512 aut
2809 3457 3102 3525 odorando,
3128 3468 3219 3514 aut
3239 3466 3459 3527 gustan-

1871 3549 1963 3614 du,
1988 3560 2074 3605 aut
2106 3550 2389 3621 tangendo.
2417 3552 2518 3619 Qui
2540 3566 2666 3621 ergo
2686 3567 2744 3606 se
2773 3551 3001 3606 abstinet
3024 3552 3091 3605 ab
3118 3552 3296 3605 illicito
3321 3550 3456 3614 visu.

1873 3643 1938 3697 ab
1965 3643 2148 3697 illicito
2173 3642 2375 3703 auditu,
2404 3642 2471 3697 ab
2497 3643 2679 3697 illicito
2699 3641 2944 3708 odoratu,
2977 3642 3043 3697 ab
3071 3642 3254 3696 illicito
3282 3652 3461 3712 gusta-

1874 3744 1950 3800 tu,
1980 3735 2047 3790 ab
2078 3735 2263 3790 illicito
2292 3743 2433 3789 tactu
2455 3777 2468 3799 ,
2500 3744 2719 3806 propter
2745 3735 2912 3806 ipsam
2942 3735 3318 3807 integritatem,
3349 3735 3456 3789 vir-

1870 3825 2010 3897 ginis
2043 3842 2234 3881 nomen
2263 3828 2488 3897 accepit.

1945 3918 1997 3972 '5.
2030 3917 2139 3973 Nec
2162 3919 2421 3991 virginitas
2450 3920 2647 3991 sufficit,
2679 3936 2766 3973 nec
2795 3935 2947 3990 Opera
2972 3917 3121 3972 bona.
3151 3917 3255 3974 Sed
3287 3918 3329 3974 si
3359 3919 3457 3975 bo-

1873 4025 1999 4064 num
2030 4017 2113 4064 est
2141 4009 2409 4065 abstinere
2450 4010 2519 4065 ab
2557 4010 2758 4064 illicitis
2801 4009 3065 4065 sentiendi
3108 4009 3375 4077 motibus,
3404 4020 3461 4065 et

1873 4100 1993 4156 ideo
2018 4116 2346 4172 unaquaeque
2371 4102 2547 4156 anima
2578 4101 2863 4156 christiana
2898 4101 3118 4171 virginis
3142 4117 3336 4156 nomen
3364 4118 3457 4155 ac-

1872 4196 2047 4265 cepit;
2079 4209 2245 4264 quare
2270 4194 2504 4264 quinque
2532 4191 2901 4257 admittuntur,
2936 4201 2991 4249 et
3023 4192 3255 4264 quinque
3280 4194 3455 4265 repel-

1873 4284 2092 4339 luntur?
2121 4285 2184 4338 Et
2211 4284 2442 4354 virgines
2478 4292 2629 4346 sunt,
2664 4292 2719 4338 ct
2754 4283 3102 4354 repelluntur.
3141 4283 3335 4338 Parum
3375 4293 3460 4339 est

1871 4376 1995 4446 quia
2048 4376 2279 4446 virgines
2305 4385 2429 4431 sunt
2463 4393 2475 4428 :
2509 4385 2563 4431 et
2606 4373 2880 4444 lampades
2927 4373 3142 4430 habent.
3191 4373 3456 4444 Virgines,

1873 4474 2090 4536 propter
2115 4464 2488 4521 abstinentiam
2534 4466 2601 4520 ab
2641 4464 2840 4520 illicitis
2868 4464 3150 4529 sensibus;
3188 4463 3461 4533 lampades

1873 4554 2103 4621 habent,
2132 4565 2349 4626 propter
2373 4571 2534 4626 opera
2565 4557 2722 4612 bona.
2761 4555 2837 4611 De
2864 4556 3055 4626 quibus
3078 4554 3328 4625 operibus
3354 4553 3462 4609 Do-

1871 4648 2048 4702 minus
2067 4648 2197 4703 dicit
2222 4666 2234 4702 :
2257 4647 2482 4703 Luceaut
2507 4663 2661 4719 opera
2690 4658 2852 4703 vestra
2881 4665 3051 4702 coram
3079 4646 3385 4710 hominibus,
3408 4656 3463 4699 ut

1872 4741 2072 4794 rideant
2096 4740 2226 4794 bona
2256 4743 2392 4811 facta
2417 4751 2597 4801 vestra,
2629 4750 2676 4794 et
2702 4739 2986 4811 glori/irent
3012 4737 3216 4791 Patrem
3243 4747 3461 4791 vestrum

1872 4832 1960 4899 qui
1984 4831 2037 4884 in
2068 4831 2204 4885 caelis
2230 4840 2302 4886 est
2332 4830 2544 4902 (Matth.
2577 4846 2628 4895 v,
2661 4831 2772 4898 16).
2809 4828 2938 4883 item
2978 4828 3257 4897 discipulis
3284 4827 3413 4882 dicit
3446 4846 3458 4880 :

1876 4925 1993 4979 Sint
2019 4924 2174 4978 lumbi
2198 4924 2347 4977 vestri
2369 4924 2599 4988 accincti,
2627 4932 2672 4976 et
2698 4912 2915 4975 lucerna:
2934 4919 3166 4974 ardentes
3187 4918 3335 4987 (Luc.
3363 4935 3457 4982 xu,

1874 5017 1986 5089 55).
2032 5017 2087 5071 ln
2128 5016 2320 5070 lumbis
2362 5016 2647 5079 accinctis,
2679 5014 2954 5085 virginitas
2984 5030 2996 5065 :
3029 5014 3080 5067 in
3113 5012 3342 5067 lucernis
3371 5028 3459 5066 ar-

1873 5106 2143 5174 dentibus,
2169 5122 2331 5176 opera
2360 5105 2518 5161 bona.

1944 5198 2169 5254 CAPUT
2194 5196 2282 5253 ill.
2304 5228 2375 5240 ——
2398 5198 2452 5253 4.
2493 5196 2645 5270 Virgo
2685 5198 2856 5252 anima
2893 5196 3125 5269 qutelibet
3149 5196 3459 5252 Christiana.

1876 5292 1989 5345 Non
2030 5292 2163 5346 solet
2202 5292 2305 5346 dici
2332 5272 2610 5363 virginitas
2637 5291 2817 5362 utique
2838 5291 2888 5346 in
2920 5291 3218 5362 coniugatis
3239 5307 3255 5345 :
3280 5301 3460 5348 tamen

1872 5383 2032 5437 etiam
2070 5382 2139 5438 ibi
2169 5394 2251 5438 est
2278 5381 2401 5438 ﬁdei
2424 5383 2696 5455 virginitas
2715 5424 2729 5448 ,
2757 5398 2873 5453 quae
2899 5380 3117 5438 exhibet
3152 5381 3459 5452 pudicitiam

1872 5475 2229 5547 coniugalem.
2275 5476 2407 5532 Nam
2451 5485 2507 5531 ut
2545 5477 2751 5532 noverit
2792 5475 3057 5532 Sanctitas
3104 5483 3311 5539 vestra,
3352 5490 3459 5529 non

1875 5569 2176 5640 importune
2201 5570 2492 5626 secundum
2523 5571 2756 5625 animam
2780 5578 2833 5624 et
2855 5567 3147 5625 secundum
3180 5569 3459 5641 integrita-

1872 5683 2015 5797 mgt')‘
2029 5691 2191 5736 Euarr.
2218 5682 2268 5734 lu
2291 5683 2410 5734 Νι.
2449 5686 2528 5746 75,
2563 5698 2611 5733 n.
2640 5684 2698 5734 16
2751 5681 2980 5734 vocabulo
3000 5684 3152 5735 utitur
3173 5718 3191 5746 ,
3233 5675 3459 5734 castimo-
