3934 6184
349 286 452 341 575i

350 408 455 451 tem
487 393 640 459 ﬁdei,
670 405 771 463 qua
816 391 978 445 etiam
1026 386 1129 440 ﬁde
1172 385 1241 439 ab
1283 382 1480 439 illicitis
1526 377 1850 440 abstinetur,
1876 382 1932 429 et

350 490 490 544 bona
521 498 681 555 opera
714 484 876 542 limit,
922 490 1347 547 unumquemque
1389 473 1471 527 vel
1512 480 1934 538 unamquamque

357 579 588 633 animum
623 572 879 641 virginem
908 568 1045 633 dici;
1085 577 1190 622 tota
1221 564 1461 621 Ecclesia
1491 576 1610 632 qua:
1638 565 1845 614 constat
1869 572 1931 610 cx

356 666 646 737 virginibus
686 670 741 715 et
780 660 989 730 pueris,
1022 668 1070 713 el
1105 654 1364 710 maritalis
1392 652 1602 706 feminis
1622 660 1675 704 et
1704 647 1937 703 uxoratis

357 762 503 819 viris.
533 774 637 812 uno
663 754 879 810 nomine
908 754 1055 822 virgo
1081 758 1162 803 est
1189 748 1474 819 appellata.
1506 743 1657 798 Unde
1678 742 1780 796 ltoc
1811 755 1936 810 pro-

356 849 576 904 bamus?
607 845 921 917 Apostolum
961 839 1082 896 audi
1108 841 1405 899 dicentem,
1439 851 1542 889 non
1569 832 1701 889 solis
1737 829 1940 886 sancti-

354 935 673 995 monialibus
694 979 706 1001 ,
735 935 828 990 Sl‘d
858 934 1121 988 univcrsa:
1149 944 1364 1000 prorsus
1391 926 1641 982 Ecclesia:
1664 941 1678 977 :
1705 922 1939 991 Despon-

353 1030 460 1085 savi
497 1045 583 1083 vos
623 1027 709 1079 uni
748 1026 853 1080 riro
883 1022 1123 1093 uirginem
1150 1030 1343 1075 castam
1376 1016 1606 1073 exhibere
1626 1012 1844 1069 Christo.
1873 1010 1943 1065 Et

355 1121 475 1189 quia
508 1118 663 1188 hujus
700 1116 1014 1185 virginitatis
1048 1120 1352 1180 corruptor,
1383 1107 1628 1162 diabolus
1668 1096 1937 1160 cavendus

358 1221 459 1274 est,
485 1225 566 1265 co.
591 1211 738 1264 tinno
764 1209 876 1276 ipse
906 1204 1192 1275 Apostolus
1221 1218 1340 1258 cum
1366 1202 1606 1263 dixisset,
1627 1196 1936 1267 Desponsavi

363 1319 448 1358 vos
476 1302 564 1355 uni
588 1301 692 1355 viro
716 1299 956 1370 uirginem
977 1306 1165 1351 castam
1193 1291 1422 1349 exhibere
1449 1291 1682 1354 Christo;
1702 1286 1949 1357 atljunxit

361 1401 412 1446 et
441 1392 537 1457 ait,
572 1390 743 1445 Timeo
769 1399 934 1443 mitem
954 1430 969 1454 ,
998 1404 1060 1440 ne
1081 1387 1211 1441 sicut
1242 1400 1445 1451 serpens
1473 1381 1631 1436 Eram
1668 1378 1866 1433 seduxit
1891 1378 1949 1431 in

362 1482 577 1538 rersutia
597 1497 712 1545 sua,
730 1481 801 1533 sic
821 1489 867 1533 et
893 1478 1040 1532 vestri
1067 1493 1241 1532 sensus
1260 1482 1646 1542 corrumpantur
1666 1487 1698 1524 a
1721 1470 1951 1525 castitate

360 1588 475 1641 qua?
499 1571 643 1626 estin
668 1570 864 1625 Christo
897 1569 961 1641 (ll
989 1567 1107 1624 Cor.
1140 1583 1224 1635 xi,
1245 1566 1314 1631 2,
1342 1564 1419 1637 5).
1443 1563 1500 1619 In
1529 1577 1753 1632 corpore
1786 1559 1951 1630 virgio

368 1663 588 1718 nitatem
628 1677 809 1731 panem
849 1660 1083 1714 habent:
1113 1658 1167 1713 in
1205 1656 1367 1713 corde
1392 1669 1579 1712 omnes
1624 1652 1821 1707 habere
1857 1650 1951 1705 de-

366 1756 510 1807 bent.
557 1753 611 1806 Si
657 1767 784 1820 ergo
811 1752 879 1805 ab
905 1750 1100 1805 illicitis
1138 1746 1459 1802 abstinentia
1490 1744 1625 1798 bona
1666 1751 1782 1805 est,
1812 1741 1951 1795 unde

365 1844 638 1914 virginitas
682 1856 872 1896 nomen
915 1840 1154 1910 accepit,
1196 1848 1250 1892 et
1290 1851 1453 1906 opera
1494 1835 1631 1889 bona
1670 1831 1950 1886 laudabilia

371 1942 497 1988 sunt
519 1975 533 1997 ,
563 1949 681 2003 qum
709 1931 1076 2003 signiﬁcantur
1118 1927 1493 1999 lampadibus;
1520 1940 1684 1995 quare
1722 1924 1954 1994 quinque

368 2022 741 2088 admittuntur,
771 2031 826 2076 ct
852 2021 1087 2091 quinque
1113 2016 1487 2089 repelluntur?
1511 2016 1568 2072 Si
1591 2024 1643 2071 et
1668 2015 1816 2085 virgo
1834 2021 1914 2069 est
1933 2054 1950 2080 ,

369 2125 423 2168 rt
461 2111 733 2184 lampades
772 2110 910 2177 fert,
949 2120 1000 2166 et
1047 2120 1221 2165 tamen
1264 2124 1370 2164 non
1417 2106 1750 2170 admittitur;
1779 2104 1865 2160 ubi
1896 2117 1956 2158 se

372 2206 514 2261 videt
559 2205 648 2275 qui
697 2220 799 2261 nec
845 2203 1201 2274 virginitatem
1249 2201 1317 2256 ab
1356 2200 1554 2256 illicitis
1596 2206 1808 2265 servat,
1857 2212 1958 2252 nec

369 2316 528 2372 opera
556 2301 691 2356 bona
716 2299 904 2356 volens
933 2297 1129 2351 habere
1158 2296 1208 2351 in
1238 2294 1472 2351 tenebris
1497 2292 1766 2347 ambulat?

445 2393 671 2451 CAPUT
709 2392 798 2446 ιν.
837 2422 906 2431 —-
951 2392 1005 2446 5.
1059 2388 1252 2443 Prieter
1300 2384 1655 2441 continentiam
1706 2394 1754 2438 et
1806 2398 1960 2453 opera

373 2485 525 2550 bona,
548 2484 814 2554 requiritur
826 2481 1064 2536 charitas.
1090 2479 1292 2545 Oleum,
1320 2478 1559 2531 Charitas.
1584 2477 1658 2531 De
1676 2475 1790 2529 istis
1809 2488 1956 2543 ergo,

375 2577 564 2631 fratres
593 2575 727 2640 mei,
757 2574 824 2629 de
853 2574 967 2628 istis
995 2572 1168 2642 potius
1194 2571 1547 2640 disputemus.
1585 2567 1689 2649 Qui
1719 2583 1823 2622 non
1849 2566 1963 2621 vult

379 2667 558 2721 videre
601 2665 741 2736 quod
788 2665 983 2719 malum
1013 2672 1130 2728 est,
1175 2662 1263 2732 qui
1308 2676 1413 2716 non
1441 2662 1555 2715 vult
1594 2658 1780 2715 audire
1819 2656 1963 2727 quod

368 2761 572 2816 rtualum
617 2767 732 2824 est,
780 2757 868 2825 qui
911 2756 979 2812 ab
1027 2755 1222 2811 illicitis
1261 2753 1640 2809 sacriﬁciorum
1689 2751 1963 2806 nidoribus

376 2852 573 2907 avertit
599 2851 900 2914 odoratum,
924 2850 991 2905 ab
1018 2848 1219 2904 illicitis
1247 2847 1632 2903 sacriﬁciorum
1656 2846 1789 2900 cibis
1807 2860 1966 2899 aver-

379 2944 439 2996 tit
461 2952 727 3012 gustatum
749 2983 763 3007 ,
790 2941 921 3011 fugit
958 2940 1292 3009 complexum
1321 2939 1529 3003 alienae,
1557 2937 1749 3004 frangit
1774 2951 1963 3006 panem

377 3034 653 3097 esurienti,
685 3033 947 3101 hospitem
972 3030 1174 3086 inducit
1198 3031 1250 3085 in
1278 3030 1494 3084 domum
1512 3069 1530 3097 ,
1555 3028 1715 3083 vestit
1741 3030 1961 3092 nudum,

378 3124 670 3179 concordat
713 3123 997 3192 litigiosum
1017 3163 1032 3188 ,
1060 3122 1239 3177 visitat
1271 3130 1528 3190 aegrotum
1549 3159 1567 3187 ,
1598 3120 1788 3188 sepelit
1816 3133 1961 3173 mor-

381 3227 565 3270 tuum:
596 3228 724 3269 ecce
757 3215 933 3283 virgo,
963 3228 1088 3268 ecce
1116 3213 1276 3267 habet
1317 3210 1604 3279 lampades.
1651 3208 1787 3278 Quid
1818 3224 1962 3279 quae-

381 3305 548 3359 rimus
585 3304 850 3374 amplius?
889 3304 1078 3359 Adhuc
1111 3318 1311 3372 qurere.
1353 3301 1489 3371 Quid
1528 3299 1700 3354 adhuc
1738 3300 1962 3370 qumris,

385 3394 590 3466 toqnit?
615 3395 801 3451 Adhuc
839 3409 1020 3466 quer
1045 3412 1056 3447 :
1089 3394 1344 3447 intentum
1368 3408 1452 3445 me
1475 3390 1599 3447 fecit
1621 3390 1964 3461 Evangeliunt

382 3496 642 3542 sanctum.
678 3487 845 3541 Etiam
883 3487 1022 3556 ipsas
1053 3486 1283 3556 virgines
1308 3494 1362 3539 et
1402 3484 1631 3539 ferentes
1661 3482 1963 3552 lampades,

383 3578 514 3633 alias
538 3578 672 3632 dixit
713 3577 998 3647 prudentes
1018 3618 1034 3643 ,
1080 3576 1210 3630 alias
1244 3577 1451 3631 stultas.
1482 3575 1639 3632 Unde
1669 3575 1967 3630 intuemur?

383 3669 523 3724 unde
543 3668 932 3724 discernimus?
954 3668 1029 3723 De
1052 3667 1189 3723 oleo.
1210 3667 1420 3737 Aliquid
1440 3683 1684 3737 magnum
1709 3667 1969 3736 signiﬁcat

384 3760 580 3822 oleum,
611 3759 772 3813 valde
787 3776 1056 3829 maguum.
1084 3759 1264 3824 Putas,
1288 3774 1393 3813 non
1418 3758 1648 3813 charitas
1669 3759 1784 3814 est?
1809 3759 1964 3827 Quze-

389 3851 558 3907 rcndo
584 3851 833 3920 dicimus,
878 3868 983 3904 non
1014 3853 1330 3906 sententiam
1372 3850 1785 3920 przeeipitamus.
1814 3849 1967 3905 Unde

386 3943 512 3997 mihi
554 3942 794 3998 videatur
834 3943 953 3996 oleo
982 3944 1212 3998 eharitas
1238 3943 1553 4012 signiﬁcari,
1598 3942 1768 3997 dicam
1794 3942 1963 3996 vobis.

384 4036 670 4105 Apostolus
698 4035 855 4100 dicit,
898 4036 1077 4089 Adhuc
1104 4037 1630 4107 supereminentiorem
1664 4035 1798 4089 vobis
1838 4037 1966 4088 viam

384 4120 689 4182 demonstro.
731 4127 1311 4198 Supereminentiorem
1359 4128 1496 4182 viam
1542 4144 1697 4197 quam
1741 4126 1964 4180 demon-

385 4219 556 4273 strat?
583 4219 644 4275 Si
686 4220 870 4290 linguis
898 4220 1153 4273 hominum
1192 4219 1369 4288 loquar
1399 4228 1444 4272 et
1472 4218 1808 4289 Angelorum,
1841 4217 1966 4270 cha-

385 4311 583 4363 ritatem
611 4320 779 4364 autem
812 4327 912 4363 non
940 4309 1168 4374 habeam,
1198 4308 1359 4378 factus
1388 4326 1498 4363 sum
1527 4319 1855 4362 a'ramentum
1882 4325 1965 4361 so-

387 4417 546 4464 nans,
578 4409 664 4452 aut
704 4400 991 4471 cymbalum
1017 4401 1252 4454 tinniens.
1302 4400 1418 4469 Ipsa
1459 4408 1541 4454 est
1566 4401 1968 4470 supereminens

388 4493 469 4544 \ia
493 4530 506 4552 ,
540 4492 730 4555 idest,
771 4492 1029 4557 Charitas,
1074 4507 1193 4561 qua:
1240 4492 1428 4545 merito
1471 4493 1589 4546 oleo
1618 4493 1966 4561 signiﬁcatur.

386 4582 646 4637 Omnibus
685 4582 825 4636 enim
857 4581 1167 4636 humoribus
1195 4582 1369 4636 oleum
1409 4583 1790 4651 supereminet.
1828 4583 1970 4639 Mitte

387 4688 599 4742 aquam,
631 4681 683 4726 et
709 4672 1087 4742 superinfunde
1125 4672 1301 4726 oleum
1323 4712 1338 4736 ,
1381 4672 1555 4726 oleum
1587 4674 1966 4742 supereminet.

389 4765 535 4820 Mitte
559 4765 733 4820 oleum
755 4805 770 4831 ,
800 4762 1184 4833 superinfunde
1211 4779 1404 4835 aquam
1423 4806 1439 4829 ,
1472 4764 1647 4819 oleum
1673 4767 1964 4835 superemi-

389 4864 497 4911 net.
525 4855 580 4912 Si
607 4856 845 4912 ordincm
874 4856 1192 4919 servaveris,
1222 4856 1383 4912 vincit
1409 4875 1422 4912 :
1453 4856 1497 4911 si
1526 4856 1768 4913 ordinem
1798 4868 1971 4912 muta-

388 4950 549 5013 veris,
570 4948 749 5001 vineit.
776 4944 1011 5002 Charitas
1038 4964 1291 5018 nunquam
1333 4946 1467 5001 cadit
1498 4948 1517 5021 (
1540 4947 1553 5000 Ι
1594 4945 1714 5002 Cor.
1744 4963 1850 5015 xu,
1878 4949 1963 5013 5|,

387 5049 434 5094 ct
462 5055 576 5101 xm,
607 5039 658 5102 1,
690 5038 770 5107 8).
1825 5082 1829 5085 .

461 5129 686 5186 CAPUT
725 5129 788 5184 γ.
812 5160 884 5170 ——
908 5128 961 5185 6.
982 5128 1072 5183 Ire
1097 5129 1291 5183 obviam
1321 5147 1504 5198 sponso
1522 5130 1679 5201 quid.’
1706 5128 1968 5200 Virginum

391 5219 650 5273 dormitio.
695 5218 833 5287 Quid
888 5234 1043 5290 ergo,
1090 5219 1315 5274 fratres?
1351 5220 1467 5275 Jam
1506 5220 1862 5288 disceptetnus
1905 5221 1969 5276 de

389 5311 623 5380 quinque
645 5309 934 5379 virginibus
964 5308 1312 5378 prudentibus
1336 5319 1390 5365 et
1411 5310 1645 5380 quinque
1671 5310 1845 5363 fatuis.
1869 5311 1971 5362 Vo-

390 5404 600 5458 luerunt
652 5402 732 5457 ire
771 5402 979 5457 obviam
1022 5417 1239 5471 sponso.
1289 5401 1423 5471 Quid
1472 5410 1588 5467 est,
1637 5402 1713 5457 ire
1760 5403 1967 5456 obviam

389 5493 626 5561 sponso?
652 5492 825 5548 Corde
865 5493 963 5556 ire,
1011 5503 1321 5559 exspectare
1369 5494 1483 5564 ejus
1523 5492 1827 5548 adventum.
1862 5493 1967 5548 Sed

390 5583 478 5637 ille
530 5583 790 5639 tardabat.
840 5584 978 5640 Dum
1035 5584 1207 5639 tardat
1247 5585 1354 5649 ille,
1409 5585 1719 5640 dormierunt
1776 5603 1965 5640 omnes.

388 5673 523 5742 Quid
554 5682 656 5737 est,
688 5674 896 5727 onmes.’
925 5675 982 5728 Et
1017 5676 1169 5728 liniue
1196 5685 1247 5730 et
1282 5677 1567 5744 sapientes.
1602 5677 1964 5731 obdormitare-

1578 263 1634 320 S.
1681 257 2046 317 AUGUSTle
2093 256 2389 312 El’lSLiOPl

3515 247 3622 307 876

2040 380 2156 425 runt
2203 387 2391 434 omnes,
2426 380 2473 424 rt
2510 370 2835 424 dormierunt.
2869 368 3145 433 Pulamus,
3175 365 3349 420 bonus
3394 375 3482 421 est
3531 379 3631 421 so-

2040 477 2198 516 mnus
2252 461 2383 515 iste?
2412 460 2547 529 Quid
2577 469 2660 515 est
2687 475 2906 515 somnus
2934 458 3067 513 istc?
3095 456 3173 512 Ne
3202 455 3340 512 forte
3384 455 3629 513 tardante

2041 568 2256 623 sponso,
2286 552 2536 623 quoniam
2567 551 2798 607 abundat
2825 551 3095 622 iniquitas,
3124 548 3422 620 refrigescit
3446 549 3629 605 chari-

2043 655 2123 698 tas
2151 645 2457 698 multorum.
2489 643 2696 699 Siccine
2754 641 3073 698 intellecturi
3108 655 3296 696 sumus
3350 642 3511 695 istum
3539 654 3631 695 so-

2044 735 2262 790 mnum?
2290 735 2404 790 Non
2445 735 2574 790 mihi
2605 735 2779 804 placet
2811 752 2823 788 :
2855 733 2975 788 dico
3013 747 3199 803 quare.
3221 731 3354 799 Quia
3402 741 3531 786 sunt
3560 731 3633 786 ibi

2046 826 2374 895 prudentes:
2413 836 2468 880 et
2495 826 2677 897 utique
2702 823 2918 896 quando
2961 823 3098 879 dixit
3152 823 3431 885 Dominus,
3485 822 3637 889 Quo-

2046 917 2181 971 niam
2229 917 2502 971 abundatn’t
2547 917 2808 984 iniquitas,
2841 916 3120 988 refrigescit
3168 916 3390 970 charitas
3445 915 3641 971 multo-

2044 1022 2196 1071 rum;
2224 1006 2455 1075 subjecit
2472 1016 2525 1061 ct
2544 1007 2637 1072 ait,
2670 1006 2770 1073 Qui
2793 1016 2960 1060 autem
2990 1007 3381 1078 perseveraverit,
3398 1023 3558 1077 usque
3582 1009 3643 1063 in

2047 1098 2218 1167 linem,
2252 1098 2333 1152 hic
2354 1099 2527 1155 saluus
2549 1100 2642 1153 erit
2671 1097 2887 1170 (Matth.
2917 1112 3069 1164 xxiv,
3101 1098 3320 1169 12,13).
3345 1096 3445 1155 Ubi
3476 1100 3645 1154 vultis

2048 1202 2165 1243 esse
2193 1179 2320 1243 istas
2347 1188 2672 1260 prudentes?
2707 1187 2895 1243 Nonne
2934 1188 2985 1242 in
3024 1188 3109 1243 his
3132 1188 3221 1255 qui
3254 1203 3640 1258 perseverave-

2049 1288 2173 1333 runt
2201 1294 2365 1350 usque
2403 1279 2457 1334 in
2500 1278 2693 1334 linem?
2723 1278 2837 1333 Non
2883 1279 2956 1334 ob
2980 1277 3144 1339 aliud,
3179 1278 3388 1345 fratres,
3422 1296 3528 1333 non
3568 1280 3646 1336 ob

2049 1370 2190 1425 aliud
2221 1385 2439 1442 prorsus
2463 1369 2871 1425 admitterentur
2912 1369 3075 1432 intro,
3103 1369 3205 1424 nisi
3233 1370 3354 1440 quia
3381 1385 3643 1441 perseve-
3729 1401 3738 1408 -

2053 1470 2305 1516 raverunt
2332 1475 2499 1531 usque
2525 1460 2576 1516 in
2601 1461 2782 1517 tinem.
2809 1459 2928 1516 Non
2955 1474 3085 1532 ergo
3103 1460 3184 1517 eis
3211 1461 3448 1532 obrepsit
3476 1462 3647 1533 frigus

2052 1554 2347 1621 cbaritatis,
2377 1569 2485 1610 non
2531 1554 2586 1611 in
2618 1555 2698 1611 eis
2743 1554 2987 1626 refriguit
3025 1554 3296 1623 cbaritas;
3332 1555 3428 1612 sed
3474 1555 3687 1649 fervet.

2054 1660 2222 1715 usque
2259 1646 2310 1700 in
2359 1646 2538 1701 finem.
2585 1645 2717 1714 Quia
2773 1645 2946 1702 fervet
2996 1660 3168 1717 usque
3199 1647 3250 1702 in
3308 1647 3491 1709 ﬁnem,
3523 1648 3653 1704 ideo

2055 1738 2235 1806 sponsi
2253 1737 2431 1807 ianuae
2456 1747 2741 1807 patuerunt
2769 1756 2783 1792 :
2817 1738 2940 1794 ideo
2960 1739 3040 1794 eis
3058 1738 3256 1795 dictum
3284 1748 3369 1795 est
3393 1750 3451 1794 ut
3476 1741 3653 1795 intra-

2057 1839 2195 1897 rent,
2229 1829 2365 1885 sicut
2414 1831 2489 1886 illi
2519 1831 2720 1901 optimo
2744 1845 2923 1896 servo,
2959 1829 3106 1885 Intra
3142 1831 3197 1885 in
3242 1830 3491 1903 gaudium
3531 1830 3651 1886 Do-

2059 1923 2181 1977 mini
2218 1924 2292 1977 ιιιὶ
2323 1922 2431 1994 (Id.
2481 1939 2610 1989 xxv,
2641 1924 2731 1990 2i,
2754 1921 2864 1995 25).
2911 1921 3048 1991 Quid
3079 1931 3162 1979 est
3196 1937 3346 1993 ergo,
3380 1921 3654 1977 Dormita-

2058 2027 2232 2071 uerunt
2268 2017 2484 2071 omnes?
2511 2018 2606 2072 Est
2631 2017 2768 2085 alius
2792 2031 3034 2081 somnus,
3060 2030 3219 2087 quem
3251 2028 3410 2071 nemo
3445 2017 3653 2072 evadit.

2060 2108 2177 2165 Non
2204 2109 2556 2164 recordamini
2585 2108 2898 2179 Apostolum
2925 2107 3213 2169 dicentem.
3248 2106 3321 2162 De
3346 2107 3653 2162 dormienti-

2060 2201 2150 2257 bus
2172 2211 2340 2256 autem
2360 2202 2477 2257 nolo
2503 2217 2588 2257 vos
2607 2202 2859 2273 ignorare,
2879 2204 3060 2271 fratres
3089 2199 3133 2269 (Ι
3162 2198 3336 2254 Thess.
3360 2214 3432 2261 tv,
3458 2197 3575 2270 12),
3602 2199 3661 2259 ii

2065 2301 2167 2358 est,
2197 2292 2263 2346 de
2293 2293 2377 2347 bis
2404 2293 2494 2363 qui
2519 2293 2713 2347 mortui
2743 2291 2909 2347 sunt?
2944 2290 3121 2358 Quare
3148 2291 3290 2346 enim
3320 2290 3663 2347 dormientes

2064 2393 2343 2450 vocantur,
2383 2384 2485 2438 nisi
2527 2383 2649 2453 quia
2675 2397 2772 2437 suo
2799 2382 2888 2438 die
2918 2382 3335 2437 resuscitantur?
3361 2382 3501 2452 Ergo
3532 2381 3665 2435 dor-

2065 2477 2279 2531 mierunt
2304 2493 2494 2531 omnes.
2525 2475 2707 2542 Putas,
2737 2476 2859 2547 quia
2890 2475 3122 2546 prudens
3140 2483 3244 2541 est,
3273 2474 3393 2530 ideo
3416 2491 3522 2530 non
3556 2474 3661 2529 ha-

2065 2566 2157 2623 bet
2180 2567 2350 2623 mori?
2373 2567 2533 2623 Fatua
2558 2568 2628 2623 sit
2652 2568 2822 2638 virgo,
2843 2567 3078 2639 prudens
3104 2568 3174 2623 sit
3199 2570 3370 2639 virgo,
3401 2582 3662 2624 somnum

2067 2660 2255 2715 mortis
2282 2674 2468 2715 omnes
2506 2659 2793 2730 patiuntur.

2137 2749 2364 2805 CAPUT
2382 2749 2602 2805 Vl.--—7.
2620 2749 2830 2815 Mortui,
2844 2765 3002 2821 quare
3017 2751 3333 2805 dentientes.
3352 2749 3667 2819 Aliquando

2067 2851 2241 2898 autem
2258 2842 2442 2898 dicunt
2460 2844 2559 2898 sibi
2577 2843 2819 2899 homines
2839 2844 3013 2900 :Ecce
3021 2844 3132 2914 jam
3150 2844 3269 2899 dies
3283 2838 3466 2913 iudicii
3489 2848 3663 2910 venit,

2069 2943 2214 2991 tanta
2236 2936 2373 2990 mala
2393 2935 2545 3002 ﬁunt,
2563 2945 2718 2990 tanta:
2736 2936 3103 2992 tribulationes
3126 2936 3463 2992 crebrescunt
3484 2956 3497 3001 ;
3528 2954 3666 2996 ecce

2069 3027 2246 3082 omnia
2273 3043 2392 3098 quze
2420 3027 2700 3098 Propheta;
2739 3028 3008 3094 dixerunt,
3042 3043 3178 3098 pene
3205 3030 3470 3100 completa
3499 3041 3661 3097 sinu;

2066 3118 2176 3188 jam
2208 3118 2325 3174 dies
2343 3119 2528 3189 judieii
2564 3120 2740 3174 instat.
2769 3120 2869 3188 Qui
2895 3121 2997 3176 hoc
3018 3120 3218 3185 dicunt,
3248 3130 3307 3176 et-
3327 3120 3558 3176 tideliter
3583 3123 3662 3176 ilic

2070 3216 2216 3276 cunt,
2276 3219 2523 3281 tanquam
2577 3211 2787 3267 obviam
2843 3220 2971 3267 eunt
3014 3226 3212 3282 sponso
3248 3213 3665 3283 cogitationibus

2072 3300 2284 3356 talibus.
2313 3300 2421 3356 Sed
2456 3316 2583 3356 ecce
2609 3302 2803 3357 bellum
2832 3316 2993 3373 Super
3014 3303 3233 3370 bellum,
3269 3303 3537 3358 tribulatio
3567 3321 3665 3357 sa-

2074 3410 2169 3464 per
2196 3395 2610 3461 tribulationem,
2644 3403 2801 3450 terrae
2831 3404 3006 3450 motus
3035 3406 3197 3465 super
3234 3404 3388 3450 teme
3429 3407 3660 3455 motum.

2073 3485 2242 3542 fames
2266 3501 2427 3556 super
2461 3486 2677 3553 famem,
2705 3502 2837 3557 gens
2865 3501 3027 3556 super
3050 3495 3283 3558 gentem,
3324 3497 3379 3542 et
3421 3486 3661 3543 nomium

2072 3578 2218 3634 venit
2241 3592 2488 3649 sponsus.
2519 3579 2650 3634 Cum
2685 3593 2813 3649 ergo
2849 3586 3189 3647 exspectatur
3214 3585 3271 3631 ut
3301 3578 3496 3642 veniat,
3527 3578 3659 3632 dor-

2075 3669 2246 3724 miunt
2265 3683 2450 3724 omnes
2472 3669 2547 3723 illi
2574 3669 2663 3739 qui
2683 3669 2886 3734 dicunt,
2914 3669 3049 3723 Ecce
3069 3669 3231 3732 venit,
3260 3677 3315 3722 et
3334 3668 3449 3724 dies
3468 3668 3654 3737 judit-ii

2074 3760 2161 3815 hic
2186 3775 2283 3816 nos
2310 3762 2525 3817 invenit.
2552 3760 2682 3815 Cum
2713 3761 2861 3823 dicit,
2889 3760 3105 3814 dormit.
3137 3760 3281 3829 Ergo
3307 3760 3559 3815 observet
3586 3764 3653 3813 ad

2074 3866 2318 3905 somnum
2362 3866 2538 3917 suum,
2578 3859 2631 3906 ct
2655 3861 2962 3920 perseveret
3003 3852 3055 3905 in
3102 3851 3366 3906 charitate
3395 3868 3565 3923 usque
3593 3857 3658 3906 aut

2074 3956 2318 3998 somnum
2345 3958 2496 3999 suum
2522 3963 2535 3997 :
2565 3953 2958 4013 exspectantem
2984 3944 3130 3997 illum
3158 3943 3389 3999 inveniat
3414 3957 3657 3998 somnus.

2075 4032 2204 4087 Puta
2231 4033 2371 4087 enim
2403 4033 2525 4103 quia
2574 4032 2845 4087 dormivit.
2896 4032 3160 4105 Numquid
3182 4035 3273 4103 qui
3319 4034 3526 4098 dormit,
3557 4051 3657 4089 non

2074 4124 2277 4196 adjiciet
2328 4132 2382 4178 ut
2428 4133 2658 4194 resurgat
2705 4123 2875 4197 (Psal.
2926 4140 3019 4190 XL,
3051 4124 3126 4193 9).
3159 4123 3484 4179 Dormierunt
3512 4140 3659 4195 ergo

2074 4232 2244 4271 omnes
2271 4232 2290 4270 :
2307 4226 2359 4270 et
2385 4215 2451 4271 de
2477 4216 2579 4271 illis
2603 4216 2969 4287 prudentibus,
3002 4224 3057 4271 et
3083 4215 3150 4271 de
3171 4216 3272 4271 illis
3296 4214 3453 4271 fatuis
3471 4231 3659 4273 omnes

2074 4311 2422 4366 dormierunt.

2145 4402 2368 4459 CAPUT
2393 4401 2572 4457 \'lI.-—-
2595 4403 2648 4458 8.
2667 4401 2870 4457 Clamor
2895 4401 3059 4456 media
3079 4412 3315 4456 nocte.—
3338 4402 3471 4457 Ecce
3492 4404 3658 4456 media

2075 4503 2216 4547 nocte
2242 4494 2434 4548 clamor
2452 4498 2615 4564 factus
2639 4503 2728 4547 est.
2760 4493 2895 4563 Quid
2920 4503 3023 4559 est,
3049 4492 3212 4547 media
3233 4501 3375 4547 nocte
3391 4493 3659 4562 ?Quandn

2075 4599 2182 4638 non
2223 4594 2485 4653 speratur,
2513 4584 2726 4655 quando
2759 4587 2978 4638 omnino
3017 4598 3119 4639 non
3150 4583 3404 4639 creditur.
3436 4585 3661 4642 Noctem

2076 4675 2250 4743 posuit
2291 4688 2390 4744 pro
2414 4675 2732 4744 ignorantia.
2779 4675 2983 4745 Aliquis
3012 4675 3162 4746 quasi
3191 4686 3464 4746 computat
3508 4676 3607 4731 sibi
3645 4696 3658 4731 :

2077 4766 2213 4820 Ecce
2241 4765 2307 4820 ab
2325 4765 2494 4821 Adam
2523 4775 2599 4822 tot
2627 4767 2751 4821 anni
2784 4767 3127 4833 transierunt,
3155 4775 3208 4822 et
3229 4783 3354 4824 ecce
3382 4769 3660 4837 complen-

2075 4865 2161 4912 tur
2187 4873 2279 4913 sex
2304 4859 2466 4913 millia
2487 4870 2769 4923 nunerum,
2792 4867 2847 4914 et
2865 4859 3136 4923 continuo,
3155 4859 3422 4929 quomodo
3441 4860 3660 4930 quidam

2075 4958 2389 5006 tractaturos
2422 4959 2884 5021 computaverunt,
2917 4952 3168 5005 continuo
3216 4952 3396 5006 veniet
3431 4951 3545 5005 dies
3568 4951 3661 5020 ju-

2074 5041 2197 5096 dicii
2249 5059 2261 5094 :
2301 5052 2356 5097 et
2403 5043 2654 5105 veniunt,
2700 5052 2753 5095 et
2791 5050 3065 5096 transeunt
3109 5043 3553 5111 computationes,
3603 5050 3662 5096 ct

2074 5132 2249 5188 adhuc
2289 5144 2586 5188 remoratur
2612 5135 2795 5203 Sponsi
2829 5134 3109 5199 adventus,
3149 5142 3203 5190 et
3238 5133 3509 5189 dormiunt
3540 5135 3655 5189 vir-

2076 5224 2229 5292 gines
2258 5239 2375 5293 qua:
2397 5224 2605 5293 obviam
2643 5225 2836 5279 ierant.
2860 5224 2926 5279 Et
2956 5240 3081 5280 ecce
3100 5224 3227 5279 dum
3259 5242 3365 5280 non
3391 5237 3657 5297 speratur,

2074 5313 2201 5368 dum
2244 5315 2453 5378 dicitur,
2483 5314 2587 5370 Sex
2627 5316 2789 5369 millia
2814 5331 3075 5369 annorum
3111 5317 3577 5385 exspectabantur,
3606 5326 3662 5372 ct

2075 5416 2201 5457 ecce
2230 5404 2578 5471 transierunt,
2609 5407 2751 5460 unde
2794 5405 2992 5460 scimus
3032 5405 3143 5475 jam
3191 5406 3403 5476 quando
3446 5406 3661 5461 veniet?

2075 5493 2246 5546 media
2279 5501 2433 5546 nocte
2474 5493 2671 5548 veniet.
2696 5494 2831 5562 Quid
2876 5505 2983 5557 est,
3032 5494 3199 5550 Media
3245 5506 3401 5551 nocte
3440 5496 3658 5550 veniet?

2078 5584 2211 5639 Dum
2245 5585 2436 5645 nescis.
2458 5587 2652 5640 veniet.
2678 5586 2852 5654 Quare
2876 5590 3003 5641 dum
3025 5590 3216 5653 nescis,
3246 5590 3416 5645 veniet
3438 5589 3462 5643 ?
3484 5587 3656 5660 ipsum

2079 5678 2358 5730 Dominum
2410 5680 2526 5731 andi
2573 5697 2585 5728 :
2627 5679 2740 5731 Non
2775 5693 2843 5732 est
2873 5692 3087 5734 mitram
3119 5687 3245 5734 scire
3272 5695 3517 5751 tempora,
3550 5697 3659 5751 qui:
