3852 6182
174 323 259 383 δςτ
1585 308 1747 363 8Ε1ὶ3

1865 307 2031 363 XCIII.

179 435 309 489 Pater
334 430 504 503 posuit
525 428 580 481 in
602 443 693 481 sua
722 432 963 496 potestate
989 422 1125 491 (Act.
1155 438 1191 487 ι,
1222 419 1333 491 Π).
1369 418 1487 473 Dies
1508 417 1732 482 Domini,

176 527 236 582 ait
253 520 559 594 Apostolus,
592 529 828 587 tanquam
854 519 941 588 [ur
966 516 1016 568 in
1038 523 1199 580 nocte,
1218 513 1290 566 ita
1316 511 1472 566 veniet
1492 509 1536 582 (ι
1555 508 1733 567 Thess.

177 633 218 680 v,
244 614 316 686 9.).
337 612 477 681 Ergo
508 608 663 679 vigila
693 616 867 672 nocte,
897 622 962 659 ne
990 603 1160 658 furem
1182 602 1416 673 patiaris.
1439 600 1569 655 Nam
1590 614 1736 656 som-

178 720 258 759 nus
284 701 492 765 mortis,
523 698 655 752 velis
680 694 834 760 nolis,
867 696 1061 749 veniet.

231 794 278 850 9.
318 788 640 847 Resnrrectio
663 786 933 857 virginum.
971 782 1150 839 Oleum
1199 784 1252 838 in
1283 784 1432 839 vasis.
1482 781 1587 839 Sed
1616 796 1737 836 cum

178 887 323 938 lactus
372 879 534 936 fuerit
560 880 760 933 clamor
788 875 961 930 media
993 880 1166 930 nocte.
1197 874 1327 941 Quis
1378 874 1479 929 iste
1515 866 1735 938 clamor,

178 977 255 1029 usi
281 973 346 1028 de
373 986 480 1043 quo
508 968 795 1040 Apostolus
816 966 964 1035 dicit,
996 964 1063 1020 In
1083 966 1185 1019 ictu
1210 966 1364 1029 oculi,
1395 966 1446 1018 in
1470 963 1741 1019 novissima

178 1068 273 1121 tuba
293 1066 320 1121 .’
347 1065 505 1120 Canet
525 1062 659 1117 enim
681 1060 835 1127 tuba,
869 1069 913 1113 et
942 1060 1125 1112 mortui
1154 1067 1412 1127 resurgent
1440 1057 1739 1128 incorrupti,

176 1170 213 1213 et
235 1174 320 1211 nos
344 1152 724 1208 immutabimur
753 1149 795 1221 (I
827 1148 944 1206 Cor.
970 1164 1066 1212 xv,
1105 1146 1218 1220 59.).
1246 1147 1483 1217 Denique
1508 1147 1743 1201 clamore

177 1251 295 1304 iacto
329 1246 502 1302 media
530 1253 708 1307 nocte,
751 1259 857 1312 quo
882 1240 1217 1304 clamabitur,
1250 1239 1379 1293 Ecce
1404 1256 1618 1311 sponsus
1656 1256 1741 1294 re-

175 1342 255 1406 uit,
284 1337 409 1409 quid
430 1332 1073 1405 sequiturib‘unexerunt
1103 1347 1291 1385 omnes.
1318 1330 1457 1396 Quid
1481 1340 1584 1394 est,
1612 1329 1744 1384 Sur-

175 1437 394 1484 rexerunt
437 1424 649 1480 omnes?
705 1422 873 1478 Veniet
920 1422 1083 1489 liora,
1117 1421 1249 1476 dixit
1291 1422 1405 1492 ipse
1464 1420 1740 1485 Dominus,

174 1520 360 1593 quando
385 1533 559 1572 omnes
582 1515 670 1586 qui
696 1522 814 1568 sunt
838 1513 890 1567 in
936 1511 1295 1576 monumentis,
1337 1510 1547 1564 audient
1577 1526 1745 1564 vocent

174 1614 286 1683 ejus,
312 1620 359 1665 et
388 1608 657 1680 precedent
687 1604 864 1677 (Joan.
900 1619 950 1671 v,
978 1603 1070 1670 28,
1101 1601 1216 1676 29).
1248 1602 1391 1674 Ergo
1417 1601 1484 1656 ad
1513 1602 1743 1657 novissi-

178 1718 298 1758 mam
323 1701 510 1756 tubam
536 1705 881 1754 surrexerunt
911 1710 1117 1749 omnes.
1140 1693 1424 1747 Prudentes
1440 1702 1616 1748 autem
1643 1693 1746 1748 illae

178 1797 379 1852 tuleram
405 1794 572 1848 oleum
596 1806 760 1846 secum
787 1788 839 1843 in
869 1788 998 1842 uasis
1010 1787 1116 1841 suis
1140 1801 1159 1840 :
1180 1786 1351 1840 stulta:
1375 1802 1487 1840 vero
1514 1784 1619 1840 illa:
1644 1801 1746 1838 non

178 1889 379 1942 tulerunt
427 1882 597 1939 oleum
634 1897 819 1936 secum.
865 1879 1002 1948 Quid
1047 1887 1150 1943 est,
1195 1893 1295 1931 non
1324 1878 1543 1931 tulerunt
1582 1877 1748 1932 oleum

104 2024 109 2030 .
176 1996 322 2035 secum
348 1979 401 2031 in
424 1976 557 2031 vasis
580 1973 724 2028 suis?
744 1969 882 2038 Quid
902 1980 1007 2037 est,
1028 1970 1081 2024 in
1103 1969 1231 2025 vasis
1255 1969 1358 2023 suis
1378 1969 1403 2023 i‘
1423 1969 1476 2023 in
1496 1968 1747 2023 cordibus

180 2070 287 2124 suis.
341 2066 498 2124 Unde
547 2063 678 2120 dicit
726 2061 1034 2132 Apostolus,
1079 2060 1256 2115 Gloria
1293 2069 1464 2115 nostra
1511 2060 1619 2113 Itan:
1653 2070 1744 2125 est,

180 2159 501 2216 mu’mom’um
549 2154 867 2210 conscientiae
912 2163 1100 2208 nostra
1143 2150 1211 2225 (Il
1255 2149 1371 2206 Cor.
1409 2167 1446 2217 ι,
1512 2150 1622 2221 12).
1672 2149 1749 2205 Ibi

178 2249 354 2317 chum,
393 2263 650 2325 magnum
676 2247 853 2302 oleum
886 2262 899 2298 :
926 2243 994 2300 de
1022 2243 1162 2299 dono
1193 2243 1285 2298 Dei
1314 2254 1394 2298 est
1416 2245 1517 2297 hoc
1549 2242 1745 2296 oleum.

178 2342 400 2413 Denique
421 2339 667 2395 homines
684 2338 861 2393 oleum
887 2336 1097 2392 mittere
1126 2335 1266 2391 intro
1291 2344 1533 2407 possunt,
1558 2334 1750 2389 olivam

178 2448 341 2489 creare
372 2447 479 2487 non
507 2438 754 2501 possunt.
788 2429 926 2484 Ecce
965 2427 1135 2484 habeo
1160 2427 1335 2483 oleum
1370 2445 1382 2480 :
1413 2425 1668 2497 numquid
1698 2435 1751 2481 tu

176 2526 351 2581 creasti
367 2525 551 2579 oleum
564 2524 591 2577 ?
607 2523 682 2577 De
701 2522 791 2577 Dei
814 2523 954 2576 dono
969 2530 1069 2576 est.
1092 2520 1267 2576 llabes
1279 2520 1478 2585 oleum,
1494 2531 1643 2589 porta
1673 2528 1751 2575 te-

178 2631 303 2675 stim.
326 2614 469 2684 Quid
494 2622 601 2680 est,
625 2623 775 2684 porta
795 2621 990 2668 tecum.
1014 2610 1161 2666 lntus
1187 2611 1344 2679 habe,
1362 2610 1433 2667 ibi
1449 2611 1595 2681 place
1619 2611 1750 2667 Deo.

236 2705 460 2763 CAPUT
500 2704 637 2759 VIII.
666 2733 739 2745 —-
774 2702 859 2759 I0.
890 2700 1068 2758 Oleum
1107 2712 1312 2773 portare
1351 2717 1543 2757 secum.
1573 2700 1755 2755 Oleum

177 2800 406 2853 alienum.
439 2796 653 2852 Etenim
676 2810 800 2850 ecce
832 2795 946 2849 ista:
974 2793 1209 2863 virgines
1249 2793 1446 2859 stultae,
1486 2808 1604 2863 qua:
1644 2808 1752 2847 non

179 2897 515 2961 portaverant
534 2888 713 2943 oleum
732 2902 934 2952 secum,
953 2885 1272 2941 abstinentia
1293 2900 1387 2940 sua
1404 2901 1504 2956 qua
1522 2885 1756 2956 virgines

177 2982 520 3054 appellantur,
560 2988 617 3035 et
644 2978 797 3034 bonis
835 2976 1086 3047 oneribus
1129 2977 1266 3043 suis,
1312 2977 1523 3047 qUando
1549 2976 1755 3047 lampa-

177 3074 266 3130 des
306 3075 452 3130 ferre
489 3070 790 3139 videntur‘,
840 3069 1147 3126 hominibus
1188 3070 1375 3125 volunt
1419 3070 1650 3141 placere.
1690 3070 1757 3125 Et

176 3170 219 3223 si
267 3167 568 3223 hominibus
628 3165 814 3221 volunt
858 3164 1104 3235 placere,
1157 3170 1211 3219 et
1268 3162 1387 3218 ideo
1433 3168 1611 3217 omnia
1656 3164 1755 3219 ista

181 3258 457 3315 laudabilia
505 3258 728 3322 faciunt,
785 3255 961 3311 oleum
1015 3269 1196 3309 secum
1261 3270 1365 3308 non
1404 3262 1637 3324 portant.
1674 3253 1755 3309 'I‘u

178 3364 306 3419 ergo
347 3360 513 3403 tecum
558 3357 734 3420 porta,
787 3345 930 3400 intus
987 3353 1137 3416 porta
1168 3386 1183 3409 ,
1234 3344 1322 3399 ubi
1373 3344 1520 3399 videt
1568 3344 1748 3398 Deus:

176 3439 244 3496 ibi
284 3449 435 3511 porta
482 3438 842 3497 testimonium
872 3436 1218 3505 conscientiae
1263 3445 1385 3490 tum.
1433 3435 1533 3503 Qui
1578 3445 1755 3490 autem

171 3535 406 3590 amhu'at
451 3534 519 3589 ad
565 3531 923 3588 testimonium
954 3529 1206 3593 alienum,
1248 3529 1422 3583 oleum
1467 3544 1575 3582 non
1631 3543 1756 3598 por-

175 3636 245 3680 tat
298 3642 505 3683 secum.
568 3624 629 3681 Si
687 3620 808 3679 ideo
846 3622 1080 3677 abstines
1129 3620 1198 3676 ab
1268 3619 1483 3687 illicitis,
1532 3627 1586 3676 et
1628 3617 1759 3674 facis

171 3719 300 3775 bona
324 3737 514 3793 opera,
546 3727 606 3774 ut
642 3715 1030 3773 abbominibus
1073 3712 1336 3778 lauderis;
1371 3727 1474 3765 non
1511 3723 1592 3765 est
1616 3710 1759 3765 intus

173 3814 368 3870 oleum.
410 3811 652 3883 Denique
684 3825 806 3866 cum
836 3807 1100 3878 coeperint
1124 3805 1367 3860 homines
1394 3818 1499 3859 non
1521 3802 1756 3869 laudare,

170 3906 423 3961 deﬁciunt
452 3902 746 3973 lampades.
786 3897 1028 3955 Intendat
1078 3898 1254 3967 itaque
1287 3895 1532 3950 Charitas
1562 3903 1754 3949 vestra.

171 4000 471 4070 Antequam
521 3994 822 4050 dormirent
851 3990 957 4045 illa:
995 3989 1249 4059 virgines,
1292 4002 1397 4042 non
1437 3995 1521 4043 est
1557 3986 1757 4042 dictum

166 4091 283 4162 quia
311 4088 796 4159 exstinguebantur
841 4080 1114 4154 lampades
1152 4081 1381 4135 illarum.
1426 4078 1756 4148 Sapientiam

166 4179 445 4252 lampades
478 4176 741 4233 ardebant
765 4173 833 4230 de
868 4174 989 4228 olco
1016 4172 1283 4235 interno’,
1315 4168 1383 4225 de
1418 4169 1759 4225 conscientiae

165 4269 517 4337 securitate',
553 4267 623 4324 de
661 4266 915 4322 interiore
940 4263 1132 4335 gloria,
1172 4262 1239 4317 de
1266 4261 1449 4316 intima
1477 4260 1756 4317 charitate.

163 4363 447 4419 Ardebant
470 4370 652 4415 tamen
689 4367 743 4413 et
762 4356 974 4411 illarum
1005 4351 1486 4420 fatuarum.Quare
1513 4360 1637 4407 tunc
1674 4368 1762 4406 ar-

162 4454 400 4511 debant?
445 4453 585 4522 Quia
617 4466 723 4505 non
750 4448 975 4504 deerant
1013 4446 1196 4501 laudes
1233 4445 1528 4499 hominum.
1569 4443 1761 4500 Postea

159 4560 288 4601 vero
330 4560 505 4617 quam
545 4547 912 4601 surrexerunt,
963 4534 1016 4590 id
1058 4544 1161 4600 est,
1212 4533 1265 4589 in
1313 4534 1702 4590 resurrectione
1731 4550 1760 4589 a

160 4637 420 4703 mortuis,
441 4638 727 4703 eruperunt
756 4637 942 4701 aptare
970 4624 1241 4696 lampades
1267 4640 1413 4692 suas,
1446 4625 1497 4681 id
1524 4635 1607 4681 est
1627 4642 1764 4697 pra:-

158 4743 354 4797 parare
376 4727 497 4780 Deo
513 4737 737 4794 cperam
758 4733 973 4775 suorum
995 4716 1223 4774 reddere
1252 4716 1532 4770 rationem.
1554 4715 1622 4770 Et
1641 4716 1762 4787 quia

158 4828 285 4875 tunc
330 4833 505 4874 nemo
549 4824 633 4870 est
669 4814 758 4884 qui
804 4810 999 4878 laudet,
1030 4809 1203 4866 omnis
1248 4808 1408 4863 homo
1435 4824 1609 4863 causa:
1652 4824 1764 4866 sum

156 4919 336 4976 vacat,
370 4921 542 4963 nemo
566 4915 651 4961 est
671 4914 799 4960 tunc
819 4902 909 4974 qui
936 4918 1041 4959 non
1070 4901 1138 4958 de
1160 4915 1218 4957 se
1236 4900 1433 4971 cogitet
1460 4916 1475 4952 :
1508 4916 1612 4954 non
1636 4915 1763 4972 ergo

154 5013 312 5057 erant
339 5000 450 5073 qui
493 5000 675 5056 oleum
705 5015 750 5049 γε
770 4997 1030 5064 ndercnt;
1061 5002 1338 5066 coeperunt
1366 4992 1598 5049 deﬁcere
1626 4993 1762 5049 lam-

150 5102 351 5170 pades.
412 5108 475 5150 ct
524 5103 907 5152 converterunt
953 5109 1012 5148 se
1053 5093 1210 5147 fatua:
1249 5091 1315 5145 ad
1362 5091 1598 5162 quinque
1638 5107 1762 5161 pru-

150 5198 356 5249 demes
383 5210 400 5244 :
449 5188 578 5244 Date
602 5188 747 5243 nobis
776 5187 839 5240 de
865 5186 976 5241 oleo
1021 5195 1202 5250 uestro,
1229 5186 1349 5255 quia
1379 5183 1641 5253 lampades
1668 5200 1763 5238 no-

148 5298 270 5342 ειηι
324 5282 756 5352 exstinguuntur.
799 5277 910 5332 Iloc
939 5277 1249 5348 quzvrebant
1290 5274 1431 5346 quod
1472 5289 1765 5331 consueve-

210 5445 225 5469 ·
250 5437 436 5487 Verba
466 5433 649 5492 istba‘c,
686 5438 734 5482 et
755 5430 886 5482 bonis
906 5426 1125 5493 operibus
1146 5427 1264 5489 suis,
1296 5426 1488 5494 quando
1518 5425 1766 5491 lampades

146 5504 281 5562 is"?
307 5497 771 5564 άιὲεηωτρθιβῑωι
795 5507 823 5542 ³
844 5500 957 5564 ‘95:.
1106 5559 1116 5564 -
1303 5558 1312 5564 .
1380 5552 1391 5563 .

205 5568 228 5591 '
253 5549 420 5618 miti,
443 5556 510 5607 de
523 5549 622 5607 cleo
633 5549 829 5607 (atauo.
855 5555 1022 5604 uellus
1040 5559 1204 5603 autem
1223 5552 1487 5603 Victorinus
1505 5550 1681 5611 codex,
1704 5549 1767 5603 de

144 5622 666 5745 “iamdiu,
690 5676 753 5745 de
771 5675 1068 5729 constime
1088 5687 1190 5727 me
1212 5678 1421 5727 veritate.
1443 5675 1764 5737 uolbertinus,

144 5754 203 5799 ιε
228 5739 572 5798 τοηςάὲηιὰε
591 5739 828 5793 claritate.

3328 318 3432 372 578

1844 426 1983 483 rant,
2029 416 2079 472 id
2123 427 2224 480 est,
2275 417 2447 472 alieno
2496 419 2616 474 oleo
2660 421 2860 487 lucere,
2909 422 2973 477 ad
3009 423 3208 478 alienas
3245 425 3430 481 laudes

1843 505 2136 563 ambulare.
2168 505 2301 561 Date
2354 508 2493 564 nobis
2537 509 2601 564 de
2642 512 2751 566 oleo
2780 520 2962 580 uestro,
3004 519 3120 585 quia
3168 518 3429 589 lampades

1844 605 2033 651 nostra:
2056 597 2462 667 exstinguuntur.

1918 689 1941 743 ’ί
1958 689 1976 742 Ι
1992 729 2005 743 .
2026 688 2211 744 Fatua:
2244 688 2473 762 Virgines
2497 693 2773 749 irridentur
2793 712 2823 748 a
2844 699 3169 766 sapientibus.
3188 702 3258 755 At
3277 702 3382 757 illae
3412 723 3426 759 :

1849 776 1932 832 Ne
1958 778 2108 847 forte,
2133 779 2392 849 inquiunt,
2422 798 2521 835 non
2560 784 2778 854 suﬂiciat
2812 787 2952 841 nobis
2977 799 3022 842 ct
3052 791 3207 856 vobis,
3240 794 3307 847 ite
3334 811 3427 863 po-

1847 868 1945 922 tius
1992 868 2059 922 ad
2096 873 2379 937 uendentes,
2409 882 2455 926 et
2484 874 2632 927 emite
2677 874 2831 930 tabis.
2866 877 2979 932 Non
3010 883 3427 951 consulentium,

1846 960 1940 1014 sed
1966 960 2296 1015 irridentium
2324 973 2403 1018 est
2427 964 2523 1019 ista
2538 967 2833 1035 responsio.
2857 968 3032 1037 Quare
3056 972 3427 1030 irridentium?

1847 1050 1977 1118 Quia
1998 1052 2266 1121 sapientes
2284 1063 2457 1118 erant,
2482 1057 2603 1125 quia
2626 1058 2884 1127 sapientia
2912 1071 3029 1116 erat
3067 1063 3119 1118 ia
3152 1066 3278 1120 illis.
3301 1066 3426 1123 Non

1847 1141 1988 1195 enim
2016 1143 2287 1211 sapientes
2313 1144 2380 1200 de
2405 1160 2503 1199 suo
2527 1158 2678 1201 erant
2712 1166 2725 1202 :
2755 1151 2847 1204 sed
2873 1151 2962 1206 illa
2990 1154 3043 1206 in
3071 1154 3174 1208 illis
3202 1166 3318 1211 erat
3345 1173 3431 1211 sa-

1851 1233 2068 1303 pientia,
2094 1235 2163 1290 de
2183 1252 2285 1306 qua
2308 1238 2565 1307 scriptum
2590 1249 2671 1296 est
2692 1241 2745 1296 in
2773 1242 3002 1312 quodam
3020 1246 3177 1309 libro,
3206 1264 3327 1318 quae
3348 1249 3430 1305 di—

1847 1326 1920 1378 cit
1947 1327 2406 1397 eontempturibns
2434 1329 2567 1395 suis,
2598 1346 2720 1384 cum
2750 1335 2989 1388 venerint
3012 1336 3078 1390 ad
3117 1339 3285 1404 mala,
3313 1355 3432 1408 qua:

1850 1414 1955 1469 illis
1982 1417 2183 1471 minata
2209 1426 2292 1473 est
2331 1437 2345 1473 :
2378 1417 2445 1472 Et
2471 1436 2562 1492 ego
2590 1431 2763 1476 vestra:
2792 1424 3059 1493 perditioni
3098 1429 3424 1499 superridebo

1856 1504 2034 1577 (Prov.
2066 1524 2101 1570 ι,
2128 1508 2241 1580 26).
2274 1509 2409 1578 Quid
2454 1514 2646 1567 mirum
2687 1525 2790 1583 est,
2840 1518 2965 1587 quia
3008 1520 3277 1590 sapientes
3314 1525 3433 1577 irri-

1849 1597 1975 1652 dent
2006 1600 2213 1653 latuas?
2236 1601 2370 1668 Quid
2395 1612 2477 1657 est
2502 1605 2762 1662 irridere?

1921 1688 2143 1746 CAPUT
2164 1690 2328 1747 IX.—
2354 1692 2438 1747 19..
2468 1692 2649 1749 Oleum
2678 1708 2894 1755 ementes
2908 1710 2956 1754 et
2969 1704 3330 1759 uendentes.—-
3349 1706 3431 1763 Ite

1849 1779 1917 1833 ad
1944 1781 2228 1851 uendentes,
2266 1793 2312 1838 et
2346 1785 2495 1839 emite
2524 1788 2658 1842 vobis
2688 1804 2706 1842 :
2731 1806 2850 1859 qua:
2882 1808 2986 1846 non
3018 1797 3271 1857 solebatis
3300 1800 3435 1858 bene

1857 1871 2057 1938 vivere,
2098 1873 2200 1928 nisi
2250 1876 2370 1944 quia
2405 1892 2501 1931 vos
2541 1879 2784 1938 homines
2830 1884 3136 1949 laudabant,
3163 1891 3252 1959 qui
3284 1894 3434 1948 vobis

1850 1963 2024 2019 oleum
2053 1967 2368 2024 vendebant.
2390 1970 2528 2037 Quid
2543 1981 2645 2038 est,
2671 1973 2848 2029 oleum
2866 1978 3206 2034 vendebant?
3226 1982 3435 2039 Laudes

1854 2057 2169 2112 vendebant.
2230 2059 2330 2126 Qui
2386 2063 2623 2117 vendunt
2668 2065 2879 2132 laudes,
2932 2069 3032 2123 nisi
3085 2050 3437 2130 adulatores?

1852 2145 2060 2215 Quanto
2107 2149 2275 2219 magis
2324 2166 2428 2205 non
2489 2152 2898 2223 acquiesceretis
2942 2160 3340 2231 adulatoribus,
3384 2178 3439 2220 et

1854 2238 1997 2292 intus
2033 2240 2208 2294 oleum
2242 2242 2544 2310 portaretis,
2571 2253 2626 2298 et
2662 2255 2884 2316 propter
2928 2248 3123 2305 bonam
3160 2255 3437 2309 ουυεοίυιι-

1856 2329 1982 2384 tiam
2003 2331 2178 2385 omnia
2198 2332 2331 2386 bona
2349 2348 2507 2403 opera
2528 2336 2773 2392 faceretis
2792 2356 2804 2393 :
2827 2348 2950 2395 tunc
2966 2340 3235 2407 diceretis,
3253 2344 3410 2400 Emen
3424 2378 3440 2389 -

1856 2420 1992 2473 dabit
2019 2437 2097 2474 me
2116 2422 2287 2490 justus
2304 2423 2355 2477 in
2379 2426 2744 2493 misericordia,
2765 2438 2809 2482 et
2837 2442 3012 2502 arguet
3027 2450 3141 2498 me;
3160 2437 3326 2491 oleant
3345 2455 3437 2493 au-

1856 2520 1952 2566 tem
1970 2515 2241 2581 peccatoris
2258 2532 2356 2570 non
2374 2517 2704 2590 impinguabit
2736 2533 2887 2591 caput
2926 2540 3087 2579 meum
3111 2527 3280 2601 (Psal.
3309 2545 3436 2596 CXL,

1859 2600 1937 2674 5).
1979 2603 2184 2672 Melius,
2216 2607 2403 2677 inquit,
2430 2611 2678 2667 emendet
2705 2628 2791 2668 me
2810 2614 3010 2683 justus,
3039 2600 3225 2688 arguat
3247 2638 3335 2679 me
3354 2624 3442 2693 ju-

1859 2703 1991 2761 stus,
2026 2696 2319 2767 colaphizet
2346 2716 2430 2755 me
2455 2701 2650 2771 justus,
2677 2702 2908 2777 corrigat
2941 2724 3027 2764 me
3050 2712 3246 2780 justus,
3280 2731 3439 2785 quam

1860 2785 2156 2858 impinguet
2192 2801 2351 2860 caput
2393 2808 2568 2847 meum
2608 2796 2781 2851 oleum
2816 2802 3131 2867 peccatoris.
3173 2805 3313 2872 Quid
3360 2816 3444 2862 est

1858 2875 2035 2931 oleum
2066 2885 2380 2948 peccatoris,
2410 2884 2508 2937 nisi
2541 2884 2903 2942 blandimenta
2933 2889 3266 2949 adulatorisl'

1934 2970 2018 3025 15.
2061 2969 2393 3033 Prudentium
2444 2977 2692 3047 uirginum
2734 2980 3013 3036 humilitas.
3056 2983 3138 3039 Ite
3191 3002 3319 3058 ergo
3364 2991 3435 3042 ad

1860 3061 2162 3130 uendentes;
2191 3064 2292 3120 hoc
2345 3064 2522 3123 facere
2564 3072 2923 3127 consuestis’.
2976 3073 3087 3130 Nos
3124 3087 3300 3134 autem
3331 3096 3440 3138 non

1862 3154 2012 3210 vobis
2057 3156 2262 3212 damus.
2305 3157 2515 3225 Quare?
2545 3160 2629 3216 Ne
2669 3163 2798 3232 forte
2832 3179 2934 3219 non
2975 3168 3190 3238 sufﬁciat
3220 3171 3362 3226 nobis
3395 3181 3445 3226 et

1860 3249 2015 3313 vobis,
2036 3249 2173 3318 Quid
2195 3260 2277 3308 est
2294 3293 2310 3319 ,
2334 3269 2434 3307 non
2448 3254 2696 3325 snﬁiciat?
2717 3256 2829 3311 Non
2847 3258 3219 3327 desperatione
3244 3264 3442 3320 dictum

1860 3349 1963 3406 est,
1985 3342 2079 3397 sed
2103 3343 2282 3397 sobria
2305 3353 2359 3399 et
2381 3345 2463 3414 pia
2492 3344 2807 3403 humilitate.
2828 3349 3081 3414 Quamvis
3101 3354 3243 3407 enim
3270 3353 3441 3407 bonus

1863 3429 2272 3485 babeatbonam
2313 3435 2728 3501 conscientiam;
2772 3438 2911 3493 unde
2956 3440 3056 3493 scit
3095 3443 3442 3510 quemadmo-

1860 3521 1987 3577 dum
2009 3523 2213 3593 jlldlCi'l
2236 3526 2323 3580 ille
2343 3528 2465 3596 quia
2489 3542 2518 3580 a
2546 3529 2760 3584 nemine
2786 3529 3022 3585 fallitur?
3042 3532 3211 3588 Habet
3242 3533 3435 3590 bonam

1861 3616 2238 3670 conscientiam
2258 3618 2301 3680 ’,
2342 3618 2643 3681 non_illum
2677 3621 2891 3676 titillaut
2918 3623 3141 3677 crimina
3174 3626 3225 3679 in
3272 3626 3435 3681 corde

1860 3714 2154 3775 concepta;
2202 3705 2298 3761 sed
2330 3719 2547 3778 propter
2575 3711 2880 3779 quotidiana
2906 3714 3149 3783 qumdam
3190 3716 3313 3771 vine
3339 3721 3439 3772 bu-

1865 3811 2035 3852 manre
2066 3808 2301 3867 peccata,
2329 3799 2453 3855 licet
2482 3801 2616 3855 bona
2641 3804 2967 3859 conscientia
2988 3807 3078 3869 sit,
3112 3816 3285 3862 tamen
3314 3808 3443 3864 diezt

1867 3890 1996 3958 Deo,
2028 3889 2239 3946 Dimitte
2264 3893 2406 3947 nobis
2436 3893 2599 3947 debita
2628 3904 2798 3950 nostra
2828 3913 2846 3950 :
2874 3899 2996 3968 quia
3027 3900 3148 3954 fecit
3176 3903 3318 3971 quod
3354 3917 3444 3957 sa:-

1863 3982 2082 4053 quitur,
2130 3983 2274 4040 Sicut
2318 3994 2369 4039 et
2416 4001 2507 4040 nos
2560 3985 2858 4041 dimittimus
2916 3989 3221 4044 debitoribus
3266 3996 3447 4048 nostris

1865 4074 2074 4144 (Matth.
2101 4090 2175 4141 vl,
2206 4076 2318 4148 12).
2352 4076 2528 4147 Fregit
2556 4093 2743 4148 panem
2771 4081 3023 4136 esurienti
3052 4099 3115 4138 ex
3147 4086 3332 4154 corde,
3356 4103 3450 4143 ve.

1864 4166 2009 4221 stivit
2037 4167 2232 4221 nudum
2258 4183 2322 4223 ex
2350 4168 2515 4223 corde
2546 4168 2654 4249 :_de
2679 4171 2804 4226 oleo
2842 4171 3102 4230 interiore
3129 4174 3252 4231 fecit
3282 4195 3444 4249 opera

1864 4257 2024 4323 bona,
2052 4269 2109 4315 et
2131 4268 2305 4315 tamen
2333 4261 2386 4315 in
2410 4260 2501 4316 illo
2520 4245 2723 4332 judicio
2749 4265 2977 4335 trepidat
3002 4267 3114 4337 ipsa
3153 4269 3290 4323 bona
3317 4245 3449 4326 con-

1865 4351 2105 4406 scientia.

1940 4443 2027 4498 14.
2074 4442 2397 4499 Pulsantibus
2423 4446 2609 4501 ostium
2638 4464 2729 4501 cur
2758 4464 2858 4502 non
2885 4450 3131 4520 aperitur.
3165 4451 3295 4509 Vide
3324 4456 3449 4526 quid

1867 4541 1970 4599 est,
2013 4531 2144 4588 Date
2180 4534 2324 4589 nobis
2373 4535 2557 4590 oleum.
2584 4536 2903 4604 Audierant,
2935 4538 2963 4592 Ι
2971 4551 3018 4594 te
3044 4542 3212 4612 potius
3235 4544 3305 4597 ad
3330 4561 3451 4598 ren-

1868 4622 2057 4678 dentes.
2091 4623 2224 4692 Quia
2264 4625 2510 4682 laudibus
2540 4626 2789 4683 humanis
2831 4630 2969 4685 bene
2995 4631 3179 4689 vivere
3223 4650 3453 4691 consue-

1868 4712 1985 4780 stis,
2019 4714 2287 4771 vobiscum
2333 4716 2513 4773 oleum
2544 4733 2647 4772 non
2698 4721 2921 4788 portatis
2954 4739 2967 4775 :
3010 4738 3119 4777 non
3148 4735 3326 4780 autem
3356 4743 3453 4779 nos

1869 4804 2056 4859 damus
2083 4821 2098 4871 ;
2129 4822 2191 4861 ne
2227 4810 2358 4876 forte
2380 4824 2481 4862 non
2509 4809 2725 4879 suﬂiciat
2750 4812 2893 4866 nobis
2916 4822 2965 4866 et
2994 4815 3147 4868 vobis.
3184 4814 3277 4869 \‘ix
3309 4817 3450 4870 enim

1868 4897 1937 4954 de
1966 4899 2119 4954 nobis
2141 4899 2462 4968 judicamus,
2485 4911 2684 4970 quanto
2707 4904 2880 4957 minus
2908 4918 3192 4974 possumus
3211 4907 3453 4976 judicare

1869 4991 1937 5048 de
1964 4992 2148 5047 vobis?
2175 4991 2312 5059 Quid
2360 5000 2462 5054 est,
2512 4993 2608 5048 Vix
2645 4995 2715 5049 de
2759 4997 2916 5051 nobis
2941 4998 3280 5067 iudicamus?
3318 5002 3451 5069 Quia

1872 5099 1995 5138 cum
2018 5098 2111 5138 rex
2137 5083 2315 5152 justus
2343 5084 2545 5139 sederit
2566 5087 2617 5140 in
2649 5087 2865 5151 throno,
2892 5090 3014 5159 quis
3033 5092 3344 5159 gloriabitur
3363 5111 3453 5148 ca-

1869 5185 2009 5233 stum
2062 5190 2122 5231 se
2152 5175 2348 5232 habere
2387 5191 2483 5234 eor
2520 5176 2698 5249 (Prov.
2731 5195 2831 5246 xx,
2859 5181 2913 5246 8,
2943 5180 3038 5254 9)?
3077 5181 3236 5238 Forte
3262 5193 3315 5239 tu
3346 5200 3453 5241 non

1871 5269 2079 5323 invenis
2107 5269 2307 5340 aliquid
2333 5268 2384 5323 in
2412 5270 2739 5325 conscientia
2766 5281 2857 5327 tua
2884 5289 2898 5339 ;
2921 5282 2977 5329 et
3014 5275 3214 5329 invenit
3240 5275 3330 5330 ille
3363 5278 3452 5348 qui

1870 5363 2059 5419 melius
2076 5362 2240 5428 videt,
2260 5362 2416 5434 majus
2432 5364 2576 5420 acies
2592 5365 2768 5420 divina
2789 5376 3032 5435 penetrat
3055 5368 3242 5423 altiora
3274 5387 3286 5423 :
3314 5370 3456 5426 videt

1872 5457 2007 5511 forte
2034 5455 2256 5526 aliquid,
2290 5458 2501 5513 invenit
2526 5456 2667 5514 forte
2680 5459 2897 5529 aliquid.
2916 5459 3126 5528 Quanto
3171 5461 3358 5520 melius
3379 5462 3454 5519 illi

1936 5616 1952 5646 ⁸
1976 5619 2024 5662 tn
2046 5612 2321 5664 Colbertiuo
2344 5612 2486 5673 libro,
2504 5612 2593 5664 hoc
2614 5620 2703 5675 est,
2726 5615 2889 5675 facere
2909 5617 3185 5671 causaestis.

1936 5677 2108 5747 '.Mss.,_
2148 5675 2233 5740 qui
2276 5676 2513 5726 neminem
2566 5675 2690 5739 fallit
2710 5675 2737 5728 γ
2779 5680 2928 5732 Habet
2977 5680 3330 5747 conscientiam,
3357 5690 3457 5734 etc.

1875 5738 2071 5800 omisso,
2094 5738 2278 5787 bertam.
