3852 6182
378 420 480 473 S79

377 536 531 594 dicis.
566 530 646 585 Ne
668 530 821 581 intm
843 526 894 576 in
915 520 1167 590 judicium
1187 532 1299 569 cum
1320 529 1458 568 servo
1479 520 1562 564 tuo
1585 504 1755 572 (Psal.
1784 517 1951 565 cum,

378 629 437 695 ἢ)
452 628 477 678 ‘l
506 624 675 678 Etiam
692 628 890 689 quanto
906 615 1092 670 melius
1117 610 1268 673 dicis,
1296 606 1501 660 Dinutte
1517 602 1657 656 nobis
1674 600 1837 652 debita
1865 611 1957 649 no-

378 688 479 769 stra
491 716 516 767 ?
533 712 663 780 Quia
680 688 732 764 et
755 707 948 763 dicitur
970 705 1059 760 tibi
1082 698 1429 773 pr0pterillas
1445 693 1635 757 taces‘,
1665 698 1877 761 prepter
1896 688 1957 741 il-

381 810 459 862 las
485 805 757 876 lampades
786 821 799 855 :
832 800 1075 863 Esurivi,
1124 805 1178 850 et
1229 792 1420 849 dedisti
1466 789 1594 844 mihi
1638 784 1957 841 manducare

379 900 595 971 (Matth.
640 914 771 964 x.\v,
799 897 912 967 ὃὸ).
939 891 1076 960 Quid
1106 887 1268 959 ergo!
1291 895 1345 941 et
1376 885 1480 939 illa:
1507 896 1615 936 non
1642 877 1772 934 illud
1820 875 1960 930 fece-

380 964 537 1050 runt?
558 991 671 1045 Non
692 964 928 1044 fecerunt
943 993 1064 1039 ante
1084 984 1255 1037 illum.
1276 977 1381 1034 Sed
1397 972 1666 1046 quomodo
1686 964 1960 1025 fecerunt?

381 1083 660 1151 Quomodo
686 1078 931 1150 prohibet
960 1075 1236 1137 Dominus,
1267 1070 1356 1140 qui
1400 1066 1552 1130 dixit,
1583 1063 1760 1117 Cavete
1797 1060 1962 1127 facere

373 1176 624 1249 justitiam
656 1181 869 1226 vestram
896 1157 1067 1222 coram
1095 1162 1398 1226 hominibus,
1418 1169 1470 1212 ut
1487 1153 1753 1211 videamini
1768 1151 1829 1204 ab
1846 1149 1916 1203 eis
1943 1164 1961 1202 :

390 1266 617 1336 alioquin
643 1279 743 1316 non
771 1259 1014 1314 habebitis
1038 1254 1312 1310 mercedem
1340 1248 1477 1320 apud
1518 1246 1722 1300 Patrem
1746 1250 1961 1295 vestrum

374 1359 465 1423 qui
486 1328 537 1410 in
566 1355 703 1408 ca'lis
730 1360 825 1406 est.
850 1349 916 1403 Et
937 1348 1090 1403 nolite
1112 1344 1301 1399 similes
1318 1356 1425 1395 esse
1446 1334 1737 1409 ltypocritia,
1761 1328 1963 1402 quando

381 1447 557 1503 oratis.
609 1446 791 1498 Amant
843 1441 974 1495 enim
1013 1447 1146 1492 stare
1190 1436 1241 1488 in
1273 1431 1452 1503 plateis
1497 1436 1542 1482 et
1590 1439 1755 1487 orare,
1804 1431 1857 1474 ut
1892 1419 1965 1472 vi-

383 1542 596 1594 deantur
639 1534 701 1589 ab
735 1532 1037 1588 hominibus.
1088 1527 1246 1581 Amen
1273 1525 1387 1577 dico
1432 1518 1591 1582 vobis,
1640 1521 1965 1587 perceperunt

385 1630 660 1687 mercedem
704 1642 850 1681 suam
889 1622 1100 1695 (Matth.
1147 1635 1221 1683 vt,
1254 1618 1305 1683 1,
1336 1615 1414 1686 5).
1456 1614 1715 1668 Emerunt
1764 1607 1962 1669 oleum,

387 1724 612 1793 pretium
643 1718 905 1774 dederunt
953 1734 965 1769 :
997 1718 1265 1775 emerunt,
1309 1723 1412 1761 non
1440 1712 1563 1760 sunt
1599 1699 1825 1756 fraudati
1855 1697 1967 1749 lau-

389 1813 545 1867 dibus
572 1809 846 1871 humanis;
876 1804 1203 1876 quaesierunt
1240 1798 1421 1854 laudes
1452 1796 1730 1853 humanas,
1767 1788 1968 1843 habue-

391 1910 533 1955 runt.
564 1900 683 1953 Istae
710 1895 897 1952 laudes
925 1893 1175 1948 humana:
1204 1891 1257 1943 in
1280 1888 1367 1943 die
1397 1884 1580 1957 judicii
1607 1896 1711 1935 non
1742 1894 1836 1933 eos
1874 1875 1969 1929 ad-

387 1991 592 2062 juvant.
625 1988 734 2043 illa:
759 1997 936 2040 autem
966 1980 1235 2053 quomodo
1260 1977 1543 2033 fecerunt“!
1572 1972 1792 2026 Luceattt
1817 1982 1970 2037 apem

391 2092 554 2138 vestra
585 2094 757 2135 coram
783 2075 1089 2137 hominibus,
1135 2082 1189 2126 ut
1214 2070 1414 2125 rideant
1454 2068 1583 2120 bona
1615 2067 1747 2135 facta
1786 2069 1966 2124 uestra,

393 2152 740 2246 «gloriﬁcent
780 2168 987 2222 Patrem
1038 2176 1254 2220 vestrum
1296 2163 1383 2233 qui
1420 2162 1473 2213 in
1517 2158 1654 2212 ctelis
1678 2164 1749 2209 est
1776 2151 1885 2226 (Id.
1911 2166 1967 2217 v,

394 2244 504 2338 lli).
556 2263 671 2319 Non
711 2262 804 2327 ait,
835 2259 960 2314 Vos.
1004 2255 1119 2312 Non
1163 2256 1304 2309 enim
1333 2252 1402 2306 de
1446 2261 1538 2303 tuo
1563 2246 1731 2301 habes
1772 2244 1969 2299 oleum.

390 2335 540 2414 laeta
567 2364 638 2420 te,
671 2362 724 2408 et
753 2352 858 2415 dic,
882 2349 1067 2405 Habeo
1095 2365 1108 2401 :
1134 2347 1229 2401 sed
1258 2345 1323 2399 ab
1351 2358 1436 2399 eo.
1461 2340 1598 2409 Quid
1622 2338 1763 2392 enim
1788 2335 1970 2399 habes,

396 2448 537 2519 quod
559 2463 663 2501 non
692 2443 943 2512 accepisti
977 2439 1019 2511 (l
1047 2437 1165 2493 Cor.
1200 2453 1275 2502 tv,
1304 2434 1394 2505 7)?
1419 2434 1557 2502 Ergo
1596 2430 1699 2484 ilice
1724 2429 1800 2482 sic
1831 2426 1973 2481 fece-

398 2547 540 2601 rtmt,
571 2537 673 2591 illa:
699 2536 794 2589 sic.

470 2628 557 2683 15.
609 2625 756 2681 Idem
800 2631 1043 2676 tractatur
1100 2626 1465 2689 argumentum.
1512 2612 1628 2667 Non
1672 2619 1754 2666 est
1800 2615 1976 2662 autem

400 2718 730 2783 mirandum,
755 2731 871 2769 cum
907 2721 1023 2767 eant
1063 2726 1224 2765 eluere
1246 2751 1259 2773 ,
1291 2723 1411 2762 cum
1438 2714 1681 2776 quaerunt
1717 2718 1746 2756 a
1788 2699 1979 2771 quibus

402 2810 680 2866 laudentur
698 2849 713 2873 ,
742 2816 796 2862 et
838 2820 945 2860 non
974 2803 1277 2866 inveniunt;
1310 2816 1430 2855 cum
1463 2805 1705 2869 qumrunt
1732 2810 1764 2848 a
1789 2794 1980 2864 quibus

399 2901 772 2961 consolentur,
822 2907 875 2952 et
918 2911 1022 2950 non
1068 2892 1371 2954 inveniunt;
1421 2898 1602 2958 aperta
1647 2894 1729 2940 est
1776 2884 1977 2955 janua,

401 2993 530 3047 venit
554 3006 771 3061 sponsus
813 2999 868 3042 ct
894 3000 1087 3057 sponsa
1110 3026 1124 3052 ,
1149 2995 1274 3038 tunc
1318 2982 1602 3052 glorilicata
1627 2991 1746 3030 cum
1773 2974 1983 3029 Christo

404 3082 639 3138 Ecclesia
665 3122 678 3143 ,
706 3089 767 3134 ut
803 3076 1006 3148 singula
1057 3073 1292 3128 membra
1319 3070 1384 3125 ad
1418 3077 1581 3123 totum
1608 3081 1667 3123 se
1710 3065 1981 3135 colligant.

405 3171 471 3227 Et
486 3173 795 3226 intraverunt
814 3183 929 3221 cum
948 3181 1006 3219 eo
1034 3163 1099 3216 ad
1124 3162 1354 3233 nuptias,
1372 3168 1419 3213 et
1446 3160 1674 3211 clausum
1689 3164 1761 3208 est
1778 3154 1981 3207 ostium.

407 3263 476 3319 Et.
513 3262 616 3317 illa:
653 3261 809 3315 fatua:
847 3264 1028 3327 postea
1065 3260 1321 3307 venerunt
1352 3267 1365 3301 :
1393 3249 1488 3303 sed
1530 3245 1783 3315 numquid
1808 3245 1984 3299 oleum

405 3362 680 3418 emerunt,
726 3360 817 3404 aut
863 3366 893 3404 a
932 3348 1123 3418 quibus
1171 3353 1412 3399 emerent
1461 3338 1810 3394 invenerunt?
1861 3336 1986 3392 ideo

401 3449 593 3518 jauuas
639 3446 847 3499 clausas
881 3441 1195 3494 invenerunt
1236 3453 1249 3487 :
1292 3434 1501 3503 pulsare
1538 3438 1841 3499 coeperunt,
1891 3428 1986 3482 sed

404 3554 549 3595 sero.

476 3629 700 3687 CAPUT
727 3628 794 3683 Χ.
819 3656 888 3669 --
913 3624 998 3681 l6.
1021 3621 1284 3688 Quomodo
1307 3617 1572 3690 prudentes
1597 3616 1814 3686 quinque
1831 3613 1987 3683 virgi-

409 3740 495 3777 nes
523 3720 798 3775 imitattdat.
832 3718 1040 3772 Dictum
1067 3721 1181 3778 est,
1229 3724 1412 3765 verum
1444 3716 1558 3771 est,
1588 3721 1694 3761 non
1736 3705 1989 3759 fallaciter

411 3816 610 3869 dictant
636 3820 753 3876 est,
788 3809 994 3862 Pulsate
1026 3814 1072 3860 et
1099 3803 1348 3873 aperietur
1370 3798 1505 3853 vobis
1531 3797 1745 3867 (Matth.
1767 3812 1862 3862 vn,
1893 3791 1983 3866 7):

410 3908 504 3962 sed
561 3904 720 3960 modo
766 3899 977 3972 quando
1027 3907 1241 3964 tetupus
1284 3903 1369 3948 est
1412 3890 1789 3947 misericordia:
1813 3930 1827 3952 ,
1884 3901 1988 3941 non

412 3998 622 4068 quando
661 4007 873 4065 tempus
916 4002 1002 4046 est
1042 3989 1244 4060 judicii.
1285 3985 1400 4040 Non
1430 3985 1571 4039 enim
1612 3989 1832 4052 possunt
1857 3992 1988 4033 con-

415 4093 561 4148 fitttdi
599 4092 700 4147 ista
730 4098 966 4157 tempora
987 4126 1001 4149 ,
1043 4098 1162 4139 cum
1206 4076 1622 4135 misericordiam
1650 4083 1704 4128 et
1735 4072 1989 4144 judicium

416 4188 639 4243 Domino
664 4198 761 4239 suo
789 4189 967 4237 cantet
1006 4176 1238 4232 Ecclesia
1271 4171 1442 4245 (Psal.
1469 4185 1521 4235 c,
1553 4170 1627 4240 l).
1657 4166 1887 4234 Tempus
1911 4171 1994 4217 est

417 4275 833 4338 misericordiae;
865 4286 961 4341 age
1006 4265 1394 4338 paenitentiam.
1422 4261 1685 4328 Tempore
1726 4255 1906 4326 judicii
1933 4254 1994 4309 il-

421 4372 524 4424 lam
548 4367 711 4421 habes
730 4362 923 4433 agere?
952 4360 1069 4414 Eris
1094 4359 1145 4411 in
1173 4355 1462 4425 virginibus
1488 4353 1593 4406 illis
1613 4392 1627 4418 ,
1659 4358 1841 4404 contra
1863 4360 1994 4417 quas

418 4461 655 4514 clausum
693 4464 776 4511 est
803 4453 1016 4507 ostium.
1064 4447 1312 4513 Domine,
1356 4444 1598 4510 Domine,
1645 4443 1786 4512 aperi
1832 4439 1992 4494 nobis.

421 4546 685 4616 Numquid
745 4559 849 4598 non
915 4539 1281 4611 pwnitentiam
1328 4541 1587 4605 egerunt,
1639 4533 1759 4601 quia
1815 4544 1993 4585 secum

420 4642 595 4694 oleum
641 4649 747 4689 non
797 4627 1173 4703 portaverant?
1225 4626 1291 4681 Et
1337 4622 1462 4694 quid
1491 4622 1593 4676 illis
1635 4619 1833 4691 prol‘uit
1877 4634 1995 4672 sera

424 4727 729 4805 pteuitentia
760 4767 776 4794 ,
824 4721 1035 4794 quando
1089 4734 1181 4777 cas
1230 4716 1482 4772 irridebat
1527 4728 1651 4768 vera
1700 4710 1998 4782 sapientia?

420 4822 662 4879 Clausum
701 4826 774 4873 est
818 4830 945 4886 ergo
990 4812 1189 4868 ostium.
1225 4810 1288 4864 Et
1332 4806 1459 4879 quid
1497 4807 1600 4861 illis
1647 4804 1842 4860 dictum
1881 4804 1999 4858 est?

429 4915 549 4971 Non
569 4912 682 4968 noni
702 4927 806 4966 vos.
839 4907 954 4963 Non
981 4905 1098 4961 illas
1127 4902 1302 4967 novit,
1331 4900 1419 4971 qui
1450 4899 1624 4953 omnia
1654 4896 1840 4952 novit?
1862 4894 1999 4964 Quid

423 5021 551 5077 ergo
590 5011 674 5060 est
694 5043 712 5070 ,
742 4999 864 5055 Non
891 4997 1003 5052 noni
1028 4993 1154 5050 nos?
1190 4990 1433 5062 Improbe
1458 5004 1552 5044 vos
1575 5029 1590 5055 ,
1628 4986 1857 5057 reprobo
1883 5001 1998 5039 vos.

426 5103 483 5158 ln
509 5108 622 5154 arte
660 5110 779 5151 mea
808 5108 913 5147 non
941 5104 1038 5145 vos
1062 5100 1324 5159 agnosco;
1352 5099 1440 5137 ars
1477 5096 1593 5136 mea
1624 5079 1792 5134 nescit
1828 5077 1950 5132 vitia
1984 5094 1999 5132 :

428 5194 529 5246 hoc
559 5196 643 5245 est
676 5194 853 5243 autem
879 5194 1149 5252 maguum,
1177 5185 1234 5232 et
1260 5174 1428 5230 nescit
1452 5172 1595 5236 vitia.
1623 5179 1680 5226 et
1699 5168 1896 5241 iudicat
1923 5168 2003 5221 vi-

428 5281 499 5336 tia
519 5281 562 5334 '.
592 5272 772 5334 Nescit
800 5271 1059 5337 faciendo,
1090 5267 1295 5339 judieat
1317 5263 1607 5334 arguendo.
1635 5260 1725 5317 Sic
1748 5273 1877 5329 ergo
1904 5273 2004 5311 non

429 5374 541 5428 noni
568 5385 674 5426 vos.

501 5465 587 5520 17.
611 5461 637 5516 1
644 5461 757 5516 dent
777 5464 1021 5512 tractatur
1065 5457 1433 5523 argumentum.
1455 5445 1652 5508 lerunt.
1678 5444 2006 5499 intraverunt

429 5556 661 5627 quinque
690 5548 995 5624 prudentes.
1018 5544 1188 5612 Quam
1213 5539 1362 5596 multi
1393 5538 1554 5603 estis,
1581 5535 1768 5590 fratres
1790 5534 1922 5598 mei,
1953 5535 2004 5588 in

497 5710 513 5741 ι
541 5709 767 5769 uerique
788 5707 1132 5769 amarante
1155 5697 1461 5769 auarum.

495 5769 517 5799 ³
543 5753 1177 5820 mutummutum"
1200 5767 1245 5810 et
1265 5753 1447 5809 indicat
1469 5756 1582 5807 ritia
1594 5769 1613 5818 ;
1636 5754 1723 5804 sed
1746 5765 1855 5803 mox
1881 5753 2010 5803 idem

434 5826 589 5877 codex
613 5821 984 5883 lnbet,1udicat
1009 5821 1268 5881 arguendo.

1608 398 1665 450 S.
1708 386 2072 448 AUGUSTINI
2112 382 2411 439 liPiSCOl’l

3530 366 3639 423 880

2062 497 2274 552 nomine
2294 495 2525 559 Christi;
2555 494 2656 548 sint
2682 494 2730 545 in
2760 490 2907 544 vobis
2932 488 3164 559 quinque
3193 483 3477 556 prudentes
3496 524 3511 547 ,
3540 483 3638 536 sed

2063 589 2227 643 nolite
2255 587 2485 658 quinque
2531 584 2788 638 homines.
2819 580 2937 636 Sint.
2977 580 3030 633 in
3058 577 3207 631 vobis
3248 578 3482 645 quinque
3508 589 3639 643 pru-

2061 679 2281 743 dentes,
2327 677 2393 731 ad
2432 678 2581 729 istam
2610 674 2939 745 prudentiam
2963 669 3187 740 quinarii
3218 667 3422 722 numeri
3471 665 3644 736 peni-

2065 779 2270 822 nentes.
2304 768 2487 822 Veniet
2515 765 2654 820 enim
2687 764 2849 826 hora,
2879 770 2934 817 et
2969 760 3179 831 quando
3214 759 3516 823 nescimus,
3550 774 3649 810 ve-

2060 862 2192 915 niet.
2224 860 2391 916 Media
2423 868 2576 914 nocte
2596 859 2790 924 veniet,
2815 855 3043 926 vigilate.
3072 853 3163 908 Sic
3180 852 3372 907 clausit
3398 851 3649 922 Evange-

2067 954 2190 1007 littm
2225 972 2237 1007 :
2281 951 2524 1023 Vigilate,
2555 951 2672 1022 quia
2714 948 2911 1002 nescitis
2961 948 3091 1000 diem
3139 961 3298 1013 neque
3343 945 3544 998 horam.
3591 945 3651 998 Si

2063 1061 2193 1115 ergo
2227 1044 2508 1099 durntituri
2548 1056 2760 1104 sumus,
2808 1038 3073 1110 quomodo
3113 1037 3427 1107 vigilamus?
3468 1034 3655 1090 Corde

2066 1137 2217 1206 vigila
2234 1178 2248 1199 ,
2276 1135 2378 1190 title
2406 1135 2560 1204 vigila
2580 1175 2595 1197 ,
2624 1148 2718 1202 spe
2744 1131 2899 1201 vigila
2925 1171 2939 1196 ,
2970 1129 3230 1182 charitate
3251 1127 3404 1197 vigila
3427 1167 3443 1192 ,
3467 1124 3655 1194 operi-

2068 1226 2166 1280 bus
2205 1226 2356 1296 vigila
2401 1233 2501 1279 :et
2537 1233 2749 1293 quando
2795 1235 3019 1291 corpore
3069 1216 3420 1278 dormiveris,
3471 1214 3660 1269 veniat

2068 1327 2275 1387 tempus
2318 1324 2374 1369 ut
2402 1330 2609 1384 surgas.
2653 1313 2786 1367 Cum
2825 1321 3002 1364 autem
3032 1308 3365 1373 surrexeris,
3410 1321 3659 1375 pnupa'a

2067 1409 2356 1479 lampades.
2397 1407 2547 1460 Tunc
2590 1420 2696 1460 non
2744 1404 3181 1473 exstinguuntur,
3228 1409 3355 1454 tunc
3397 1396 3662 1452 interiore

2067 1498 2407 1557 conscientia:
2436 1498 2555 1553 oleo
2578 1504 2885 1567 vegeteutur
2910 1513 2923 1548 :
2954 1504 3082 1548 tunc
3104 1505 3329 1562 sponsus
3357 1490 3449 1543 ille
3478 1490 3663 1543 incor-

2071 1592 2247 1662 porcis
2267 1590 2490 1646 nexibus
2511 1589 2858 1658 amplectatur
2877 1627 2893 1654 ,
2926 1594 3051 1640 tunc
3071 1594 3124 1639 te
3154 1582 3454 1637 introducat
3475 1580 3527 1633 in
3561 1578 3664 1633 da-

2071 1698 2213 1737 mum
2240 1724 2254 1748 ,
2285 1682 2376 1736 ubi
2405 1694 2675 1749 nunquam
2703 1678 2935 1733 dormias
2956 1718 2970 1741 ,
2998 1675 3088 1730 ubi
3115 1688 3381 1744 nunquam
3410 1682 3498 1725 tua
3523 1670 3666 1725 lam-

2073 1789 2167 1843 pas
2191 1773 2359 1842 possit
2373 1771 2656 1840 exStiugui.
2688 1769 2855 1824 llodie
2875 1783 3003 1823 vero
3022 1766 3346 1830 laboramus,
3373 1772 3429 1818 et
3448 1763 3667 1831 lampa-

2071 1866 2168 1921 des
2198 1876 2392 1921 nostra:
2420 1864 2556 1919 inter
2594 1873 2779 1918 ventos
2821 1861 3001 1916 surculi
3042 1859 3197 1928 hujus
3233 1858 3670 1926 tentationesque

2074 1958 2329 2014 ﬂuctuant
2359 1975 2371 2009 :
2401 1957 2493 2012 sed
2520 1956 2705 2011 ardeat
2738 1955 2790 2009 in
2818 1954 3009 2009 robore
3034 1955 3051 1985 ‘
3092 1951 3304 2007 ﬂamma
3334 1959 3518 2004 nostra
3542 1991 3561 2014 ,
3614 1959 3673 2003 ut

2073 2061 2271 2123 ventus,
2289 2048 2592 2104 tentationis
2613 2057 2801 2119 augeat
2821 2048 2993 2118 ignem
3025 2045 3196 2116 potius
3219 2085 3234 2110 ,
3264 2058 3424 2115 quam
3451 2043 3671 2097 exstin-

2075 2153 2216 2213 guaL

2563 2232 2790 2288 SERMO
2827 2232 2983 2288 xcw
3016 2237 3033 2253 θ
3062 2231 3159 2304 (τι).

2079 2368 2156 2423 De
2177 2369 2334 2424 verbis
2355 2367 2617 2441 Evangelii
2646 2367 2879 2422 Mattha'i
2901 2408 2915 2432 ,
2946 2366 3031 2420 ubi
3068 2381 3236 2420 servus
3266 2365 3405 2434 piger
3423 2405 3438 2427 ,
3472 2364 3567 2432 qui
3599 2371 3676 2413 ta-

2149 2464 2338 2515 lentum
2382 2470 2643 2530 acceptum
2684 2460 2847 2515 noluit
2893 2474 3132 2529 erogare,
3186 2456 3482 2509 damnatur.
3536 2454 3676 2523 Cap.

2151 2569 2291 2618 xxv;
2327 2553 2361 2622 Ῡ
2384 2591 2398 2606 .
2424 2551 2611 2608 ειμδο.

2085 2692 2366 2762 Episcopus
2394 2691 2527 2744 unde
2562 2690 2741 2744 dictus.
2775 2688 3107 2760 Episcopatus
3130 2686 3343 2756 ofﬁciunt
3374 2684 3567 2755 cuique
3588 2699 3682 2753 pa-

2569 2781 2856 2851 trifamilias
2883 2779 3186 2849 impositam.

2159 2898 2369 2955 Domini
2400 2897 2587 2952 fratres
2616 2907 2668 2952 et
2688 2894 2986 2967 coepiscopi
3014 2894 3115 2948 mei
3146 2891 3423 2963 praesentia
3452 2889 3684 2960 quidem

2087 3006 2182 3045 sua
2201 3006 2298 3045 nos
2331 2989 2539 3044 visitare
2558 2996 2611 3042 et
2636 2985 2930 3041 exhilarare
2956 2972 3157 3054 dignati
3174 2989 3332 3034 sunt:
3365 2979 3462 3034 sed
3492 2981 3686 3034 nescio

2087 3098 2250 3155 quare
2289 3083 2469 3137 nolunt
2502 3096 2587 3136 me
2612 3080 2806 3155 fessum
2836 3077 3107 3147 adjuvare.
3129 3074 3239 3128 lloc
3267 3071 3385 3127 ideo
3411 3068 3686 3126 Charitati

2090 3154 2280 3232 vestra:
2322 3175 2429 3230 dixi
2471 3174 2596 3246 ipsis
2620 3154 2955 3226 audientibus
2978 3211 2993 3236 ,
3034 3177 3092 3223 ut
3128 3164 3354 3237 quodam
3386 3164 3560 3219 modo
3588 3180 3684 3218 au-

2089 3269 2285 3325 dientia
2314 3277 2487 3321 veSIra
2510 3262 2800 3320 intercedat
2823 3278 2921 3333 pro
2944 3276 3029 3316 me
3053 3258 3191 3330 apud
3213 3259 3351 3321 illos,
3382 3267 3441 3312 ut
3465 3258 3685 3326 quando

2090 3376 2183 3415 eos
2218 3374 2346 3429 rogo
2381 3358 2574 3412 faciant
2608 3365 2663 3410 et
2690 3354 2790 3425 ipsi
2815 3367 3136 3409 sermonem.
3166 3351 3395 3420 Erogent
3416 3348 3572 3419 quod
3602 3365 3687 3403 ac-

2090 3459 2382 3522 ceperunt,
2413 3449 2619 3520 operari
2643 3447 2809 3518 magis
2827 3461 2984 3517 quam
3008 3459 3265 3501 excusare
3302 3443 3625 3512 dignentur.
3645 3444 3684 3496 Δ

2093 3559 2178 3598 me
2203 3551 2379 3597 autem
2402 3540 2618 3610 fatigato
2646 3547 2699 3594 et
2716 3539 2800 3593 vix
2839 3537 3117 3608 loquente,
3148 3549 3312 3606 pauca
3340 3534 3585 3588 libenter
3603 3548 3686 3586 ac-

2094 3635 2269 3703 cipite.
2299 3632 2567 3687 llabemus
2603 3630 2744 3685 enim
2771 3637 2826 3683 et
2869 3627 3106 3682 libellum
3152 3624 3219 3680 de
3265 3624 3548 3679 beneﬁciis
3597 3624 3686 3679 Dei

2095 3742 2191 3796 per
2215 3733 2453 3779 sanctum
2482 3722 2766 3793 Martyrem
2796 3719 2931 3774 datis
2972 3718 3068 3788 (b),
3090 3717 3288 3787 pariter
3309 3714 3572 3769 libentius
3601 3731 3688 3768 au-

2094 3817 2320 3870 diamus.
2349 3814 2484 3881 Quid
2511 3829 2636 3883 ergo
2657 3811 2771 3867 est?
2799 3810 2923 3881 quid
2952 3810 3121 3863 dicam
3148 3805 3338 3862 vobis?
3359 3806 3610 3860 Audistis
3638 3807 3687 3858 in

2094 3907 2381 3977 Evangelio
2403 3915 2458 3960 et
2483 3905 2741 3960 bonorum
2773 3916 3047 3957 servorum
3074 3900 3352 3963 meritum,
3382 3907 3438 3950 ct
3469 3911 3685 3966 pinnam

2096 4000 2379 4055 malorum.
2410 3999 2474 4052 Et
2504 3997 2702 4051 malitia
2730 4005 2836 4050 tota
2867 3994 3010 4049 servi
3041 3993 3180 4047 illius
3210 3990 3478 4060 reprobati
3509 3989 3689 4060 gravi-

2097 4102 2280 4160 terque
2305 4087 2535 4144 danmati
2567 4088 2662 4141 ista
2690 4085 2947 4156 fuit,quia
2979 4083 3145 4139 noluit
3167 4096 3407 4151 erogare.
3438 4080 3688 4136 Servavit

2098 4186 2360 4253 integrum
2390 4180 2530 4252 quod
2552 4180 2758 4250 accepit
2790 4197 2802 4232 :
2830 4177 2924 4233 sed
2955 4178 3208 4232 Dominus
3224 4175 3338 4245 ejus
3356 4174 3507 4229 lucra
3531 4190 3687 4245 qua--

2097 4275 2266 4329 rebat.
2319 4275 2522 4328 Avarus
2549 4281 2632 4327 est
2662 4273 2800 4325 Deus
2827 4269 2892 4325 ad
2941 4269 3163 4324 salutem
3209 4276 3467 4322 nostram.
3512 4266 3575 4322 Si
3616 4264 3687 4320 sic

2098 4364 2378 4418 damnatur
2416 4363 2506 4434 qui
2552 4376 2656 4416 non
2699 4361 2971 4427 erogavit,
3001 4358 3125 4429 quid
3152 4357 3349 4412 debent
3371 4344 3688 4426 exSpectare

2099 4458 2187 4527 qui
2211 4456 2477 4527 perdunt?
2503 4455 2609 4510 Nos
2634 4470 2760 4525 ergo
2787 4453 3180 4523 dispensatores
3206 4465 3410 4518 sumus,
3443 4466 3545 4505 nos
3572 4465 3690 4507 ero—

2099 4563 2287 4619 gamus
2311 4590 2326 4614 ,
2356 4564 2452 4602 vos
2479 4547 2733 4618 accipitis.
2771 4543 2943 4600 Lucra
2977 4544 3262 4613 quaerimus
3294 4560 3307 4595 :
3332 4542 3469 4596 bene
3498 4541 3687 4595 vivite.

2104 4641 2271 4697 Lucra
2297 4642 2438 4697 enim
2469 4638 2787 4709 erogationis
2830 4645 3026 4692 nostra:
3068 4635 3166 4690 ista
3194 4642 3336 4689 sunt.
3378 4632 3487 4688 Sed
3522 4633 3686 4687 etiam

2103 4734 2168 4790 ad
2203 4748 2298 4788 vos
2326 4733 2489 4788 nolite
2530 4728 2835 4787 existimare
2869 4745 2972 4784 non
3002 4728 3266 4799 pertinere
3297 4725 3684 4796 erogationem.

2102 4825 2218 4881 Non
2249 4826 2469 4896 potestis
2494 4838 2715 4894 erogare
2751 4821 2819 4877 de
2848 4820 2950 4874 isto
2973 4820 3089 4875 loco
3127 4817 3402 4888 superiore
3421 4858 3435 4880 ,
3465 4815 3564 4871 sed
3597 4830 3688 4884 po-

2106 4918 2256 4971 testis
2294 4916 2610 4985 ubicumque
2637 4912 2787 4968 estis.
2835 4909 2931 4966 Ubi
2960 4907 3364 4979 reprehenditur
3402 4906 3683 4966 Chrisms,

2107 5006 2374 5063 defendite
2404 5025 2416 5060 :
2447 5000 2925 5060 murmuratoribus
2955 4999 3271 5070 respondete
3290 5039 3306 5065 ,
3344 4996 3687 5065 blasphema-

2110 5108 2250 5152 tores
2277 5097 2526 5165 corripite
2550 5136 2565 5162 ,
2607 5094 2675 5148 ab
2702 5107 2887 5148 eorum
2919 5104 3013 5145 vos
3036 5088 3288 5143 societate
3312 5086 3558 5141 alienata.
3600 5080 3690 5138 Sic

2108 5187 2357 5258 erogatis,
2379 5187 2422 5242 si
2449 5186 2653 5256 aliquos
2679 5183 2974 5241 lucramini.
3002 5179 3153 5251 Agite
3178 5180 3347 5235 vicem
3372 5187 3607 5232 nostram
3636 5174 3686 5226 in

2109 5278 2355 5334 domibus
2382 5277 2593 5333 vestris.
2628 5276 2922 5345 Episcopus
2947 5273 3068 5328 inde
3095 5269 3388 5343 appellatus
3411 5277 3496 5324 est
3516 5309 3531 5332 ,
3562 5264 3686 5336 quia

2110 5368 2529 5441 superintendit,
2573 5367 2697 5438 quia
2737 5363 3057 5421 intendendo
3100 5367 3268 5418 curat.
3315 5358 3687 5429 Unusquisque

2180 5544 2195 5575 ³
2220 5541 2356 5600 mliti,
2380 5539 2433 5592 in
2452 5539 2643 5590 rubore.
2663 5538 2833 5587 verius
2853 5541 2979 5589 Mss..
3005 5530 3058 5584 in
3073 5531 3254 5583 ruben.
3282 5508 3283 5517 ‘

2179 5629 2196 5643 '
2220 5631 2474 5673 exn-rectus
2508 5620 2566 5670 ad
2596 5618 2659 5671 el.
2684 5618 2763 5669 ch.
2789 5624 2843 5668 et
2862 5623 2936 5666 Er.
2957 5622 3057 5667 Par.
3085 5621 3192 5666 tu.

2178 5686 2248 5805 (az
2273 5685 2411 5745 Alias,
2435 5685 2498 5733 de
2520 5683 2699 5732 Sanctis
2718 5680 2796 5730 5i.
3042 5692 3061 5697 “

2178 5749 2227 5805 (b
2273 5748 2384 5796 \‘lde
2406 5757 2548 5805 supra
2571 5754 2849 5793 sermonem
2867 5739 2946 5801 79,
2960 5746 3010 5788 et
3033 5739 3061 5787 lt

2117 5730 2548 5874 Ρὶέᾒοῖἱᾶἷὶῦᾆη
2571 5730 2849 5793 sermonem
2867 5739 2946 5801 79,
2960 5746 3010 5788 et
3033 5736 3152 5788 intra
3172 5744 3425 5819 sermones
3442 5730 3506 5781 de
3520 5733 3689 5785 9.5m.
