3852 6182
149 336 236 391 58!

150 466 267 519 etgo
296 451 346 504 in
392 450 556 506 domo
585 467 699 512 sua.
733 452 777 507 si
800 465 955 524 caput
981 465 1060 510 cst
1080 455 1259 512 domui
1294 474 1433 523 sum,
1475 461 1630 517 debet
1668 465 1734 519 ad

148 559 260 593 rltttl
285 543 556 612 pertinere
585 554 920 614 episcopatus
948 546 1201 615 ofiicium,
1225 552 1490 621 quomodo
1510 554 1592 609 sui
1618 571 1734 610 crc-

146 633 306 694 daut.
353 648 422 687 ne
462 633 625 702 aliqui
670 635 908 703 ipsorum
952 638 1003 692 in
1052 639 1297 695 haeresim
1327 642 1637 715 incurrant,
1667 662 1734 702 ne

146 740 293 786 uxor,
325 738 395 779 ne
424 722 563 779 filius
585 767 600 791 ,
626 740 694 780 ne
716 727 844 795 tilia,
873 744 943 783 ne
968 728 1083 799 ipse
1106 745 1291 786 servus
1308 775 1324 802 ,
1347 735 1470 805 quia
1500 736 1630 791 tanti
1651 746 1733 792 est

144 825 367 885 emptus.
421 815 710 886 Disciplina
778 822 1066 890 apostolica
1122 827 1412 895 przeposuit
1455 826 1730 884 dominum

146 923 326 974 servo,
368 916 422 962 et
462 923 677 964 servum
706 910 941 967 subdidit
966 913 1183 970 domino
1214 915 1430 988 (Ep/tes.
1456 936 1540 988 γι,
1582 921 1649 988 5,
1686 931 1732 976 et

149 997 243 1051 Tit.
283 1014 319 1053 tt
340 1041 355 1066 ,
384 997 437 1067 9)
472 997 755 1056 :Christus
788 1012 962 1059 tamen
1004 1021 1101 1076 pro
1125 1007 1386 1064 ambobus
1413 1027 1574 1066 unum
1611 1030 1731 1084 pre-

151 1090 268 1142 lium
292 1088 455 1145 dedit.
494 1090 742 1147 Minimas
775 1104 982 1151 vestros
1018 1098 1179 1154 nolite
1206 1110 1551 1160 co.itemnere
1572 1145 1586 1170 ,
1630 1105 1729 1160 do-

152 1181 474 1236 mesticorum
503 1193 806 1240 vestrorum
835 1186 1059 1243 salutem
1103 1192 1247 1246 omni
1293 1193 1559 1265 vigilantia
1605 1212 1729 1268 pro-

154 1284 334 1327 curate.
367 1273 487 1328 lltee
514 1273 563 1328 si
601 1275 771 1331 facitis
790 1318 806 1343 ,
835 1279 1066 1349 crogatis
1096 1299 1108 1334 :
1143 1282 1275 1354 pigri
1305 1285 1445 1340 servi
1483 1301 1587 1341 non
1618 1290 1726 1344 cri—

156 1365 211 1416 tis
230 1407 243 1430 ,
264 1364 653 1422 damnationem
676 1376 784 1422 tam
806 1369 1174 1427 detestandam
1203 1389 1309 1430 tton
1342 1378 1613 1434 tituebitis.

648 1503 877 1559 sentio
914 1504 1053 1561 xcv
1100 1508 1203 1580 (ιι).

159 1608 222 1665 De
253 1614 399 1667 rerbis
435 1613 698 1685 Evangelii
728 1614 927 1680 Marci,
958 1617 1043 1671 ubi
1067 1619 1370 1675 miraculum
1404 1634 1592 1694 septem
1631 1643 1725 1697 pa-

449 1722 572 1760 stum
604 1712 841 1778 refertur.
871 1725 986 1780 cap.
1018 1725 1111 1765 vttt
1131 1753 1145 1775 ,
1190 1713 1223 1783 Ῡ
1249 1752 1264 1766 .
1295 1716 1409 1772 1ο9.

214 1861 258 1913 l.
305 1859 480 1931 Epula
538 1863 591 1916 in
645 1862 924 1935 Scripturis
982 1868 1192 1922 sanctis.
1238 1869 1539 1941 Scripturas
1589 1890 1717 1930 san-

155 1962 249 2007 ctas
293 1964 614 2023 exponentes
665 1957 847 2021 vobis,
894 1960 1044 2028 quasi
1092 1976 1254 2029 panes
1302 1962 1591 2036 frangimus
1622 1983 1717 2021 vo-

158 2044 242 2095 his.
275 2042 373 2099 Vos
396 2046 699 2102 esurientes
724 2049 948 2118 accipite
967 2092 982 2115 ,
1014 2060 1070 2105 et
1093 2053 1331 2122 Sagittam
1360 2055 1531 2113 laudis
1557 2059 1717 2114 corde

156 2141 395 2188 eructuate
422 2152 435 2188 :
467 2144 519 2190 et
547 2136 639 2207 qui
664 2138 794 2192 estis
828 2138 1019 2196 divites
1044 2141 1098 2196 itt
1121 2144 1290 2212 epulis
1312 2188 1327 2211 ,
1359 2148 1524 2202 nolite
1550 2146 1715 2205 maci-i

156 2237 251 2278 esse
273 2224 321 2277 in
349 2226 600 2295 operibus
625 2237 679 2282 et
718 2228 870 2285 factis
908 2231 1084 2286 bonis.
1112 2232 1265 2301 Quod
1296 2250 1394 2307 ego
1421 2252 1586 2310 crogo
1622 2255 1715 2294 vo-

155 2309 248 2377 bis,
290 2329 387 2368 non
420 2325 502 2370 est
533 2332 735 2372 meum.
777 2319 927 2388 Quod
976 2323 1341 2393 manducatis,
1391 2329 1653 2385 manduco
1695 2350 1709 2386 :

153 2402 268 2456 unde
293 2405 459 2459 vivitis
481 2449 498 2473 ,
530 2409 669 2462 vivo.
701 2408 996 2468 Commune
1027 2412 1285 2471 habemus
1326 2417 1379 2473 in
1422 2421 1561 2475 cutio
1599 2422 1712 2477 cei-

149 2491 312 2547 luium
342 2514 354 2548 :
383 2496 506 2554 inde
537 2499 683 2555 enim
719 2501 862 2555 venit
884 2503 1102 2560 verbum
1133 2506 1245 2561 Dei.

202 2584 248 2639 2.
274 2586 574 2643 Hiraculum
603 2602 791 2662 septem
828 2610 1020 2664 panum
1057 2595 1345 2668 allegorice.
1375 2600 1592 2673 Septem
1618 2620 1711 2674 pa-

143 2689 222 2731 nes
272 2678 565 2748 signiﬁcant
624 2682 989 2752 septiformem
1050 2690 1417 2759 operationem
1477 2693 1707 2765 Spiritus

140 2767 284 2821 sancti
308 2785 320 2819 :
348 2779 577 2838 quatuor
594 2773 756 2827 millia
783 2773 1061 2833 hominum
1080 2819 1095 2846 ,
1122 2778 1418 2838 Ecclesiam
1444 2786 1544 2842 sub
1567 2802 1703 2856 qua-

140 2864 239 2910 tuor
284 2858 581 2931 Evangeliis
633 2865 976 2923 constitutam
1027 2886 1041 2924 :
1099 2880 1303 2941 septem
1346 2886 1542 2945 sporta:
1590 2878 1703 2935 fra-

137 2957 478 3018 gtucntorum,
527 2954 906 3022 perfectionem
952 2958 1225 3017 Ecclesia»
1271 2964 1385 3021 lloc
1423 2969 1566 3024 enim
1611 2987 1704 3028 nu-

132 3051 262 3094 mero
288 3044 578 3113 smpissime
613 3047 867 3116 perfectio
916 3050 1192 3123 figuratur.
1239 3055 1393 3115 Unde
1432 3070 1516 3117 est
1556 3064 1700 3120 enim

126 3130 252 3196 quod
304 3132 498 3189 dictum
552 3147 665 3205 est,
699 3138 895 3209 Septies
943 3144 995 3198 in
1042 3145 1125 3200 die
1170 3146 1389 3205 laudabo
1433 3161 1480 3205 te
1517 3151 1694 3223 (Psal.

125 3230 308 3288 cxvnt,
335 3223 455 3297 164)
477 3225 502 3277 ?
538 3225 807 3299 Numquid
832 3243 973 3286 errat
1004 3232 1184 3300 homo,
1217 3238 1306 3307 qui
1337 3241 1493 3297 toties
1516 3242 1699 3299 lauda-

124 3312 252 3368 verit
274 3314 342 3387 (ὁ)
371 3318 647 3376 Dominum
670 3321 694 3374 ?
720 3323 856 3391 Quid
881 3335 964 3381 est
998 3343 1127 3399 ergo
1148 3371 1165 3396 ,
1199 3330 1397 3401 Septies
1433 3334 1652 3391 laudabo
1672 3353 1694 3403 ,-

121 3404 253 3469 nisi,
283 3403 546 3481 Nunquam
589 3426 621 3466 a
662 3413 814 3471 laude
844 3416 1107 3474 cessabo?
1138 3420 1328 3478 Totum
1368 3425 1511 3480 enim
1560 3437 1693 3483 teut-

117 3510 210 3566 pus
232 3500 482 3569 signiﬁcat
506 3503 598 3573 qui
623 3503 782 3571 dicit,
829 3508 1026 3578 septies.
1060 3509 1211 3568 Unde
1239 3524 1443 3584 septem
1483 3516 1688 3574 dierum

123 3587 372 3648 volumine
398 3595 594 3651 smcoia
624 3596 1007 3666 provolvuntur
1034 3602 1072 3655 ³.
1099 3602 1234 3671 Quid
1263 3616 1344 3660 est
1382 3622 1508 3677 ergo
1533 3649 1546 3670 ,
1596 3610 1691 3664 Se-

117 3679 233 3744 pties
270 3682 319 3735 in
358 3683 439 3738 die
465 3684 689 3741 laudabo
719 3698 800 3752 te,
833 3689 933 3745 nisi
962 3692 1102 3762 quod
1143 3694 1248 3749 alio
1300 3697 1416 3752 loco
1456 3697 1647 3754 dicitur
1670 3743 1685 3765 ,

119 3765 314 3841 Smper
329 3774 440 3829 laus
463 3776 577 3845 ejus
600 3777 654 3831 in
673 3793 763 3831 ore
782 3795 892 3832 meo
924 3779 1091 3852 (Psal.
1125 3799 1316 3852 xxxnt,
1340 3786 1438 3858 2)?
1463 3788 1687 3858 Propter

117 3854 269 3921 ipsam
288 3864 666 3933 perfectionem
694 3867 760 3922 ad
793 3878 994 3940 septem
1020 3873 1286 3929 Ecclesias
1315 3854 1496 3933 scribit
1519 3877 1683 3937 Joan-

115 3964 215 4003 nes.
238 3954 584 4029 Apocalypsis
604 3958 736 4014 liber
754 3971 835 4015 est
857 3963 1024 4018 sancti
1045 3963 1265 4021 Joannis
1289 3971 1629 4041 evangelistie
1663 3993 1676 4028 :

111 4042 276 4098 scribit
293 4047 357 4101 ad
379 4058 585 4119 septem
608 4051 875 4129 E‘tcclesias
899 4054 1079 4126 (Apoc.
1108 4073 1160 4121 ι.
1187 4059 1265 4132 ι).
1290 4059 1519 4120 Veraces
1538 4075 1683 4121 esto-

110 4139 153 4185 te
190 4137 292 4205 (c),
338 4152 551 4209 sportas
595 4144 882 4214 agnoscite.
919 4145 1035 4202 Non
1078 4149 1222 4205 enim
1263 4150 1554 4223 fragmenta
1590 4157 1677 4213 illa

110 4225 359 4287 perierunt
386 4247 399 4283 :
424 4232 517 4287 sed
545 4234 668 4303 quia
694 4244 749 4290 et
782 4251 877 4295 vos
915 4236 981 4293 ad
1026 4238 1319 4296 Ecclesiatn
1366 4245 1673 4316 pertinetis,

107 4316 243 4409 :oltis
270 4321 449 4393 utique
486 4324 846 4394 profecerunt.
889 4329 1043 4397 Quod
1085 4332 1236 4388 vobis
1281 4335 1379 4390 ista
1426 4351 1671 4409 expono,

103 4401 299 4465 Christo
322 4414 570 4469 ministro
592 4433 606 4468 :
627 4431 721 4473 vos
742 4432 861 4474 cum
891 4422 1173 4493 tranquille
1199 4424 1413 4494 auditis,
1435 4401 1672 4485 discum;

104 4494 230 4554 litis.
257 4500 369 4574 Ego
396 4519 622 4577 corpore
647 4508 840 4576 sedeo,
871 4512 1035 4569 corde
1054 4516 1310 4585 consisto,
1334 4527 1389 4573 et
1415 4521 1672 4580 sollicitus

104 4588 329 4649 ministro
349 4596 523 4664 vobis;
554 4614 623 4654 ne
648 4598 784 4655 forte
807 4602 1036 4674 aliquem
1065 4615 1297 4662 vestrum
1324 4607 1555 4667 oll‘endat
1580 4630 1673 4668 va-

105 4681 310 4751 sculum,
331 4703 436 4744 non
460 4690 633 4748 cibus.
674 4693 867 4765 Epulas
893 4696 987 4753 Dei
1008 4699 1176 4755 nostis
1198 4740 1216 4767 ,
1247 4716 1390 4773 saepe
1413 4705 1634 4763 audistis
1649 4750 1665 4776 ,

108 4783 290 4831 mentes
313 4792 589 4849 quarunt,
621 4798 727 4839 non
758 4795 993 4843 ventres.

162 4864 211 4922 ὅ.
237 4865 481 4940 Hysteria
509 4874 563 4927 in
604 4875 669 4930 iis
704 4877 793 4945 qui
827 4880 1039 4933 saturati
1064 4891 1181 4935 sunt
1209 4882 1273 4937 de
1296 4894 1485 4955 septem
1521 4888 1671 4956 peni-

110 4951 195 5008 ιιι.
222 4955 380 5016 Certe
416 4963 655 5032 saginata
691 4976 816 5022 sunt
842 4979 1068 5038 quatuor
1097 4969 1257 5026 millia
1296 4951 1570 5032 hominum
1600 4977 1668 5036 de

105 5174 1479 5315 η-ί·
1501 5191 1663 5255 τινα

140 5337 767 5422 ρι’ρςὶὶι
790 5360 859 5422 ex
878 5349 1057 5422 veteri
1071 5349 1251 5422 codice,
1271 5352 1561 5406 Colbertinte
1584 5358 1657 5422 bi:

228 5415 329 5489 ῃ
350 5405 516 5477 notato
537 5405 647 5489 831,
662 5408 724 5489 ἐι).
734 5421 833 5472 quo
846 5409 1198 5489 insta-ibiturls
1214 5421 1468 5489 inamatus
1505 5405 1659 5489 sancti

106 5476 124 5504 ι
140 5467 370 5537 tunsum
389 5467 660 5518 secundum
909 5472 976 5522 de
995 5467 1189 5535 κρανέω
1212 5476 1432 5537 panibus.
1459 5494 1482 5523 ι
1513 5467 1661 5541 ttujtts

880 5532 1087 5586 dederat
1108 5533 1345 5588 Florusad
1373 5544 1390 5586 ι
1433 5545 1537 5589 Cor.
1553 5555 1653 5591 xm.

144 5584 207 5713 (ιζ
226 5584 516 5643 ναιεδηοκ
553 5584 824 5645 laudauerit"
828 5632 839 5643 .
1166 5584 1343 5588 NV“
1374 5584 1390 5586 “
1440 5584 1653 5591 ψ’νῄ

144 5649 185 5717 (c
224 5650 635 5717 [tactilltertinum
657 5654 928 5717 exemplar,
950 5655 1038 5707 sed
1059 5660 1321 5710 asecunda
1343 5674 1517 5713 manu:
1545 5677 1654 5715 nam

144 5669 205 5713 ις)
224 5669 286 5699 ιιι
304 5669 635 5703 unumunum
657 5669 928 5771 amur,
950 5669 1038 5707 seu
1059 5669 1089 5707 ι
1108 5669 1321 5710 secunda
1343 5674 1517 5713 manu:
1545 5677 1654 5715 nam

99 5709 436 5825 ῗὲωἷαιὲηι,
481 5725 680 5767 mam
848 5753 859 5765 .
884 5724 1032 5770 utens
1058 5719 1280 5783 profecto
1310 5723 1435 5773 haud
1456 5725 1655 5791 integer

1595 352 1820 411 SERMO
1862 355 2014 411 XCV.

3315 397 3420 454 582

1845 477 2049 536 scptcm
2080 473 2301 539 panibus
2331 493 2344 529 :
2377 480 2502 547 quid
2539 484 2832 544 mirabilius
2861 491 2886 546 ἲ
2921 494 2987 549 Et
3038 508 3212 557 tamen
3237 521 3422 573 parum

1843 568 1979 623 erat,
2012 561 2112 616 nisi
2135 564 2294 619 etiam
2319 581 2514 638 sporta:
2539 587 2740 645 septem
2770 580 2838 636 de
2864 585 3170 657 fragmentis
3197 561 3426 657 residuis

1843 651 2207 721 implerentur.
2255 657 2298 714 0
2337 678 2526 734 magna
2576 674 2872 741 mysteria!
2925 684 3315 758 operabantur,
3372 706 3426 752 et

1839 758 2000 814 opera
2026 747 2393 819 loquebantur.
2423 755 2583 815 Facta
2607 761 2693 816 illa
2721 765 2765 819 si
2788 747 3069 844 intelligas,
3094 781 3253 837 verba
3280 747 3424 842 s'unt.

1839 835 1906 892 Et
1936 854 2028 894 vos
2053 840 2119 896 ad
2141 853 2367 912 quatuor
2391 850 2555 907 millia
2584 857 2877 927 pertinetis,
2910 835 3029 934 qdia
3055 835 3154 926 sub
3180 874 3425 949 Evattge~

1841 929 1914 986 lio
1938 938 2279 1002 quaternario
2301 941 2493 999 vivitis.
2522 947 2599 1000 Ad
2625 966 2901 1008 numerum
2926 974 3031 1015 non
3055 929 3425 1033 pertinueriint

1838 1023 1986 1091 pueri
2018 1034 2071 1079 et
2097 1028 2369 1087 mulieres.
2402 1033 2490 1091 Sic
2533 1039 2674 1094 enim
2725 1044 2922 1103 dictum
2959 1023 3091 1109 est}
3129 1057 3294 1116 Erant
3322 1083 3420 1119 au-

1836 1121 1931 1165 tent
1947 1115 2035 1184 qui
2054 1119 2477 1179 manducaverunt
2502 1140 2718 1198 quatuor
2744 1137 2905 1192 millia
2931 1142 3209 1218 hominum,
3235 1171 3418 1229 excep-

1834 1205 1897 1259 tis
1929 1209 2097 1275 pueris
2125 1222 2169 1265 et
2195 1214 2487 1274 mulieribus
2508 1221 2719 1292 (Matth.
2752 1245 2838 1298 xv,
2863 1233 2975 1308 58).
2999 1238 3158 1305 Quasi
3183 1205 3420 1306 sitit—iiii;-

1832 1310 1981 1351 mero
2024 1311 2202 1358 essent
2230 1304 2483 1365 insensati
2515 1322 2568 1368 et
2612 1304 3152 1390 eil‘eminati.'Tatnen
3189 1344 3415 1398 mandu-

1830 1393 1954 1440 cent
1979 1397 2033 1443 et
2063 1391 2182 1462 ipsi.
2214 1394 2561 1457 Manducent:
2594 1405 2731 1463 forte
2755 1417 2900 1482 pueri
2930 1434 3194 1494 crescunt,
3229 1443 3278 1485 et
3307 1449 3415 1490 ιω]

1830 1487 1987 1534 erunt
2011 1485 2158 1552 pueri
2182 1503 2195 1551 ;
2229 1486 2365 1546 forte
2394 1492 2679 1555 eii'etninati
2723 1507 3060 1579 corriguntur
3081 1556 3097 1582 ,
3131 1485 3193 1574 et.
3213 1528 3415 1580 castill-

1828 1579 2036 1625 cantur.
2087 1574 2401 1636 Manducent
2460 1602 2473 1639 :
2525 1602 2843 1664 erogamus,
2891 1600 3264 1673 impendinuts.
3313 1618 3411 1686 Qui

1827 1659 1931 1715 sint
1958 1674 2133 1720 autem
2165 1668 2248 1724 isti
2272 1712 2285 1736 ,
2321 1673 2460 1730 Deus
2497 1678 2708 1751 inspicit
2733 1691 3031 1749 convivium
3069 1716 3218 1757 suum
3241 1748 3254 1771 ,
3291 1659 3411 1764 eisi

1825 1765 1883 1806 se
1906 1769 2013 1809 non
2039 1764 2401 1834 correxerint,
2431 1770 2518 1839 qui
2546 1773 2691 1829 novit
2719 1776 2944 1838 invitare
2963 1826 2976 1850 ,
3011 1792 3153 1846 novit
3176 1764 3408 1868 et'scpa-

1892 1935 1947 1989 4.
2001 1936 2178 2003 Qualis
2204 1946 2292 2016 qui
2333 1948 2402 2001 ad
2438 1955 2712 2010 convivium
2765 1960 3008 2021 invitavit.
3054 1970 3251 2041 Nostis,
3277 1981 3405 2037 cli:t~

1823 2024 2019 2082 rissimi
2064 2048 2076 2082 :
2120 2035 2341 2092 recolite
2390 2045 2748 2113 evangelicum
2796 2057 3131 2129 parabolam;
3174 2070 3293 2138 quia
3323 2074 3404 2129 iu-

1831 2119 1987 2173 travit
2032 2121 2292 2182 Domimts
2338 2130 2613 2201 inspicere
2651 2146 3024 2206 recumbentes
3068 2155 3119 2210 in
3173 2119 3400 2229 quodam

1819 2214 2062 2269 convivio
2090 2231 2207 2271 suo.
2231 2220 2617 2286 Paterfamilias
2643 2235 2734 2303 qui
2756 2237 3086 2312 invitaverat,
3110 2214 3247 2307 sicitt
3271 2262 3406 2314 scri-

1819 2313 1966 2371 ptum
1992 2315 2093 2371 est,
2122 2308 2307 2365 invenit
2335 2314 2403 2369 ibi
2436 2316 2685 2377 hominem
2713 2342 2812 2382 non
2838 2335 3062 2391 vestitum
3101 2354 3281 2401 vestem
3304 2365 3403 2404 nu-

1818 2395 2021 2463 ptialem
2209 2419 2347 2472 xxn,
2383 2407 2491 2481 il).
2536 2414 2617 2468 Ad
2655 2421 2864 2488 nuptias
2906 2427 3049 2484 enim
3089 2395 3403 2498 invitaverat

1814 2500 2042 2556 Sponsus
2086 2493 2173 2548 ille
2223 2500 2496 2566 speciosus
2544 2503 2715 2562 forma
2769 2526 2877 2580 pra:
2927 2516 3051 2576 filiis
3097 2522 3395 2588 hominum.

1813 2578 2053 2650 Sponsus
2082 2586 2167 2641 ille
2192 2587 2368 2646 foedus
2397 2594 2561 2651 factus
2583 2578 2798 2671 propter
2822 2621 3071 2675 Sponsam

1811 2686 1928 2780 Eam
1956 2674 2153 2733 faceret
2172 2682 2464 2748 pulchram.
2491 2686 2641 2745 Unde
2660 2694 2832 2753 fmdus
2853 2674 3022 2759 factus
3040 2718 3124 2763 est
3146 2674 3400 2780 pulchth

1808 2761 1866 2864 Si
1908 2780 2011 2820 non
2056 2770 2252 2864 probo,
2282 2774 2616 2847 blasphemo.
2661 2784 2763 2841 Dat
2811 2791 2941 2846 tttilti
2988 2761 3395 2864 pulclti-iiu'diitis'

1808 2856 1923 2926 ejus
1949 2859 2308 2918 testimonium
2355 2870 2608 2940 propheta
2630 2917 2645 2942 ,
2669 2876 2855 2936 dicens
2885 2902 2898 2935 :
2933 2885 3204 2958 Speciosus
3227 2900 3395 2968 forma

1811 2962 1915 2968 μμ
1951 2948 2059 2968 ιω
2097 2950 2109 2968 ,
2215 2954 2224 2965 .
2380 2956 2444 2968 ..ι
2515 2962 2524 2968 .

1807 2962 1915 3043 pra:
1939 2948 2063 3043 ﬁliis
2087 2950 2345 3010 hominum
2372 2956 2544 3031 (Psal.
2576 2981 2713 3033 thv,
2744 2971 2818 3041 5).
2852 2974 2948 3029 Dat
2974 2948 3102 3034 inihi

1807 3039 1928 3094 tatis
1956 3041 2071 3112 ejus
2098 3048 2457 3106 testimonium
2489 3055 2624 3111 alius
2650 3039 2929 3133 propheta,
2962 3069 3148 3129 dicens
3183 3095 3197 3131 :

1806 3145 1916 3184 mus
1938 3148 2073 3201 eum,
2099 3146 2147 3190 et
2173 3155 2273 3193 non
2314 3141 2521 3199 habebat
2561 3152 2775 3218 speciem
2818 3173 2976 3229 neque
3010 3164 3275 3236 decorent;
3303 3175 3394 3228 sed

1800 3222 1966 3340 iullus
1991 3227 2100 3340 qjus
2120 3229 2361 3336 abiectus,
2384 3236 2624 3307 deformis
2647 3247 2829 3315 positio
2854 3222 2963 3323 eius
2985 3254 3135 3327 (Isai.
3169 3222 3279 3330 uti,

1799 3314 1844 3369 Ο
1866 3318 2120 3388 propheta
2141 3322 2232 3391 qui
2261 3324 2438 3380 dixisti
2459 3370 2475 3397 ,
2509 3329 2779 3403 Speciosus
2811 3314 3118 3417 forma‘pra:
3136 3314 3387 3420 phil/ii;

1798 3408 1989 3463 mitium
2013 3452 2028 3475 ,
2058 3415 2443 3473 contradicitur
2490 3423 2579 3477 tibi
2611 3444 2625 3477 :
2659 3408 2821 3483 alios
2844 3408 3098 3504 propheta
3136 3408 3387 3512 'prncedit

1796 3507 1979 3552 contra
2023 3510 2106 3565 te,
2133 3503 2361 3571 etdicit,
2389 3508 2660 3569 Mentiris:
2697 3515 2922 3577 Vidimus
2948 3503 3086 3580 eum.
3125 3503 3261 3597 Quid
3303 3548 3384 3591 est

1794 3589 1933 3658 quod
1964 3590 2111 3659 dicit,
2141 3594 2414 3666 Speciosus
2443 3604 2608 3673 forma
2634 3624 2741 3675 prie
2768 3611 2888 3679 ﬁliis
2907 3589 3167 3674 hominum
3184 3623 3212 3676 .9
3242 3589 3382 3680 Vidi;

1794 3698 1902 3735 mas
1921 3699 2034 3737 eum
2064 3702 2166 3740 non
2198 3688 2459 3747 habentem
2503 3701 2718 3767 speciem
2755 3718 2913 3775 neque
2954 3707 3198 3774 decorem.
3242 3716 3382 3787 Ergo

1791 3771 1879 3827 isti
1927 3775 2198 3844 propheta:
2250 3780 2358 3836 duo
2398 3783 2450 3838 in
2487 3787 2681 3857 angulo
2719 3771 2866 3860 pacis
2908 3771 3255 3859 discordant?

1788 3862 2001 3919 Christo
2020 3868 2179 3924 ambo
2202 3869 2476 3941 dixerunt,
2501 3875 2567 3932 de
2593 3878 2770 3950 lapide
2790 3888 3027 3956 angulari
3047 3894 3206 3949 ambo
3227 3862 3377 3952 dixe;

1790 3966 1931 4011 runt.
1966 3957 2021 4012 itt
2052 3962 2244 4031 angulo
2271 3967 2597 4025 concordant
2637 3974 2887 4042 parietes.
2933 3978 2989 4035 Si
3022 3998 3128 4038 non
3150 4002 3376 4044 concor-

1786 4048 2047 4105 daverunt
2065 4093 2078 4116 ,
2104 4067 2209 4108 non
2235 4064 2320 4110 est
2361 4057 2640 4115 aedilicium
2662 4104 2678 4130 ,
2710 4065 2803 4119 sed
2844 4069 3014 4124 ruina.
3038 4071 3377 4135 Concordaut

1786 4139 2085 4211 Prophetas,
2112 4160 2216 4200 non
2245 4162 2337 4201 eos
2361 4148 2691 4209 dimittamus
2717 4156 2769 4211 in
2792 4158 2924 4214 rixa.
2945 4161 3056 4218 imo
3074 4181 3173 4221 nos
3188 4184 3371 4227 eorum

1783 4247 1966 4302 pacem
1993 4250 2374 4307 cognoscamus
2409 4260 2422 4297 :
2455 4258 2575 4299 nam
2604 4247 2677 4301 illi
2710 4248 2917 4320 litigare
2942 4270 3047 4310 non
3086 4271 3301 4317 norunt.
3326 4263 3373 4320 Ο

1783 4321 2045 4393 Propheta
2072 4326 2162 4398 qui
2184 4328 2362 4386 dixisti
2384 4373 2400 4400 ,
2434 4334 2703 4405 Speciosus
2729 4341 2895 4410 forma
2918 4361 3026 4416 pra:
3059 4348 3180 4417 ﬁliis
3205 4352 3368 4409 homi-

1780 4430 1920 4480 num,
1944 4415 2032 4470 ubi
2080 4417 2297 4475 vidisti?
2332 4422 2658 4496 Responde,
2691 4434 2988 4504 responde,
3019 4415 3113 4494 ubi
3155 4442 3369 4501 vidisti?
3464 4438 3469 4445 '

1777 4502 1903 4558 Cant
1924 4505 1975 4560 in
2002 4511 2168 4580 formo
2195 4509 2291 4565 Dei
2317 4524 2443 4569 esset
2480 4534 2579 4572 non
2612 4522 2845 4592 rapinam
2876 4527 3147 4586 arbitratus
3168 4544 3241 4589 est
3264 4553 3370 4594 esse

1775 4597 1987 4667 aqualis
2018 4599 2140 4656 Deo.
2170 4603 2244 4659 lbi
2276 4606 2401 4661 vidi.
2432 4609 2512 4664 An
2553 4620 2607 4666 tu
2631 4612 2844 4672 dubitas
2871 4634 2991 4675 cum
3027 4624 3116 4693 qui
3146 4631 3366 4698 thttalis

1775 4698 1856 4742 est
1885 4689 2012 4758 Deo,
2040 4694 2338 4762 speciosum
2358 4714 2479 4754 esse
2503 4717 2610 4771 pra:
2638 4705 2758 4760 liliis
2784 4689 3059 4766 hominum
3075 4715 3100 4768 ἲ
3119 4689 3363 4788 Respon-

1775 4779 1897 4836 disti
1924 4800 1935 4835 :
1969 4787 2287 4855 respondeat
2320 4790 2409 4846 ille
2434 4792 2525 4862 qui
2561 4794 2723 4860 dixit,
2757 4796 2985 4856 Vidimus
3013 4821 3125 4858 eum
3145 4848 3158 4871 ,
3190 4779 3246 4863 et.
3262 4827 3363 4865 non

1774 4870 1984 4926 habebat
2007 4877 2223 4945 speciem
2250 4895 2411 4951 neque
2448 4882 2696 4938 decorem.
2723 4887 2907 4943 Dixisti
2933 4904 2946 4944 :
2976 4890 3064 4947 dic
3105 4870 3191 4949 ubi
3229 4899 3365 4952 vidi-

1772 4963 1859 5017 sti.
1897 4964 1937 5018 A
1966 4967 2145 5022 verbis
2177 4968 2345 5039 ipsius
2376 4974 2535 5028 sumit
2572 4976 2847 5034 exordium
2883 4999 2896 5035 :
2930 4982 3018 5038 ubi
3042 4985 3128 5040 ille
3154 4988 3356 5056 finivit,

1769 5053 1841 5110 ibi
1871 5055 1972 5111 iste
2005 5056 2207 5127 incipit.
2237 5059 2337 5115 Ubi
2366 5062 2455 5117 ille
2480 5062 2690 5120 finivit?
2712 5067 2812 5136 Qui
2843 5088 2956 5126 cum
2997 5075 3235 5145 informa
3260 5053 3357 5135 Dei

1769 5155 1913 5212 esset,
1938 5162 2039 5200 non
2058 5149 2290 5219 rapinam
2312 5153 2583 5211 arbitratus
2607 5169 2679 5212 est
2705 5176 2812 5216 esse
2831 5163 3041 5235 arqualis
3060 5164 3187 5222 Deo.
3215 5170 3353 5229 Ecce

1765 5236 1858 5291 ubi
1897 5236 2029 5292 vidit
2054 5240 2353 5308 speciosum
2396 5243 2564 5300 forma
2614 5264 2723 5318 prin
2765 5250 2891 5308 filiis
2919 5253 3191 5314 hominum
3226 5262 3352 5320 :dic

1768 5336 1844 5395 tu,
1864 5330 1961 5390 ,ubi
1985 5330 2160 5387 vidisti
2189 5334 2313 5405 quia
2338 5352 2445 5392 non
2471 5337 2699 5397 habebat
2728 5345 2961 5414 speciem
2987 5363 3160 5421 neque
3187 5353 3351 5409 deco-

1763 5435 1895 5478 rem.
1924 5421 2032 5479 Sed
2043 5428 2363 5498 semetipsum
2378 5432 2668 5501 eaiinanirit,
2689 5440 2906 5506 formam
2925 5442 3053 5495 servi
3077 5445 3349 5516 accipiens;

1762 5513 1815 5566 in
1841 5514 2223 5572 similitudinem
2252 5519 2509 5575 hominum
2546 5526 2743 5594 factus,
2775 5536 2823 5580 et
2849 5527 3023 5583 habitu
3049 5513 3274 5593 inventus
3294 5548 3350 5591 ut

1762 5603 1931 5658 homo.
1964 5604 2043 5662 De
2078 5608 2413 5667 deformitate
2449 5612 2615 5682 ipsius
2643 5614 2817 5671 adhuc
2851 5616 3021 5674 dicit:
3050 5619 3349 5683 Hutttii'tarit

1759 5710 1814 5748 se
1837 5697 2025 5766 ipsum,
2050 5699 2217 5769 factus
2239 5699 2474 5757 obediens
2496 5719 2653 5775 usque
2674 5706 2742 5759 ad
2768 5716 2995 5778 mortem,
3023 5722 3231 5768 mortem
3256 5732 3348 5771 att-

1761 5794 1859 5841 tem
1886 5787 2048 5842 crucis
2086 5786 2344 5864 (Philipp.
2368 5808 2439 5861 tt,
2469 5791 2615 5867 6-8).
2644 5796 2780 5856 Ecce
2825 5800 2912 5857 ubi
2951 5802 3074 5860 vidi.
3114 5802 3345 5864 Concor-
