3852 6182
471 375 576 432 535

466 499 593 551 dant
637 509 763 562 ergo
801 493 957 546 ambo
987 491 1209 561 paciﬁci,
1240 501 1293 545 et
1339 492 1505 561 pacati
1550 500 1670 544 sunt
1712 490 1887 544 ambo.
1913 486 2046 556 Quid

466 603 542 643 est
571 587 860 657 speciesius
886 585 1032 640 Deo?
1053 584 1187 653 Quid
1213 583 1505 639 deformius
1528 580 1836 637 Crucilixo?

539 685 572 739 5
621 677 945 732 Diseumbens
981 679 1089 732 sine
1136 687 1261 733 ueste
1321 676 1534 747 nuptiali
1579 672 1891 744 reprobatas.
1946 672 2048 726 Iste

463 786 589 839 ergo
616 785 843 839 sponsus
883 769 1157 839 Speciosus
1197 768 1364 822 forma
1414 783 1523 837 prm
1561 765 1681 819 ﬁliis
1735 764 2043 828 hominum,

461 863 715 917 deformis
742 861 909 916 factus
940 872 994 916 ut
1014 860 1287 933 pulchram
1321 859 1516 914 faceret
1549 873 1832 927 Sponsam,
1860 857 1944 910 cui
1968 854 2054 909 di-

462 955 618 1020 citur,
652 953 697 1008 0
716 955 897 1008 decora
918 956 1046 1007 inter
1074 954 1303 1007 mulieres
1331 951 1499 1022 (Cant.
1534 969 1569 1011 ι,
1599 954 1655 1020 7)
1681 952 1692 1005 l
1725 950 1791 1004 de
1831 966 1931 1019 qu.»
1962 949 2045 1001 di—

461 1047 618 1109 citur,
647 1046 771 1114 Qua:
796 1055 868 1100 est
906 1047 1002 1099 ista
1033 1061 1148 1115 qua:
1172 1045 1393 1098 ascendit
1422 1041 1653 1096 dealbata
1703 1037 1811 1114 (Id.
1858 1057 1934 1105 ιιι,
1963 1037 2044 1110 6).

464 1140 775 1204 illuminata,
808 1154 909 1193 non
931 1139 1112 1193 colore
1140 1137 1398 1193 mendacii
1423 1134 1663 1190 fuscata?
1685 1133 1887 1188 invenit
1916 1149 2045 1202 ergo

464 1232 561 1285 iste
594 1232 681 1301 qui
709 1231 916 1284 vocavit
940 1230 1005 1284 ad
1037 1230 1243 1298 nuptias
1264 1272 1278 1293 ,
1310 1226 1579 1281 hominem
1625 1241 1729 1278 non
1760 1225 2042 1278 habentem

468 1332 664 1376 testem
694 1322 1004 1391 nuptialem,
1029 1328 1081 1374 ct
1109 1320 1181 1373 ait
1208 1320 1303 1380 illi,
1335 1316 1506 1371 Amice
1526 1358 1540 1383 ,
1580 1317 1700 1386 quid
1722 1316 1816 1369 huc
1845 1316 2046 1371 intratsi

461 1431 559 1466 non
594 1413 777 1466 latitans
822 1421 997 1467 vestem
1034 1409 1353 1478 nuptialem?
1392 1409 1456 1463 At
1506 1408 1592 1461 ille
1620 1407 1879 1463 obmutuit.
1928 1407 2041 1461 Non

459 1510 599 1559 enim
640 1506 837 1559 invenit
872 1503 1013 1575 quod
1052 1502 1417 1572 responderet.
1464 1501 1626 1556 Etait
1669 1498 2044 1570 paterfamilias

460 1601 544 1667 qui
571 1599 855 1651 intraverat
882 1615 893 1650 :
928 1595 1102 1666 Ligula
1129 1595 1205 1650 illi
1243 1611 1423 1649 manus
1448 1603 1492 1648 et
1532 1594 1682 1663 pedes
1703 1636 1716 1656 .
1739 1603 1785 1647 et
1816 1593 2044 1664 projicite

458 1691 601 1742 illam
649 1690 700 1741 in
734 1690 958 1743 tenebras
986 1688 1254 1743 exteriores
1297 1704 1315 1741 :
1345 1687 1412 1740 ibi
1456 1687 1545 1740 erit
1577 1687 1725 1757 ﬂetus
1767 1694 1812 1739 et
1854 1684 2042 1739 stridor

459 1782 699 1833 dentium.
729 1780 801 1834 De
820 1791 922 1834 tam
951 1796 1107 1849 parva
1139 1779 1290 1848 culpa
1311 1789 1415 1833 tam
1439 1795 1623 1848 magna
1648 1779 1835 1848 poena?
1855 1777 2037 1847 Magna

458 1872 619 1925 enim.
654 1872 817 1924 Parva
845 1871 1039 1924 dicitur
1058 1870 1211 1939 culpa
1240 1885 1343 1923 non
1372 1870 1568 1925 habere
1595 1879 1793 1923 vestem
1831 1869 2042 1938 nuptia-

465 1966 563 2017 lem
597 1981 609 2015 :
642 1978 825 2031 parva,
858 1962 951 2016 scd
994 1976 1095 2015 non
1140 1960 1575 2030 iutelligeutibus.
1599 1959 1821 2029 Quando
1850 1960 1936 2015 ille
1966 1961 2042 2014 sic

461 2063 824 2116 suecenscrct,
857 2052 1069 2125 quando
1097 2052 1186 2107 ille
1218 2051 1592 2122 sicjudicaret,
1621 2061 1680 2107 ut
1709 2062 1923 2121 propter
1949 2068 2040 2107 ve-

457 2155 593 2201 stem
624 2145 911 2215 nuptialem
945 2161 1100 2214 quam
1144 2162 1246 2197 nun
1282 2143 1542 2207 habebat,
1566 2144 1800 2198 mitteret
1836 2159 1956 2198 eum
1981 2143 2042 2196 li-

457 2240 593 2308 gatis
617 2239 860 2293 manilms
886 2248 939 2292 et
968 2222 1190 2307 pedibus
1221 2236 1272 2290 in
1308 2236 1552 2291 tenebras
1595 2237 1916 2301 exteriores,
1953 2235 2038 2290 ubi

457 2342 601 2387 esset
629 2331 791 2387 ﬁctus
820 2338 873 2385 et
897 2330 1094 2385 stridor
1118 2331 1392 2397 dentium,
1420 2329 1518 2384 uisi
1543 2329 1697 2398 culpa
1721 2337 1864 2384 esset
1888 2326 2041 2383 valde

457 2426 632 2494 gravis
661 2435 862 2478 vestem
890 2439 993 2477 non
1018 2422 1214 2476 habere
1240 2404 1570 2489 nuptialem?
1606 2421 1734 2476 Dico
1764 2438 1776 2474 :
1804 2420 1924 2490 quia
1947 2435 2041 2489 per

461 2531 544 2570 me
569 2516 771 2569 invitati
795 2514 957 2578 estis,
991 2513 1113 2567 etsi
1145 2527 1240 2567 vos
1270 2512 1359 2567 ille
1401 2511 1675 2573 invitavit,
1709 2525 1803 2579 per
1832 2526 1929 2565 uos
1959 2510 2036 2565 in.

460 2605 661 2659 \itavit.
695 2605 748 2659 In
776 2605 1020 2658 convivio
1045 2603 1174 2659 etatis
1199 2618 1385 2656 omnes
1404 2643 1418 2667 ,
1451 2601 1696 2656 habetote
1717 2609 1917 2656 vestem
1941 2615 2039 2654 nu-

461 2698 694 2767 ptialem.
725 2696 943 2766 Expuuo
983 2712 1101 2766 qua:
1146 2705 1227 2750 est
1250 2738 1265 2762 ,
1292 2704 1347 2748 ut
1382 2709 1569 2749 omnes
1609 2693 1881 2760 habeatis,
1913 2693 2036 2747 etsi

458 2789 647 2859 aliquis
696 2802 907 2842 menon
949 2784 1025 2859 (ιι)
1071 2785 1216 2841 audit
1259 2785 1347 2854 qui
1394 2801 1495 2838 non
1542 2784 1723 2849 habet,
1756 2791 2037 2853 antequam

461 2880 637 2934 veniat
664 2876 1042 2949 paterfamilias
1067 2885 1122 2932 et
1140 2877 1391 2931 convivas
1417 2891 1541 2930 suos
1571 2875 1834 2944 inspiciat,
1867 2880 2039 2929 mute-

461 2985 543 3027 tur
566 2975 616 3027 iu
642 2973 853 3038 melius,
877 2972 1102 3042 accipiat
1128 2980 1324 3028 vestem
1349 2970 1658 3040 nuptialem,
1686 2984 1906 3025 securus
1927 2969 2038 3025 dis-

457 3066 689 3120 cumbat.
1428 3064 1431 3065 ⁷

528 3157 580 3214 6.
630 3157 771 3212 Unus
802 3158 1051 3229 projectus
1099 3157 1283 3211 multos
1321 3157 1527 3227 ﬁgurat.
1580 3153 1696 3210 Non
1716 3155 1860 3211 enim
1887 3170 2030 3220 vere,

457 3254 776 3318 charissimi,
803 3254 889 3307 ille
909 3253 995 3324 qui
1029 3252 1150 3307 inde
1182 3251 1447 3323 projectus
1472 3260 1552 3305 est
1582 3266 1741 3304 unum
1764 3249 2034 3305 hominem

457 3348 717 3419 significat
746 3364 757 3401 :
789 3347 945 3402 absit.
985 3344 1131 3400 Multi
1166 3355 1285 3399 sunt
1316 3343 1412 3417 (ὁ).
1445 3344 1513 3400 Et
1539 3346 1652 3414 ipse
1676 3344 1930 3398 Dominus
1946 3344 2034 3413 qui

458 3440 593 3494 hanc
647 3437 950 3509 parabolam
1015 3437 1324 3509 proposuit,
1363 3435 1601 3506 Sponsus
1636 3435 1750 3506 ipse
1807 3434 2034 3490 convivii

454 3541 776 3588 convocatur
801 3539 855 3586 et
880 3531 1222 3585 convivarum
1262 3529 1557 3584 viviﬁcator
1576 3570 1591 3594 .
1623 3529 1735 3598 ipse
1759 3528 1915 3584 nobis
1936 3543 2034 3583 ex-

457 3623 647 3692 posuit,
679 3622 801 3692 quia
831 3622 989 3676 homo
1018 3621 1106 3676 ille
1133 3637 1238 3675 non
1268 3636 1428 3676 unum
1454 3621 1725 3675 hominem
1748 3620 2030 3691 signiﬁcat,

413 3755 415 3758 ‹
452 3715 543 3771 sed
567 3716 781 3781 multos,
811 3714 903 3776 ibi.
934 3716 985 3769 in
1016 3714 1133 3785 ipso
1162 3715 1307 3778 loco,
1339 3714 1392 3769 in
1417 3713 1600 3768 eadem
1618 3712 1889 3783 parabola.
1917 3711 2034 3767 Non

451 3826 516 3865 eo
536 3811 711 3878 longe,
742 3809 807 3863 ibi
836 3822 1065 3877 expono,
1097 3807 1164 3862 ibi
1193 3806 1376 3876 frango
1404 3815 1459 3860 et
1483 3803 1908 3860 manducandum
1936 3820 2033 3875 ap-

453 3917 608 3969 pnnu.
641 3899 728 3953 Ait
752 3900 912 3960 enim,
946 3914 1064 3953 cum
1098 3897 1219 3951 inde
1263 3898 1457 3952 missus
1500 3906 1647 3953 esset
1677 3897 1766 3952 ille
1795 3911 1903 3951 non
1934 3896 2031 3951 ha-

451 3993 579 4047 bens
624 4000 823 4046 vestem
872 3989 1157 4060 nuptialem
1202 3990 1252 4044 iu
1294 3988 1539 4043 tenebras
1576 3990 1867 4045 exteriores
1903 4008 1914 4044 :
1960 3989 2033 4044 ait

449 4104 593 4157 ergo,
627 4097 674 4140 et
705 4094 916 4140 secutus
942 4084 1199 4154 adjuuxit,
1232 4082 1382 4138 Multi
1404 4083 1536 4137 enim
1565 4093 1681 4137 sunt
1703 4084 1882 4146 vocati.
1903 4100 2031 4152 pau-

447 4182 491 4235 ci
516 4197 628 4235 vero
649 4180 788 4234 electi
828 4177 1040 4248 (Matth.
1067 4193 1178 4231 χχιι
1199 4219 1214 4243 ,
1246 4176 1453 4247 11-11).
1491 4175 1661 4231 Unum
1699 4173 1823 4229 hinc
1853 4174 2028 4245 proje-

447 4272 583 4337 cisti,
613 4282 665 4327 et
688 4270 839 4335 dicis,
878 4268 1028 4323 Multi
1058 4269 1189 4323 enim
1213 4277 1330 4322 sunt
1362 4269 1539 4328 vocati.
1564 4268 1711 4337 pauci
1724 4268 1885 4322 electi.
1903 4268 2030 4323 Sine

447 4362 608 4417 dubio
635 4360 787 4414 electi
818 4374 920 4413 non
950 4371 1073 4413 sunt
1101 4357 1320 4427 projecti
1355 4377 1368 4410 :
1397 4369 1449 4412 et
1470 4358 1567 4426 ipsi
1595 4366 1742 4413 erant
1766 4359 1915 4428 pauci
1938 4359 2028 4429 qui

446 4451 838 4506 discumbentes
869 4457 1266 4512 remanserant;
1290 4457 1341 4503 et
1359 4449 1507 4503 multi
1529 4460 1681 4504 erant
1702 4443 1757 4504 in
1786 4450 1874 4505 illo
1897 4467 2024 4517 uuo,

446 4541 566 4610 quia
594 4539 681 4593 ille
702 4554 837 4593 unus
863 4554 1021 4593 unum
1046 4553 1239 4609 corpus
1268 4539 1527 4592 malorqu
1551 4547 1653 4604 est,
1683 4540 1769 4610 qui
1797 4556 1901 4595 non
1933 4540 2026 4595 ha-

448 4631 537 4687 bet
559 4641 760 4710 vestem
787 4630 1096 4700 nuptialem.

516 4723 565 4778 7.
609 4718 767 4777 Vestis
794 4724 1054 4794 nuptialis,
1081 4723 1320 4778 charitas.
1351 4724 1485 4793 Quid
1513 4735 1594 4780 est
1627 4728 1786 4782 vestis
1816 4729 2024 4799 nuptia-

444 4818 509 4873 lis
539 4815 646 4889 (c)?
675 4816 985 4886 Qnmramus
1017 4818 1157 4872 illam
1185 4819 1235 4874 in
1267 4818 1478 4874 Litteris
1503 4821 1699 4878 sanctis
1724 4822 1762 4876 ³.
1785 4822 1921 4892 Quid
1943 4831 2026 4878 est

442 4911 604 4967 vestis
625 4909 913 4981 nuptialis?
943 4909 1069 4967 Sine
1093 4908 1255 4967 dubio
1298 4911 1495 4982 aliquid
1537 4922 1619 4967 est
1652 4914 1789 4984 quod
1818 4914 1938 4971 mali
1971 4923 2025 4970 ct

444 5002 564 5058 boni
594 5018 875 5058 connnnne
896 5018 1002 5058 non
1026 5002 1221 5059 habent
1249 5022 1260 5058 :
1296 5002 1395 5059 hoc
1422 5004 1768 5068 inveniamus,
1792 5014 1846 5062 et
1866 5004 1917 5060 in
1930 5022 2023 5060 ve-

441 5095 616 5152 nimus
647 5104 846 5150 vestem
878 5095 1188 5165 nuptialem.
1236 5094 1292 5150 lu
1320 5095 1474 5152 donis
1506 5097 1596 5151 Dei
1624 5097 1748 5169 quid
1774 5098 2019 5167 estquod

438 5200 720 5241 commune
757 5201 861 5240 nun
907 5185 1103 5241 habent
1159 5186 1279 5242 boui
1315 5197 1369 5243 et
1405 5189 1565 5244 mali?
1593 5187 1743 5258 Quod
1780 5188 2023 5247 homines

439 5292 622 5333 smnus
663 5287 717 5333 et
755 5292 947 5347 pecora
991 5293 1095 5332 non
1134 5295 1352 5347 sumus,
1392 5282 1483 5336 Dei
1526 5281 1724 5336 donum
1764 5291 1888 5338 est:
1925 5282 2019 5338 sed

434 5386 719 5426 commune
744 5370 846 5427 hoc
883 5386 1001 5426 cum
1029 5371 1181 5427 bonis
1200 5382 1255 5427 et
1279 5373 1452 5431 malis.
1477 5374 1629 5443 Quod
1657 5374 1811 5431 nobis
1835 5375 1927 5432 lux
1951 5375 2021 5435 de

438 5532 522 5643 bu;
541 5531 820 5645 glori
842 5531 1149 5585 Collectione.
1172 5540 1226 5584 At
1248 5535 1298 5585 in
1316 5534 1589 5587 Colbertlno
1606 5536 1789 5598 codice.
1816 5537 1866 5589 in
1884 5537 2021 5591 vesti-

495 5674 569 5735 (ιι)
591 5682 751 5735 Forte,
773 5689 916 5727 nunc.

499 5675 549 5728 ta
591 5682 751 5735 Forte,
773 5689 916 5727 nunc.

499 5675 569 5854 (ῡξ
592 5737 709 5813 vide
730 5749 876 5798 supra
897 5750 1173 5791 sermonem
1189 5741 1270 5802 90,
1293 5758 1344 5795 ιι.
1368 5746 1415 5796 4.

499 5795 545 5849 (c
590 5795 706 5846 \tde
727 5808 873 5854 supra
893 5810 1170 5853 sermonem
1191 5803 1272 5854 90.
1296 5821 1344 5854 ιι.
1370 5808 1415 5854 5.

496 5795 569 5854 (ι’)
590 5795 706 5846 \‘tde
727 5795 873 5859 supra
893 5810 1170 5853 sermonem
1191 5795 1272 5861 90;
1296 5821 1344 5857 ιι.
1370 5795 1420 5863 5.
1445 5820 1560 5874 δίιτι.

1704 371 1758 425 S.
1803 368 2164 428 AUGUSTtNt
2208 370 2507 429 EHSCOPI
3638 391 3730 447 εει

2156 490 2292 543 ςιιειιι
2323 492 2510 557 oritur,
2538 493 2603 548 de
2632 495 2771 549 nube
2813 496 3000 564 pluvite
3024 497 3347 554 descendunt
3370 544 3384 566 ,
3418 500 3587 559 fontes
3628 522 3726 559 ma.

2159 592 2305 641 naut,
2329 583 2438 651 agri
2468 582 2803 649 fructificaut,
2830 587 2965 640 dena
2998 598 3152 654 sunt,
3186 590 3278 644 sed
3306 592 3455 646 bonis
3484 595 3722 667 malisque

2155 675 2477 728 comumn‘a.
2507 674 2770 732 lntretuus
2793 678 2858 731 ad
2887 680 3132 748 nuptias;
3167 679 3293 736 foris
3317 684 3448 738 alios
3473 686 3718 758 relinqua-

2158 779 2294 830 mus,
2325 766 2411 834 qui
2442 783 2545 820 ncn
2575 778 2831 823 venerunt
2859 771 3046 826 vocali.
3074 772 3221 841 ipsos
3247 778 3518 845 convivas,
3554 780 3600 834 id
3628 793 3720 847 est,

2152 853 2483 912 Christianos
2511 860 2926 917 Consideremus.
2956 862 3256 931 Baptismus
3278 867 3473 923 ι1ιιιιιιιιι
3514 871 3603 927 Dei
3630 885 3721 935 est.

2155 947 2349 1002 habent
2372 950 2517 1005 illum
2552 952 2671 1006 boni
2702 964 2754 1009 et
2793 956 2934 1010 mali.
2970 956 3169 1033 Altaris
3208 958 3553 1017 Sacramenta
3583 965 3721 1020 simul

2152 1041 2416 1109 accipiunt
2445 1046 2562 1097 boni
2608 1054 2660 1100 et
2698 1047 2842 1100 mali.
2883 1048 3364 1119 ProphetavitSat‘tl
3415 1055 3649 1125 iniquus.
3675 1073 3723 1114 ct

2154 1132 2267 1186 viro
2307 1147 2493 1187 Sancto
2515 1148 2672 1206 atque
2697 1139 2990 1207 justissimo
3035 1144 3286 1208 infestus;
3314 1147 3440 1202 dum
3465 1168 3584 1202 eum
3612 1169 3721 1219 pcr-

2150 1235 2462 1293 sequcretur
2492 1230 2828 1297 prophetavit
2856 1232 2898 1303 (Ι
2932 1233 3058 1304 Reg.
3091 1235 3227 1305 XIX).
3256 1235 3521 1307 Numquid
3552 1242 3720 1297 dicaa-

2152 1325 2236 1371 tnr
2255 1318 2475 1375 credere
2505 1323 2601 1375 soli
2635 1322 2801 1377 boui?
2828 1323 2891 1377 Et
2910 1326 3160 1379 daemones
3193 1330 3399 1382 credant
3419 1373 3433 1393 ,
3461 1343 3507 1384 et
3538 1345 3719 1387 contre-

2149 1410 2363 1465 ms'eunt
2386 1412 2587 1484 (Jacobi
2615 1432 2669 1481 ιι,
2702 1418 2814 1485 19).
2847 1416 2982 1485 Quid
3012 1419 3185 1473 facio?
3212 1421 3428 1476 Excussi
3461 1427 3652 1489 omnia,
3674 1438 3723 1480 et

2149 1503 2214 1555 ad
2249 1514 2445 1558 vestem
2479 1505 2620 1559 illam
2658 1508 2890 1562 nondum
2923 1511 3159 1577 perveni.
3188 1510 3523 1568 lnvolucrum
3555 1532 3719 1571 meum

2147 1592 2425 1662 esplieavi.
2443 1598 2721 1680 onuiia'vel
2742 1614 2876 1668 pene
2887 1603 3064 1655 omnia
3080 1603 3355 1657 considera
3365 1605 3431 1670 vi,
3451 1606 3720 1670 adyestem

2150 1684 2291 1740 illam
2322 1686 2554 1742 nondum
2588 1691 2822 1759 perveni.
2842 1692 3080 1760 Quodam
3098 1694 3216 1749 loco
3239 1695 3433 1750 Paulus
3461 1700 3721 1767 apostolus

2146 1778 2319 1833 attulit
2347 1780 2475 1834 mihi
2501 1796 2745 1852 magnoin
2786 1786 3113 1839 involucrum
3157 1802 3468 1856 mag-tarum
3513 1805 3720 1855 rerum;

2145 1871 2390 1940 exposuit
2433 1883 2555 1928 ante
2594 1890 2713 1940 me,
2744 1884 2797 1929 et
2831 1876 2937 1930 dixr
2968 1879 3038 1942 ei,
3070 1878 3302 1934 Ostende
3349 1880 3480 1934 mihi
3512 1882 3558 1935 si
3596 1885 3721 1939 forte

2148 1960 2235 2016 hic
2260 1963 2403 2018 illam
2435 1973 2634 2020 vestem
2664 1968 2953 2035 nuptialem
2981 1970 3244 2040 reprristi.
3279 1971 3458 2042 Cmpit
3486 1985 3723 2030 excutere

2146 2055 2373 2127 singula,
2399 2067 2453 2113 et
2479 2058 2660 2115 dicere
2683 2077 2696 2111 :
2727 2059 2790 2114 Si
2816 2061 3001 2133 linguis
3022 2062 3276 2117 hominum
3296 2064 3480 2135 loquar
3498 2076 3549 2121 et
3571 2069 3726 2137 Ange-

2147 2148 2309 2201 lorum
2331 2191 2345 2212 ,
2372 2148 2415 2202 si
2446 2149 2652 2204 habeam
2695 2169 2888 2206 omnem
2926 2155 3215 2220 scientiam,
3242 2164 3286 2209 et
3321 2159 3662 2226 prophetiam,
3685 2170 3726 2212 ct

2143 2254 2343 2293 omnem
2363 2240 2515 2308 ﬁdem
2539 2285 2553 2306 ,
2579 2243 2650 2295 ita
2686 2252 2738 2295 ut
2769 2255 2958 2298 montes
2982 2251 3281 2317 transferam
3302 2264 3320 2313 ;
3343 2248 3389 2302 si
3434 2248 3725 2303 distribuere

2147 2330 2315 2383 omnia
2341 2347 2449 2385 utea
2475 2332 2775 2401 pauperibus
2796 2377 2810 2399 ,
2844 2345 2887 2388 et
2920 2336 3115 2389 tradatu
3148 2354 3329 2407 corpus
3362 2355 3531 2392 meum
3567 2352 3621 2394 ut
3642 2358 3715 2394 ar-

2145 2422 2310 2477 deam.
2334 2423 2534 2495 Magna:
2556 2434 2735 2482 vestes
2770 2443 2784 2481 :
2812 2427 3043 2482 nondum
3075 2439 3247 2483 tamen
3284 2439 3367 2486 est
3406 2431 3498 2485 illa
3526 2435 3711 2501 nuptia-

2146 2514 2228 2568 lis.
2256 2511 2371 2569 Jani
2413 2517 2588 2585 proter
2634 2517 2784 2571 nobis
2831 2519 3116 2588 nuptialem
3167 2531 3387 2576 vestem.
3424 2521 3563 2590 Quid
3604 2539 3703 2586 nos,

2146 2607 2415 2675 Apostole,
2441 2608 2760 2676 suSpcndis?
2783 2610 3064 2679 Prophctia
3087 2609 3220 2666 forte
3250 2611 3345 2666 Dei
3383 2612 3585 2667 donum
3623 2626 3707 2675 est,

2146 2697 2287 2767 quod
2316 2714 2421 2754 non
2445 2699 2633 2756 habent
2658 2702 2780 2756 boui
2824 2711 2876 2756 et
2912 2704 3057 2758 mali.
3083 2703 3144 2757 Si
3171 2704 3498 2771 clmritatem,
3524 2708 3675 2776 inquit
3696 2750 3708 2769 ,

2145 2807 2244 2844 non
2275 2790 2503 2857 habeam,
2527 2793 2654 2847 nihil
2678 2806 2787 2847 sum
2808 2836 2823 2859 ,
2854 2794 2983 2848 nihil
3008 2796 3130 2848 mihi
3156 2797 3356 2864 prodest
3383 2798 3428 2863 (l
3450 2797 3566 2851 Cor.
3596 2813 3678 2853 xm
3697 2841 3708 2859 .

2146 2881 2275 2951 1-3).
2319 2883 2455 2938 Ecce
2489 2886 2648 2939 vestis
2688 2885 2970 2956 nuptialis:
3002 2886 3200 2942 induite
3233 2902 3362 2952 vos,
3389 2904 3424 2942 ο
3447 2893 3706 2953 convivae,

2144 2982 2202 3028 ut
2225 2973 2775 3030 securidiscumbatis.
2800 2976 2972 3033 Nolite
2992 2977 3168 3034 dicere
3200 2997 3213 3033 :
3245 2979 3322 3034 Ad
3347 2981 3499 3035 istam
3518 2992 3710 3035 vestem

2145 3064 2440 3121 habendam
2500 3081 2756 3137 pauperes
2809 3082 3009 3123 sumus.
3085 3068 3301 3136 Vestite,
3329 3080 3385 3124 et
3435 3071 3713 3126 vestimini.

2146 3158 2328 3214 lliems
2368 3169 2450 3214 est
2482 3177 2493 3212 :
2525 3164 2713 3214 vestite
2751 3159 2921 3214 nudos
2958 3177 2971 3213 :
3020 3159 3193 3215 nudus
3232 3170 3313 3216 est
3359 3160 3637 3225 Christus;
3664 3171 3714 3215 et

2141 3252 2460 3323 quicumque
2499 3267 2601 3305 non
2643 3251 2847 3307 habetis
2885 3262 3085 3308 vestem
3127 3254 3415 3324 nuptialem
3437 3297 3451 3317 ,
3481 3254 3620 3308 dabit
3649 3254 3710 3305 il-

2145 3346 2267 3398 lam.
2298 3343 2377 3398 Ad
2409 3344 2551 3397 illum
2583 3344 2816 3411 currite,
2845 3346 3016 3414 ipsum
3061 3352 3243 3416 rogate
3273 3363 3285 3399 :
3315 3346 3465 3400 novit
3484 3342 3707 3399 sam-tili-

2142 3452 2263 3491 care
2291 3435 2477 3492 ﬁdeles
2504 3452 2648 3504 suos,
2679 3438 2821 3492 novit
2841 3440 3040 3495 vestire
3076 3439 3249 3493 nudos
3272 3454 3419 3494 suos.
3468 3438 3531 3495 Ut
3553 3437 3712 3507 possi-

2146 3530 2213 3584 tis
2235 3538 2438 3585 vestem
2484 3529 2741 3586 habentes
2777 3530 3064 3601 nuptialem
3105 3546 3210 3585 non
3257 3531 3447 3587 timere
3474 3530 3715 3585 tenebras

2140 3620 2451 3685 exteriores,
2474 3620 2679 3676 vincula
2701 3621 3056 3677 membrorum
3079 3632 3133 3677 et
3154 3637 3405 3678 manuum
3427 3631 3478 3678 et
3503 3623 3706 3693 pedum;

2142 3732 2246 3771 non
2277 3715 2527 3772 deﬁciant
2544 3730 2725 3787 opera.
2751 3714 2806 3770 Si
2832 3715 3104 3783 deliciuut,
3133 3716 3304 3788 ligatis
3329 3716 3569 3772 manibus
3588 3711 3704 3781 quid

2141 3808 2372 3862 facturus
2400 3807 2517 3863 est?
2541 3807 2712 3877 ligatis
2744 3807 2966 3878 pedibus
2993 3825 3098 3878 quo
3124 3808 3390 3880 fugiturus
3422 3807 3542 3863 ρειιῖ
3568 3806 3702 3861 [flant

2141 3899 2362 3955 teneatis
2389 3906 2591 3953 vestem
2611 3900 2916 3969 nuptialem,
2936 3901 3210 3955 induimiui
3240 3902 3429 3971 ipsam,
3460 3911 3513 3956 et
3538 3895 3699 3953 securi

2136 3989 2472 4058 discumbite,
2494 3990 2705 4062 quando
2733 3992 2875 4047 venit
2919 3992 3197 4062 inspicere.
3239 3993 3364 4048 Dies
3386 3991 3564 4063 judicii
3588 3988 3699 4043 ade-

2137 4075 2240 4130 rit:
2269 4090 2517 4146 magnum
2554 4075 2781 4144 Spatium
2822 4076 2981 4131 modo
3010 4077 3369 4149 largitur,qui
3407 4078 3574 4133 nudus
3596 4079 3703 4130 erat

2136 4168 2415 4240 aliquando
2440 4170 2711 4224 vestiatur.

2631 4259 2862 4317 SERMO
2885 4261 3041 4315 xcvi
3070 4266 3083 4285 ι
3116 4260 3212 4333 ((ι).

2137 4355 2212 4409 De
2236 4355 2393 4411 verbis
2414 4353 2672 4424 Evangelii
2697 4353 2877 4413 Marci,
2905 4373 3015 4421 cap.
3051 4369 3140 4408 \‘lll
3165 4397 3176 4414 ,
3207 4354 3302 4418 34,
3339 4354 3394 4409 Si
3438 4355 3553 4423 quis
3601 4346 3691 4402 vult

2206 4463 2291 4501 me
2319 4447 2490 4517 sequi,
2515 4447 2736 4516 abneget
2755 4447 3095 4515 semetipsum
3114 4487 3127 4509 ,
3152 4454 3249 4499 etc.
3267 4486 3281 4508 ,
3317 4446 3474 4514 deque
3503 4442 3644 4498 verbis
3670 4434 3683 4487 Ι

2202 4538 2357 4593 Joan.
2395 4554 2451 4602 ιι,
2482 4537 2566 4603 15,
2594 4537 2692 4607 Qui
2726 4537 2900 4607 diligit
2935 4536 3219 4601 mundum,
3249 4552 3357 4590 non
3388 4547 3469 4592 est
3500 4530 3685 4589 dilectio

2202 4634 2373 4691 Patris
2399 4633 2449 4688 in
2480 4649 2564 4688 eo.

2201 4725 2448 4783 CAPUT'
2494 4724 2775 4780 PRIMUM.
2828 4754 2899 4764 —
2971 4725 3021 4778 ι.
3071 4721 3331 4779 Charitate
3382 4725 3513 4791 ﬁant
3580 4727 3682 4788 prtt'

2131 4830 2274 4892 cepta
2302 4820 2446 4874 levia.
2495 4818 2691 4872 Durum
2737 4817 2948 4869 videtur
2986 4826 3040 4871 et
3072 4831 3233 4885 grave
3276 4814 3418 4883 quod
3457 4811 3680 4867 Dominus

2131 4912 2425 4982 imperavit,
2457 4909 2574 4965 utsi
2617 4908 2734 4979 quis
2759 4924 2879 4962 eum
2909 4907 3022 4962 vult
3061 4907 3240 4976 sequi,
3275 4906 3501 4976 abneget
3537 4918 3592 4957 se
3615 4899 3683 4962 iP'

2128 5019 2268 5057 sum.
2299 5000 2405 5057 Sed
2427 5017 2531 5056 non
2552 5010 2633 5055 est
2658 4999 2847 5053 durum
2877 5014 2974 5053 nec
2992 5013 3154 5068 grave
3177 4996 3319 5067 quod
3350 4996 3438 5050 ille
3464 4990 3689 5064 imperat.

2129 5095 2215 5168 qui
2238 5094 2449 5165 adjuvat
2475 5104 2533 5148 ut
2553 5092 2642 5147 ﬁat
2668 5092 2807 5162 quod
2833 5091 3079 5161 imperat.
3110 5089 3241 5144 Nam
3268 5098 3323 5145 et
3364 5088 3494 5143 illud
3527 5085 3697 5140 verum

2128 5196 2209 5243 est
2231 5186 2371 5257 quod
2388 5186 2436 5242 ei
2466 5185 2660 5241 dicitur
2686 5185 2735 5239 in
2763 5184 2976 5238 Paulino
3004 5200 3019 5236 :
3050 5179 3272 5250 Propter
3290 5180 3440 5235 verba
3463 5177 3700 5257 inhient”!

2127 5252 2329 5336 tuarum
2354 5296 2443 5352 ego
2473 5279 2712 5333 custodiri
2742 5276 2846 5331 uias
2872 5282 3025 5330 duras
3052 5273 3222 5346 (Psal.
3250 5278 3364 5339 xv‘t,
3387 5274 3467 5333 4).
3497 5271 3557 5326 Et
3580 5252 3707 5319 illm-l

2126 5389 2311 5430 verum
2338 5382 2421 5428 est
2446 5371 2585 5442 quod
2619 5372 2729 5440 ipse
2754 5369 2889 5425 dixit.
2915 5387 2927 5422 :
2950 5366 3143 5438 Jugam
3177 5382 3343 5420 meum
3384 5368 3494 5420 leue
3525 5372 3621 5420 est.
3648 5357 3711 5398 (⁸

2125 5483 2253 5523 onus
2278 5482 2440 5521 meum
2461 5468 2563 5521 leve
2584 5475 2655 5521 est
2681 5463 2894 5535 (Matth.
2918 5479 2992 5528 xi,
3022 5463 3133 5533 ὅθ).
3156 5461 3425 5531 Quidquid
3452 5458 3590 5514 enim
3608 5445 3721 5543 διξ-

2125 5578 2243 5617 ι·ιιιιι
2262 5569 2347 5616 est
2374 5562 2425 5614 iu
2449 5560 2746 5631 punct-ptis,
2774 5567 2829 5613 ut
2856 5559 2925 5613 sit
2949 5558 3087 5623 leae,
3113 5556 3350 5612 charitas
3380 5554 3525 5610 facit.
3554 5547 3689 5608 N0“
3708 5560 3733 5572 “

2187 5692 2206 5710 ⁶
2231 5697 2460 5743 Inventus
2496 5697 2575 5742 est.
2610 5692 2660 5741 in
2702 5698 2784 5741 Ms.
2824 5689 2968 5742 unico
3002 5703 3079 5755 gr.
3106 5689 3232 5743 etin
3252 5687 3407 5743 editis
3433 5687 3571 5739 Elim.
3607 5672 3740 5731 Ρα-

2126 5764 2261 5879 ωἶιὶ)
2285 5814 2407 5866 Alias
2426 5814 2489 5867 de
2512 5816 2722 5867 Diversis
2745 5814 2813 5867 ιτ.
