3852 6182
159 397 253 436 mus
275 384 474 450 quanta
506 378 617 447 ipse
647 390 796 429 amor
836 374 1012 428 faciat.
1056 371 1372 437 Plerumque
1401 368 1559 420 etiam
1606 366 1718 434 ipse

158 488 283 528 arnor
316 471 586 544 reprobus
623 477 783 538 atque
819 467 1043 522 lascivus
1081 473 1164 518 est
1195 482 1204 515 :
1244 466 1440 532 quanta
1481 460 1726 512 homines

157 567 263 620 dura
297 559 543 632 perpessi
590 568 749 625 sunt,
779 565 974 628 quanta
1019 555 1232 626 indigna
1275 560 1330 608 et
1372 548 1724 604 intolerabilia

161 656 470 728 pertulerunt
490 692 506 717 ,
537 659 598 707 ut
625 650 969 721 pervenirent
996 648 1062 702 ad
1103 647 1155 701 id
1192 644 1335 715 quod
1377 648 1723 704 amaverunt;

159 750 250 804 sive
268 748 336 802 sit
361 755 575 800 amator
602 740 862 815 pecuuitr,
893 741 985 811 qui
1021 748 1238 793 vocatur
1264 749 1495 798 avarus;
1524 733 1635 786 sive
1660 731 1727 786 sit

159 837 355 894 honoris
379 843 614 901 amator,
644 833 733 903 qui
764 840 984 886 vocatur
1012 828 1358 890 ambitiosus;
1386 825 1500 879 sive
1518 822 1587 877 sit
1609 836 1727 875 cor-

161 944 324 1000 porum
349 926 702 998 pulchrurum
724 931 930 977 amator
955 962 969 986 ,
1000 920 1089 991 qui
1125 928 1346 974 vocatur
1370 914 1637 972 lascivus?
1664 914 1733 968 Et

159 1018 258 1090 quis
295 1026 481 1088 posset
518 1028 838 1070 enumerare
875 1026 1063 1065 omnes
1103 1008 1354 1064 amores?
1386 1006 1732 1061 Considerate

162 1122 339 1171 tamen,
368 1117 630 1177 quantum
667 1104 909 1158 laborent
933 1117 1120 1157 omnes
1150 1110 1418 1154 amatores
1438 1139 1454 1165 ,
1489 1112 1587 1152 nec
1610 1113 1731 1152 scn-

161 1198 279 1252 tiuut
313 1196 459 1268 quod
494 1195 773 1250 laborant:
803 1202 858 1247 et
906 1203 1027 1246 tunc
1067 1191 1133 1245 ab
1174 1191 1253 1245 eis
1285 1190 1403 1259 plus
1440 1188 1730 1251 laboratur,

158 1288 358 1359 quando
377 1303 407 1341 a
436 1287 623 1341 labore
659 1285 885 1355 quisque
921 1282 1251 1354 prohibetur.
1285 1280 1417 1337 Cum
1445 1296 1574 1351 ergo
1604 1279 1737 1334 tales

156 1382 250 1435 sint
279 1379 522 1434 homines
561 1375 977 1445 plures,quales
1021 1382 1144 1428 sunt
1194 1387 1440 1437 amores,
1494 1371 1736 1440 nihilque

158 1470 294 1526 aliud
339 1485 482 1524 cuive
524 1483 647 1522 esse
690 1467 884 1521 debeat
925 1465 1193 1536 quomodo
1242 1465 1470 1527 vivatur,
1528 1464 1628 1517 nisi
1681 1472 1739 1517 ut

159 1561 287 1632 quod
315 1560 606 1616 amandum
631 1568 714 1614 est
739 1559 1000 1628 eligatur;
1030 1556 1157 1628 quid
1185 1556 1394 1611 miraris
1414 1599 1428 1623 ,
1456 1556 1499 1609 si
1529 1554 1620 1609 ille
1647 1552 1740 1621 qui

160 1652 317 1722 diligit
342 1646 641 1712 Christum,
661 1657 718 1703 et
745 1650 832 1718 qui
861 1649 974 1702 vult
1001 1647 1152 1718 sequi
1178 1646 1449 1701 Christum
1467 1685 1481 1709 ,
1512 1644 1741 1699 amando

161 1751 303 1814 negat
324 1757 389 1798 se
418 1742 636 1812 ipsum?
664 1743 721 1796 Si
751 1742 893 1796 enim
918 1740 1053 1811 perit
1078 1740 1241 1794 homo
1268 1738 1497 1794 amando
1515 1753 1596 1805 se,
1621 1752 1743 1807 pro-

160 1834 285 1891 fusio
312 1834 592 1887 invenitur
619 1832 861 1902 negando
888 1846 966 1887 se.
1614 1878 1619 1884 .

217 1925 445 1981 CAPUT
479 1924 542 1979 11.
561 1916 642 1966 ’-
667 1923 721 1978 2.
751 1923 906 1978 Amor
931 1925 1041 1989 sui,
1074 1924 1236 1994 prima
1263 1922 1479 1977 hominis
1508 1921 1740 1992 perditio.

163 2017 323 2072 Prima
379 2015 615 2070 hominis
642 2014 872 2085 perditio
894 2056 910 2080 ,
943 2013 1038 2069 fuit
1084 2028 1237 2068 amor
1259 2013 1364 2069 sui.
1393 2012 1448 2067 Si
1497 2012 1639 2067 enim
1688 2026 1747 2066 se

164 2122 252 2162 tum
280 2113 509 2167 amaret.
536 2113 591 2160 et
617 2106 780 2159 Deum
811 2105 908 2157 sibi
939 2112 1290 2175 priepoueret,
1321 2103 1432 2158 Deo
1457 2117 1578 2158 esse
1600 2117 1713 2157 sem
1731 2133 1747 2146 ο

166 2217 244 2270 per
272 2200 524 2256 subditus
548 2201 706 2255 vellet
740 2216 755 2251 :
789 2214 893 2254 non
924 2207 1097 2253 autem
1124 2206 1524 2260 converteretur
1546 2196 1610 2252 ad
1649 2212 1749 2252 ne-

164 2293 453 2364 gligentiam
482 2294 812 2347 voluntatem
843 2292 1001 2357 illius,
1029 2301 1084 2346 et
1108 2290 1397 2346 faciendam
1423 2290 1747 2345 voluntatem

167 2400 325 2441 suam.
359 2383 477 2440 Hoc
495 2392 580 2440 est
601 2385 743 2439 enim
764 2399 943 2438 amare
962 2398 1042 2451 se,
1063 2383 1203 2439 velle
1230 2382 1403 2438 lacere
1427 2383 1750 2437 voluntatem

165 2492 323 2531 sitam.
356 2476 620 2545 Pimpone
651 2475 732 2530 his
761 2479 1086 2530 voluntatem
1117 2474 1208 2529 Dei
1244 2491 1259 2528 :
1291 2473 1441 2530 disce
1468 2488 1648 2529 amare
1674 2481 1750 2540 te,

168 2584 259 2621 non
286 2566 528 2622 amando
552 2575 623 2620 te.
648 2565 779 2620 Nam
811 2574 868 2619 ut
895 2564 1076 2620 sciatis
1104 2565 1289 2619 vitium
1315 2578 1434 2619 eSse
1462 2579 1522 2619 se
1548 2579 1751 2633 amare,

169 2659 237 2714 sic
254 2657 549 2729 Apostolus
568 2657 693 2712 dicit
720 2673 733 2708 :
766 2656 930 2712 Erunt
950 2659 1083 2711 enim
1104 2658 1328 2712 homines
1341 2672 1401 2711 se
1424 2657 1560 2729 ipsos
1580 2674 1757 2713 ainan-

170 2765 249 2807 ια.
281 2751 358 2807 Et
404 2752 659 2821 numquid
704 2751 793 2820 qui
833 2760 975 2804 amat
1005 2765 1100 2816 se,
1146 2749 1261 2804 litlit
1292 2752 1307 2782 ³
1343 2751 1394 2804 in
1432 2750 1530 2806 se?
1571 2738 1759 2821 incipit

170 2844 299 2899 enim
326 2842 553 2898 deserto
583 2843 695 2897 Deo
731 2857 911 2896 amare
948 2856 1007 2896 se
1030 2882 1044 2904 ,
1075 2851 1130 2897 et
1153 2842 1220 2895 ad
1249 2856 1310 2896 ea
1347 2841 1614 2913 diligenda
1640 2858 1759 2911 quae

171 2943 280 2988 sunt
318 2942 479 2988 extra
518 2948 601 2998 se,
643 2933 856 3002 pellitur
893 2950 923 2986 a
971 2948 1030 2986 se
1081 2941 1099 2986 :'
1143 2949 1308 3003 usque
1348 2933 1482 2988 adeo
1528 2946 1585 2988 ut
1637 2949 1760 2991 cum

172 3023 388 3079 dixisset
412 3023 555 3077 idem
582 3010 889 3093 Apostolus,
925 3023 1091 3079 Erunt
1115 3026 1341 3079 homines
1365 3026 1557 3095 seipsos
1582 3044 1764 3084 antan-

172 3114 532 3178 tes,eontinuo
542 3112 849 3181 subjiceret,
864 3124 1115 3168 amatores
1126 3116 1352 3184 pecunia:
1363 3115 1428 3185 (ll
1444 3114 1574 3172 Tim.
1588 3132 1663 3182 ut,
1677 3118 1734 3190 2)
1745 3162 1759 3174 .

173 3200 454 3258 iamvich
467 3204 592 3273 quia
620 3201 746 3257 loris
772 3218 850 3258 es.
882 3204 1078 3260 Amare
1103 3213 1153 3259 te
1181 3206 1385 3274 coepisti
1407 3216 1517 3262 :sta
1545 3208 1595 3262 in
1616 3220 1684 3272 te,
1716 3210 1764 3265 si

177 3304 335 3361 potes.
368 3293 508 3363 Quid
527 3295 575 3349 is
598 3293 782 3348 foras?
801 3294 1060 3365 Numquid
1086 3299 1302 3366 pecunia
1320 3297 1470 3353 dives
1490 3298 1660 3355 factus
1683 3316 1762 3366 es,

174 3396 379 3441 amator
405 3384 685 3455 pecuniae?
713 3383 932 3455 Coepisti
961 3386 1179 3456 diligere
1219 3388 1361 3458 quod
1400 3398 1482 3443 est
1518 3402 1667 3444 extra
1693 3400 1763 3456 te,

179 3478 448 3544 perdidisti
479 3489 551 3532 te.
582 3475 712 3532 Cum
746 3493 879 3548 ergo
916 3479 1087 3549 pergit
1118 3494 1270 3535 amor
1299 3481 1527 3536 hominis
1552 3481 1710 3537 etiam
1736 3498 1766 3537 a

175 3583 232 3625 se
257 3570 379 3639 ipso
406 3568 477 3623 ad
507 3583 570 3623 ea
598 3584 716 3638 qua:
743 3568 871 3623 foris
908 3581 1028 3623 sunt
1054 3612 1067 3633 ,
1099 3569 1279 3641 incipit
1319 3588 1438 3625 cum
1468 3572 1617 3626 vanis
1646 3588 1769 3627 cva-

178 3676 418 3723 nescere,
437 3669 495 3715 et
516 3661 656 3714 vires
678 3675 801 3714 suas
820 3660 1046 3730 quodam
1074 3661 1233 3715 modo
1256 3661 1504 3731 prodigus
1526 3678 1764 3733 erogare.

178 3749 519 3817 Exinanitur,
545 3749 852 3817 eﬂunditur,
879 3750 1033 3821 inops
1061 3751 1321 3815 redditur,
1349 3767 1538 3821 porcos
1560 3755 1725 3822 pascit
1753 3771 1766 3806 :

178 3849 233 3895 et
271 3842 523 3898 laborans
562 3843 614 3894 in
657 3842 894 3911 posticae
936 3857 1254 3911 porcorum,
1281 3843 1565 3913 aliquando
1596 3860 1772 3900 recor-

175 3928 333 3987 datur
372 3940 430 3986 ct
477 3930 629 3995 dicit,
678 3930 867 3995 Quanti
915 3932 1209 3986 mercenarii
1254 3935 1411 4002 patris
1454 3935 1551 3988 mei
1591 3951 1771 4004 panem

175 4022 514 4089 manducent,
537 4031 584 4076 et
607 4039 697 4093 ego
722 4027 856 4093 fame
880 4023 962 4077 hic
990 4024 1177 4094 pereo?
1205 4024 1308 4079 Sed
1337 4025 1436 4080 hoc
1461 4026 1675 4096 quando
1695 4028 1774 4082 dl—

176 4112 269 4179 cit,
294 4114 431 4184 quid
451 4124 727 4168 narratum
754 4121 838 4169 est
858 4113 927 4168 de
957 4115 1072 4184 ipso
1098 4115 1225 4179 lilio,
1262 4117 1349 4185 qui
1389 4117 1565 4171 omnia
1590 4117 1775 4173 alludit

177 4202 230 4256 in
258 4203 642 4258 meretricibus
664 4245 679 4267 ,
714 4205 804 4273 qui
833 4203 1030 4259 habere
1070 4204 1235 4259 voluit
1271 4206 1321 4258 in
1368 4216 1626 4275 potestate
1656 4223 1774 4276 quin

176 4297 317 4352 bene
345 4297 420 4351 illi
449 4295 590 4366 apud
619 4306 820 4364 patrem
849 4295 1228 4361 servabantur;
1261 4298 1456 4352 habere
1492 4298 1578 4352 illa
1608 4299 1774 4356 voluit

176 4387 478 4443 inarbitrio
495 4386 811 4453 suo,el‘l’udit
831 4402 916 4453 ea,
940 4386 1107 4443 laetus
1131 4398 1212 4443 est
1234 4389 1422 4457 inops?
1439 4391 1564 4459 quid
1590 4391 1657 4447 dc
1683 4393 1775 4447 illo

173 4479 418 4536 dicitur?
445 4478 511 4535 Et
540 4496 762 4535 reversus
789 4479 859 4532 ad
882 4481 1216 4550 semetipsum.
1246 4482 1300 4537 Si
1331 4498 1576 4538 reversus
1601 4494 1681 4538 est
1708 4484 1775 4540 ad

172 4587 257 4633 se.
289 4573 503 4627 exierat
530 4588 560 4626 a
591 4586 666 4626 se.
697 4572 828 4641 Quia
855 4572 1119 4628 ceciderat
1142 4590 1171 4627 a
1199 4588 1291 4641 se,
1320 4585 1374 4629 et
1400 4575 1610 4631 exierat
1635 4592 1663 4630 a
1694 4593 1774 4647 se,

172 4663 321 4718 redit
344 4663 495 4733 prius
514 4661 581 4717 ad
603 4677 683 4727 se,
710 4674 767 4717 ut
793 4663 972 4719 redeat
1000 4660 1049 4718 in
1080 4666 1168 4719 illo
1190 4665 1327 4721 unde
1348 4666 1613 4722 ceciderat
1640 4684 1668 4721 a
1695 4683 1773 4723 se.

172 4754 335 4809 Sient
365 4756 507 4810 enim
553 4754 794 4809 cadendo
830 4769 860 4809 a
890 4771 983 4820 se,
1020 4757 1271 4810 remansit
1302 4757 1353 4810 in
1392 4771 1455 4828 se,
1484 4776 1496 4810 :
1541 4759 1619 4812 sic
1656 4758 1777 4813 red-

171 4844 369 4905 eundo
405 4843 476 4897 ad
515 4857 597 4905 se.
642 4857 746 4898 non
776 4844 934 4899 debet
974 4860 1249 4900 remanere
1288 4846 1339 4899 in
1368 4861 1447 4909 se,
1483 4862 1548 4901 nc
1588 4849 1777 4904 iterum

167 4947 342 4993 exeat
380 4951 410 4989 a
440 4949 520 4991 se.
551 4935 815 4991 Reversus
843 4937 907 4991 ad
943 4940 1283 5007 semetipsum
1313 4980 1326 5003 ,
1367 4946 1421 4992 ut
1464 4955 1566 4992 non
1607 4956 1777 4996 rema-

170 5034 343 5083 neret
370 5028 422 5081 in
448 5027 756 5097 semetipso,
788 5028 914 5097 quid
947 5027 1111 5082 dixit?
1142 5029 1383 5100 Surgam,
1410 5040 1457 5084 et
1481 5029 1563 5085 ibo
1588 5033 1656 5085 ad
1682 5051 1777 5103 pa-

166 5128 308 5172 treus
338 5134 508 5171 meum
537 5116 691 5189 (Luc.
725 5134 795 5173 xv
817 5161 832 5184 ,
867 5118 1077 5191 12-18).
1113 5120 1247 5175 Ecce
1273 5122 1416 5177 unde
1451 5123 1713 5179 ceciderat
1749 5141 1779 5180 a

164 5225 264 5275 se,
297 5209 581 5264 ceciderat
602 5226 633 5263 a
663 5219 811 5278 patre
840 5226 939 5265 suo
969 5228 983 5263 :
1013 5211 1279 5266 ceciderat
1303 5228 1332 5267 a
1360 5229 1448 5279 se,
1480 5214 1546 5268 ad
1574 5230 1635 5269 ea
1663 5231 1781 5285 qua:

163 5303 312 5358 foris
339 5310 472 5356 sunt
491 5302 623 5357 exiit
649 5318 679 5355 a
704 5317 783 5358 se.
812 5303 965 5357 Iledit
989 5302 1055 5357 ad
1080 5318 1159 5369 se,
1189 5313 1243 5358 et
1269 5306 1436 5375 pergit
1461 5305 1529 5360 ad
1553 5317 1778 5376 patrem,

165 5392 266 5447 ubi
301 5391 581 5447 tutissime
613 5400 787 5447 servet
814 5407 891 5448 se.
919 5392 975 5449 Si
1003 5407 1132 5464 ergo
1156 5394 1359 5450 exierat
1382 5411 1417 5449 a
1438 5411 1519 5458 se.
1547 5405 1605 5451 et
1621 5413 1651 5450 a
1674 5413 1782 5467 quo

159 5485 435 5546 exierat;
462 5482 737 5539 redeundo
759 5484 825 5538 ad
850 5500 928 5547 se,
958 5494 1015 5539 ut
1038 5494 1125 5541 eat
1149 5487 1215 5541 ad
1251 5499 1475 5557 patrem,
1520 5500 1677 5560 neget
1700 5502 1777 5545 se.

154 5620 249 5728 at;
281 5616 645 5665 Germanensis
689 5626 830 5668 vetus
867 5618 1019 5669 codex
1044 5654 1061 5682 ,
1096 5616 1272 5684 fiditat.
1321 5628 1459 5675 Forte
1504 5638 1621 5688 pro,
1674 5623 1782 5690 ﬁgi-

471 5765 744 5833 ΡΑτιιοι.
785 5776 838 5836 Χ
854 5780 1136 5846 XXVIII.

1569 252 1798 311 SE-liilO
1839 253 1991 311 XCVI
2000 295 2010 306 .

3311 255 3411 309 586

1828 362 1963 422 Ouid
1991 373 2101 427 est,
2137 373 2291 434 neget
2316 366 2419 418 se?
2445 364 2559 418 Non
2590 377 2872 434 prarsamat
2912 373 2977 421 de
3002 380 3061 421 se
3086 407 3101 432 ,
3132 368 3322 421 sentiat
3353 386 3413 421 se

1831 456 2119 517 hominem,
2143 465 2197 508 et
2218 455 2462 522 respiciat
2479 456 2679 511 dictum
2700 456 3093 526 propheticum:
3115 456 3414 511 Maledirtns

1830 546 1992 598 omnis
2012 547 2095 614 qui
2119 560 2257 615 spem
2282 561 2426 599 suam
2458 548 2596 614 ponit
2618 549 2671 600 in
2699 548 2898 601 licinius
2927 546 3137 618 (Jerem.
3168 564 3277 603 xvtt
3295 591 3307 611 ,
3337 550 3412 619 5).

1830 636 2102 690 διιΜυαη
2128 652 2185 690 se
2213 637 2335 700 sibi,
2368 638 2460 691 sed
2494 655 2595 691 non
2622 639 2872 693 deorsum
2906 654 3108 694 versus.
3140 639 3415 694 Subdueat

1831 740 1889 779 se
1915 725 2034 789 sibi,
2060 735 2118 779 ut
2145 726 2342 780 hirrcal
2383 728 2507 781 Deo.
2549 730 2811 797 Quidquid
2841 731 2961 783 Ιιιιιιί
2993 730 3186 791 habet,
3219 731 3287 784 illi
3323 732 3419 785 tri-

1835 816 1958 870 buat
1986 832 2015 870 a
2040 832 2145 887 quo
2172 818 2338 872 lactus
2364 831 2442 873 est
2480 837 2493 872 :
2525 820 2647 889 quid
2672 820 2776 888 paid
2806 822 2927 874 ntali
2962 821 3115 875 habet
3140 864 3153 885 ,
3179 821 3291 891 ipse
3317 823 3418 875 sibi

1836 907 1977 963 fecit.
2007 909 2147 963 Deus
2169 910 2309 979 quod
2342 911 2391 963 in
2422 911 2510 963 illo
2541 913 2734 965 malum
2763 922 2838 966 est
2861 955 2875 977 ,
2910 928 3012 965 non
3040 913 3161 966 fecit
3191 931 3203 965 :
3235 915 3422 981 perdat

1835 1002 1973 1071 quod
2003 1001 2145 1067 iccit,
2161 1003 2247 1071 qui
2271 1002 2391 1055 inde
2412 1002 2624 1056 deft-cit.
2652 1005 2889 1074 Abneget,
2911 1005 3094 1074 inquit,
3118 1021 3188 1069 se,
3204 1016 3249 1058 et
3276 1006 3423 1059 tollat

1835 1108 2034 1145 erucem
2057 1109 2222 1157 suam,
2252 1102 2298 1147 εἰ
2323 1103 2559 1160 sequatur
2584 1111 2682 1147 me.

1908 1184 2131 1239 CAPUT
2162 1183 2249 1238 lll.
2276 1214 2347 1224 —
2373 1187 2425 1240 3,
2453 1186 2565 1253 Quo
2585 1191 2859 1256 sequendus
2881 1189 3110 1244 Christus
3129 1199 3176 1244 et
3198 1207 3297 1255 qua
3319 1194 3417 1245 ria.

1838 1275 1955 1342 Qun
2004 1278 2304 1347 sequendus
2354 1289 2436 1333 est
2475 1280 2763 1333 Dominus?
2821 1281 2937 1348 Quo
2991 1283 3084 1349 iit,
3133 1283 3419 1338 novimus:

1841 1367 2081 1422 eamdem
2110 1368 2499 1424 solemnitatem
2526 1380 2649 1425 ante
2675 1371 2786 1424 dies
2814 1373 3160 1439 |l“U('iSSlmOS
3185 1375 3424 1430 celebra-

1841 1460 2036 1515 vimus.
2069 1460 2377 1516 ltesurrexit
2404 1463 2577 1527 enim,
2626 1472 2680 1518 et
2709 1465 2944 1519 ascendit
2979 1466 3028 1520 in
3068 1466 3262 1521 etelum
3289 1484 3301 1520 :
3334 1467 3424 1520 illo

1843 1553 2143 1624 sequendus
2169 1563 2268 1610 est.
2299 1555 2462 1609 Plane
2487 1555 2875 1625 desperandum
2903 1574 3005 1612 non
3036 1567 3137 1625 est,
3165 1560 3283 1629 quia
3313 1559 3425 1629 ipse

1846 1647 2106 1716 promisit,
2131 1663 2234 1701 non
2257 1648 2377 1717 quia
2405 1646 2564 1702 homo
2583 1649 2777 1719 aliquid
2801 1659 2991 1718 potest.
3018 1649 3197 1719 Longe
3217 1665 3245 1701 a
3272 1649 3428 1703 nobis

1845 1747 1959 1792 erat
1983 1738 2177 1793 coelum
2203 1747 2485 1809 antequam
2513 1749 2671 1810 caput
2697 1751 2937 1795 nostrum
2966 1741 3113 1797 iisset
3133 1743 3185 1796 in
3207 1742 3425 1797 caelum.

1845 1827 1960 1883 Jam
1987 1844 2152 1897 quare
2176 1828 2521 1898 desperemus
2545 1872 2559 1894 ,
2589 1831 2636 1885 si
2665 1831 2903 1886 membra
2949 1831 3088 1886 illius
3112 1832 3301 1901 capitis
3336 1848 3431 1887 su-

1849 1920 2000 1974 mus?
2028 1919 2123 1974 lllo
2147 1936 2275 1990 eigo
2301 1919 2602 1990 sequendus
2621 1931 2722 1976 est.
2748 1922 2814 1976 Et
2833 1922 2950 1992 quis
2977 1923 3108 1977 nolit
3133 1939 3253 1978 cum
3281 1924 3428 1993 sequi

1849 2010 1912 2063 ad
1955 2010 2112 2065 talem
2143 2010 2363 2065 sedem?
2392 2011 2616 2067 Maxime
2654 2014 2775 2082 quia
2816 2014 3037 2066 multum
3069 2014 3344 2067 timoribus
3380 2022 3436 2068 et

1849 2101 2122 2157 doloribus
2142 2101 2407 2156 laboratur
2431 2106 2482 2157 in
2518 2114 2679 2159 terra.
2718 2104 2849 2171 Quis
2865 2104 3100 2160 nolitillo
3114 2106 3261 2176 sequi
3282 2104 3436 2161 Chri-

1851 2202 2014 2260 stum,
2044 2194 2130 2249 ubi
2160 2210 2365 2248 summa
2403 2203 2487 2251 est
2511 2196 2752 2262 felicitas,
2784 2211 2989 2253 summa
3026 2213 3151 2269 pax,
3186 2208 3435 2270 perpetua

1853 2285 2142 2340 securitas?
2164 2285 2365 2340 Bonum
2382 2294 2464 2340 est
2485 2286 2576 2341 illo
2595 2302 2714 2341 eum
2728 2288 2874 2357 sequi
2901 2308 2913 2339 :
2937 2288 3032 2343 sed
3059 2289 3339 2344 videndum
3357 2301 3440 2344 est

1854 2390 1978 2445 qua.
2010 2376 2216 2431 Etenim
2249 2378 2407 2432 verba
2434 2377 2530 2431 ista
2555 2377 2807 2432 Dominus
2827 2377 2982 2433 Jesus
3008 2394 3113 2434 non
3144 2390 3266 2435 tunc
3292 2379 3438 2435 diee-

1857 2465 1965 2532 bat,
1993 2464 2203 2536 quando
2225 2482 2254 2520 a
2285 2467 2506 2521 mortuis
2521 2467 2629 2537 jam
2653 2476 3031 2523 resurrexerat.
3057 2468 3304 2524 Nondum
3327 2480 3443 2525 erat

1859 2572 2066 2628 passus,
2089 2567 2340 2613 venturus
2366 2559 2558 2614 eratad
2574 2575 2809 2626 crucem,
2838 2570 3091 2616 venturus
3119 2563 3182 2616 ad
3206 2562 3444 2617 exhono—

1859 2650 2141 2716 rationem,
2163 2651 2228 2705 ad
2258 2651 2634 2719 contumelias,
2666 2652 2732 2707 ad
2764 2652 2965 2724 ﬂagella
2989 2696 3003 2719 ,
3042 2655 3106 2709 ad
3134 2655 3311 2725 Spittas
3334 2698 3350 2722 ,
3378 2656 3442 2712 ad

1861 2740 2075 2795 vulnera
2102 2781 2116 2805 ,
2139 2739 2204 2796 ad
2237 2742 2600 2797 insultationes
2624 2783 2639 2809 ,
2663 2743 2944 2814 Opprobria
2970 2785 2986 2810 ,
3014 2761 3119 2799 mm
3136 2752 3260 2801 tem.
3284 2746 3437 2815 Quas.

1861 2843 2169 2902 exasperata
2188 2839 2271 2886 est
2289 2832 2370 2887 via
2401 2850 2413 2886 :
2441 2834 2643 2902 pigrum
2670 2843 2721 2889 te
2753 2834 2908 2889 facit:
2939 2851 3042 2890 non
3067 2838 3211 2892 visse
3233 2841 3321 2905 iui.
3346 2837 3440 2893 Se.

1863 2938 2047 2994 quere.
2074 2927 2387 2994 Asperatum
2416 2936 2497 2981 est
2517 2928 2654 2997 quod
2684 2927 2784 2981 sibi
2822 2927 2981 2982 homo
3010 2929 3131 2984 fecit
3156 2973 3170 2994 ,
3197 2931 3288 2985 sed
3318 2947 3448 2986 eon-

1865 3016 2045 3071 tt'itum
2062 3023 2154 3093 est
2179 3016 2318 3086 quod
2343 3014 2582 3073 Christus
2610 3019 2878 3074 redeundo
2905 3020 3147 3075 calcavit.
3171 3021 3300 3076 Nam
3329 3025 3449 3093 quis

1866 3121 1972 3162 non
2002 3092 2131 3163 velit
2167 3108 2245 3163 ire
2276 3107 2343 3163 ad
2373 3108 2744 3165 exaltationcm
2764 3111 2787 3164 ?
2811 3110 3010 3167 Omnes
3037 3112 3266 3169 delectat
3290 3117 3450 3174 celsi:

1867 3198 1994 3255 ludo
2022 3216 2037 3253 :
2067 3198 2161 3255 sed
2206 3198 2472 3255 humilitas
2512 3201 2707 3271 gradus
2746 3213 2844 3257 est.
2891 3202 3023 3272 Quid
3064 3205 3235 3260 leudis
3265 3208 3449 3277 pedem

1869 3289 2002 3343 ultra
2031 3291 2116 3344 te?
2135 3287 2337 3345 Cadere
2356 3291 2458 3356 vis,
2479 3307 2582 3346 non
2624 3292 2932 3348 ascendere.
2948 3295 2986 3347 Δ
3006 3294 3170 3364 gradu
3194 3296 3383 3366 incipe,
3401 3310 3453 3353 et

1868 3381 2172 3437 ascentlisti.
2213 3382 2375 3437 Istum
2403 3384 2624 3455 gradum
2655 3384 2965 3442 lnnnilitatis
3004 3388 3251 3443 nolebant
3282 3401 3457 3445 atten-

1870 3470 1997 3525 dere
2019 3471 2124 3525 duo
2152 3472 2227 3553 illi
2258 3472 2522 3541 discipuli,
2550 3474 2635 3545 qui
2666 3475 2912 3530 dicebant
2945 3494 2957 3529 :
3002 3476 3232 3543 Domine,
3251 3478 3378 3548 jube
3401 3488 3455 3533 ut

1871 3576 2000 3613 unus
2025 3570 2250 3613 nostrum
2278 3560 2329 3613 in
2356 3578 2509 3632 regno
2534 3573 2618 3617 tuo
2647 3565 2811 3618 sedeat
2839 3565 2907 3617 ad
2929 3565 3184 3620 dexteram
3210 3576 3377 3633 tuam,
3404 3578 3454 3623 et

1871 3652 2002 3707 alius
2030 3652 2098 3705 ad
2119 3651 2373 3707 sinistram
2393 3663 2547 3708 tuam.
2575 3654 2961 3711 Sublimitatcm
2988 3657 3313 3729 quarrehant,
3336 3675 3454 3730 gra-

1872 3748 1998 3802 dum
2028 3764 2131 3803 non
2162 3747 2430 3804 videbant.
2465 3749 2718 3806 Dominus
2753 3761 2929 3806 autem
2957 3752 3187 3807 ostendit
3212 3734 3453 3823 gradum.

1874 3841 2009 3907 Quid
2034 3843 2174 3896 enim
2202 3842 2519 3912 respondit?
2544 3842 2764 3899 Potestis
2787 3843 2949 3899 bibere
2968 3845 3171 3900 calicem
3198 3862 3342 3915 quem
3368 3863 3454 3917 ego

1877 3934 2117 3989 bibitnrus
2143 3952 2254 3989 sum
2275 3931 2466 4006 (Marc.
2495 3950 2528 3989 x
2554 3979 2569 4002 ,
2600 3936 2824 4007 5338)?
2861 3935 2960 4005 Qui
2997 3935 3231 4006 quaeritis
3254 3937 3457 4007 apicem

1876 4028 2234 4095 sublimitatis,
2261 4031 2482 4101 potestis
2512 4031 2692 4085 bibere
2718 4014 2937 4085 calicem
2960 4029 3310 4086 humilitatis?
3337 4031 3461 4088 Ideo

1879 4139 1981 4178 non
2013 4134 2299 4193 utcumque
2337 4123 2403 4177 ait
2431 4166 2447 4192 ,
2477 4122 2694 4194 Abneget
2721 4124 2938 4195 seipsum
2957 4165 2971 4190 ,
3014 4132 3060 4178 et
3086 4131 3323 4193 sequatur
3344 4136 3464 4188 me;

1879 4215 1969 4269 sed
1997 4215 2215 4278 addidit,
2239 4212 2408 4268 Tollut
2434 4232 2629 4268 crucem
2652 4232 2818 4280 suam,
2844 4225 2893 4269 et
2914 4225 3147 4285 sequatur
3167 4231 3263 4269 me.

1950 4305 2174 4363 CAPUT
2219 4305 2304 4361 IV.
2353 4337 2422 4347 —-
2461 4321 2512 4362 4.
2558 4307 2791 4361 Ferenda
2815 4325 2943 4361 crux
2986 4318 3032 4360 et
3075 4311 3464 4367 contemnendus

1881 4381 2117 4454 mundus.
2163 4399 2297 4468 Quid
2344 4410 2443 4459 est,
2473 4398 2639 4452 Tollat
2681 4415 2879 4454 crucem
2923 4398 3471 4468 suant7Fcratquid-

1880 4493 2003 4562 quid
2033 4492 2310 4547 "mlestum
2353 4500 2468 4547 est:
2499 4493 2575 4547 sic
2613 4508 2697 4546 me
2724 4500 2994 4562 sequatur.
3026 4490 3156 4547 Cum
3185 4489 3328 4557 enim
3348 4502 3462 4544 cte-

1884 4585 2019 4651 pcrit
2043 4599 2126 4638 me
2158 4583 2391 4638 moribus
2415 4592 2467 4637 et
2492 4583 2766 4652 prteceptis
2789 4584 2921 4637 meis
2950 4584 3119 4653 sequi,
3153 4583 3346 4637 multos
3368 4578 3474 4659 ha.

1883 4673 2029 4729 behit
2078 4674 2492 4730 contradictores
2516 4717 2531 4738 ,
2583 4675 2777 4729 multos
2817 4674 3028 4730 habebit
3069 4675 3426 4745 prohibitores
3453 4713 3476 4745 ,

1885 4766 2078 4820 multos
2110 4765 2322 4820 habebit
2351 4765 2681 4820 dissuasurus
2706 4807 2720 4830 ,
2749 4774 2801 4817 et
2830 4765 2928 4819 hoc
2953 4764 3018 4818 de
3046 4766 3175 4834 ipsis
3199 4766 3347 4834 quasi
3381 4779 3463 4816 eo

1884 4846 2099 4911 utilibus
2118 4854 2334 4911 Christi.
2369 4854 2496 4908 Cum
2527 4852 2739 4908 Christo
2773 4854 3146 4922 ambulabant,
3180 4855 3266 4924 qui
3297 4868 3470 4909 οίεςιις

1884 4952 2117 5004 clamare
2143 4947 2511 5019 prohibebant.
2561 4946 2683 5001 Sive
2727 4962 2852 5014 ergo
2896 4946 3086 5010 minas,
3119 4945 3229 5000 sive
3263 4942 3463 5000 blandi-

1884 5052 2060 5094 ntenza
2084 5080 2099 5104 ,
2147 5039 2257 5092 sive
2286 5036 2549 5107 quaslibet
2572 5036 2955 5106 prohibitiones
2978 5077 2992 5100 ,
3039 5035 3082 5090 si
3110 5036 3257 5104 sequi
3287 5034 3384 5101 vis,
3418 5024 3469 5089 iu

1885 5145 2094 5186 crucem
2138 5138 2317 5193 verte;
2360 5128 2559 5193 tolera,
2594 5136 2742 5198 porta
2770 5170 2783 5191 ,
2817 5127 2941 5212 noli.
2969 5125 3336 5182 succumbere.
3378 5125 3470 5181 Vi-

1886 5223 2077 5275 dentur
2114 5219 2196 5274 his
2217 5219 2391 5274 verbis
2418 5219 2626 5273 Domini
2657 5217 2930 5273 exhortata
2969 5216 3241 5287 tuartyria.
3270 5214 3324 5271 Si
3355 5231 3474 5285 per.

1886 5315 2088 5370 secutio
2130 5322 2251 5380 est,
2288 5327 2463 5367 nonne
2500 5328 2595 5380 pro
2633 5292 2844 5366 Christo
2886 5311 3081 5366 debent
3116 5322 3305 5364 cuncta
3338 5324 3470 5364 con-

1888 5404 2094 5460 temni?
2118 5407 2339 5460 Amatur
2359 5403 2586 5459 mundus
2609 5422 2621 5457 :
2647 5402 2739 5458 sed
2767 5410 3102 5473 pra-ponatur
3121 5416 3150 5454 a
3175 5415 3282 5470 quo
3307 5399 3473 5456 factus

1887 5505 1970 5554 est
2008 5497 2258 5553 mundus.
2303 5497 2517 5567 Magnus
2550 5506 2631 5550 est
2668 5493 2895 5548 mundus
2939 5511 2951 5545 :
2995 5492 3087 5549 sed
3125 5492 3297 5561 maior
3324 5502 3405 5545 est
3440 5507 3469 5546 a

1887 5606 1995 5661 quo
2037 5590 2203 5644 lactus
2248 5599 2330 5643 est
2370 5587 2617 5643 mundus.
2665 5585 2891 5641 Pulcher
2932 5594 3014 5639 est
3049 5586 3276 5640 mundus
3318 5601 3331 5637 :
3377 5584 3466 5638 sed

1893 5683 2159 5757 pulchrior
2192 5693 2273 5738 est
2310 5695 2338 5734 a
2380 5696 2485 5751 quo
2529 5679 2697 5734 factus
2728 5689 2810 5732 est
2838 5677 3083 5732 mundus.
3121 5677 3352 5735 Blandus
3388 5683 3464 5733 est

2685 5771 3083 5858 (Dim-neu!)
