3852 6182
157 318 238 373 ευ
1517 308 1744 361 sanun
1785 306 1872 363 χε
1884 309 1965 364 vn

158 435 232 502 Qui
256 444 367 485 vero
408 446 436 483 a
458 403 805 485 scontiuentia
837 427 902 481 ad
943 426 1151 496 nuptias
1179 434 1357 495 postea
1407 423 1583 477 redire
1610 435 1704 475 vo-

161 525 296 589 luerit,
326 533 470 576 retro
498 519 730 589 respexit
753 537 766 571 ;
789 519 986 573 licitum
1008 518 1186 587 elegit,
1215 526 1269 572 et
1288 524 1430 570 retro
1453 514 1703 584 respexit.

161 614 266 684 Ergo
283 606 597 667 damnanda!
613 618 734 662 sunt
756 610 951 679 nuptite
966 609 990 662 ?
1008 607 1142 663 Non.
1170 607 1282 662 Non
1304 614 1427 661 sunt
1443 605 1671 660 datnnan
1692 633 1705 640 -

157 706 218 757 de
239 702 455 772 nuptitez
488 699 583 755 sed
616 700 704 754 itte
731 699 821 770 qui
847 712 938 753 eas
965 699 1143 767 elegit,
1176 713 1281 767 quo
1307 706 1604 751 accesserat
1623 694 1705 748 vi-

160 795 223 850 de.
238 793 336 848 iam
360 800 488 846 ante
510 794 658 846 ier..t.
685 790 908 857 Quando
930 790 1136 845 vivebat
1154 789 1350 843 lascive
1372 787 1704 848 adolescens,

160 885 312 957 ineptia-
352 892 479 938 ante
525 882 672 935 illum
703 891 883 948 erant;
912 882 1098 936 adeas
1141 895 1201 934 se
1240 878 1490 934 tendebat
1531 894 1544 929 :
1583 891 1703 930 cum

163 991 257 1032 vero
276 976 426 1046 elegit
449 973 854 1038 continentiam,
883 972 1077 1041 nuptia:
1101 980 1222 1040 post
1241 966 1397 1024 illum
1426 977 1568 1023 sunt.
1595 967 1708 1022 He-

160 1084 282 1121 rum
300 1075 470 1132 estote,
499 1066 574 1117 ait
597 1064 868 1127 Dominus,
891 1063 1062 1118 uxoris
1094 1062 1186 1115 Lot
1216 1061 1234 1131 (
1258 1061 1380 1115 Luc.
1416 1078 1542 1125 xvn,
1567 1060 1637 1115 '52
1664 1059 1702 1128 ).

161 1160 270 1216 Uror
292 1159 386 1212 Lot
410 1167 560 1212 retro
582 1155 918 1226 respiciendo
951 1156 1205 1210 remansit
1230 1153 1250 1228 (
1274 1153 1401 1208 Gen.
1428 1170 1543 1221 six,
1570 1152 1639 1208 26
1667 1154 1703 1223 ).

158 1253 349 1321 Quisque
374 1266 503 1320 ergo
530 1265 636 1320 quo
662 1250 833 1320 putuit
860 1249 1136 1320 pervenire
1157 1287 1171 1311 ,
1203 1248 1324 1302 inde
1353 1248 1707 1302 timeat-retro

154 1343 383 1413 respicere
398 1354 417 1394 Δε
441 1350 497 1396 et
518 1342 753 1396 ambulet
776 1340 827 1393 in
850 1341 955 1405 via,
978 1351 1233 1408 sequatur
1255 1339 1524 1394 Chrismm
1551 1354 1707 1409 :qua:

152 1443 271 1488 retro
289 1432 495 1495 oblitus,
529 1433 579 1485 in
602 1448 665 1486 ea
686 1447 806 1501 ιιιιω
830 1441 954 1487 ante
978 1442 1097 1485 sunt
1119 1439 1385 1492 extentus.
1412 1431 1704 1485 secundum

149 1523 461 1579 intentionem
486 1523 632 1577 intus
659 1531 911 1593 sequatur
935 1521 1001 1577 ad
1031 1523 1258 1591 palmam
1292 1521 1583 1576 vocationis
1613 1521 1705 1576 Dei

149 1616 190 1667 in
209 1612 410 1669 Christo
435 1613 562 1669 Jcsu
586 1614 606 1685 (
638 1613 869 1683 Philipp.
901 1628 980 1679 ut,
1016 1612 1100 1677 1-3,
1126 1613 1237 1684 Η).
1265 1612 1546 1682 Conjugati
1570 1627 1707 1683 prce-

147 1714 314 1773 ponant
335 1705 436 1761 sibi
466 1704 749 1775 innuptos;
779 1702 1047 1759 fateantur
1069 1717 1164 1759 eos
1183 1718 1302 1759 esse
1328 1703 1578 1759 meliores
1602 1718 1619 1756 ‘:
1654 1704 1705 1757 in

144 1796 430 1866 eisdiligant
459 1795 602 1866 quod
627 1795 724 1865 ipsi
753 1809 856 1849 non
890 1794 1118 1861 habent;
1147 1796 1272 1851 etin
1302 1797 1407 1850 illis
1434 1796 1705 1851 Christum

145 1900 310 1945 autem.

616 1994 843 2055 SERMO
866 1998 1051 2055 xcvu
1076 2004 1092 2022 ο
1113 2000 1208 2070 (α).

150 2113 208 2169 De
231 2117 375 2170 verbis
407 2113 672 2185 Evangelii
698 2114 884 2178 Marci,
913 2131 1027 2187 cap.
1062 2131 1172 2182 xm,
1200 2114 1291 2178 32,
1324 2115 1396 2173 De
1424 2111 1510 2170 die
1531 2124 1706 2189 autem

200 2207 279 2260 illo
300 2208 378 2261 vel
409 2204 542 2261 hora
570 2221 728 2261 nemo
756 2205 885 2267 scit,
913 2221 1087 2275 «etme
1122 2205 1307 2277 Angeli
1336 2205 1387 2260 in
1414 2207 1584 2270 curto,
1617 2221 1709 2261 ne-

196 2313 292 2367 que
310 2296 498 2363 Filius,
525 2296 623 2349 nisi
653 2295 807 2350 Pater
834 2296 928 2365 (b).

206 2412 418 2469 CAPUT
478 2410 761 2467 PRIMUM.
801 2441 872 2451 —
915 2413 965 2465 l.
1022 2409 1341 2482 Prwparatio
1386 2411 1454 2463 ad
1502 2413 1712 2465 novissi—

147 2521 262 2557 mum
303 2505 453 2557 diem.
483 2502 733 2566 Fratres,
772 2501 911 2572 quod
960 2500 1180 2556 audistis
1207 2500 1365 2556 modo
1408 2511 1710 2556 monentem

148 2598 448 2668 Scripturam
494 2605 658 2665 atque
709 2594 1005 2661 dicentem,
1048 2602 1105 2649 ut
1155 2604 1371 2665 prepter
1418 2593 1559 2649 diem
1610 2611 1711 2650 no-

150 2688 393 2743 vissimum
433 2689 744 2758 Vigilcmus,
777 2687 1138 2758 unusquisque
1174 2686 1242 2743 de
1282 2687 1573 2745 novissimo
1614 2702 1712 2742 suo

153 2779 222 2835 die
251 2780 491 2851 cogitet:
537 2795 607 2834 ne
660 2777 798 2834 forte
850 2792 971 2833 cum
1028 2778 1304 2835 senseritis
1353 2778 1436 2833 vel
1493 2787 1710 2849 putave-

154 2871 248 2928 ritis
288 2873 438 2942 longe
493 2886 616 2926 csse
666 2869 1012 2945 novissimum
1066 2869 1247 2924 smculi
1297 2868 1469 2937 diem,
1514 2870 1712 2926 dormi-

158 2966 259 3020 tctis
286 2965 349 3019 ad
386 2965 733 3020 novissimum
775 2972 1008 3017 vestrum
1053 2962 1214 3016 dicat.
1249 2962 1322 3016 De
1361 2962 1445 3017 die
1492 2962 1714 3017 novissi—

158 3070 229 3108 mo
251 3058 415 3110 surculi
443 3056 601 3123 hujus
630 3054 852 3110 audistis
890 3053 1010 3123 quid
1051 3053 1242 3108 dixerit
1268 3073 1281 3107 :
1308 3055 1438 3122 Quia
1470 3056 1715 3115 nesciunt

158 3161 279 3214 ann,
304 3164 451 3219 neque
479 3147 657 3217 Angeli
690 3146 948 3208 malorum,
984 3162 1138 3214 neque
1180 3144 1226 3198 F
1229 3148 1365 3212 ilius,
1398 3148 1496 3200 nisi
1537 3146 1709 3202 Pater.

163 3235 245 3291 Ubi
277 3239 475 3309 quidem
503 3253 692 3308 magna
722 3236 945 3307 qua‘stio
966 3247 1068 3303 est,
1098 3253 1164 3290 ne
1192 3239 1476 3293 carnaliter
1500 3241 1712 3309 sapien-

162 3338 468 3400 tesputemns
498 3330 693 3401 aliquid
721 3315 927 3384 Patrem
955 3330 1114 3394 scire,
1135 3330 1277 3400 quod
1306 3331 1506 3386 nesciat
1526 3332 1711 3389 Filius.

160 3416 270 3470 Nam
295 3423 462 3491 utique
484 3436 609 3475 eum
632 3420 788 3484 dixit,
822 3415 977 3473 Pater
995 3420 1087 3474 scit
1108 3438 1126 3480 ;
1148 3420 1268 3474 ideo
1295 3422 1394 3475 hoc
1415 3421 1570 3488 dixit,
1593 3425 1712 3495 quia

163 3512 204 3561 in
231 3510 372 3566 Patre
396 3523 447 3566 et
478 3511 649 3568 Filius
675 3511 793 3566 scit.
818 3511 950 3577 Quid
974 3511 1114 3566 enim
1137 3522 1219 3566 est
1241 3513 1289 3564 in
1317 3512 1423 3579 die,
1447 3516 1586 3583 quod
1610 3530 1714 3569 non

159 3598 204 3651 io
225 3599 381 3658 Verbo
408 3602 600 3658 factum
632 3612 733 3666 est,
769 3617 862 3671 per
887 3618 1042 3672 quem
1072 3602 1240 3657 factus
1268 3616 1343 3658 cst
1374 3604 1524 3658 dies?
1550 3607 1716 3660 Nemo

158 3708 271 3763 ergo
295 3705 485 3765 qtncrat
519 3697 868 3752 novissimum
899 3696 1072 3763 diem,
1102 3697 1315 3766 quando
1355 3699 1561 3752 futurus
1598 3700 1667 3752 sit
1700 3717 1713 3752 :

158 3785 239 3839 srd
256 3788 518 3859 vigilemus
538 3804 731 3846 attines
750 3791 884 3844 bene
906 3789 1156 3859 vivendo,
1174 3805 1241 3844 ne
1258 3790 1584 3846 novissimus
1603 3790 1717 3846 dies

155 3879 504 3953 cuiuscumque
530 3892 770 3937 nostrum
798 3897 894 3935 nos
922 3882 1151 3937 inveniat
1178 3882 1483 3952 imparatos,
1512 3891 1566 3936 et
1589 3897 1718 3953 qua.

154 3970 209 4022 lis
231 3974 442 4044 quisque
480 3976 605 4030 hinc
637 3975 826 4030 exierit
851 3989 948 4029 suo
967 3974 1259 4029 novissimo
1283 3975 1391 4042 die,
1425 3976 1541 4031 talis
1567 3977 1715 4032 inve-

153 4064 312 4118 niatur
335 4067 384 4119 in
407 4067 696 4121 novissimo
716 4067 897 4121 satculi
917 4066 1023 4122 die.
1046 4066 1183 4121 Nihil
1213 4075 1264 4123 te
1289 4068 1556 4136 adjuvabit
1575 4070 1715 4140 quod

150 4153 225 4207 hic
256 4173 353 4211 non
382 4157 590 4214 feceris.
631 4156 1076 4229 Unumquemque
1107 4174 1266 4229 opera
1307 4174 1399 4214 sua
1421 4160 1712 4230 juvabunt,

152 4255 232 4299 Il".
249 4264 403 4318 opera
430 4265 522 4304 sua
552 4265 798 4319 pressura
827 4260 971 4304 sunt.

208 4335 429 4397 CAPUT
468 4340 530 4395 ll.
560 4370 631 4381 --
655 4340 710 4394 9..
753 4337 961 4394 Homini
989 4343 1271 4396 mortalitas
1297 4342 1366 4396 ad
1388 4342 1720 4397 humilitatem

150 4428 370 4484 prodesse
418 4431 577 4485 debet.
638 4430 704 4484 Et
728 4430 995 4501 quomodo
1047 4432 1101 4487 in
1156 4431 1367 4488 l’salmo
1392 4434 1721 4491 cantavinus

147 4516 380 4585 Domino,
410 4522 650 4577 Miserere
692 4523 820 4586 mei,
854 4521 1102 4588 Domine,
1140 4524 1376 4594 quoniam
1413 4528 1720 4581 conculcnvit

143 4623 216 4662 Ite
238 4611 385 4667 homo
412 4611 597 4686 (Psal.
635 4627 721 4677 LV,
751 4610 856 4683 2)?
885 4612 1053 4667 Homo
1076 4613 1287 4680 dicitur,
1313 4616 1402 4686 qui
1428 4606 1718 4672 secundum

142 4695 401 4758 hominem
428 4702 575 4757 vivit.
610 4702 844 4772 Denique
873 4701 977 4757 illis
1004 4704 1092 4774 qui
1123 4706 1414 4761 secundum
1448 4707 1611 4763 Deum
1640 4709 1720 4763 vi-

142 4799 283 4855 ι’·ςιιι,
308 4792 502 4849 dicitur
538 4811 552 4847 :
590 4791 680 4846 Dii
704 4794 842 4859 estis,
869 4803 916 4846 et
942 4794 1038 4863 ﬁlii
1066 4793 1269 4851 Επαδὶ
1297 4813 1484 4853 omnes.
1518 4799 1719 4869 [lepro-

138 4884 213 4937 bis
236 4894 437 4951 autem,
468 4887 557 4960 qui
588 4886 760 4942 vocati
794 4896 916 4941 sunt
949 4899 1004 4942 ut
1031 4898 1212 4945 essent
1241 4889 1331 4944 lilii
1358 4890 1485 4957 Dei,
1524 4902 1578 4948 et
1603 4908 1722 4949 esse

137 4978 309 5042 potius
334 4978 581 5034 homines
606 4979 909 5045 voluerunt,
932 4979 983 5035 id
1010 4991 1109 5046 est,
1129 4981 1417 5039 secundum
1447 4982 1719 5041 hominem

136 5065 349 5123 vivere:
391 5066 493 5126 Vos
516 5077 707 5134 mn,
731 5068 899 5140 inquit
917 5110 933 5135 ,
952 5069 1085 5125 sicut
1100 5070 1327 5127 homines
1346 5075 1644 5142 moriemini,
1676 5086 1722 5129 et

134 5161 263 5243 sicut
287 5178 423 5219 mas
447 5179 511 5218 es
532 5163 844 5236 principibus
872 5165 1059 5221 cadetis
1085 5164 1267 5238 (Psal.
1294 5183 1459 5224 um
1481 5213 1496 5235 ,
1527 5171 1561 5227 6
1578 5213 1593 5236 ,
1625 5174 1657 5225 7
1677 5174 1721 5245 ).

132 5247 341 5308 Eteium
388 5253 528 5323 quod
566 5253 812 5310 manalis
840 5264 924 5310 est
960 5255 1153 5322 homo,
1183 5259 1253 5315 ad
1282 5259 1621 5331 disciplinam
1650 5264 1723 5318 illi

132 5337 286 5396 debet
316 5344 514 5410 valere,
564 5359 670 5399 non
698 5345 1125 5415 adjactantiam.
1160 5338 1311 5407 Unde
1336 5366 1394 5409 se
1412 5353 1576 5423 iactat
1606 5348 1722 5411 vcr-

186 5495 211 5513 ⁹
471 5506 682 5568 θειριιω
707 5500 866 5568 tribus
886 5502 970 5550 bn.
993 5510 1046 5553 et
1066 5511 1271 5568 quatuor
1293 5507 1353 5557 cl.
1379 5520 1488 5558 cum
1511 5522 1555 5558 a.
1586 5512 1661 5561 eb.
1690 5512 1721 5563 f.

129 5556 177 5607 Ε.
201 5572 258 5620 ς.
284 5556 351 5620 tr,
386 5572 452 5607 In.
484 5572 534 5620 p.
556 5557 650 5610 tim.
669 5561 751 5611 vd.
770 5571 870 5612 Am.
894 5569 969 5613 Er.
994 5556 1100 5617 Par:
1119 5572 1225 5616 Iov.

201 5572 258 5620 ς.
284 5572 351 5607 tr.
386 5572 969 5668 IlLdpJ'm.Yd.Am.El'.
994 5572 1023 5613 Ρ

181 5620 262 5692 ςᾳ)
287 5617 466 5692 ﬁlias,”
495 5634 526 5670 e
551 5623 723 5672 Verbis
745 5625 927 5674 Domini
946 5624 1023 5676 2].

182 5680 265 5757 φ)
552 5695 808 5757 scrutantes
822 5696 1092 5757 tegemus
1108 5690 1392 5751 intudiculo,
1409 5704 1511 5757 cap.
1539 5695 1588 5756 8,
1614 5700 1725 5749 titu-

129 5745 407 5803 inuotat,
443 5745 1005 5803 «Donovissimodiea

3292 317 3396 373 590
3444 354 3447 359 -

1816 420 1917 473 mis
1937 422 2169 475 crastino
2185 421 2502 475 moriturus?
2521 422 2647 477 Dico
2661 422 2815 478 Chari
2825 424 2913 478 tati
2935 435 3144 494 vestrae,
3167 427 3356 481 fratres
3380 444 3396 481 :

1810 510 1879 565 de
1915 511 2128 566 diabolo
2171 511 2366 567 debent
2393 513 2709 569 erubescere
2737 515 2992 570 mortales
3025 517 3258 587 superbi.
3304 518 3396 573 Ille

1811 601 1952 655 enim
1991 603 2092 657 etsi
2122 603 2415 672 superbus,
2455 613 2626 660 tamen
2658 605 2972 661 immortalis
2999 617 3082 663 est
3124 625 3136 661 :
3181 610 3397 678 spiritus

1810 694 1925 748 cst‘
1951 735 1964 758 ,
1992 695 2092 749 etsi
2123 695 2402 766 malignus.
2435 695 2513 750 llli
2543 696 2659 750 dies
2687 698 3004 753 novissimus
3033 699 3257 768 poenalis
3285 714 3394 755 scr-

1810 795 1963 838 vatur
2000 784 2051 838 in
2083 784 2241 840 ﬁnem
2272 803 2285 839 :
2319 797 2492 842 tamen
2533 796 2757 842 mortem
2797 805 2952 858 quam
2999 806 3096 845 nos
3131 793 3378 867 patimur.

1812 876 1899 930 ille
1923 890 2025 930 non
2055 877 2270 946 patitur.
2317 877 2528 931 Audivit
2557 888 2734 933 autem
2766 880 2943 944 homo,
2974 880 3140 935 Morte
3174 884 3397 937 morieris

1813 965 1831 1037 (
1855 966 1983 1021 Gen.
2012 956 2070 1032 n,
2104 967 2169 1022 l7
2192 968 2236 1039 ).
2270 968 2459 1024 Utatur
2486 970 2620 1024 bene
2650 985 2803 1040 pmna
2835 987 2949 1026 sua.
2981 971 3116 1039 Quid
3142 984 3228 1048 est
3255 984 3394 1038 quod

1809 1057 1939 1122 dixi,
1972 1055 2164 1114 Utatur
2191 1059 2325 1113 bene
2365 1075 2517 1129 paena
2543 1076 2660 1115 sua.
2690 1060 2806 1115 Non
2842 1062 2965 1117 inde
2991 1073 3076 1117 cat
3108 1064 3174 1118 ad
3203 1079 3394 1134 super-

1812 1149 1949 1202 biam
1971 1189 1984 1212 ,
2018 1150 2158 1205 unde
2202 1150 2408 1220 accepit
2437 1166 2680 1220 poenam;
2713 1163 2962 1223 agnoscat
2987 1169 3045 1209 se
3082 1155 3395 1221 mortalem,

1810 1250 1865 1295 ct
1888 1240 2094 1311 frangat
2131 1242 2436 1297 elationem.
2472 1242 2664 1297 Audiat
2699 1243 2796 1296 sibi
2836 1243 2940 1299 dici
2964 1286 2978 1307 ,
3012 1244 3149 1312 Quid
3175 1247 3399 1312 superbit

1804 1343 1943 1386 terra
1975 1342 2020 1386 at
2038 1334 2167 1388 cinis
2188 1332 2374 1405 (Ereti.
2407 1351 2458 1397 κ,
2484 1334 2578 1405 9)?
2604 1335 2821 1390 Etiamsi
2856 1338 3092 1408 superbit
3119 1338 3361 1393 diabolus
3383 1381 3396 1399 .

1813 1437 1916 1477 non
1944 1430 2027 1477 est
2051 1432 2192 1478 terra
2218 1433 2273 1478 et
2296 1424 2450 1479 cinis.
2476 1425 2598 1480 ldeo
2626 1425 2821 1481 dictum
2848 1438 2950 1493 est,
2982 1425 3081 1505 Vos
3105 1438 3273 1483 autent
3296 1431 3397 1483 sic-

1808 1527 1866 1569 ut
1886 1516 2111 1570 homines
2133 1519 2432 1583 moriemini,
2456 1529 2501 1571 et
2525 1521 2653 1573 sicut
2675 1535 2808 1574 unus
2827 1522 2890 1574 de
2915 1520 3223 1592 principibus
3245 1522 3371 1576 cade
3385 1553 3397 1561 -

1810 1609 1891 1662 tis.
1915 1608 2028 1663 Non
2055 1610 2326 1664 attenditis
2363 1609 2486 1678 quia
2514 1611 2765 1665 mortales
2789 1611 2938 1676 estis,
2968 1621 3024 1667 et
3050 1614 3189 1667 sicut
3212 1612 3397 1666 diabo—

1810 1699 1894 1754 lus
1919 1700 2134 1770 superbi
2157 1702 2306 1756 estis.
2328 1700 2516 1757 Utatur
2536 1716 2663 1771 ergo
2686 1704 2845 1757 homo
2863 1717 3015 1771 poena
3035 1717 3150 1769 sua,
3172 1701 3398 1758 fratres:

1812 1794 1947 1848 bene
1974 1804 2154 1850 utatur
2187 1794 2327 1849 male
2353 1808 2471 1860 suo,
2496 1804 2553 1847 ut
2580 1795 2818 1864 proﬁciat
2846 1795 2985 1851 bono
3010 1810 3125 1851 suo.
3149 1794 3279 1865 Quis
3309 1812 3397 1850 nc.

1809 1885 1911 1940 scit
1933 1886 2053 1955 quia
2078 1900 2232 1955 pcena
2259 1896 2361 1951 est,
2382 1901 2601 1941 necesse
2620 1901 2739 1941 esse
2760 1896 2817 1941 ut
2841 1888 3156 1952 moriamur;
3179 1897 3235 1944 et
3258 1885 3400 1959 quod

1806 1986 1891 2031 est
1919 1976 2150 2046 gravius,
2177 1976 2389 2047 quando
2434 1978 2744 2032 nescimus?
2773 1978 2934 2033 Poma
2963 1988 3109 2033 certa
3135 1990 3235 2042 est,
3271 1980 3397 2032 liora

1811 2067 2011 2124 incerta
2035 2084 2049 2121 :
2079 2067 2220 2123 etde
2244 2067 2342 2122 is1a
2364 2081 2518 2137 pmna
2545 2067 2657 2122 sola
2688 2068 2816 2121 certi
2838 2083 3021 2123 sumus
3046 2069 3096 2122 in
3121 2068 3278 2122 rebus
3300 2068 3398 2122 hu-

1811 2158 2003 2214 manis.

1877 2247 2107 2305 CAPUT
2149 2247 2232 2301 Ill.
2262 2278 2328 2288 -—-
2357 2249 2407 2303 5.
2450 2246 2578 2303 Sola
2607 2263 2739 2300 mors
2778 2247 2858 2300 hic
2883 2255 3036 2302 certa.
3068 2247 3269 2303 Caztera
3303 2263 3402 2303 tto-

1811 2350 1922 2397 stra
1949 2349 2004 2396 et
2022 2342 2158 2395 bona
2180 2346 2235 2395 et
2258 2341 2395 2394 mala
2423 2340 2622 2394 incerta
2643 2347 2769 2393 sunt
2791 2356 2803 2391 :
2833 2339 2944 2394 sola
2972 2355 3115 2394 mors
3134 2349 3278 2395 certa
3299 2349 3400 2395 est.

1812 2431 1950 2499 Quid
1977 2441 2057 2487 est
2092 2430 2234 2502 quod
2262 2430 2417 2486 dico?
2442 2429 2744 2502 Conceptus
2769 2438 2851 2485 est
2876 2445 3036 2503 puer,
3066 2429 3202 2485 forte
3232 2432 3404 2486 nasci-

1816 2534 1919 2585 tur,
1953 2523 2086 2577 forte.
2112 2523 2362 2578 aliorsum
2394 2523 2532 2578 iacit.
2564 2524 2639 2577 Ita
2664 2522 2928 2577 incertum
2956 2533 3042 2578 est
3071 2542 3084 2577 :
3115 2524 3247 2578 forte
3283 2538 3403 2577 cre-n

1814 2615 1934 2679 scit,
1960 2615 2093 2667 forte
2116 2632 2220 2669 non
2247 2617 2475 2670 crescit:
2512 2615 2645 2671 forte
2670 2617 2923 2682 senescit,
2954 2614 3090 2671 forte
3120 2631 3223 2671 non
3253 2631 3406 2672 senc-

1815 2706 1911 2759 scit
1948 2723 1959 2757 :
1996 2703 2131 2759 forte
2154 2704 2304 2759 dives
2331 2705 2452 2771 erit,
2484 2704 2619 2760 forte
2645 2709 2853 2777 pauper
2883 2722 2896 2759 :
2928 2704 3064 2763 forte
3090 2702 3401 2769 honoratus,

1816 2795 1954 2852 forte
1985 2797 2327 2852 humiliatus:
2360 2798 2494 2852 forte
2521 2798 2735 2853 habebit
2759 2798 2914 2865 filios,
2945 2797 3082 2854 forte
3107 2815 3210 2854 non
3240 2799 3401 2853 habe-

1818 2890 1892 2942 hit
1917 2907 1929 2941 :
1965 2887 2099 2943 forte
2119 2887 2276 2942 ducet
2302 2903 2541 2952 uxorem,
2571 2888 2708 2943 forte
2729 2902 2832 2944 non
2854 2888 3046 2943 ducet:
3075 2899 3129 2945 et
3154 2890 3408 2960 quidquid

1816 2978 1955 3034 aliud
1990 2980 2345 3034 nominavet-is
2366 2979 2417 3035 in
2440 2979 2613 3035 bonis.
2644 2978 2870 3050 Respice
2898 2989 2955 3036 et
2978 2979 3043 3035 ad
3075 2982 3209 3036 mala
3231 2997 3246 3036 :
3272 2981 3409 3041 forte

1817 3080 2058 3141 atgrotat,
2095 3070 2231 3126 forte
2253 3085 2358 3125 non
2389 3081 2610 3142 a'grutat
2633 3091 2648 3126 :
2680 3069 2817 3129 forte
2842 3085 2875 3126 a
2901 3081 3149 3141 serpente
3172 3074 3413 3143 percuti-

1817 3172 1926 3227 tur,
1961 3161 2094 3216 forte
2126 3178 2229 3215 non
2275 3162 2565 3231 percutitur
2596 3178 2609 3215 ε
2654 3160 2793 3217 forte
2831 3177 2861 3215 a
2904 3162 3071 3218 bestia
3101 3162 3411 3234 devoratur,

1821 3253 1955 3306 forte
1987 3269 2090 3306 non
2117 3252 2419 3307 devoratur.
2454 3252 2518 3307 Et
2555 3253 2760 3322 respice
2789 3251 2966 3308 omnia
2996 3252 3132 3307 mala
3170 3270 3182 3306 :
3217 3255 3411 3325 ultique

1818 3353 1917 3407 est,
1949 3341 2108 3397 Forte
2133 3341 2263 3407 erit,
2288 3339 2425 3396 forte
2452 3358 2556 3396 non
2586 3343 2707 3397 erit.
2738 3342 3000 3413 Numquid
3030 3353 3181 3412 potes
3208 3343 3406 3408 dicere,

1820 3432 1979 3487 Forte
2010 3433 2264 3496 moritur,
2292 3432 2426 3486 forte
2470 3448 2572 3485 non
2606 3432 2870 3486 moritur?
2898 3431 3175 3501 Quomodo
3218 3432 3408 3488 medici

1819 3521 2029 3590 quando
2060 3522 2384 3591 inspexerint
2415 3520 2767 3576 valetudiuen.
2788 3563 2803 3586 ,
2833 3531 2886 3577 et
2934 3521 3258 3577 mortiferam
3291 3536 3410 3579 esse

1818 3610 2186 3679 engttoverint,
2216 3608 2317 3664 hoc
2344 3612 2685 3679 pronuntiant
2708 3628 2721 3664 :
2747 3610 2983 3674 Moritur,
3006 3611 3129 3667 inde
3157 3625 3259 3666 non
3282 3628 3408 3683 ρι’ςιετ

1819 3701 1914 3753 dit.
1948 3699 2023 3754 Ex
2055 3713 2160 3770 quo
2194 3701 2425 3755 nascitur
2454 3699 2616 3756 homo
2639 3742 2652 3765 ,
2682 3700 2964 3756 dicendum
2991 3712 3091 3768 est,
3124 3694 3239 3759 Non
3280 3718 3409 3759 eva-

1819 3788 1917 3842 dit.
1948 3789 2169 3857 Quando
2199 3799 2355 3845 natus
2378 3800 2480 3853 est,
2513 3800 2770 3861 aegrotare
2797 3793 2979 3863 cmpit.
3015 3792 3238 3861 Quando
3264 3810 3410 3848 mor-

1824 3892 1942 3936 tuus
1979 3880 2171 3947 fuerit,
2219 3883 2330 3937 linit
2367 3883 2577 3954 quidem
2625 3868 2990 3954 aigritudinem
3036 3904 3051 3940 :
3100 3888 3193 3943 sed
3244 3889 3413 3945 nescit

1824 3982 1998 4028 utrum
2022 3982 2207 4043 pergat
2232 3973 2283 4027 in
2313 3963 2565 4044 pejomm.
2600 3972 2832 4030 Finierat
2852 3975 3002 4031 dives
3031 3977 3118 4032 ille
3145 3978 3411 4050 a‘gritudio

1825 4080 1942 4119 nem
1965 4063 2293 4127 dcliciosam,
2317 4065 2460 4119 venit
2478 4065 2543 4119 ad
2569 4074 2855 4121 tortuosatn
2877 4068 2920 4121 ’.
2945 4067 3156 4137 Pauper
3177 4086 3300 4125 vero
3321 4070 3411 4128 ille

1826 4152 1960 4209 ﬁniit
1983 4154 2370 4224 :rgritudinem,
2398 4164 2448 4209 et
2469 4157 2702 4225 pervenit
2724 4156 2790 4211 ad
2819 4159 3098 4214 sanitatem
3125 4159 3272 4233 (Luc.
3301 4179 3408 4229 xw,

1822 4243 1936 4317 9.9.).
1967 4244 2069 4299 Sed
2111 4245 2247 4313 quod
2279 4256 2460 4317 postea
2499 4247 2717 4303 haberet
2759 4249 2843 4303 hic
2870 4250 3028 4321 elegit
3053 4267 3068 4316 ;
3094 4261 3148 4306 et
3171 4250 3308 4325 quod
3341 4254 3411 4309 ibi

1827 4336 2079 4400 messuit,
2115 4336 2200 4390 hic
2239 4337 2535 4391 seminavit.
2580 4337 2703 4393 ideo
2741 4353 2864 4393 cunt
2906 4341 3169 4406 vivimus,
3198 4343 3413 4413 vigilare

1824 4425 2099 4492 debemus,
2118 4436 2173 4483 et
2188 4426 2379 4499 eligere
2401 4428 2655 4484 debemus
2670 4430 2809 4500 quod
2841 4429 3085 4488 iafuturo
3115 4443 3409 4505 teneamus,

1895 4517 2121 4575 CAPUT
2162 4518 2244 4572 IV.
2273 4548 2346 4560 --
2364 4519 2415 4574 Δ.
2448 4519 2674 4577 Mundus
2697 4539 2786 4592 per
2804 4523 3057 4579 Christum
3073 4526 3214 4582 nobis
3236 4529 3419 4590 victus.

1826 4606 2073 4666 Mundam
2101 4628 2204 4666 non
2226 4628 2485 4669 amemus.
2514 4614 2712 4672 Premit
2732 4627 2998 4674 amatores
3022 4633 3167 4688 suos,
3193 4638 3295 4677 non
3321 4636 3418 4677 eos

1826 4705 1892 4759 ad
1927 4705 2123 4760 bonum
2158 4705 2388 4761 adducit.
2421 4706 2790 4766 Laborandum
2828 4720 2910 4766 est
2947 4712 2998 4766 in
3032 4727 3097 4767 eo
3136 4715 3310 4782 potius
3347 4729 3412 4770 ne

1825 4795 2020 4865 capiat,
2041 4810 2198 4865 quam
2229 4794 2517 4850 timendum
2546 4811 2614 4852 ne
2633 4796 2804 4851 cadat.
2830 4798 2964 4854 Ecce
2981 4801 3120 4856 cadit
3144 4802 3411 4862 mundus;

1826 4893 1930 4940 stat
1960 4885 2282 4941 christianos
2300 4927 2313 4944 .
2340 4885 2461 4955 quia
2493 4899 2596 4940 non
2626 4886 2765 4940 cadit
2790 4885 3064 4953 Christus,
3090 4889 3219 4944 Nam
3246 4902 3412 4958 quare

1826 4974 1957 5031 dicit
1982 4975 2258 5038 Dominus,
2289 4972 2531 5041 Gaudete,
2560 4976 2677 5045 quia
2711 4994 2801 5047 ego
2838 4980 2932 5031 vici
2958 4980 3202 5033 mundum
3229 4979 3405 5053 (Joan.

1830 5081 1937 5131 tm,
1966 5063 2097 5132 33)?
2125 5064 2559 5133 ltrspondeamus
2579 5066 2648 5131 ei,
2678 5066 2720 5120 si
2753 5067 2922 5135 placet
2949 5085 2963 5121 :
2989 5066 3192 5132 Gaude,
3216 5071 3310 5126 sed
3333 5080 3409 5125 tu.

1828 5154 1883 5212 Si
1911 5165 1967 5211 tu
1994 5155 2187 5220 viciSti,
2217 5165 2273 5211 tu
2296 5154 2488 5224 gaude.
2518 5155 2694 5223 Quare
2719 5156 2860 5219 nos?
2889 5157 3062 5225 Quare
3085 5159 3239 5214 nobis
3262 5161 3410 5223 dicit.

1832 5245 2093 5311 Gattdete;
2130 5244 2231 5302 nisi
2267 5247 2386 5319 quia
2425 5246 2579 5304 nobis
2616 5248 2770 5315 vicit,
2800 5249 2952 5304 nobis
2997 5254 3285 5322 pugnavit?
3313 5252 3415 5312 Πιιῑ

1830 5340 1972 5394 enim
2014 5340 2301 5409 pugnavit?
2337 5339 2470 5407 Quia
2512 5340 2777 5396 hominem
2806 5344 3056 5414 suscepit.
3089 5343 3238 5403 Tolle
3273 5350 3414 5417 quod

1831 5430 1901 5485 de
1937 5432 2137 5502 virgine
2169 5440 2341 5497 natus,
2388 5430 2512 5487 tolle
2536 5431 2679 5502 quod
2721 5434 3063 5503 semetipsum
3088 5435 3377 5494 esinanivit
3403 5480 3416 5497 .

1840 5577 1913 5651 mf
1943 5584 2282 5651 lucentem
2316 5576 2599 5629 immortalis
2627 5576 2827 5641 spiritus
2857 5585 2959 5643 est,
3000 5581 3090 5635 etsi
3131 5580 3368 5651 malignus
3395 5600 3417 5640 :

1833 5636 2240 5811 ᾜέξῗῦἓινιέἶιιις
2277 5706 2388 5762 διε..
2415 5701 2480 5749 ad
2523 5706 2826 5752 mortuosam.
2853 5709 3012 5769 Forte,
3041 5710 3108 5758 ad
3137 5711 3427 5760 tormentae-
