3852 6182
518 339 610 394 591

517 457 740 509 formam
773 453 908 506 servi
947 450 1246 521 accipiens,
1295 449 1348 504 in
1388 449 1793 505 'similitudinem
1834 450 2106 504 hominum

517 546 686 600 factus
707 586 720 608 ,
763 554 813 597 ct
845 540 1022 596 habitu
1063 543 1381 596 inventusut
1411 542 1570 597 homo
1603 541 1874 613 (Philipp.
1907 560 1965 609 ll,
1991 543 2062 611 7)
2091 562 2103 596 :

519 637 645 692 mlle
673 635 792 698 huc,
827 633 914 687 ubi
946 633 1250 688 luctamen?
1281 633 1368 688 ubi
1395 633 1707 688 certamen?
1738 633 1824 688 ubi
1850 633 2108 688 tentatio?

523 729 604 784 ubi
630 727 869 793 victoria,
899 743 1054 797 quam
1087 742 1192 781 non
1223 727 1494 796 przeccssit
1529 728 1738 796 pugna?
1764 726 1825 780 In
1860 728 2107 798 principio

522 833 623 880 erat
665 820 902 886 Verbum,
933 831 980 873 et
1016 819 1231 874 Verbum
1261 831 1366 874 erat
1393 821 1530 889 apud
1559 818 1744 885 Deum,
1773 831 1816 872 ct
1842 819 1976 872 Deus
2003 829 2108 872 erat

524 911 761 966 Verbum.
805 911 913 964 Hoc
942 922 1046 964 erat
1068 914 1120 965 in
1155 912 1402 980 principio
1432 912 1570 982 apud
1602 911 1783 965 Deum.
1814 912 1995 965 Omnia
2022 929 2109 980 per

523 1009 682 1073 ipsum
709 1005 846 1074 facta
870 1013 1005 1065 sunt,
1027 1011 1073 1056 et
1094 1003 1201 1056 sine
1225 1004 1336 1071 ipso
1361 1003 1549 1072 [uetant
1571 1013 1640 1057 est
1668 1003 1810 1056 nihil.
1843 1002 2106 1072 Numquid

517 1095 621 1157 hoc
650 1097 878 1150 Verbum
909 1095 1123 1150 Judzeus
1151 1095 1523 1165 cruciﬁgerct?
1552 1094 1804 1164 numquid
1837 1095 1956 1148 huic
1982 1095 2110 1148 \‘er-

521 1189 588 1244 b0
613 1189 805 1258 impius
833 1187 1149 1242 insultarct?
1177 1187 1429 1256 numquid
1461 1186 1560 1242 hoc
1599 1187 1831 1240 Verbum
1873 1187 2110 1254 colaphis

519 1281 850 1337 mederetur?
877 1278 1129 1349 numquid
1157 1279 1256 1332 hoc
1278 1277 1508 1333 Verbum
1537 1279 1703 1348 spinis
1727 1279 2109 1332 coronaretur?

521 1373 588 1428 Ut
637 1383 812 1426 autem
865 1373 960 1426 ista
1012 1382 1313 1440 pateretur,
1367 1370 1583 1425 Verbum
1637 1388 1754 1424 caro
1801 1377 1988 1441 factum
2040 1380 2110 1424 est

523 1461 700 1516 t'Joan.
731 1477 767 1528 ι,
792 1464 842 1528 1,
871 1461 925 1523 ‘2,
956 1463 1008 1525 '5,
1039 1460 1123 1534 Η)
1153 1481 1164 1516 :
1194 1475 1248 1516 et
1269 1462 1365 1515 ista
1393 1476 1578 1530 passus
1610 1459 1936 1531 resurgendo
1961 1461 2107 1514 vicit.

519 1554 661 1624 Ergo
705 1555 856 1608 nobis
894 1555 1050 1616 vicit,
1100 1553 1289 1622 quibus
1324 1552 1662 1606 securitatem
1708 1551 2111 1607 resurrectionis

521 1645 773 1700 ostendit.
807 1645 944 1699 Dicis
971 1660 1098 1714 ergo
1129 1645 1254 1708 Deo,
1290 1643 1526 1697 Miserere
1567 1644 1681 1705 mei,
1716 1641 1955 1708 Domme,
1983 1659 2110 1714 quo-

523 1737 660 1788 niam
701 1735 1003 1789 conculcarit
1032 1753 1108 1788 me
1147 1737 1314 1789 homo.
1348 1735 1426 1789 Tu
1465 1745 1514 1790 te
1555 1736 1662 1788 noli
1687 1736 2028 1801 coucnlcare,
2058 1745 2111 1790 et

523 1843 628 1878 non
661 1835 711 1879 te
733 1827 893 1879 vincit
920 1825 1097 1878 homo.
1130 1825 1268 1880 Ecce
1290 1826 1429 1880 enim
1454 1825 1612 1878 homo
1643 1835 1830 1895 potens
1853 1835 2014 1881 terret
2038 1835 2105 1880 te.

522 1916 678 1974 Unde
719 1927 768 1972 Ic
815 1919 1008 1972 terret?
1049 1917 1252 1986 Spolia,
1280 1916 1509 1980 damno,
1541 1927 1782 1985 torqueo,
1811 1916 2016 1972 occido.
2045 1918 2110 1972 Et

520 2012 721 2064 clamas
749 2019 799 2064 tu
819 2051 831 2072 ,
864 2007 1103 2062 Miserere
1129 2010 1246 2072 mei,
1280 2007 1514 2071 Domine,
1543 2009 1777 2079 quoniam
1803 2009 2111 2063 conculcauit

521 2117 601 2154 me
627 2101 794 2153 homo.
825 2101 878 2154 Si
912 2115 1092 2154 verum
1124 2097 1276 2161 dicis,
1316 2107 1366 2153 te
1395 2098 1563 2167 ipsum
1595 2099 1859 2153 attendis:
1894 2099 2014 2168 quia
2043 2101 2109 2153 ti-

522 2207 638 2247 mes
661 2192 830 2246 minas
854 2190 1102 2253 lmininis,
1127 2198 1368 2244 mortuus
1390 2196 1440 2243 te
1461 2189 1764 2247 conculcat;
1789 2197 1844 2243 et
1863 2190 1982 2260 quia
2005 2205 2110 2244 non

522 2283 757 2347 timeres,
785 2281 884 2336 nisi
916 2295 1060 2335 esses
1090 2278 1282 2343 homo,
1324 2279 1600 2335 conculcat
1643 2289 1692 2334 te
1734 2280 1911 2335 homo.
1959 2280 2109 2348 Quod

521 2383 751 2442 estergo
783 2371 1120 2426 remedium?
1151 2370 1193 2424 0
1223 2369 1403 2435 homo,
1437 2371 1579 2425 htrre
1609 2370 1737 2436 Deo,
1767 2387 1796 2426 a
1819 2388 1923 2440 quo
1945 2371 2112 2427 factus

520 2481 580 2517 es
603 2464 762 2517 homo
791 2482 803 2516 :
832 2462 907 2516 illi
933 2462 1166 2526 adiuero,
1191 2461 1242 2514 in
1265 2461 1378 2529 ipso
1405 2476 1687 2530 priesume,
1708 2461 1878 2528 ipsum
1903 2463 2110 2526 invoca,

519 2556 688 2610 virtus
729 2564 814 2607 tua
853 2555 964 2622 ij‘se
994 2553 1082 2606 sit.
1129 2553 1220 2605 Dic
1251 2551 1328 2606 illi
1375 2571 1387 2606 :
1432 2552 1485 2605 In
1524 2561 1595 2613 te,
1641 2553 1895 2615 Domine,
1944 2555 2114 2610 virtus

521 2662 659 2700 mea.
709 2643 778 2698 Et
821 2659 849 2696 a
889 2641 1388 2698 comminationibus
1433 2643 1705 2697 hominum
1747 2645 2019 2711 canmbis;
2059 2653 2110 2697 et

520 2737 660 2809 quod
691 2748 868 2808 postea
899 2746 1102 2798 cantes,
1134 2735 1248 2804 ipse
1280 2735 1533 2790 Dominus
1564 2736 1693 2791 dicit
1724 2755 1734 2789 :
1769 2736 1834 2790 1n
1863 2736 1968 2792 Deo
1995 2755 2108 2808 spe-

519 2834 661 2898 rabo,
685 2849 782 2884 non
801 2828 1106 2901 timeboquid
1117 2829 1269 2900 faciat
1290 2827 1412 2882 mihi
1428 2829 1574 2883 homo
1601 2828 1767 2900 (Psal.
1797 2845 1878 2893 tv,
1900 2829 1951 2893 2,
1980 2830 2038 2884 tl
2067 2829 2108 2901 ).

982 2939 1216 2994 senno
1253 2938 1458 2994 xcvut
1504 2946 1519 2962 -
1553 2942 1648 3007 (α).

523 3053 601 3107 De
632 3052 788 3106 verbis
817 3050 1072 3121 Evangelii
1102 3049 1272 3113 Luca,
1299 3066 1414 3119 cap.
1446 3065 1540 3114 vn,
1571 3051 1764 3112 “433;
1793 3062 1840 3104 ct
1867 3052 1929 3104 de
1953 3051 2110 3104 tribus

798 3141 1010 3194 mortuis
1037 3156 1162 3210 quos
1184 3139 1432 3194 Dominus
1461 3141 1715 3194 suscitavit
1745 3141 1836 3211 (ὁ).

592 3253 817 3309 CAPUT
858 3251 1136 3306 PRIMUM.
1175 3282 1246 3291 —
1288 3253 1336 3306 1.
1372 3250 1623 3304 Miracula
1658 3251 1858 3304 Domini
1897 3255 1946 3306 in
1991 3271 2106 3307 cor-

522 3344 726 3414 poribus
781 3355 824 3396 et
885 3343 936 3395 in
990 3343 1188 3396 animis.
1242 3341 1489 3396 Miracula
1564 3343 1771 3396 Domini
1835 3346 1998 3398 uestri
2054 3357 2104 3398 et

523 3436 815 3490 Salvatoris
843 3432 1039 3488 Christi
1078 3433 1202 3489 Jesu
1225 3477 1238 3492 .
1275 3450 1462 3490 omnes
1491 3435 1704 3506 quidem
1745 3435 2018 3490 audientes
2055 3446 2107 3491 et

519 3527 801 3582 credentes
832 3539 1044 3581 movent
1075 3544 1086 3578 :
1121 3527 1213 3581 sed
1245 3527 1377 3581 alios
1401 3536 1559 3597 atque
1587 3528 1719 3582 alios
1748 3529 1902 3583 aliter
1929 3538 1983 3584 et
2007 3530 2104 3584 ali-

521 3629 622 3674 ter.
646 3619 868 3686 Quidam
902 3620 1042 3672 enim
1066 3618 1358 3688 corporalia
1385 3619 1503 3688 ejus
1528 3619 1777 3673 miracula
1809 3630 2100 3689 stupentes,

520 3710 722 3778 majora
773 3709 964 3762 intueri
1013 3724 1115 3762 non
1166 3718 1358 3762 nm'unt
1396 3727 1408 3762 :
1452 3709 1662 3778 quidam
1711 3725 1839 3764 vero
1885 3729 1945 3765 ea
1987 3729 2104 3781 quae

519 3809 667 3869 gesta
697 3801 918 3854 audiunt
949 3799 998 3852 in
1031 3800 1342 3868 corporibus
1362 3841 1375 3865 ,
1410 3815 1548 3853 nunc
1577 3800 1804 3869 amplius
1836 3803 1884 3854 in
1915 3801 2106 3856 animis

521 3890 868 3944 admirantur.
920 3890 1053 3942 Dicit
1103 3890 1214 3958 ipse
1259 3890 1536 3952 Dominus,
1584 3891 1729 3943 Sicut
1777 3893 1908 3944 enim
1952 3891 2106 3948 Pater

520 3983 727 4034 suscitat
765 3990 1014 4048 mortuos,
1057 3992 1104 4034 et
1149 3982 1361 4050 viri/ica!
1387 3999 1403 4045 ;
1433 3984 1502 4035 sic
1529 3993 1575 4035 et
1609 3981 1654 4034 F
1657 3983 1773 4036 ilius
1814 4001 1937 4054 quos
1978 3988 2100 4054 vult,

521 4076 736 4143 uiri/icat
768 4075 785 4145 (
813 4073 970 4128 Joan.
1001 4090 1055 4142 v,
1083 4075 1142 4128 2|
1179 4074 1219 4140 ).
1248 4074 1361 4128 Non
1379 4075 1573 4144 Inique
1599 4075 1731 4129 alios
1760 4075 1942 4142 Filius,
1973 4080 2105 4134 alios

522 4165 715 4231 Pater;
745 4165 837 4219 sed
862 4165 1077 4220 eosdem
1103 4165 1257 4219 Pater
1285 4175 1337 4218 et
1359 4165 1520 4219 Filius
1550 4184 1563 4218 :
1593 4167 1715 4235 quia
1745 4168 1920 4221 omnia
1952 4168 2106 4224 Pater

524 4271 618 4328 per
663 4257 875 4310 Filium.
913 4256 1080 4310 Nemo
1125 4272 1251 4324 ergo
1282 4255 1487 4309 dubitet
1515 4257 1603 4326 qui
1640 4258 1961 4312 christianus
2002 4267 2102 4325 est,

524 4347 682 4400 ctiam
716 4361 852 4400 nunc
877 4358 1115 4399 mortuos
1143 4346 1405 4399 suscitari.
1431 4347 1534 4400 Sed
1563 4348 1735 4402 omnis
1766 4348 1926 4403 homo
1948 4350 2108 4406 habet

525 4441 730 4505 oculos,
769 4439 958 4506 quibus
997 4438 1176 4491 videre
1220 4446 1393 4506 potest
1435 4449 1674 4492 tnortuos
1705 4456 1982 4512 resurgere
2013 4444 2103 4513 ita,

526 4540 584 4585 ut
626 4531 914 4584 resurrexit
946 4529 1084 4582 filius
1117 4529 1270 4598 hujus
1300 4530 1468 4582 viduae
1488 4572 1502 4595 ,
1531 4531 1618 4600 qui
1651 4532 1808 4586 modo
1839 4550 1902 4588 ex
1933 4534 2107 4590 Evan-

522 4623 663 4693 gelio
689 4621 940 4675 reeitatus
971 4629 1052 4674 est
1077 4639 1087 4674 :
1115 4620 1254 4674 unde
1282 4631 1456 4674 autem
1494 4622 1705 4676 videant
1749 4623 1991 4679 homines
2020 4643 2108 4680 rc-

514 4729 740 4785 surgere
778 4724 1016 4768 mortuos
1055 4713 1105 4766 in
1149 4713 1347 4776 Corde,
1381 4730 1483 4768 non
1528 4730 1716 4769 omnes
1746 4715 1976 4784 habent,
2008 4721 2107 4774 nisi

519 4809 615 4875 qui
638 4807 746 4876 jam
779 4813 1186 4859 resurrexerunt
1213 4805 1264 4858 iu
1295 4805 1474 4859 corde.
1502 4807 1738 4875 Amplius
1769 4818 1850 4862 est
1878 4812 2105 4864 resusci—

525 4909 638 4956 tare
669 4883 882 4967 semper
911 4896 1198 4962 victurum,
1230 4913 1387 4966 quant
1415 4900 1671 4960 suscitare
1713 4899 1901 4953 iterum
1944 4903 2106 4954 mori-

532 4999 719 5051 lurum.

595 5079 819 5138 CAPUT
860 5079 920 5134 ΙΙ.
953 5111 1021 5120 -
1051 5079 1104 5133 2.
1140 5072 1455 5135 Mortuomm
1477 5085 1578 5136 duo
1599 5085 1902 5154 genam-De
1911 5085 2109 5155 juvene

532 5172 612 5231 lit:
644 5173 957 5249 resuSeitato
983 5175 1161 5244 gavisa
1190 5183 1271 5228 est
1300 5188 1471 5230 mater
1498 5176 1651 5232 vidua
1679 5177 1782 5233 :de
1808 5177 2109 5235 hominibus

533 5266 574 5324 in
619 5266 806 5343 spiritu
846 5264 1081 5338 Quotidie
1125 5269 1390 5322 suscitatis
1419 5268 1612 5338 gaudet
1653 5279 1823 5326 mater
1850 5271 2106 5328 Ecclesia.

534 5360 616 5416 ille
646 5357 860 5430 quidem
892 5370 1126 5413 lllttrllltls
1163 5372 1274 5413 erat
1305 5377 1558 5432 corpore;
1591 5363 1661 5442 illi
1691 5374 1867 5419 autem
1907 5375 2106 5420 mente.

590 5517 602 5530 ‘
633 5515 912 5564 necensitus
949 5525 1025 5564 est
1057 5516 1116 5579 ad
1154 5529 1325 5566 omnes
1354 5517 1549 5566 codices
1581 5518 1782 5579 scriptos
1813 5527 1861 5570 et
1901 5533 2109 5572 excusas

531 5586 575 5622 tu
594 5587 836 5641 lacrumae
860 5578 1174 5641 praecedenti
1221 5580 1365 5641 modo,
1388 5578 1699 5641 designatos.

589 5634 639 5694 (α
682 5633 824 5692 Alias,
840 5633 904 5683 de
929 5639 1096 5688 Verbis
1117 5640 1315 5698 Domini,
1341 5639 1417 5688 tt.

589 5641 661 5752 (bi
681 5695 977 5752 Recensetur
999 5710 1025 5744 a
1050 5701 1252 5750 Possidio
1275 5704 1323 5750 ia
1349 5703 1417 5750 tad

681 5689 977 5768 “censetur
999 5710 1025 5744 a
1050 5701 1252 5750 Possidio
1275 5689 1323 5750 in
1349 5702 1570 5762 tadiculo,
1591 5715 1694 5768 cap.
1721 5704 1767 5766 9,
1798 5714 1848 5756 et
1879 5709 2056 5756 citatur
2081 5720 2105 5755 a

527 5754 660 5802 ιιιυτυ
682 5751 738 5800 ad
764 5755 810 5814 Ει
829 5755 932 5803 hes.
957 5770 1003 5808 ι.
1557 5751 1569 5762 ’
1604 5751 1692 5768 ⁷“⁸“
1723 5791 1728 5796 .

1669 349 1685 369 ⁸
1853 335 2215 391 AUGUSTINI
2261 336 2558 392 EPLSCOPI
3293 388 3326 394 -
3670 346 3758 402 592

2215 450 2360 504 illius
2406 467 2550 504 mors
2592 450 2808 504 visibilis
2852 447 3139 503 visibiliter
3177 449 3747 518 plangebant-ﬁliumin

2213 557 2358 596 mors
2385 543 2660 597 invisibilis
2681 558 2777 598 nec
2798 543 3130 613 quwrebatur
3149 545 3188 610 ⁸.
3216 559 3314 601 nec
3334 546 3610 604 videbatur.
3629 550 3753 616 Qua:-

2214 635 2330 688 sivit
2365 633 2452 688 ille
2477 635 2564 705 qui
2596 644 2815 688 noverat
2838 644 3074 689 mortuos
3095 653 3106 688 :
3127 636 3218 689 ille
3243 636 3388 691 solus
3413 649 3618 693 noverat
3633 659 3754 696 mor-

2217 734 2356 790 tuOs,
2381 725 2468 794 qui
2503 733 2710 794 poterat
2736 725 2908 780 facere
2931 725 3098 780 vivos.
3125 725 3238 781 Nisi
3275 728 3414 782 enim
3451 730 3514 784 ad
3551 745 3752 790 mortuos

2215 816 2545 869 suscitandas
2567 817 2823 870 Dominus
2851 817 3098 882 venisset,
3125 832 3232 871 non
3254 820 3529 887 Apostolus
3555 822 3748 880 diceret:

2218 909 2404 976 Surge,
2437 909 2520 976 qui
2547 909 2735 961 dormis
2753 949 2769 973 ,
2798 918 2841 961 et
2869 925 3078 978 exsurge
3103 928 3134 961 α
3166 912 3394 972 mortuis,
3423 922 3467 965 et
3493 914 3750 970 illuminabit

2216 1011 2263 1052 te
2289 999 2517 1052 Christus
2546 997 2778 1069 (Ephes.
2802 1015 2856 1063 v,
2889 1001 2950 1053 Η
2972 999 3012 1070 ).
3046 1000 3407 1055 Durmientem
3453 1004 3619 1067 audis,
3657 1023 3748 1060 eum

2215 1091 2361 1156 dicit,
2379 1092 2566 1162 Surge,
2597 1092 2682 1161 qui
2710 1091 2898 1145 dormis
2927 1106 2944 1144 :
2969 1091 3062 1145 sed
3093 1103 3360 1145 mortuum
3392 1093 3629 1163 intelligo,
3655 1113 3749 1151 rein

2214 1185 2384 1247 audis,
2410 1181 2474 1236 Et
2501 1200 2709 1255 exsurge
2731 1201 2764 1236 a
2786 1185 3014 1237 mortuis.
3045 1183 3179 1238 Dicti
3205 1194 3330 1238 sunt
3357 1199 3497 1254 smpe
3521 1187 3743 1241 dormien-

2217 1286 2294 1329 tes
2341 1287 2392 1331 et
2443 1277 2634 1332 mortui
2669 1277 2962 1330 visibiliter.
2996 1278 3057 1330 lit
3085 1277 3242 1345 plane
3272 1293 3476 1339 omnes,
3508 1278 3552 1331 ei
3578 1281 3652 1346 qui
3678 1297 3748 1350 plt-

2217 1375 2318 1421 te..t
2365 1367 2616 1430 excitare,
2657 1366 2950 1421 dormiunt.
2981 1367 3220 1420 Mortuus
3247 1367 3388 1420 enim
3431 1368 3518 1421 tibi
3549 1383 3746 1424 innrtnus

2217 1469 2318 1521 cst,
2351 1461 2440 1528 qui
2471 1459 2856 1528 quantumlibet
2906 1459 3109 1528 pulses,
3143 1459 3520 1527 quantumlibet
3559 1463 3744 1525 vellicu-s,

2215 1548 2607 1619 quantumlibet
2631 1550 2816 1614 lanies,
2842 1566 2945 1603 non
2969 1551 3375 1619 expergiscitur.
3392 1550 3591 1604 Christo
3611 1564 3744 1606 autem

2217 1641 2304 1695 ille
2352 1641 2683 1715 dormiebat,
2716 1640 2801 1696 cui
2845 1640 3042 1695 dictum
3089 1650 3210 1706 est,
3245 1641 3518 1712 Surge;et
3545 1646 3746 1696 cinnamo

2215 1736 2462 1790 Surrexit.
2490 1735 2657 1790 Nemo
2687 1745 2790 1788 tam
2823 1735 2975 1790 facile
3000 1735 3203 1789 excitat
3244 1735 3296 1789 in
3336 1735 3500 1802 lecto,
3527 1751 3661 1806 qmnn
3684 1735 3739 1790 la-

2214 1827 2316 1881 cile
2337 1825 2580 1882 Christus
2611 1826 2661 1879 in
2688 1825 2956 1896 sepulcro.

2285 1916 2510 1972 CAPUT
2540 1915 2753 1972 lll.—3.
2777 1915 2902 1970 Tres
2929 1917 3115 1970 mortui
3137 1934 3170 1968 a
3196 1915 3409 1971 Domino
3436 1919 3650 1972 suscitati.
3672 1918 3744 1971 Ali-

2216 2008 2390 2062 racula
2419 2006 2604 2063 Christi
2633 2017 2838 2078 propter
2866 2008 3291 2079 signiﬁcationem
3321 2009 3468 2077 facta.
3496 2008 3612 2078 Apta
3633 2010 3743 2060 simi-

2219 2100 2400 2156 litudo.
2431 2100 2562 2156 Tres
2591 2111 2769 2156 autem
2810 2110 3046 2155 mortuos
3083 2101 3386 2156 invenimus
3413 2117 3440 2155 a
3467 2101 3660 2156 Domino
3682 2118 3740 2154 re~

2215 2195 2498 2250 suscitatus
2527 2193 2837 2258 visibiliter,
2871 2191 3033 2246 millia
3078 2192 3434 2246 invisibiliter.
3461 2193 3584 2259 Quot
3607 2203 3740 2244 autem

2219 2293 2460 2339 mortuos
2487 2283 2763 2339 visibiliter
2792 2283 3153 2350 suscitaverit,
3183 2283 3302 2354 quis
3325 2283 3492 2337 novit?
3513 2282 3611 2337 Non
3633 2282 3738 2336 enim

2217 2380 2391 2431 ninnia
2447 2393 2564 2447 qua:
2619 2377 2741 2431 fecit
2797 2377 2993 2446 scripta
3047 2373 3465 2430 suntzloannes
3507 2377 3592 2428 hoc
3627 2374 3736 2430 dicit.

2221 2468 2388 2522 Mnba
2418 2471 2520 2522 alia
2551 2470 2666 2540 fecit
2692 2468 2862 2531 Jesus,
2902 2485 3015 2539 qua:
3050 2469 3102 2522 si
3143 2469 3329 2538 scripta
3371 2480 3538 2527 essent,
3573 2469 3738 2518 arbitror

2217 2574 2375 2616 totum
2408 2563 2649 2616 mundum
2675 2580 2774 2616 non
2800 2579 2948 2628 posse
2975 2562 3137 2615 libros
3157 2577 3333 2632 capere
3357 2559 3517 2631 (Joan.
3541 2576 3628 2618 xu,
3650 2559 3733 2624 ‘25}.

2217 2653 2360 2708 Multi
2391 2671 2517 2724 ergo
2545 2662 2668 2709 sunt
2691 2653 2778 2707 alii
2809 2654 2924 2707 sine
2956 2653 3124 2707 dubio
3149 2652 3384 2707 suscitati
3407 2670 3419 2706 :
3440 2651 3523 2706 sed
3550 2666 3635 2704 nan
3658 2650 3732 2702 lni-

2216 2756 2325 2800 stra
2373 2756 2480 2799 tres
2521 2728 2943 2800 commemorati.
2976 2744 3240 2799 Dominus
3267 2746 3404 2799 enim
3432 2754 3590 2797 noster
3619 2742 3732 2795 JCeﬂS

2214 2837 2456 2891 Christus
2481 2852 2541 2890 ea
2573 2853 2692 2906 qua:
2722 2835 2944 2890 faciebat
2969 2836 3341 2906 corporaliter,
3369 2835 3517 2891 etiam
3543 2833 3730 2903 spiritua-

2217 2929 2336 2982 liter
2365 2929 2574 2982 volebat
2617 2929 2858 2997 intelligi.
2894 2928 3072 2998 Neque
3120 2928 3262 2983 enim
3307 2934 3495 2982 tantum
3537 2925 3728 2979 miracula

2217 3034 2432 3091 promer
2475 3023 2725 3075 miracula
2773 3020 2998 3075 faciebat
3031 3039 3046 3076 :
3079 3021 3177 3076 sed
3208 3030 3262 3074 ut
3299 3021 3381 3074 illa
3408 3036 3515 3090 qua!
3541 3019 3725 3076 [δειρὴν.

2214 3114 2346 3166 tnira
2391 3123 2568 3167 essent
2609 3111 2939 3174 videntibus,
2981 3127 3108 3166 vera
3150 3122 3328 3166 essent
3370 3109 3721 3178 intelligettlihus.

2213 3205 2670 3273 Quemadmodum
2717 3204 2805 3273 qui
2851 3203 2993 3258 videt
3040 3203 3247 3259 litteras
3286 3203 3336 3257 in
3379 3203 3541 3256 codixc
3579 3199 3724 3268 optimc

2213 3296 2431 3365 scripto,
2460 3305 2511 3348 et
2539 3310 2640 3348 non
2670 3294 2814 3348 novit
2846 3294 3039 3363 legere,
3071 3293 3254 3347 laudat
3281 3291 3482 3363 quidem
3507 3287 3720 3356 antiquarii

2215 3403 2426 3440 manum
2469 3387 2736 3440 admirans
2773 3387 2980 3454 apicum
3031 3382 3601 3454 pulchritudinem;sed
3632 3378 3719 3447 quid

2211 3480 2309 3533 sibi
2357 3479 2548 3544 velint,
2600 3478 2721 3547 quid
2766 3477 2999 3532 indicent
3043 3478 3121 3530 illi
3165 3477 3342 3546 apices
3381 3475 3627 3537 uescit;el
3656 3475 3714 3522 est

2211 3569 2377 3624 oculis
2404 3569 2662 3633 laudator,
2705 3577 2880 3622 mente
2924 3585 3026 3622 non
3057 3570 3338 3639 cognitor:
3369 3567 3494 3620 alius
3519 3573 3658 3616 autem
3679 3569 3714 3610 et

2211 3661 2388 3715 laudat
2414 3660 2714 3721 artiﬁcium,
2744 3671 2796 3714 et
2825 3661 2964 3728 capit
2991 3661 3354 3725 intellectum;
3381 3659 3461 3714 ille
3490 3657 3634 3722 utique
3653 3651 3713 3718 qui

2211 3770 2317 3809 non
2348 3755 2518 3809 solum
2543 3753 2720 3807 videre
2747 3753 2886 3823 quod
2917 3769 3202 3810 commune
3229 3765 3307 3809 est
3332 3754 3552 3808 omnibus
3575 3752 3714 3814 ['Oll'b'l.

2210 3847 2302 3902 sed
2328 3848 2484 3902 etiam
2517 3847 2721 3916 legere;
2751 3845 2893 3915 quod
2935 3847 3024 3914 qui
3071 3865 3176 3900 non
3220 3847 3415 3909 didicit,
3443 3859 3533 3896 non
3574 3845 3711 3908 ponat.

2213 3937 2284 3992 Ita
2313 3939 2399 4007 qui
2425 3937 2670 3992 viderunt
2693 3938 2888 3991 Christi
2919 3939 3197 4002 miracula,
3222 3948 3274 3993 et
3295 3953 3396 3992 non
3419 3933 3715 3990 intellexerunt

2210 4029 2336 4099 quid
2366 4030 2464 4082 sibi
2489 4029 2702 4093 vellent,
2731 4038 2782 4083 et
2805 4028 2928 4098 quid
2954 4030 3366 4099 intelligentibus
3384 4025 3581 4099 quodam
3602 4017 3714 4074 tum!"

2213 4120 2520 4183 innucrent,
2558 4119 2731 4178 mirati
2775 4130 2899 4174 sunt
2940 4130 3144 4174 tantum
3185 4122 3302 4190 quia
3345 4120 3466 4174 facta
3499 4109 3711 4169 sunt:nlii

2213 4225 2342 4264 vero
2371 4219 2422 4263 et
2455 4209 2588 4264 facta
2619 4210 2820 4274 mirati,
2853 4219 2906 4264 et
2937 4211 3202 4265 intellecta
3244 4209 3475 4263 assecuti.
3501 4204 3625 4260 Tales
3647 4215 3711 4250 nos

2216 4302 2268 4356 in
2299 4301 2478 4354 schola
2505 4301 2699 4356 Christi
2731 4317 2848 4356 esse
2873 4301 3148 4358 debemus.
3181 4304 3277 4370 Qui
3307 4303 3439 4356 enim
3467 4297 3573 4353 dicit
3595 4290 3708 4347 Clui-

2212 4403 2348 4446 stum
2380 4403 2656 4462 propterea
2698 4401 2898 4445 tantum
2949 4392 3140 4447 fecisse
3170 4393 3431 4453 miracula,
3464 4398 3512 4441 ut
3545 4399 3624 4438 non
3649 4394 3708 4430 cs-

2213 4495 2330 4539 scnt
2364 4484 2460 4538 nisi
2492 4485 2764 4548 miracula,
2809 4495 2980 4553 potest
3019 4485 3161 4539 illum
3193 4485 3365 4542 dicere
3392 4483 3530 4536 etiam
3556 4474 3707 4529 nescire

2213 4576 2351 4646 quod
2381 4592 2483 4630 non
2513 4585 2654 4630 esset
2682 4586 2886 4644 tempus
2915 4593 3211 4644 pontorum,
3241 4573 3444 4644 quando
3469 4571 3575 4624 licus
3596 4576 3700 4632 qum-

2213 4668 2331 4721 sivit
2376 4669 2426 4720 in
2474 4667 2684 4722 arbore.
2715 4667 2826 4721 Non
2868 4668 3008 4722 cnim
3051 4678 3166 4722 erat
3211 4668 3343 4721 illius
3373 4661 3498 4733 pomi
3535 4665 3703 4721 tempus.

2214 4759 2348 4813 sicut
2376 4758 2708 4828 Evangelista
2755 4767 3018 4813 testatur:
3048 4769 3100 4814 et
3138 4770 3308 4813 tamen
3352 4754 3562 4810 esuriens
3595 4754 3706 4813 por"-1

2215 4851 2454 4920 quaasivil
2485 4851 2534 4904 in
2563 4851 2774 4906 arbore.
2805 4852 3044 4905 Christus
3072 4851 3352 4911 nesciebat,
3383 4845 3504 4918 quod
3536 4837 3705 4895 rusticus

2215 4942 2619 5009 δθίυδίιίῗρυοά
2649 4953 2864 4996 noverat
2891 4945 3098 4998 arboris
3123 4945 3308 5004 cultor,
3330 4956 3424 4994 non
3447 4939 3624 4990 neverat
3643 4940 3702 4976 ar-

2216 5033 2362 5086 boris
2402 5034 2646 5087 creatnr?
2673 5034 2803 5089 Cum
2833 5049 2961 5105 ergo
3000 5035 3238 5088 esuriens
3277 5046 3418 5103 poma
3451 5019 3643 5096 ιιυευείνὶί
3666 5015 3700 5105 in

2221 5122 2437 5185 arbore,
2462 5123 2778 5194 signiﬁcavit
2804 5139 2865 5179 se
2894 5100 3088 5194 aliquid
3116 5100 3331 5185 esurire,
3355 5130 3400 5174 et
3419 5111 3582 5184 aliquid
3598 5100 3700 5160 aliud

2221 5226 2461 5281 qumrere
2489 5231 2500 5266 :
2529 5223 2583 5267 et
2613 5213 2856 5268 arborem
2889 5213 3030 5268 illam
3065 5213 3176 5268 sine
3213 5205 3520 5266 fructuxt‘oliis
3543 5198 3695 5270 plenam

2217 5304 2436 5372 reperit,
2467 5314 2520 5358 et
2568 5303 2866 5368 maledint;
2898 5315 2950 5358 et
2992 5306 3144 5358 aruit.
3184 5303 3312 5371 Quid
3377 5296 3515 5351 arbor
3549 5289 3690 5341 fecerat

2215 5391 2445 5448 fructum
2478 5409 2581 5447 non
2611 5392 2886 5450 afl'erendo
2910 5395 3121 5465 (Matth.
3155 5409 3261 5458 χιι,
3300 5392 3370 5453 l8,
3403 5389 3476 5448 l9,
3502 5389 3543 5435 ct
3569 5371 3688 5466 illa":

2216 5501 2288 5549 ιιι,
2315 5485 2438 5555 13)?
2458 5486 2584 5552 Qua!
2609 5486 2759 5556 culpa
2787 5487 2994 5542 arboris
3019 5481 3382 5548 infecunditas?
3405 5474 3494 5532 Sed
3513 5476 3608 5542 sunt
3627 5476 3690 5556 qui

2217 5553 2443 5631 fructum
2467 5553 2737 5633 voluntate
2760 5577 2888 5634 dare
2910 5597 3014 5634 non
3040 5585 3265 5650 possunt.
3289 5573 3472 5628 Blormu
3493 5571 3560 5618 est
3575 5553 3687 5617 ειίὶμ

2207 5777 2260 5818 m
2280 5711 2293 5740 ¹
2320 5721 2497 5761 (nones
2511 5719 2637 5770 ηδε,
2656 5708 2856 5761 illorum
2874 5723 3002 5761 mors
3022 5705 3256 5763 ims'vibitis
3276 5699 3383 5752 alibi
3401 5707 3476 5746 nec
3493 5679 3683 5784 Μίδα·

2269 5785 2310 5818 ι’.
3519 5783 3524 5788 .

2269 5785 2310 5820 Γ.
3519 5783 3524 5788 ’
