3852 6182
139 341 238 397 593

141 449 402 513 sterilitas,
427 461 656 517 quorum
690 444 986 502 fecunditas
1015 455 1095 500 est
1122 445 1384 499 voluntas.
1410 445 1568 498 Erant
1598 459 1726 515 ergo

144 542 302 599 Judaei
343 541 602 594 habentes
648 537 806 592 verba
840 536 994 606 Legis
1035 545 1090 591 et
1129 536 1262 590 facta
1303 551 1406 589 non
1448 534 1724 601 habentes,

148 633 277 706 pleni
310 631 447 686 loliis
477 639 533 684 et
560 627 768 683 fructus
799 643 902 682 non
950 627 1200 683 ferentes.
1230 625 1342 681 lloc
1368 626 1495 689 dixi,
1519 634 1575 678 ut
1603 641 1724 694 per-

153 727 415 781 suaderem
456 721 742 776 Dominum
791 731 1031 774 nostrum
1071 719 1250 773 Jesum
1293 718 1559 771 Christum
1608 717 1727 770 ideo

153 815 386 872 miracula
416 813 631 879 fecisse,
657 820 713 866 ut
739 811 938 880 aliquid
964 811 1066 864 illis
1086 808 1352 863 miraculis
1379 805 1723 877 signiﬁcaret,

154 920 204 964 ιιι
241 917 457 974 excepto
499 920 569 960 eo
613 901 754 973 quod
793 903 925 957 mira
968 911 1019 956 et
1058 915 1246 971 magna
1277 908 1328 954 et
1355 898 1526 954 divina
1553 906 1723 963 erant,

153 1002 331 1071 aliquid
360 999 483 1053 inde
508 998 671 1053 etiam
702 997 1050 1052 disceremus.

215 1091 427 1150 CAPUT
455 1091 674 1145 lV.-——4.
697 1089 872 1144 Trium
901 1098 1210 1143 mortuorum
1230 1088 1506 1141 suscitatto.
1532 1084 1724 1139 Videa—

159 1203 262 1242 mus
289 1201 415 1256 ergo
459 1183 584 1254 quid
630 1198 729 1237 nos
768 1181 977 1236 discere
1007 1181 1172 1234 voluit
1201 1180 1251 1233 in
1283 1179 1450 1233 tribus
1485 1177 1723 1242 mortuis,

151 1294 270 1348 quos
296 1275 589 1331 suscitavit.
621 1273 977 1328 Resuscitavit
1003 1273 1161 1326 tiliam
1191 1279 1449 1326 mortuam
1481 1267 1726 1338 Arehisy-

151 1371 360 1440 uagogi,
395 1367 458 1423 ad
495 1383 652 1439 quam
689 1375 1035 1438 :egrotantem
1081 1365 1377 1436 petebatur,
1401 1371 1453 1415 ut
1498 1377 1615 1416 eam
1662 1360 1728 1415 dc

146 1461 450 1532 a-gritudiue
469 1459 739 1514 liberaret.
761 1459 968 1512 Etcum
988 1455 1176 1526 pergit.
1197 1465 1402 1509 mortua
1428 1453 1722 1516 nuntiatur;

149 1563 195 1608 et
223 1553 372 1623 quasi
397 1554 502 1622 jam
533 1550 728 1605 frustra
762 1551 1086 1620 fatigaretur,
1113 1550 1466 1604 renuntiatum
1490 1556 1570 1600 est
1592 1544 1727 1615 patri

150 1645 286 1712 ejus:
313 1643 491 1698 Puella
519 1653 720 1696 mortua
744 1653 834 1704 est,
858 1641 978 1711 quid
998 1641 1167 1694 adhuc
1187 1640 1371 1710 fatigas
1390 1636 1728 1707 Magistrum?

155 1737 237 1791 ltle
266 1746 436 1790 autem
466 1735 732 1805 perrexit,
760 1744 810 1787 et
842 1735 914 1786 ait
944 1733 1075 1802 patri
1116 1733 1302 1802 puellm
1328 1749 1340 1783 :
1373 1729 1496 1783 Noli
1525 1730 1723 1793 timere,

151 1828 482 1881 tantummodo
521 1827 688 1880 crede.
721 1825 878 1880 Venit
916 1825 980 1878 ad
1024 1824 1260 1888 domum,
1298 1833 1349 1877 et
1382 1822 1584 1875 invenit
1617 1821 1724 1886 jam

152 1919 389 1988 obsequia
421 1917 590 1972 funeri
617 1916 791 1972 debita
821 1925 1110 1986 prmparata
1134 1933 1145 1967 :
1168 1923 1220 1968 et
1243 1913 1370 1968 dicit
1397 1913 1498 1965 illis
1521 1929 1532 1964 :
1557 1910 1728 1965 Nolite

151 2013 282 2077 flere,
322 2030 415 2065 non
443 2013 572 2065 enim
609 2020 681 2063 est
717 2019 913 2062 mortua
943 2009 1132 2079 puella,
1171 2007 1258 2061 sed
1294 2007 1496 2060 dormit.
1529 2004 1725 2059 Verum

152 2105 276 2156 ditil
297 2121 311 2156 :
335 2101 651 2164 dormiebat,
676 2100 767 2154 sed
792 2101 866 2154 illi
895 2115 921 2152 a
952 2115 1056 2170 quo
1085 2106 1288 2168 poterat
1316 2096 1557 2152 excitari.
1579 2095 1728 2150 llanc

153 2195 396 2259 excitans,
430 2193 661 2248 reddidit
689 2193 859 2246 vivam
891 2192 1195 2260 parentibus
1221 2189 1477 2261 (Μαῖαν,
1507 2187 1723 2257 22-45).

155 2287 405 2341 Excitavit
431 2295 481 2340 rt
511 2286 653 2339 hunc
672 2285 922 2354 juvenem
945 2282 1117 2336 viduze
1148 2282 1334 2347 lilium,
1363 2280 1429 2335 de
1454 2294 1559 2349 quo
1588 2291 1727 2332 nunc

150 2377 395 2431 admoniti
427 2393 635 2441 sumus,
667 2385 723 2430 ut
765 2375 887 2430 hinc
915 2375 1011 2428 ista
1041 2389 1160 2444 qum
1190 2375 1301 2442 ipse
1331 2371 1506 2442 largiri
1537 2369 1724 2440 digna-

152 2480 250 2529 tur,
279 2485 397 2524 cum
427 2479 599 2523 vestra
625 2463 898 2522 Charitatc
929 2465 1287 2535 loqueremur.
1323 2461 1477 2517 Modo
1505 2460 1725 2515 audistis

151 2559 405 2624 uptonmdo
427 2557 686 2611 excitatus
712 2566 812 2610 est.
837 2555 1306 2626 Appropinquahat
1325 2553 1578 2606 Dominus
1597 2551 1725 2605 civi-

152 2651 277 2712 tati;
315 2659 362 2704 et
396 2665 518 2705 ecce
549 2649 868 2704 efferebatur
893 2656 1134 2702 mortults
1170 2647 1280 2717 jam
1319 2654 1466 2702 extra
1498 2654 1720 2714 portam.

149 2739 500 2794 Misericordia
543 2749 864 2803 commotus,
901 2737 1042 2808 quod
1086 2736 1245 2792 ﬂebat
1283 2745 1452 2790 mater
1481 2734 1636 2788 vidua
1671 2742 1726 2788 et

147 2831 392 2884 destituta
425 2833 583 2884 unico
613 2830 741 2895 filio,
773 2829 896 2883 fecit
920 2828 1060 2898 quod
1086 2827 1326 2889 audistis,
1350 2827 1569 2880 dicens:
1596 2824 1726 2878 Ado-

147 2919 353 2979 lescens,
398 2918 487 2972 tibi
528 2919 662 2980 dico,
695 2934 862 2989 surge.
889 2917 1132 2972 Surrexit
1159 2917 1246 2972 ille
1277 2925 1535 2982 mortuus,
1565 2914 1727 2984 carpit

148 3011 322 3080 loqui;
351 3020 406 3066 et
431 3009 667 3065 reddidit
695 3011 841 3065 illum
869 3011 1022 3065 matri
1048 3025 1178 3065 suat.
1202 3009 1460 3064 Excitavit
1485 3018 1539 3063 et
1560 3007 1724 3063 Laza-

145 3118 260 3156 rum
288 3103 352 3158 de
380 3104 646 3174 scpulcro.
672 3103 738 3158 Et
767 3103 836 3158 ibi
873 3119 990 3158 cum
1021 3113 1364 3173 aegrotantem
1404 3102 1603 3156 scirent
1639 3100 1723 3155 di-

146 3196 332 3264 st‘ipuli
348 3211 468 3251 cum
491 3195 688 3266 quibus
711 3195 1026 3266 loquebatur
1043 3194 1314 3264 (diligebat
1335 3203 1510 3248 autem
1530 3192 1720 3262 illum):

146 3273 389 3355 Lazarus,
433 3287 626 3358 inquit,
673 3288 864 3340 amicus
910 3295 1077 3338 noster
1117 3284 1322 3339 dormit.
1364 3283 1442 3338 Illi
1481 3291 1724 3355 putantes

145 3381 278 3448 :vgri
297 3396 532 3436 somnum
555 3379 824 3436 salubrem
850 3399 862 3434 :
891 3379 952 3433 Si
971 3379 1175 3445 dormit,
1203 3378 1462 3446 inquiunt,
1491 3375 1721 3440 Domine,

144 3472 314 3524 saluus
341 3481 427 3525 est.
458 3472 522 3525 Et
550 3471 639 3525 ille
672 3489 684 3525 :
713 3469 837 3523 Dico
869 3469 1034 3534 vobis,
1066 3469 1299 3537 apertius
1331 3468 1439 3536 jam
1479 3467 1722 3536 loquens,

153 3560 371 3616 Lazarus
395 3563 589 3616 amicus
616 3570 784 3614 noster
809 3570 1033 3612 mortuus
1057 3569 1128 3612 est
1158 3560 1175 3628 (
1203 3557 1357 3611 Joan.
1385 3573 1457 3621 χι,
1487 3557 1544 3611 ll
1584 3558 1651 3610 44
1680 3555 1720 3626 ).

155 3649 434 3722 ιῗιτυηπιαο
475 3667 660 3706 verum
698 3651 883 3705 dicens
908 3666 922 3703 :
947 3649 1183 3704 Mortuus
1212 3657 1292 3703 est
1321 3647 1498 3712 vobis,
1529 3647 1728 3702 dormit

158 3761 184 3791 n
195 3743 296 3795 .ihi.
867 3789 880 3798 .

221 3830 436 3890 CAPUT
480 3834 684 3888 V.--5.
719 3833 838 3887 Tria
867 3843 1182 3903 peccatorum
1211 3847 1414 3902 genera,
1442 3828 1728 3910 tribusillis

163 3925 354 3978 mortuis
398 3926 638 3996 ﬁgurata.
688 3923 1006 3978 Consuetudo
1043 3924 1205 3978 mala.
1244 3922 1344 3976 Ista
1393 3921 1488 3976 tria
1533 3936 1726 3990 genera

173 4025 501 4082 mortuorum,
531 4024 655 4070 sunt
677 4015 773 4068 tria
798 4029 989 4084 genera
1013 4023 1367 4084 peccatorum,
1397 4027 1530 4084 quos
1552 4012 1728 4067 hodie-

172 4118 258 4170 que
279 4105 489 4159 suscitat
507 4104 772 4159 Christus.
796 4104 887 4158 llla
903 4104 1043 4159 enim
1059 4114 1264 4158 mortua
1293 4103 1397 4157 lilia
1428 4102 1725 4174 Archisyn-

176 4193 303 4262 agogi
352 4195 488 4250 intus
536 4194 735 4249 eratin
776 4193 956 4259 domo,
990 4193 1222 4248 nondum
1262 4203 1376 4249 erat
1402 4193 1469 4249 de
1507 4195 1729 4249 secretis

181 4282 438 4344 parietibus
466 4283 604 4337 elata
637 4284 686 4336 in
719 4283 1005 4352 publicum.
1035 4285 1109 4340 lbi
1151 4285 1290 4339 intus
1327 4285 1578 4340 suscitata
1625 4293 1724 4350 est,

183 4372 276 4425 viva
304 4376 604 4443 parentibus
631 4375 856 4430 reddita.
888 4374 991 4430 Iste
1030 4385 1206 4431 autem
1243 4376 1352 4449 jam
1383 4375 1593 4446 quidem
1623 4392 1726 4430 non

186 4462 224 4513 in
247 4462 406 4529 domo,
439 4464 534 4520 sed
576 4475 751 4520 tamen
780 4465 1014 4519 nondum
1056 4466 1110 4520 in
1135 4467 1400 4536 sepulcro,
1442 4466 1730 4536 parietibus

185 4551 320 4609 elatus
345 4565 476 4619 erat,
508 4566 666 4610 terra:
711 4556 988 4611 mandatus
1017 4573 1121 4612 non
1164 4568 1294 4613 erat.
1324 4559 1423 4627 Qui
1451 4559 1728 4615 suscitavit

187 4655 407 4699 mortuam
451 4646 682 4699 nondum
727 4647 951 4714 elatam,
991 4648 1262 4703 suscitavit
1309 4659 1574 4704 mortuum
1616 4650 1726 4719 jam

184 4732 370 4801 elatum,
414 4737 646 4792 nondum
691 4739 977 4808 sepultum.
1023 4738 1258 4794 Tertium
1301 4741 1564 4808 restabat,
1593 4751 1647 4796 ut
1676 4751 1731 4798 et

173 4828 409 4895 sepultum
438 4829 720 4883 suscitaret
742 4847 754 4881 :
779 4838 833 4884 et
859 4830 955 4884 hoc
979 4829 1101 4885 fecit
1129 4832 1181 4884 in
1203 4829 1424 4886 Lazaro.
1449 4833 1583 4887 Sunt
1602 4849 1730 4906 ergo

170 4919 246 4989 qui
274 4930 541 4988 peccatum
573 4920 716 4974 intus
743 4921 793 4974 in
817 4921 979 4976 corde
1009 4921 1224 4988 habent,
1258 4923 1308 4976 in
1337 4922 1473 4977 facto
1497 4925 1728 4980 nondum

161 5015 362 5071 habent.
385 5015 577 5071 Nescio
597 5019 716 5087 quis
736 5027 1036 5072 commotus
1054 5027 1138 5072 est
1158 5018 1329 5089 aliqua
1353 5021 1731 5090 concupiscen-

160 5106 247 5161 tia.
287 5105 417 5159 Dieit
457 5109 600 5162 enim
644 5108 759 5178 ipse
799 5109 1093 5164 Dominus:
1127 5109 1224 5174 Qui
1261 5111 1438 5164 viderit
1475 5113 1732 5168 mulierem

156 5199 226 5252 ad
272 5201 724 5269 concupiscendum
771 5219 901 5268 eam,
942 5204 1055 5271 jam
1102 5203 1375 5258 iniec/tatus
1417 5215 1488 5258 est
1531 5222 1638 5259 eam
1678 5208 1730 5260 in

158 5289 302 5344 corde
328 5306 421 5342 suo
448 5290 465 5358 (
500 5288 686 5343 Matth.
712 5306 768 5357 ν,
790 5290 858 5346 28
884 5293 927 5363 ).
956 5291 1197 5346 Nondum
1235 5294 1458 5347 accessit
1487 5309 1728 5364 corpore,

155 5385 418 5440 consensit
459 5385 512 5438 in
553 5385 752 5440 corde:
783 5385 1048 5440 mortuum
1091 5387 1231 5439 intus
1268 5387 1458 5454 habet,
1498 5388 1730 5442 nonduin

161 5477 361 5534 extulit.
390 5476 458 5531 Et
485 5487 541 5532 ut
572 5476 650 5541 ﬁt,
678 5487 735 5532 ut
764 5479 1026 5540 novimus,
1059 5488 1116 5532 ut
1140 5478 1377 5548 quotidie
1408 5479 1650 5535 homines
1679 5480 1731 5534 in

167 5584 222 5625 se
245 5567 607 5639 experiuntur,
634 5569 916 5638 aliquando
940 5570 1118 5622 audito
1145 5569 1310 5624 verbo
1334 5570 1457 5634 Dei,
1488 5581 1732 5640 tanquam

173 5658 386 5716 Domino
423 5660 662 5722 dicente,
686 5661 890 5731 Surge;
918 5661 1300 5715 condemnatur
1337 5677 1629 5716 consensus
1667 5663 1732 5717 ad

175 5753 518 5824 iniquitatem,
553 5757 842 5828 respiratnr
886 5755 934 5808 in
981 5755 1200 5807 salutem
1251 5757 1407 5823 atque
1456 5753 1731 5822 justitiam.

1538 334 1770 390 Slilllll)
1811 332 2034 390 XCVIII.

3303 339 3408 396 595

1830 446 2009 517 Surgit
2034 456 2271 501 mortuus
2299 448 2349 502 in
2382 448 2560 516 domo,
2590 451 2853 506 reviviscit
2877 467 2971 507 cor
2993 453 3042 507 in
3082 451 3408 521 cogitationis

1833 549 2059 594 secreto.
2091 539 2251 593 Facta
2277 549 2358 594 est
2385 541 2482 594 ista
2513 544 2830 597 resurrectio
2857 542 3047 597 anima:
3074 552 3296 597 mortuae
3326 542 3410 596 in-

1804 623 1807 625 ’
1835 641 1916 685 tus
1937 633 2073 687 intra
2100 633 2328 688 latebras
2348 634 2707 701 conscientiae,
2733 645 2980 706 tanquam
3007 636 3139 690 intra
3162 635 3414 689 domesti-

1832 739 1925 779 cos
1970 725 2217 796 parietes.
2260 727 2362 779 Alii
2412 738 2531 794 post
2577 741 2894 780 consensum
2930 735 3057 781 eunt
3096 726 3147 779 in
3191 727 3408 788 factum,

1834 823 2081 885 tanquam
2125 816 2406 872 efferentes
2447 827 2730 881 mortuum,
2761 818 2981 888 utquod
3018 818 3215 872 latebat
3242 817 3294 870 in
3320 832 3410 872 se-

1832 919 1997 971 creto,
2022 918 2275 977 appareat
2305 909 2355 962 in
2385 909 2614 978 publico.
2643 909 2903 978 Numquid
2944 909 3052 977 jam
3093 908 3200 975 isti,
3230 908 3318 978 qui
3359 909 3412 964 in

1834 996 2028 1051 factum
2054 1009 2449 1068 processerunt,
2477 999 2741 1068 desperati
2769 1001 2926 1054 sunt?
2947 1000 3134 1054 Nonne
3154 1011 3207 1053 et
3235 1000 3305 1053 illi
3328 1001 3414 1068 ju-

1834 1091 1951 1144 veni
1982 1090 2181 1144 dietum
2214 1099 2329 1154 est,
2362 1091 2472 1144 Tibi
2503 1092 2636 1158 dico,
2667 1094 2856 1164 surge?
2882 1093 3068 1148 Nonne
3095 1103 3146 1147 et
3173 1093 3260 1148 ille
3288 1094 3412 1147 red-

1833 1179 1973 1234 ditus
2017 1189 2100 1236 est
2145 1183 2298 1236 matri
2341 1184 2492 1237 sine?
2518 1184 2606 1239 Sic
2641 1200 2768 1254 ergo
2798 1194 2850 1239 et
2879 1187 2965 1255 qui
2993 1185 3099 1255 jam
3132 1185 3335 1251 fecerit,
3365 1187 3412 1240 si

1833 1271 1969 1327 forte
2013 1273 2367 1326 commonitus
2416 1283 2472 1329 et
2518 1286 2815 1329 commotus
2859 1277 3021 1331 verbo
3063 1277 3306 1330 veritatis
3343 1277 3410 1329 ad

1830 1361 2027 1417 Christi
2078 1380 2261 1418 vocem
2309 1367 2558 1435 resurgit,
2598 1367 2750 1420 vivus
2791 1368 3048 1421 redditur.
3085 1368 3258 1421 Potuit
3287 1385 3411 1436 pro-

1830 1453 1978 1522 gredi
2010 1455 2048 1519 ¹,
2074 1454 2126 1508 in
2153 1464 2409 1510 aeternum
2436 1457 2608 1526 perire
2637 1473 2740 1511 non
2777 1459 2962 1526 potuit.
2991 1457 3090 1523 Qui
3126 1469 3300 1511 autem
3332 1458 3410 1512 l'a-

1833 1544 2021 1598 cieudo
2047 1545 2185 1614 quod
2224 1546 2418 1600 malum
2447 1559 2548 1613 est,
2581 1549 2738 1601 etiam
2772 1549 2906 1601 tnala
2941 1548 3324 1602 consuetudine
3353 1563 3412 1603 se

1835 1634 2212 1705 implicant,‘ut
2253 1639 2364 1707 ipsa
2403 1639 2730 1692 consuetudo
2763 1641 2884 1694 mali
2917 1656 3019 1693 non
3050 1655 3144 1693 eos
3169 1641 3308 1694 sinat
3339 1642 3415 1692 vi-

1831 1726 1958 1782 dere
1977 1729 2098 1797 quia
2121 1729 2316 1784 malum
2345 1740 2445 1796 est,
2476 1731 2608 1784 liuul
2631 1731 2938 1786 defensores
2963 1733 3224 1786 malorum
3256 1732 3414 1786 facto-

1833 1833 1948 1871 rum
2005 1833 2220 1874 suorum
2268 1839 2280 1874 :
2330 1823 2630 1876 irascuntur
2671 1839 2790 1877 cum
2840 1823 3330 1893 reprehenduntur;
3360 1825 3412 1879 in

1835 1917 2034 1963 tantum
2062 1919 2116 1963 ut
2139 1910 2427 1967 Sodomita:
2456 1912 2722 1981 quondam
2749 1913 2988 1968 dicerent
3011 1915 3126 1968 viro
3147 1914 3291 1984 justo
3323 1931 3411 1970 re-

1835 2001 2177 2070 prehendenti
2199 2006 2571 2074 nequissimam
2591 2007 2934 2069 voluntatem,
2955 2007 3197 2062 Habitare
3215 2009 3409 2074 venisti,

1833 2108 1931 2145 non
1955 2092 2084 2164 leges
2105 2093 2227 2149 dare
2253 2094 2403 2163 (Gen.
2435 2099 2541 2160 'xrx,
2573 2097 2652 2167 9).
2676 2098 2841 2152 Tanta
2874 2100 2941 2152 ibi
2972 2098 3211 2154 nefanda:
3241 2101 3412 2169 turpi-

1835 2183 2029 2238 tudinis
2055 2187 2382 2240 consuetudo
2409 2196 2543 2252 erat,
2568 2188 2748 2256 utjam
2771 2189 3002 2258 nequitia
3030 2191 3407 2260 essetjustitia,

1830 2283 1883 2328 et
1911 2275 2208 2344 prohibitor
2232 2278 2406 2346 potius
2428 2279 2906 2347 reprehenderetur
2925 2297 3080 2350 quam
3105 2283 3287 2337 factor.
3311 2283 3416 2338 Ta-

1835 2364 1911 2418 les
1928 2366 2312 2422 consuetudine
2332 2368 2559 2438 tnaligna
2579 2369 2768 2438 pressi,
2790 2379 3036 2440 tanquam
3059 2373 3247 2441 sepulti
3268 2384 3413 2428 sunt.

1830 2455 1932 2510 Sed
1959 2457 2085 2526 quid
2111 2457 2308 2524 dicam,
2335 2458 2559 2514 lratres?
2585 2460 2659 2516 Ita
2685 2455 2900 2532 sepulti,
2928 2471 2986 2517 ut
3011 2462 3078 2518 de
3106 2463 3305 2518 Lazaro
3325 2464 3413 2520 di-

1829 2555 1971 2600 ctum
1995 2556 2096 2611 est,
2119 2546 2240 2601 lam
2264 2558 2421 2618 putet.
2445 2549 2610 2605 Moles
2635 2551 2722 2605 illa
2744 2552 2986 2622 imposita
3011 2554 3272 2623 sepulcro,
3300 2555 3413 2625 ipsa

1828 2645 1910 2690 est
1930 2638 2012 2691 vis
2037 2637 2170 2693 dura
2190 2640 2590 2696 consuetudinis
2614 2644 2657 2708 ⁸,
2684 2657 2786 2712 qua
2814 2644 3072 2712 premitur
3093 2645 3291 2712 anima,
3315 2659 3417 2700 nec

1829 2744 2067 2798 surgere,
2097 2745 2196 2786 nec
2222 2733 2488 2803 respirare
2514 2734 2854 2804 permittitur.
3395 2729 3412 2747 “’

1899 2821 2124 2877 CAPUT
2181 2822 2266 2877 \‘l.
2295 2825 2431 2878 —6.
2459 2824 2687 2888 Quatuor
2734 2826 2786 2879 in
2837 2829 3053 2896 peccatis
3100 2845 3438 2898 progressus..

1833 2912 2038 2967 Dictum
2068 2925 2150 2969 est
2175 2927 2374 2979 autem,
2407 2918 2785 2983 Quatriduanus
2815 2929 2904 2971 est.
2937 2919 3140 2974 Revera
3169 2920 3235 2973 ad
3259 2922 3411 2975 istaut

1829 3005 2263 3061 consuetudinem
2312 3007 2380 3062 de
2425 3024 2527 3078 qua
2562 3010 2769 3080 loquor,
2801 3021 2988 3080 quarto
3026 3013 3253 3082 quodam
3285 3029 3414 3082 pro-

1829 3107 2014 3162 gressu
2038 3097 2276 3164 pervenit
2299 3097 2495 3152 anima.
2527 3099 2700 3154 Prima
2729 3108 2812 3155 est
2837 3101 2978 3155 enim
3012 3104 3162 3172 quasi
3186 3103 3415 3159 titillatio

1829 3183 2196 3242 delectationis
2226 3187 2278 3242 in
2300 3187 2493 3254 corde;
2523 3189 3125 3258 secunda,-consensio;
3169 3193 3412 3260 tertium,

1829 3274 2060 3343 factum;
2087 3289 2297 3348 quarta,
2325 3279 2674 3334 consuetudo.
2705 3279 2842 3335 Sunt
2863 3282 3004 3336 enim
3031 3283 3120 3352 qui
3142 3283 3409 3343 resillici-

1832 3375 1911 3423 tas
1939 3368 2127 3423 obvias
2162 3370 2570 3440 cogitationibus
2607 3371 2719 3425 suis
2754 3387 2974 3441 prorsus
3020 3373 3090 3428 ita
3135 3375 3411 3442 abjiciunt.

1833 3467 1890 3511 ut
1917 3474 2015 3514 nec
2035 3459 2388 3516 delectentur.
2416 3462 2550 3517 Sunt
2573 3463 2663 3532 qui
2682 3461 3033 3530 delectantur,
3065 3473 3118 3518 et
3143 3479 3251 3518 nun
3281 3479 3413 3518 cott-

1830 3549 2072 3603 sentiunt
2105 3568 2117 3603 :
2149 3550 2381 3605 nondum
2442 3552 2672 3620 perlecta
2720 3569 2866 3606 mors
2894 3563 2997 3619 est,
3049 3553 3143 3609 sed
3182 3554 3413 3624 quodam

1831 3639 1990 3694 modo
2020 3641 2284 3695 inchoata.
2335 3643 2676 3698 Delectationi
2723 3646 2927 3700 accedit
2961 3648 3242 3700 consensio
3265 3664 3278 3699 :
3303 3647 3414 3716 jam

1831 3738 1916 3784 est
1940 3731 2028 3785 illa
2055 3731 2348 3787 damnatio.
2380 3733 2508 3788 Post
2534 3735 2940 3790 consensionem
2969 3737 3020 3790 in
3060 3735 3253 3790 factum
3287 3753 3412 3807 pro-

1831 3823 2037 3880 ceditur
2067 3843 2082 3881 :
2110 3825 2303 3879 factum
2358 3825 2412 3880 in
2455 3827 2893 3882 consuetudinem
2963 3829 3308 3885 vertiturzet
3355 3830 3414 3884 lit

1832 3917 2072 3988 quatdam
2098 3917 2418 3987 desperatio,
2444 3927 2500 3972 ut
2526 3918 2754 3986 dicatur,
2781 3920 3161 3986 Quatriduanus
3185 3931 3276 3989 est,
3299 3923 3414 3993 jam

1833 4019 1992 4081 putet.
2023 4010 2179 4066 Venit
2223 4026 2352 4082 ergo
2395 4011 2671 4079 Dominus,
2708 4014 2792 4067 cui
2835 4014 3014 4084 utique
3054 4015 3223 4071 facilia
3263 4028 3416 4073 erant

1833 4103 2047 4168 omnia;
2075 4113 2131 4157 et
2169 4101 2536 4157 difficultatem
2585 4105 2868 4174 quamdam
2905 4106 3137 4162 ostendit
3187 4108 3415 4164 tibi.'ln-

1835 4192 2052 4248 fremuit
2079 4194 2289 4263 spiritu,
2319 4195 2554 4249 ostendit
2580 4197 2745 4250 multo
2773 4197 3006 4252 clamore
3033 4198 3415 4270 objurgationis

1835 4298 1968 4352 Opus
1988 4298 2106 4338 esse
2132 4283 2197 4338 ad
2226 4299 2320 4338 eos
2346 4285 2435 4354 qui
2463 4286 2847 4341 consuetudine
2872 4287 3184 4344 duruerunt.
3214 4289 3414 4346 Tamen

1833 4375 1899 4429 ad
1927 4391 2110 4430 vocem
2127 4377 2406 4430 clamantis
2432 4376 2661 4438 Domini,
2679 4390 2829 4448 rupta
2852 4388 2975 4434 sunt
2993 4381 3196 4436 vincula
3223 4397 3416 4439 neces-

1833 4466 2026 4520 sitatis.
2057 4465 2296 4520 Tremuit
2331 4467 2520 4521 inferni
2551 4466 2863 4532 dominatio,
2915 4470 3154 4526 redditus
3191 4482 3274 4528 est
3315 4474 3420 4528 La-

1836 4573 1990 4612 zarus
2021 4558 2189 4612 vivus.
2246 4559 2458 4613 Liberat
2496 4559 2640 4614 enim
2665 4569 2718 4613 et
2754 4559 2823 4614 de
2851 4560 2987 4614 mala
3031 4563 3419 4622 consuetudine

1839 4648 2092 4702 Dominus
2113 4649 2489 4718 quatriduanos
2517 4659 2755 4704 mortuos
2787 4668 2800 4704 :
2834 4665 2954 4704 nam
2985 4660 3039 4706 et
3076 4653 3188 4722 ipse
3218 4655 3426 4721 quatri-

1836 4737 2043 4792 dnanus
2085 4739 2297 4794 Christo
2345 4741 2537 4794 volenti
2588 4740 2907 4795 resuscitare
2952 4741 3267 4798 dormiebat.
3310 4745 3420 4800 Sed

1836 4830 1959 4899 quid
1987 4830 2098 4884 ait?
2129 4829 2315 4884 Videte
2360 4846 2529 4898 genus
2571 4831 3008 4886 resuscitatiunis.
3053 4833 3320 4889 Proceser
3348 4834 3420 4889 de

1837 4930 2183 4977 monumento
2214 4921 2386 4982 vivus,
2409 4931 2479 4995 ,ει
2526 4921 2800 4975 ambulare
2830 4937 2936 4975 non
2968 4933 3194 4990 poterat.
3226 4923 3292 4978 Et
3318 4925 3420 4978 Do-

1838 5013 2011 5066 minus
2038 5013 2104 5066 ad
2131 5011 2420 5079 discipulos
2449 5028 2461 5063 :
2495 5009 2689 5064 Solvite
2716 5027 2851 5076 cum,
2881 5023 2926 5066 et
2947 5013 3093 5066 sinite
3133 5014 3288 5068 abire.
3330 5015 3419 5070 Ille

1836 5105 2110 5158 suscitavit
2151 5111 2436 5166 mortuum,
2478 5102 2552 5156 illi
2599 5101 2871 5157 solverunt
2913 5103 3166 5181 ligatum.
3205 5103 3420 5174 Aliquid

1839 5197 2106 5266 pertinere
2144 5192 2321 5249 videte
2361 5192 2428 5248 ad
2473 5193 2738 5263 propriam
2780 5193 3107 5264 maiestatem
3132 5194 3154 5226 ³
3180 5195 3272 5252 Dei
3303 5213 3422 5252 sus-

1888 5391 2070 5456 ‘_Lov.,
2097 5390 2169 5456 ad
2204 5394 2390 5456 tempus
2419 5391 2671 5456 progredi.
2699 5394 2765 5442 At
2793 5394 2963 5456 ceteri
2997 5391 3130 5456 editi
3153 5398 3206 5442 et
3239 5407 3418 5444 manu-

1825 5453 1999 5520 εἱσι-ἱριὶ
2031 5466 2138 5520 non.
2159 5452 2360 5520 habent.
2383 5452 2448 5502 ad
2475 5452 2694 5516 teittptts;
2729 5456 2870 5517 cujus
2891 5453 3002 5504 loco
3022 5452 3413 5520 subintelligen-

1825 5513 1966 5578 dum:
1985 5523 2102 5578 est,”
2123 5513 2170 5562 in
2204 5513 2400 5578 factum.

1891 5579 1912 5608 ²
1949 5577 2030 5626 Sic
2071 5577 2152 5625 Er.
2187 5575 2241 5623 et
2272 5576 2386 5626 Mss.
2428 5578 2494 5626 At
2524 5577 2666 5634 Lov.,
2691 5575 2764 5626 vis
2793 5576 2935 5626 ότι-ω
2971 5576 3349 5627 consuetudinis.

1889 5637 1908 5668 ³
1945 5639 2065 5688 Lov.
2083 5653 2102 5702 γε
2131 5638 2207 5702 Ad
2231 5635 2348 5694 quid
2369 5637 2604 5702 pertineat
2624 5637 2794 5702 videte,
2816 5639 2880 5702 ad
2904 5638 3161 5702 proprium
3191 5643 3417 5702 majesta-

1827 5697 1908 5762 tis,
1941 5706 2038 5750 etc.
2061 5701 2131 5762 At
2161 5699 2278 5762 Am.‘
2298 5706 2348 5750 et
2369 5697 2485 5762 ἘΙ-,λ
2525 5697 2726 5762 Aliquid
2746 5697 3182 5762 pertt'uere't'itletc.
3219 5697 3277 5750 1.ῐ
3301 5716 3410 5751 ιιιοι

1833 5761 1970 5821 Mss.,
2002 5761 2066 5810 ad
2103 5760 2357 5824 propriam
2385 5759 2704 5825 majtstatem,
2732 5759 2827 5809 (-lc.
