3852 6182
523 385 757 441 citantis.
785 384 1088 451 lucrepatur
1114 378 1305 451 aliquis
1331 379 1382 434 in
1411 376 1547 431 mala
1577 372 1960 441 consuetudine
2000 386 2097 441 po-

523 476 678 539 situs,
709 473 874 530 verbo
900 469 1157 526 veritatis.
1186 469 1356 539 Quam
1386 468 1535 524 multi
1562 467 1901 536 iucrepantur
1918 473 1972 519 et
1993 479 2098 517 non

519 565 773 622 audiunt!
793 562 924 631 Quis
942 577 1066 633 ergo
1086 562 1349 634 agitintus
1376 576 1498 615 cum
1528 560 1615 613 illo
1642 558 1731 628 qui
1755 557 1939 611 audit?
1966 554 2098 622 Quis

519 656 679 710 vitam
727 654 950 725 inspirat
1007 651 1356 708 intrinsecus?
1393 650 1524 718 Quis
1567 659 1650 704 est
1700 648 1794 718 qui
1835 659 2093 702 secretam

516 749 664 821 pellit
694 759 941 814 mortem,
972 756 1229 805 secretam
1258 746 1350 800 dat
1383 744 1582 799 vitam?
1610 742 1798 798 Nonne
1850 748 1967 810 post
2000 739 2097 793 ob-

511 844 861 914 iurgationes,
894 853 1013 911 post
1054 839 1440 910 iucrepationes
1472 836 1807 892 dimittuntur
1850 831 2094 889 homines

512 934 923 1007 cogitationibus
947 933 1078 997 suis,
1100 941 1155 988 et
1197 931 1453 1001 incipiunt.
1490 944 1670 985 secum
1699 927 1911 981 volvere
1935 940 2093 995 quam

515 1026 711 1080 malam
769 1027 930 1080 vitam
977 1032 1187 1094 gerant,
1223 1037 1380 1093 qnam
1428 1020 1659 1090 pessima
1709 1015 2092 1075 consuetudine

510 1116 857 1188 premantur?
887 1115 1088 1171 Deinde
1129 1115 1469 1184 displiceutes
1516 1110 1639 1179 sibi,
1678 1118 1883 1164 mutare
1929 1109 2089 1163 vitam

510 1208 811 1266 instituunt.
878 1208 1308 1264 Resurrexerunt
1346 1206 1465 1271 isti;
1531 1204 1834 1259 revixerunt
1898 1200 2091 1271 quibus

510 1299 758 1369 displicet
795 1299 943 1369 quod
969 1299 1180 1352 fuerunt
1209 1315 1222 1350 :
1254 1295 1346 1351 sed
1402 1295 1775 1350 reviviscentes
1818 1291 2092 1345 ambulare

510 1404 616 1447 non
640 1400 880 1460 possunt.
907 1390 1028 1445 llaec
1052 1398 1176 1444 sunt
1193 1388 1403 1443 vincula
1430 1386 1595 1455 ipsius
1620 1393 1817 1439 reatus.
1840 1381 1987 1451 Opus
2006 1390 2090 1437 est

510 1496 638 1552 ergo
665 1491 720 1535 ut
746 1481 834 1550 qui
866 1481 1075 1545 revixit,
1102 1478 1358 1543 solvatur,
1387 1487 1442 1532 et
1476 1476 1560 1532 ire
1590 1474 1941 1545 permittatur.
1978 1471 2089 1526 Hoc

508 1572 742 1627 ofﬁcium
772 1572 1051 1642 discipulis
1070 1572 1239 1638 dedit,
1266 1570 1457 1640 quibus
1481 1569 1556 1622 ait
1581 1586 1593 1621 :
1621 1568 1750 1632 Quae
1769 1565 2014 1621 solvet-itis
2034 1565 2088 1618 in

512 1676 668 1729 terra,
699 1664 865 1719 soluta
891 1674 1006 1718 sunt
1036 1665 1154 1718 etin
1178 1664 1300 1717 crclo
1330 1660 1539 1735 (Matth.
1574 1675 1723 1721 xvttt,
1760 1658 1870 1730 lS).

578 1756 802 1812 CAPUT
824 1756 933 1811 VII.
962 1787 1034 1797 -
1062 1757 1112 1811 7.
1136 1754 1518 1827 Resurgendum
1546 1752 1772 1807 celeriter
1800 1769 1832 1805 a
1860 1760 2082 1823 peccato.

508 1848 633 1903 Harc
662 1864 807 1918 ergo,
842 1849 1167 1916 citatissimi,
1195 1851 1273 1903 sic
1304 1848 1604 1915 audiamus,
1631 1856 1689 1901 ut
1744 1847 1832 1916 qui
1878 1846 2083 1913 vivunt,

505 1940 714 2004 vivant;
739 1938 830 2008 qui
858 1939 1050 1994 mortui
1078 1946 1221 2003 sunt,
1248 1938 1590 1993 reviviscant.
1621 1936 1745 1993 Sive
1761 1936 1935 1991 adhuc
1954 1950 2081 2006 pec-

504 2043 679 2086 eatum
728 2032 779 2085 iu
824 2030 986 2086 corde
1025 2039 1342 2098 conceptum
1398 2038 1500 2095 est,
1534 2036 1588 2083 et
1618 2042 1722 2082 non
1751 2026 2080 2097 proccssitin

489 2121 728 2185 laetum;
757 2119 1031 2190 pmniteat,
1076 2121 1371 2190 corrigatur
1406 2119 1678 2189 cogitatio,
1727 2126 1908 2187 surgat
1938 2131 2082 2170 mor-

502 2223 623 2267 tuus
656 2212 792 2266 intra
821 2211 1037 2267 domum
1069 2211 1428 2267 conscientiaz.
1469 2209 1592 2264 Sive
1613 2208 1724 2277 jam
1758 2205 1898 2277 quod
1940 2207 2082 2275 cogi-

501 2302 631 2358 tavit
651 2302 896 2370 admisit;
924 2318 1025 2359 nec
1049 2303 1127 2359 sic
1146 2304 1480 2373 desperetur.
1511 2301 1626 2354 Non
1663 2299 1894 2354 surrexit
1938 2313 2080 2352 mor-

500 2405 622 2450 tuus
647 2395 808 2461 intus,
840 2404 1021 2465 surgat
1058 2396 1245 2451 elatus.
1274 2394 1539 2450 Poeniteat
1573 2392 1717 2460 facti,
1739 2392 1807 2446 de
1840 2391 2081 2461 proximo

498 2487 781 2542 reviviscat
807 2504 821 2540 :
853 2501 959 2541 non
987 2495 1074 2542 eat
1100 2487 1155 2541 in
1181 2484 1500 2555 profundum
1527 2484 1833 2553 sepultum,
1862 2497 1968 2537 non
1989 2497 2077 2536 ac-

499 2578 661 2648 cipiat
712 2577 942 2647 desuper
990 2576 1390 2632 consuetudinis
1436 2573 1934 2630 molenuSedforte
1965 2574 2076 2642 jam

498 2669 573 2725 illi
599 2670 807 2740 loquor,
837 2670 926 2739 qui
949 2669 1058 2739 jam
1094 2669 1228 2723 duro
1265 2669 1346 2724 sui
1375 2668 1544 2723 moris
1593 2666 1768 2736 lapide
1795 2667 2074 2736 premitur,

475 2761 584 2833 ,qui
608 2760 718 2830 jam
743 2767 958 2831 urgetur
976 2759 1377 2815 consuetudinis
1397 2756 1653 2827 pondere,
1686 2756 1777 2827 qui
1799 2757 1909 2825 jam
1945 2770 2077 2826 qua-

500 2852 777 2909 triduanus
804 2861 971 2923 putet.
1004 2851 1112 2907 Nec
1141 2852 1253 2922 ipse
1276 2851 1524 2921 desperet
1553 2869 1565 2904 :
1604 2848 1894 2920 profundus
1932 2865 2076 2903 mor-

498 2954 620 2998 titus
640 2955 741 3008 est,
773 2944 867 3000 sed
892 2945 1029 3000 altus
1053 2954 1131 3000 est
1162 2944 1425 3000 Christus.
1453 2942 1610 2997 Novit
1643 2940 1922 2997 clamando
1966 2950 2076 2996 ter-

495 3053 624 3094 rena
654 3052 817 3094 onera
847 3052 1118 3107 rumpere,
1146 3037 1296 3092 novit
1329 3036 1650 3091 intrinsecus
1675 3049 1769 3104 per
1793 3048 1853 3089 se
1900 3033 2071 3102 ipsum

494 3129 780 3191 viviticare,
808 3127 1127 3185 solvendum
1148 3126 1425 3196 discipulis
1453 3126 1683 3182 tradere.
1715 3124 1889 3195 Agam
1908 3123 2067 3178 etiam

492 3220 628 3275 tales
664 3220 1053 3289 pteniteutiam.
1107 3217 1313 3288 Neque.
1340 3218 1483 3274 enim
1523 3214 1726 3273 Lazaro
1758 3212 2072 3272 resuscitato

491 3322 612 3381 post
640 3312 977 3384 quatriduum
1019 3312 1160 3369 ullus
1200 3321 1355 3382 putor
1374 3309 1427 3366 in
1481 3312 1689 3367 vivente
1715 3317 2063 3365 remanserat.

491 3403 634 3474 Ergo
659 3405 747 3471 qui
790 3404 993 3467 vivunt,
1038 3403 1600 3473 vivant:quicumque
1644 3410 1818 3455 autem
1873 3399 2073 3457 mort-ui

489 3507 637 3559 sunt,
663 3497 716 3550 in
741 3511 1072 3567 quacumque
1110 3496 1297 3549 harum
1340 3494 1496 3548 trium
1528 3502 1701 3548 morte
1747 3509 1805 3548 se
1850 3492 2067 3547 invene~

488 3586 614 3649 rint,
635 3594 794 3655 agam
822 3597 876 3640 ut
901 3585 1145 3640 celeriter
1159 3585 1270 3653 jam
1301 3592 1597 3654 resurgant.

980 3717 1211 3775 SERMO
1230 3717 1416 3773 XCIX‘
1439 3719 1535 3788 (α).

488 3831 568 3887 De
594 3833 750 3887 verbis
799 3804 1263 3901 Et'angelii'Lucrc,
1300 3848 1414 3901 cap.
1447 3848 1537 3897 vtt,
1590 3833 1659 3886 56
1691 3832 1777 3892 50,
1829 3830 1895 3887 Et
1941 3848 2063 3885 cccc

559 3924 750 3980 mulier
772 3940 891 3996 qua:
920 3934 1033 3978 erat
1065 3924 1117 3978 in
1155 3923 1367 3979 civitate
1410 3925 1703 3995 peccatrix,
1752 3935 1847 3978 etc.
1881 3922 1957 3978 Dc
1978 3942 2057 3978 re-

557 4017 789 4073 missione
817 4024 1153 4087 peccatorum,
1194 4025 1370 4070 contra
1396 4012 1707 4070 Donatistas.

553 4150 777 4207 CAPUT
802 4149 1185 4207 PRIMUDL—l
1198 4189 1211 4202 .
1232 4148 1421 4203 Mulier
1434 4151 1686 4221 peccatrix
1703 4150 1770 4207 ad
1787 4151 1936 4220 pedes
1952 4149 2060 4207 Do.

482 4245 609 4298 “riui
620 4244 969 4298 recuntbentis.
992 4241 1143 4310 Quod
1159 4241 1507 4298 admonemur
1524 4242 1731 4298 Domini
1749 4243 1971 4313 eloquiis
1992 4243 2061 4298 de

483 4334 684 4388 divinis
711 4332 1045 4397 lectionibus,
1090 4330 1214 4385 hinc
1257 4331 1537 4387 credentes
1581 4331 1748 4387 Deum
1786 4332 1924 4388 velle
1963 4347 2062 4386 nos

480 4426 644 4495 loqui,
664 4422 990 4495 proferimus
1002 4422 1263 4479 Charitati
1282 4431 1488 4489 vestrm,
1514 4424 1599 4478 illo
1624 4422 1929 4494 adjuvante,
1945 4438 2061 4480 ser-

485 4526 696 4572 monem
718 4517 787 4569 de
810 4515 1128 4570 remissione
1152 4524 1512 4585 peccatorum.
1545 4514 1885 4585 Evangelium
1913 4516 2056 4572 enim

480 4622 601 4664 cum
620 4607 907 4677 legeretur,
939 4605 1289 4661 attentissime
1312 4606 1555 4669 audistis,
1583 4616 1639 4662 et
1655 4620 1743 4661 res
1769 4617 1915 4677 gesta
1933 4624 2058 4662 nar-

482 4708 595 4754 rata
630 4709 790 4769 atque
822 4707 1033 4753 versata
1058 4707 1141 4754 est
1167 4707 1291 4754 ante
1340 4699 1523 4753 oculos
1553 4698 1727 4755 cordis
1756 4701 1940 4758 vestri.
1967 4702 2055 4755 Vi-

479 4790 634 4846 distis
656 4792 822 4855 enim,
857 4807 963 4846 non
993 4807 1177 4857 carne,
1203 4792 1296 4847 sed
1333 4802 1535 4858 mente,
1568 4792 1846 4847 Dominum
1871 4790 2052 4849 J'ésum

475 4886 742 4941 Christum
770 4886 825 4940 in
851 4884 1014 4941 domo
1052 4885 1302 4941 Pharisaei
1334 4886 1750 4952 recumbentem,
1794 4896 1843 4940 et
1870 4885 2053 4940 abillo

474 4978 756 5033 invitatum
781 4992 886 5033 non
912 4977 1294 5034 fastidientem.
1324 4978 1543 5034 Vidistis
1580 4980 1741 5034 etiam
1772 4978 2050 5035 mulierem

472 5071 529 5125 in
553 5070 768 5126 civitate
797 5070 1071 5137 famosam,
1097 5071 1235 5128 mala
1257 5073 1440 5143 utique
1461 5073 1619 5139 Fama,
1643 5089 1763 5143 qua:
1784 5081 1901 5128 erat
1929 5088 2051 5141 pec-

470 5163 663 5227 catrix,
694 5177 800 5217 non
827 5162 1100 5217 invitatam
1129 5164 1347 5219 irruisse
1374 5165 1638 5229 convivio,
1668 5165 1754 5218 ubi
1777 5179 1907 5218 suus
1930 5178 2046 5217 me-

474 5256 627 5310 dicus
656 5255 1020 5319 recumbebat,
1049 5267 1103 5311 et
1126 5256 1382 5325 quaesisse
1400 5257 1482 5326 pia
1512 5256 1835 5325 impudentia
1852 5253 2047 5311 sanita-

470 5357 596 5403 tem.
651 5347 1026 5418 lrrueusquasi
1073 5348 1371 5417 importuna
1417 5346 1680 5410 convivio,
1752 5354 2045 5415 opportuna

526 5524 545 5540 °
562 5522 775 5574 ωηιωε
795 5532 871 5573 est
890 5536 999 5574 cum
1023 5523 1176 5575 tribus
1195 5520 1258 5573 cl.
1282 5535 1390 5573 cum
1414 5524 1601 5572 duobus
1621 5523 1698 5574 cl).
1722 5536 1828 5573 cum
1852 5537 1927 5587 gr.
1954 5538 2043 5575 rm.

467 5584 565 5633 Am.
605 5590 678 5633 ετ.
717 5591 817 5635 Par.
839 5593 947 5637 ων.

529 5667 602 5725 (α)
628 5663 749 5715 Alias
769 5667 830 5715 83
854 5680 916 5717 ex
941 5668 1151 5718 Homiliis
1170 5670 1246 5720 30.

1752 262 1808 319 s.
1852 258 2212 318 AUblIS'l'lNl
2254 262 2560 321 EPISCOPI
2844 220 2850 227 ’
3314 278 3319 285 ’
3594 244 3708 341 ’ωε

2207 370 2465 431 beneﬂcio
2515 377 2758 447 (noverat
2781 377 2928 435 enim
2952 390 3160 449 quanto
3198 386 3367 445 merbo
3402 391 3642 459 laboraret,
3663 412 3701 453 et

2205 463 2278 519 illi
2299 465 2539 522 sanando
2564 466 2809 523 idoneum
2841 485 2959 526 esse
2986 471 3052 527 ad
3072 489 3227 543 quem
3249 489 3461 546 venerat,
3477 483 3693 542 sciebat»:

2202 558 2430 614 accessit
2455 572 2600 628 ergo,
2630 575 2733 614 non
2773 560 2839 616 ad
2880 573 3036 633 caput
3079 564 3298 632 Domini,
3320 570 3406 625 scd
3434 573 3492 625 ad
3532 547 3692 644 pedes,

2208 656 2264 702 et
2286 665 2405 719 qure
2434 650 2523 705 diu
2551 652 2688 707 male
2729 656 3106 724 ambulaverat,
3145 660 3351 729 vestigia
3379 671 3507 718 recta
3530 652 3691 736 qurere.

2203 738 2314 793 bat.
2342 740 2495 796 Prius
2524 742 2656 798 fudit
2686 745 2965 818 laerymas,
2993 749 3292 817 sanguinem
3328 751 3505 818 cordis,
3533 764 3578 808 et
3596 757 3696 812 lavit

2204 831 2414 887 Domini
2438 834 2597 903 pedes
2620 837 2873 908 obsequio
2894 837 3256 895 confessionis.
3278 839 3477 911 Capillis
3500 844 3595 901 suis
3618 856 3697 902 ter-

2200 921 2290 988 sit,
2317 925 2553 980 osculata
2590 936 2689 990 est,
2720 930 2868 983 unxit
2904 947 2917 983 :
2948 930 3106 985 tacita
3141 932 3467 1002 loquebatur;
3497 952 3585 990 non
3605 954 3686 993 ser-

2199 1031 2412 1071 monem
2440 1021 2734 1086 promebat,
2761 1020 2857 1076 sed
2879 1021 3210 1079 devotionem
3232 1025 3538 1082 ostendebat.

2268 1106 2493 1164 CAPUT
2510 1108 2704 1170 ll.-—-2.
2728 1111 2977 1168 Pharistzi
2996 1115 3191 1185 superbi
3217 1118 3455 1188 cogitatio.
3472 1120 3698 1194 Quiaergo

2198 1197 2367 1267 tetigit
2396 1199 2695 1269 Dominum,
2746 1204 2984 1274 rigando,
3014 1206 3317 1275 osculando,
3350 1210 3591 1279 tergendo,
3618 1230 3694 1267 uu-

2194 1303 2295 1359 geu
2306 1287 2373 1344 do
2386 1289 2546 1359 pedes
2561 1292 2677 1362 ejus
2700 1292 3026 1350 :Pltarisams
3045 1296 3132 1365 qui
3156 1297 3454 1354 invitaverat
3471 1301 3694 1357 Dominum

2194 1380 2381 1439 Jesum
2392 1381 2681 1448 Christum,
2701 1385 2823 1454 quia
2843 1401 2908 1443 ex
2931 1386 3020 1440 illo
3035 1402 3231 1457 genere
3251 1400 3360 1444 erat
3377 1390 3612 1447 hominum
3629 1409 3693 1447 su-

2196 1475 2504 1546 perborum,
2527 1478 2594 1534 de
2617 1478 2811 1549 quibus
2841 1478 3003 1535 Isaias
3020 1481 3274 1551 propheta
3298 1483 3435 1548 dicit,
3459 1484 3546 1551 Qui
3565 1484 3695 1540 dicunt

2194 1561 2370 1637 Longe
2396 1566 2568 1622 recede
2593 1585 2625 1622 a
2661 1585 2758 1635 me,
2812 1571 2917 1625 noli
2964 1587 3043 1626 me
3082 1581 3303 1642 tangere,
3343 1575 3556 1641 quoniam
3587 1591 3697 1628 mttu—

2193 1657 2288 1713 dtts
2342 1677 2453 1714 sum
2506 1660 2686 1730 (Isai.
2748 1679 2871 1731 uv,
2923 1663 3040 1734 5);
3095 1666 3292 1734 putavit
3334 1666 3586 1720 Dominum
3628 1682 3697 1722 ne-

2191 1752 2358 1807 scisse
2403 1752 2678 1808 mulierem
2704 1772 2717 1807 :
2751 1754 2862 1811 lloc
2890 1755 3028 1824 apud
3057 1772 3120 1810 se
3146 1757 3415 1825 cogitabat.
3456 1766 3506 1812 et
3537 1757 3698 1812 dicebat

2190 1843 2243 1898 in
2272 1844 2434 1900 corde
2462 1860 2560 1900 suo
2592 1864 2605 1899 :
2639 1845 2742 1901 Hic
2759 1847 2803 1901 si
2826 1858 2951 1903 esset
2983 1849 3249 1920 propheta,
3274 1851 3414 1905 sciret
3438 1867 3536 1919 quis
3559 1852 3696 1905 mulier

2187 1934 2267 1989 illi
2289 1937 2496 1991 accessit
2517 1937 2586 1990 ad
2610 1937 2775 2007 pedes.
2812 1938 2934 1993 Ideo
2959 1953 3080 1995 eum
3127 1941 3329 1996 nescire
3352 1941 3568 2005 credidit,
3602 1942 3696 2011 quia

2188 2024 2332 2081 illam
2368 2043 2474 2082 non
2516 2030 2731 2098 repulit,
2786 2031 2907 2101 quia
2954 2032 3293 2087 accedentem
3321 2048 3420 2087 non
3462 2033 3692 2102 prohibuit.

2186 2121 2307 2192 quia
2335 2123 2474 2191 tangi
2524 2137 2583 2178 se
2625 2138 2657 2178 a
2692 2125 2985 2193 peccatrice
3025 2127 3283 2196 permisit.
3324 2125 3446 2181 Nam
3479 2127 3601 2181 illuni
3627 2141 3694 2179 ne-

2187 2213 2371 2274 scisse.
2399 2213 2540 2267 unde
2564 2214 2801 2270 sciebat?
2841 2216 2979 2286 Quid
3006 2218 3151 2273 enim
3175 2218 3217 2273 si
3240 2218 3447 2283 sciebat,
3476 2234 3506 2272 o
3547 2217 3693 2271 Pharia

2186 2318 2315 2369 διιξρ,
2347 2305 2590 2361 invitator
2633 2315 2687 2361 et
2723 2307 2905 2363 irrisor
2944 2309 3191 2363 Domini?
3244 2308 3505 2365 Dominqu
3545 2308 3691 2377 pascit.

2185 2404 2241 2451 et
2269 2412 2297 2447 a
2322 2412 2428 2466 quo
2458 2398 2751 2466 pascendos
2777 2400 2872 2464 sis,
2903 2415 3007 2455 non
3036 2400 3309 2471 intelligis.
3339 2399 3475 2457 Unde
3496 2399 3601 2464 scis,
3622 2412 3691 2451 ne-

2183 2486 2351 2541 scisse
2379 2487 2658 2543 Dominum
2677 2505 2795 2558 qua:
2821 2488 2993 2547 fuerat
3020 2490 3114 2545 illa
3132 2491 3337 2554 mulier,
3360 2489 3455 2545 nisi
3478 2489 3585 2561 quia
3605 2503 3691 2565 per;

2184 2577 2344 2631 missa
2374 2587 2456 2632 cst
2478 2578 2750 2641 accedere.
2777 2582 2874 2637 nisi
2906 2581 3025 2650 quia
3050 2581 3148 2637 illo
3168 2583 3393 2650 patiente
3416 2580 3612 2634 osculata
3634 2587 3691 2631 est

2183 2668 2346 2740 pedes
2387 2670 2526 2739 ejus,
2586 2671 2684 2724 nisi
2729 2673 2846 2741 quia
2893 2674 3065 2739 tersit,
3125 2675 3220 2728 nisi
3266 2675 3378 2744 quia
3420 2669 3692 2726 uuvitlllwc

2180 2760 2325 2813 enim
2355 2774 2461 2814 non
2488 2760 2672 2816 debuit
2696 2763 2926 2831 permitti
2961 2763 3140 2820 facere
3183 2764 3233 2821 iu
3288 2764 3490 2833 pedibus
3531 2760 3695 2818 tumulis

2180 2844 2372 2904 mulier
2400 2850 2709 2907 immunda?
2752 2853 2833 2907 Ad
2864 2854 3004 2909 illius
3049 2871 3186 2927 ergo
3215 2855 3447 2927 pharide
3499 2852 3632 2923 pedes
3657 2850 3689 2901 si

2178 2939 2299 2995 talis
2322 2942 2512 2996 mulier
2540 2945 2868 3019 accessisset,
2900 2946 3145 3001 dicturus
3186 2946 3448 3017 eratquod
3488 2944 3620 2998 Isaias
3640 2940 3690 2994 de

2179 3031 2379 3086 talibus.
2400 3032 2527 3087 dicit
2555 3053 2567 3089 :
2602 3033 2797 3091 Recede
2817 3054 2847 3090 α
2869 3055 2963 3099 me,
2995 3040 3107 3092 noli
3136 3056 3214 3092 me
3256 3050 3462 3109 tangere,
3504 3034 3693 3106 quoniam

2176 3123 2392 3178 uiuidus
2421 3141 2550 3179 sunt.
2584 3127 2821 3182 Accessit
2849 3137 3022 3184 autem
3068 3130 3136 3185 ad
3166 3130 3433 3184 Dominum
3454 3123 3683 3183 immunda.

2177 3222 2235 3266 ut
2254 3213 2449 3271 rediret
2476 3217 2671 3271 munda
2698 3236 2711 3271 :
2740 3220 2966 3274 accessit
2999 3236 3167 3290 argra,
3192 3232 3246 3274 ut
3265 3220 3449 3275 rediret
3468 3231 3602 3273 sana:
3623 3228 3687 3267 ac-

2173 3307 2337 3363 cessit
2362 3308 2629 3372 confessa,
2663 3319 2719 3363 ut
2747 3310 2943 3365 rediret
2970 3312 3234 3379 professa.

2244 3399 2467 3456 CAPUT
2514 3400 2598 3455 III.
2631 3403 2771 3459 -—-—5..
2806 3402 3050 3458 Dominus
3103 3403 3352 3458 Pharisaei
3398 3398 3687 3472 cogitationem

2170 3494 2402 3564 castigat.
2448 3493 2663 3552 Audivit
2701 3496 2841 3549 enim
2902 3495 3164 3556 Dominus.
3217 3496 3529 3553 Pharis-rum
3566 3487 3679 3557 cogi-

2173 3593 2390 3639 tantem.
2422 3584 2540 3640 lam
2581 3585 2704 3641 hinc
2737 3585 2994 3656 intelligat
3021 3587 3343 3650 Phariszeus,
3376 3587 3417 3640 si
3455 3600 3544 3638 non
3568 3587 3681 3650 pote-

2171 3684 2255 3731 rat
2277 3676 2455 3731 videre
2474 3684 2803 3747 peccantem,
2846 3678 2934 3746 qui
2977 3678 3151 3745 potuit
3175 3678 3361 3733 audire
3403 3673 3682 3745 cogitantem-

2170 3767 2452 3837 Proposuit
2474 3783 2602 3839 ergo
2632 3768 2830 3825 homini
2873 3768 3276 3825 similitudinem
3305 3769 3370 3824 de
3408 3765 3586 3822 duobus
3616 3759 3685 3830 qui

2169 3858 2432 3916 debebant
2453 3860 2544 3916 ιιιιί
2564 3861 2865 3917 feneratori.
2898 3863 3067 3917 Etiam
3093 3864 3264 3934 ipsum
3287 3863 3420 3919 enim
3436 3871 3596 3916 sanare
3610 3869 3679 3910 cu-

2168 3950 2362 4020 piebat,
2387 3967 2454 4007 ue
2477 3952 2641 4022 gratis
2666 3953 2804 4022 apud
2831 3969 2951 4007 eum
2983 3968 3177 4022 partem
3203 3953 3494 4009 comederet
3516 3966 3529 4002 :
3553 3948 3685 4016 ipsum

2168 4051 2466 4111 pascentem
2496 4044 2795 4111 esuriebat;
2827 4044 3001 4113 ipsum
3051 4045 3358 4106 emendare.
3408 4045 3560 4114 ipsum
3601 4051 3681 4092 uu-

2170 4145 2339 4198 ctare,
2368 4133 2539 4203 ipsum
2567 4135 2915 4201 manducare,
2941 4136 3115 4205 ipsum
3145 4138 3197 4191 in
3232 4151 3383 4192 suum
3408 4146 3576 4202 corpus
3600 4136 3679 4181 trao

2159 4223 2329 4293 jicere
2353 4224 2563 4281 volebat
2591 4242 2605 4279 :
2629 4225 2763 4281 sicut
2788 4234 2846 4281 et
2872 4226 2947 4280 illi
2968 4227 3182 4282 mulieri
3217 4227 3541 4284 Samaritana:
3563 4216 3680 4281 dixit,

2166 4314 2297 4371 Sitio
2329 4315 2503 4388 (locu.
2527 4333 2598 4382 tv,
2625 4316 2702 4390 7).
2728 4317 2860 4384 Quid
2909 4326 3008 4383 est,
3057 4318 3231 4376 Sitio?
3283 4317 3519 4373 Desidere
3561 4309 3679 4364 ﬁdem

2164 4414 2326 4461 luant.
2357 4405 2617 4462 Dicuntur
2660 4422 2787 4478 ergo
2825 4409 2984 4463 verba
3032 4409 3249 4465 Domini
3292 4409 3341 4463 itt
3367 4406 3460 4462 hac
3483 4401 3678 4459 similitu-

2163 4496 2315 4561 dine;
2346 4506 2403 4552 et
2422 4498 2593 4569 agitur
2618 4506 2921 4570 utrumque,
2954 4508 3009 4554 ut
3046 4510 3103 4556 et
3134 4499 3381 4553 invitator
3401 4497 3482 4554 illc
3503 4498 3687 4547 sanetur

2160 4603 2281 4643 cum
2312 4589 2422 4643 suis
2451 4588 3031 4659 condiscttutbcntibus,
3062 4590 3344 4645 Dominum
3368 4587 3531 4643 losum
3557 4577 3668 4637 Chr?

2160 4690 2300 4734 stunt
2356 4682 2551 4747 pariter
2596 4681 2909 4746 videntibus,
2943 4681 3141 4751 pariter
3170 4679 3542 4752 ignorantibus;
3574 4678 3675 4727 etut

2161 4770 2244 4824 illa
2275 4769 2466 4825 mulier
2513 4770 2703 4825 habent
2756 4769 2999 4826 liduciam
3050 4770 3398 4826 confessionis
3448 4780 3561 4822 sum.
3604 4772 3680 4814 "CC

2160 4874 2420 4933 pungatur
2447 4863 2664 4918 ulterius
2692 4863 2889 4918 aculeis
2935 4863 3281 4918 conscientia:
3332 4876 3453 4915 sum.
3503 4850 3683 4910 Debebat

2156 4968 2308 5019 unus,
2337 4952 2525 5022 inquit,
2551 4953 2913 5024 quinquaginta
2951 4954 3207 5021 denarios,
3242 4952 3371 5007 alius
3399 4949 3678 5017 quingentas.“

2156 5041 2358 5096 donavit
2403 5044 2639 5098 ambobus
2664 5059 2681 5097 :
2707 5045 2819 5115 quis
2845 5060 2957 5097 eum
3006 5044 3120 5114 plus
3167 5043 3383 5097 dilexit!
3434 5029 3668 5105 Respondil

2155 5135 2237 5188 cui
2265 5134 2555 5219 similitudo
2576 5136 2843 5205 proposita
2872 5147 3006 5202 erat,
3032 5135 3175 5207 quod
3203 5123 3672 5219 respondet-culiin

2156 5226 2289 5280 ratio
2315 5210 2667 5297 compellebat
2696 5244 2710 5278 :
2745 5226 2926 5292 Credo,
2975 5226 3217 5290 Domine,
3246 5226 3328 5279 cui
3355 5224 3459 5294 plus
3492 5210 3671 5272 dormit.

2154 5316 2222 5371 Et
2249 5317 2527 5373 attendens
2571 5318 2636 5372 ad
2665 5318 2962 5386 mulierem,
3007 5318 3139 5373 dixit
3174 5318 3240 5372 ad
3283 5316 3569 5371 Simonem:
3601 5299 3668 5353 Vi-

2153 5408 2241 5463 des
2284 5411 2413 5463 lianc
2442 5410 2741 5466 mulierem?
2766 5410 2961 5466 Intraui
2998 5412 3049 5465 in
3085 5411 3294 5463 domum
3345 5419 3489 5464 tuam.
3526 5405 3673 5470 aqum

2156 5501 2359 5568 pedibus
2386 5501 2505 5556 meis
2522 5518 2622 5555 non
2641 5501 2823 5556 dedisti
2852 5518 2872 5557 :
2899 5502 3005 5558 lucc
3046 5501 3280 5571 lacrymis
3299 5499 3395 5552 suis
3430 5493 3536 5548 lavit
3574 5481 3671 5539 mihi

2156 5591 2323 5658 pedes,
2351 5604 2393 5645 et
2418 5592 2616 5662 capillis
2643 5594 2746 5647 suis
2775 5595 2928 5651 tersit.
2965 5592 3207 5647 Osculum
3230 5589 3348 5643 mihi
3369 5602 3459 5641 non
3492 5572 3669 5635 dedisti.“

2155 5686 2243 5739 illo
2281 5702 2343 5738 ex
2371 5701 2465 5755 quo
2509 5687 2730 5756 ingressa
2761 5698 2851 5752 est,
2882 5704 2976 5740 non
3004 5686 3204 5739 cessavit
3240 5686 3381 5751 pedes
3408 5688 3527 5731 meos
3547 5679 3661 5722 σιτα-
