3852 6182
173 286 271 344 $97

178 401 287 456 tari.
316 397 441 453 Otto
462 403 616 463 caput
657 408 824 446 nteant
855 406 956 445 non
985 383 1171 443 auxisti
1200 400 1218 438 :
1252 383 1341 438 illa
1391 393 1557 435 autem
1599 379 1747 452 pedes

180 510 301 547 suos
336 490 477 545 unxit
525 496 805 558 unguento.
848 481 974 537 Ideo
1009 481 1122 536 dico
1143 495 1162 533 :
1194 476 1525 531 Dimittuntur
1559 473 1604 527 ei
1629 471 1775 543 pec-f

180 597 282 640 ccta
316 580 493 644 multa,
534 577 778 647 quoniam
799 573 975 628 dilexit
1014 570 1245 624 multum.
1278 565 1368 621 Cui
1394 573 1560 618 autem
1585 560 1748 614 modi-

182 692 285 730 ι-ιιιιι
309 672 599 734 dimittitur,
630 667 883 721 modicum
903 663 1090 733 diligit.

241 763 455 822 CAPUT
478 761 585 835 χιι.
608 789 682 811 ι-
707 760 759 814 ι.
799 755 974 811 Ardua
1008 752 1216 822 qutustio
1243 767 1307 806 ea:
1342 747 1550 803 Domini
1588 744 1747 799 verbis

187 868 303 915 uta.
349 856 535 912 Oritur
570 851 797 923 quaestio
861 847 1102 921 profecto
1167 842 1443 905 solvenda,
1507 855 1628 911 qua:
1669 847 1748 891 at-

190 951 455 1007 tentionem
485 955 682 999 vestra:
705 939 991 997 Cltarilatis
1018 936 1305 998 desiderat,
1339 948 1406 987 ne
1434 931 1570 987 forte
1601 927 1750 984 sufli-

185 1058 289 1099 cere
308 1055 411 1095 non
439 1037 713 1107 possimus
741 1031 916 1086 verbis
950 1028 1018 1084 ad
1046 1037 1209 1082 tvtam
1235 1025 1350 1094 ejus
1369 1021 1746 1103 obscuritatem

186 1130 544 1192 removendam
567 1136 624 1183 et
650 1121 1042 1194 dilucidandam
1075 1135 1169 1189 pro
1195 1115 1436 1187 angustia
1465 1112 1747 1182 temporis;

184 1226 392 1281 maxime
420 1234 544 1276 cum
570 1232 699 1273 caro
730 1216 830 1270 ista
867 1212 1084 1268 testibus
1114 1209 1348 1279 fatigata,
1371 1206 1480 1276 jam
1520 1200 1749 1258 recreari

181 1316 452 1380 desideret,
482 1319 538 1367 et
570 1308 811 1364 debitum
841 1318 994 1359 suum
1026 1314 1269 1371 poscens,
1301 1297 1493 1351 anima:
1527 1293 1751 1349 avidita-

181 1419 283 1466 tem
318 1402 607 1476 impediens
644 1395 892 1455 ostendat
933 1391 1073 1464 quod
1117 1391 1319 1445 dictum
1367 1395 1493 1443 est:
1527 1384 1750 1454 Spiritus

178 1498 371 1570 quidem
389 1499 650 1565 promptus
663 1497 757 1556 est,
782 1501 901 1541 caro
921 1494 1086 1538 autem
1106 1481 1333 1551 inﬁrma.
1361 1476 1571 1547 (.llattlt.
1594 1489 1749 1539 xxvi,

180 1567 289 1661 ιι).
302 1584 636 1643 Manendum
652 1589 754 1644 est,
770 1587 826 1635 et
837 1576 995 1633 valde
1016 1572 1378 1638 metuendum,
1396 1585 1464 1625 ne
1478 1570 1531 1623 in
1544 1567 1627 1621 his
1642 1582 1752 1661 ver-

180 1656 256 1738 bis
281 1676 483 1735 Domini
511 1690 619 1730 non
642 1674 782 1730 bene
820 1666 1239 1738 intelligentihus
1267 1664 1350 1717 his
1378 1660 1467 1732 qui
1500 1656 1751 1726 concupi-

178 1770 382 1827 scentiis
401 1767 514 1822 suis
532 1757 835 1821 caritatibus
861 1761 1057 1822 favent,
1087 1765 1142 1811 et
1160 1755 1228 1810 ab
1256 1753 1333 1809 eis
1362 1752 1413 1807 in
1447 1750 1747 1806 libertatem

178 1865 322 1921 educi
350 1862 675 1932 pigrescunt,
706 1854 961 1923 subrepat
985 1851 1075 1907 illa
1100 1846 1384 1909 sententia,
1416 1859 1535 1913 qua:
1555 1838 1748 1932 praedi-

177 1931 593 2012 cantibusetiatn
617 1945 886 2017 Apostolis
906 1953 1029 1998 nata
1056 1949 1141 1996 est
1168 1939 1220 1994 in
1244 1935 1438 2007 linguis
1466 1931 1751 1989 maledico-

178 2062 311 2110 rum,
332 2042 470 2099 unde
495 2040 626 2095 dicit
649 2036 919 2105 apostolus
947 2031 1181 2089 Paulus:
1206 2028 1272 2082 Et
1296 2028 1425 2082 sicut
1443 2024 1647 2091 quidam
1671 2022 1752 2077 di-

179 2146 295 2189 cunt
340 2151 429 2188 nos
472 2132 642 2185 dicere
662 2169 677 2194 ,
731 2125 1004 2181 Faciamus
1046 2121 1182 2176 mala
1201 2162 1215 2185 ,
1267 2127 1322 2174 ut
1374 2117 1573 2171 veniant
1622 2114 1753 2169 bona

181 2229 344 2293 (Rom.
372 2240 451 2288 ιιι,
479 2222 562 2293 8).
592 2220 731 2275 Dicit
753 2219 899 2273 enim
926 2214 1118 2285 aliquis
1146 2229 1160 2266 :
1190 2211 1247 2268 Si
1271 2209 1358 2264 cui
1377 2208 1642 2262 modicum
1666 2205 1751 2260 di.

179 2319 411 2381 mittitur,
440 2314 713 2369 modicum
739 2307 939 2379 diligit;
966 2307 1050 2360 cui
1093 2313 1270 2359 autem
1303 2302 1421 2372 plus
1448 2299 1750 2365 dimittitur,

180 2409 294 2476 plus
314 2404 482 2475 diligit
507 2421 520 2456 :
551 2400 769 2470 expedit
806 2399 924 2468 plus
952 2395 1199 2465 diligere,
1228 2406 1386 2463 quam
1415 2391 1594 2445 minus
1629 2388 1753 2442 dili-

176 2514 326 2568 gere;
355 2502 564 2565 Oportet
606 2504 663 2547 ut
701 2491 919 2545 multum
962 2500 1264 2558 peccemus,
1309 2492 1364 2539 et
1409 2482 1630 2536 multum
1655 2480 1750 2537 dev

180 2591 406 2651 beamus,
427 2586 570 2657 φιοά
605 2584 758 2641 nobis
785 2581 977 2638 dimitti
1005 2579 1304 2648 cupiamus,
1338 2584 1395 2629 ut
1415 2573 1751 2629 dimissorem

178 2696 481 2749 magttnrum
517 2677 825 2733 debitorum
863 2673 1092 2743 amplius
1139 2670 1439 2739 diligamus.
1481 2663 1752 2722 Peccatrix

178 2774 313 2830 enim
340 2773 427 2826 illa
450 2770 642 2824 mulier
667 2775 869 2838 quanto
910 2766 1028 2835 plus
1049 2763 1302 2827 debebat,
1334 2770 1484 2815 tanto
1502 2757 1754 2814 dimisso.

176 2877 288 2917 rem
325 2861 629 2917 debitorum
680 2871 898 2912 suorum
939 2854 1166 2924 amplius
1212 2851 1478 2922 diligebat,
1530 2848 1754 2904 Domino

176 2954 293 3023 ipso
321 2953 549 3018 dicente,
590 2947 925 3005 Dimittuntur
965 2947 1010 3001 ei
1052 2954 1255 3016 peccata
1298 2944 1474 3008 multa,
1517 2942 1755 3013 quoniam

175 3043 347 3099 ditarit
373 3042 604 3097 multum.
626 3039 803 3105 Quare
827 3044 1005 3092 autem
1023 3035 1208 3090 dilexit
1234 3034 1480 3100 multum,
1502 3033 1603 3088 nisi
1629 3031 1752 3103 quia

174 3135 397 3192 debebat
431 3131 698 3189 multum?
742 3129 976 3200 Denique
1020 3127 1224 3184 addidit
1263 3135 1317 3182 et
1360 3126 1616 3195 adiunxit,
1660 3124 1753 3178 Cui

181 3237 342 3281 αιιιιι
366 3225 614 3280 modicum
639 3221 926 3286 dimittitur,
955 3219 1207 3275 modicum
1233 3217 1415 3288 diligit.
1443 3216 1633 3273 Nonne
1655 3220 1754 3271 ex-

185 3316 345 3385 pedit,
372 3317 560 3385 inquit,
592 3322 653 3369 ut
690 3312 913 3367 multum
954 3309 1085 3364 mibi
1113 3308 1429 3372 dimittatur,
1469 3321 1625 3377 quam
1656 3305 1752 3360 mi-

189 3426 304 3475 nus,
326 3409 461 3465 unde
482 3407 718 3477 amplius
743 3405 958 3474 diligam
994 3390 1278 3459 Domintim
1304 3398 1523 3455 meum?
1551 3397 1754 3454 Videtis

188 3502 329 3559 certe
349 3499 755 3572 profunditatem
780 3494 1092 3568 quaestionis
1116 3510 1131 3547 :
1154 3493 1286 3558 scio,
1314 3490 1525 3547 videtis.
1556 3487 1755 3543 Videtis

193 3594 444 3665 angustias
460 3592 737 3664 temporis,
761 3597 816 3644 et
848 3590 951 3645 hoc
974 3587 1166 3644 videtis
1186 3595 1243 3642 et
1269 3585 1498 3641 sentitis.

263 3686 471 3744 CAPUT
507 3685 574 3742 γ.
600 3684 746 3741 —5.
791 3681 1052 3752 Emptis
1112 3697 1193 3735 res
1253 3678 1558 3734 declaratur.
1603 3676 1754 3730 Aeci«

203 3777 299 3844 pile
322 3794 441 3850 ergo
464 3793 654 3850 pauca.
692 3776 747 3832 Si
775 3772 1122 3844 magnitudini
1155 3769 1467 3841 quaestionis
1494 3767 1624 3822 satis
1649 3781 1752 3823 non

202 3867 382 3936 iecero,
416 3869 627 3924 interim
672 3874 993 3936 prmsentem
1032 3860 1306 3918 recondito
1349 3874 1672 3927 sermonem,
1701 3858 1753 3913 iu

201 3957 362 4014 futuro
396 3970 571 4017 tenete
609 3959 927 4013 debitorem.
956 3955 1035 4009 Da
1062 3967 1205 4009 nunc
1231 3952 1367 4007 duos
1399 3950 1668 4017 homines,
1700 3958 1758 4005 ut

201 4052 289 4104 sub
312 4053 560 4123 exemplis
587 4048 1007 4107 evidentioribus
1042 4045 1184 4117 quod
1211 4044 1462 4116 proposui
1491 4042 1753 4114 cogitetis.

203 4139 333 4196 Unus
366 4158 546 4198 eorum
581 4142 816 4211 peccatis
848 4140 1036 4209 plenus
1072 4144 1176 4202 est,
1201 4135 1294 4191 diu
1333 4134 1564 4206 pessime
1590 4133 1753 4201 vixit;

202 4234 321 4287 alter
338 4250 513 4289 eorum
540 4248 706 4303 pauca
737 4231 979 4302 peccavit
1007 4247 1020 4284 :
1051 4226 1312 4284 accedunt
1346 4227 1505 4282 ambo
1542 4225 1608 4281 ad
1632 4240 1754 4296 gra-

204 4326 335 4387 tiam,
377 4326 706 4397 baptizantur
748 4323 938 4385 ambo;
977 4321 1183 4375 intrant
1232 4318 1527 4385 debitores,
1562 4326 1759 4374 exeunt

205 4413 338 4470 liberi
370 4436 384 4470 :
415 4418 530 4488 plus
559 4416 813 4493 donatum
841 4421 927 4467 est
947 4413 1060 4479 uni,
1082 4411 1260 4466 minus
1282 4409 1457 4466 alteri.
1485 4409 1758 4480 interrogo

203 4518 431 4574 iurantem
475 4508 698 4577 quisque
736 4505 941 4574 diligat.
987 4502 1043 4557 Si
1074 4502 1330 4556 invenero
1380 4500 1500 4571 plus
1537 4500 1759 4570 diligere

202 4611 332 4664 cum,
368 4598 450 4654 cui
491 4599 642 4670 plura
679 4604 896 4668 peccata
931 4594 1150 4650 dimissa
1181 4601 1333 4657 sunt;
1380 4593 1559 4647 utilius
1596 4592 1757 4647 multa

206 4693 438 4760 peccavit,
465 4693 647 4747 utilior
670 4701 786 4747 erat
813 4690 975 4744 multa
1002 4688 1272 4757 iniquitas,
1312 4701 1380 4741 ne
1405 4693 1549 4741 esset
1583 4684 1758 4754 tepida

205 4782 429 4840 charitas.
470 4785 748 4854 Interrogo
790 4782 953 4837 alium
996 4788 1251 4850 quantum
1304 4778 1507 4847 diligat,
1547 4777 1759 4832 invenio

207 4872 394 4930 mittas:
422 4891 543 4930 nam
601 4875 646 4929 si
698 4873 907 4930 invenio
951 4881 1151 4926 tantum
1202 4875 1261 4924 et
1303 4868 1452 4922 illum
1503 4867 1755 4937 diligere,

202 4976 433 5031 quantum
475 4975 528 5022 et
556 4966 647 5022 ille
676 4964 846 5035 diligit
882 4962 971 5018 cui
1014 4960 1180 5017 multa
1207 4959 1402 5014 donata
1440 4967 1585 5024 sunt,
1623 4972 1759 5027 quo-

203 5056 342 5110 modo
374 5055 711 5129 respondebo
758 5054 936 5111 verbis
983 5050 1230 5107 Domini?
1277 5041 1542 5120 quomOtlo
1575 5062 1758 5102 verum

199 5149 317 5204 τήν
341 5150 481 5221 quod
509 5148 723 5206 Veritas
741 5147 895 5212 dixit,
919 5143 1015 5201 Cui
1042 5143 1297 5199 modicum
1327 5142 1617 5207 dimittitur,
1646 5157 1759 5196 mo-

194 5242 351 5296 dicum
375 5240 579 5312 diligit?
609 5240 747 5296 Ecce
772 5239 847 5294 ait
872 5237 1085 5308 aliquis;
1122 5236 1253 5291 mihi
1276 5234 1542 5290 modicum
1572 5233 1759 5289 dimisv
1794 5298 1800 5307 ,

192 5346 304 5391 sum
332 5340 433 5395 est.
453 5346 560 5387 non
587 5331 752 5386 multa
785 5330 1001 5401 peccavi
1021 5336 1124 5402 ;.ct
1151 5336 1355 5383 tantum
1383 5325 1566 5400 diligo,
1593 5338 1762 5395 quan-

191 5435 297 5482 tum
316 5425 435 5489 iste,
461 5423 545 5480 eui
589 5422 755 5477 multa
795 5422 1013 5477 dimissa
1056 5427 1201 5474 sunt.
1219 5417 1297 5472 Tu
1313 5431 1496 5472 verum
1512 5413 1666 5481 dicis,
1692 5428 1760 5468 an

186 5517 463 5574 Christus?
488 5516 568 5573 Ad
591 5516 692 5571 hoc
713 5515 803 5571 tibi
828 5514 1104 5571 dimissum
1132 5521 1215 5570 est
1234 5510 1567 5568 mendacium
1594 5519 1758 5574 tuum,

217 5717 225 5723 .
249 5655 265 5684 ι
291 5648 423 5769 aliti,
447 5647 681 5714 quando
699 5660 790 5698 non
813 5658 976 5699 rerum
1005 5643 1114 5697 erit.
1142 5645 1303 5704 Abest,
1327 5657 1437 5702 non,
1461 5656 1488 5691 a
1514 5651 1615 5692 \tss.
1643 5654 1764 5705 pra:-

217 5727 286 5769 tru
340 5754 355 5768 .

188 5727 355 5776 (φης.

1589 263 1818 325 SERMO
1860 263 2039 327 XCIX.

3321 267 3430 326 596

1859 388 1916 436 ut
1944 379 2206 437 mendacii
2232 379 2495 434 dintissori
2535 380 2735 436 crimen
2774 380 3050 452 imponas?
3074 378 3132 437 Si
3158 379 3425 439 modicum

1857 471 1948 526 tibi
1970 470 2246 525 dimissum
2273 480 2374 538 est,
2398 470 2660 526 modicum
2691 470 2884 543 diligis.
2918 472 2973 529 Si
3001 473 3140 528 enim
3161 471 3426 529 modicum

1855 570 1936 618 est
1956 562 2048 617 tibi
2070 562 2367 625 dimissum,
2406 570 2458 614 ct
2489 562 2770 631 plurimum
2788 563 2993 634 diligis,
3022 562 3342 619 contradicts
3376 562 3427 618 ci

1853 653 1943 722 qui
1966 653 2120 717 dixit,
2150 650 2240 707 Cui
2267 653 2519 707 modicum
2546 653 2831 721 dimittitur,
2860 655 3111 709 modicum
3139 654 3323 725 diligit.
3352 655 3429 709 illi

1853 759 1980 813 ergo
2009 743 2125 814 plus
2153 744 2335 809 credo,
2366 743 2455 814 qui
2485 752 2536 798 te
2561 744 2677 813 plus
2714 746 2879 800 novit.
2904 746 3095 800 Parnm
3128 746 3220 800 tibi
3243 745 3433 800 diutis-

1853 850 1971 890 sum
2003 843 2176 904 putas,
2205 850 2424 904 prorsus
2451 850 2634 905 parum
2665 835 2857 906 diligis.
2890 834 3024 903 Quid
3060 852 3206 905 ergo,
3239 835 3427 905 inquit,

1855 926 2031 984 facere
2060 927 2257 984 debui?
2285 927 2445 982 Multa
2484 928 2622 983 mala
2661 928 3017 994 committere,
3058 939 3116 982 ut
3144 927 3308 982 multa
3346 943 3433 984 θεσ-

1855 1031 1993 1086 sent,
2023 1037 2142 1089 qua:
2168 1029 2344 1091 posset
2372 1021 2460 1076 ille
2488 1019 2615 1075 mihi
2643 1020 2926 1085 dimittere,
2968 1028 3025 1074 ut
3050 1019 3276 1089 amplius
3306 1035 3434 1089 pos-

1855 1126 1968 1169 sem
2006 1112 2267 1181 diligere?
2310 1112 2570 1182 Angustat
2611 1125 2737 1191 nos;
2769 1110 2863 1165 sed
2901 1110 3156 1166 Dominus
3189 1109 3279 1179 qui
3319 1109 3432 1164 lucc

1856 1220 1980 1261 vera
2005 1204 2297 1274 preposuit,
2324 1204 2392 1258 ab
2418 1203 2672 1273 angustiis
2693 1203 2881 1257 liberet
2903 1217 3007 1259 me.
3516 1236 3527 1249 .

1926 1290 2150 1348 CAPUT
2192 1292 2277 1349 Vl.
2302 1323 2373 1334 —-
2394 1294 2443 1349 6.
2490 1292 2708 1359 Quarstio
2736 1293 2963 1347 solvitur.
2995 1290 3135 1345 Inter
3159 1288 3323 1343 debila
3347 1291 3400 1343 di
3411 1315 3441 1326 -

1855 1385 2009 1438 missa
2050 1384 2304 1437 numerari
2350 1384 2454 1436 vult
2494 1398 2604 1453 qua:
2647 1382 2906 1436 uitarimus
2956 1390 3177 1452 patrata.
3224 1380 3432 1434 Dictum

1856 1481 1938 1529 cst
1974 1473 2076 1529 boc
2104 1482 2320 1543 prOpter
2356 1472 2670 1543 pharismum
2715 1472 2881 1536 illum,
2928 1471 3017 1540 qui
3048 1470 3130 1525 vel
3174 1469 3318 1524 nulla
3350 1468 3430 1523 vel

1857 1580 2020 1636 pauca
2045 1580 2105 1620 se
2133 1565 2349 1635 putabat
2372 1563 2568 1620 habere
2592 1570 2827 1634 peccata.
2849 1562 2964 1617 Non
2989 1562 3129 1617 enim
3153 1560 3430 1616 Dominum

1857 1655 2123 1722 invitaret,
2157 1655 2256 1709 nisi
2283 1655 2607 1724 aliquantum
2637 1653 2897 1725 diligeret.
2925 1651 3030 1707 Sed
3058 1667 3217 1722 quam
3246 1664 3429 1721 parum

1856 1748 2007 1801 erat?
2031 1746 2144 1801 Non
2188 1747 2428 1801 osculum
2456 1746 2620 1812 dedit,
2657 1762 2757 1799 non
2789 1745 2979 1800 saltem
3020 1759 3210 1814 aquam
3245 1742 3311 1797 ad
3339 1757 3437 1811 po—

1856 1839 1970 1909 des,
1989 1849 2044 1894 et
2062 1841 2106 1894 si
2129 1855 2236 1894 non
2261 1839 2522 1910 lacrymas
2549 1855 2563 1890 :
2592 1854 2697 1893 non
2727 1838 2817 1892 illo
2842 1837 3098 1905 obsequio
3122 1843 3431 1907 prosecutus

1856 1938 1957 1995 est,
1987 1947 2091 2001 quo
2121 1931 2209 1985 illa
2237 1931 2426 1985 mulier
2453 1945 2571 2000 qua:
2598 1936 2818 1984 noverat
2841 1928 2965 1999 quid
2994 1937 3289 1994 saltaretur,
3323 1939 3378 1983 et
3399 1943 3431 1983 ι

1856 2035 1962 2091 quo
1993 2028 2289 2077 sanaretur.
2329 2018 2372 2075 0
2400 2019 2689 2086 Pharisaee,
2721 2017 2840 2074 ideo
2876 2034 3058 2088 parum
3088 2017 3283 2088 diligis,
3312 2017 3434 2087 quia

1859 2126 2041 2180 parum
2073 2111 2162 2165 tibi
2184 2110 2375 2165 dimitti
2401 2110 2686 2180 suspicaris
2711 2127 2727 2165 :
2753 2122 2858 2163 non
2887 2108 3008 2178 quia
3037 2123 3219 2178 parum
3250 2107 3435 2162 dimit-

1858 2200 2004 2267 titur,
2034 2200 2126 2255 sod
2149 2201 2267 2269 quia
2292 2214 2476 2269 parum
2498 2209 2652 2270 putas
2673 2213 2791 2254 esse
2814 2198 2951 2268 quod
2972 2199 3270 2253 dimittitur.
3298 2198 3435 2264 Quid

1857 2306 2007 2361 ergo,
2038 2292 2205 2361 inquit
2244 2291 2372 2346 ille?
2401 2291 2512 2361 Ego
2538 2290 2626 2361 qui
2665 2289 3007 2345 homicidium
3049 2305 3153 2344 non
3182 2288 3302 2357 feci,
3334 2289 3433 2344 ho-

1858 2381 2048 2437 micida
2089 2381 2421 2452 deputandus
2449 2380 2605 2436 sum?
2633 2381 2721 2451 qui
2746 2380 3063 2436 adulterium
3095 2395 3199 2435 non
3222 2379 3433 2446 admisi,

1859 2488 1955 2544 pro
1994 2471 2251 2529 adulterio
2284 2472 2581 2545 puniendus
2626 2471 2783 2526 sum?
2826 2473 2930 2525 Ant
2969 2470 3067 2524 ista
3096 2470 3224 2525 mihi
3260 2470 3437 2526 dimit-

1860 2564 2014 2620 tenda
2061 2574 2205 2630 sunt,
2249 2580 2367 2635 quae
2405 2579 2509 2618 non
2548 2562 2831 2618 commisi?
2875 2562 3014 2617 Ecce
3063 2563 3255 2619 iterum
3303 2578 3437 2618 cou-

1858 2657 2016 2711 slitue
2041 2656 2191 2721 duos,
2226 2664 2280 2711 et
2318 2656 2596 2727 loquamur
2631 2654 2696 2708 ad
2726 2668 2837 2708 eos.
2870 2653 3028 2709 Venit
3057 2669 3190 2709 unus
3214 2654 3440 2724 supplex

1858 2756 2125 2818 peccator,
2152 2754 2433 2816 coopertus
2460 2744 2628 2817 spinis
2656 2753 2905 2816 tanquam
2932 2744 3182 2811 hcricius,
3207 2755 3262 2801 et
3282 2746 3439 2801 nimis

1857 2837 2075 2893 timidus
2106 2847 2353 2906 tanquam
2382 2836 2551 2906 lepus.
2583 2835 2690 2892 Sed
2730 2845 2876 2907 petra
2902 2843 2984 2890 est
3009 2835 3263 2905 refugium
3293 2835 3437 2889 lteri-

1857 2929 1954 2984 ciis
1989 2926 2157 2999 (Psal.
2198 2943 2306 2995 cttt,
2339 2927 2425 3000 18)
2462 2936 2518 2984 et
2556 2926 2846 2998 leporibus.
2886 2926 3038 2981 Venit
3081 2941 3209 2996 ergo
3250 2925 3317 2980 ad
3348 2940 3438 2996 pe-

1858 3028 2015 3084 tram,
2046 3019 2249 3077 invenit
2286 3019 2565 3091 refugium,
2610 3018 2804 3091 accipit
2843 3017 3118 3074 auxilium.
3152 3017 3301 3071 Alius
3330 3032 3437 3072 non

1858 3114 2021 3168 multa
2046 3113 2345 3169 commisit:
2369 3112 2494 3184 quid
2515 3112 2562 3166 ei
2591 3111 2864 3173 faciemus,
2893 3120 2948 3165 ut
2972 3109 3191 3164 multum
3219 3108 3438 3179 diligat?

1857 3204 1985 3276 quid
2007 3184 2482 3275 persuadebimus?
2510 3201 2705 3259 Contra
2730 3201 2938 3257 Domini
2963 3201 3118 3256 verba
3141 3203 3436 3267 veniemus,

1857 3297 1950 3353 Cui
1987 3299 2241 3354 modicum
2286 3297 2570 3363 dimittitur,
2614 3295 2862 3350 modicum
2902 3295 3104 3368 diligit?
3143 3293 3233 3355 Ita,
3260 3294 3437 3364 plane,

1857 3390 1942 3446 cui
1984 3390 2250 3447 modicum
2297 3389 2596 3444 dimittitur.
2628 3386 2732 3442 Sed
2778 3403 2810 3441 ο
2852 3396 2905 3442 ιιι
2949 3387 3035 3457 qui
3075 3386 3208 3447 dicis
3244 3394 3296 3441 te
3333 3400 3436 3439 non

1859 3481 2021 3537 multa
2048 3481 2410 3542 commisisse;
2438 3479 2636 3548 quare?
2661 3494 2768 3550 quo
2790 3478 3042 3549 regente?
3080 3478 3189 3531 Deo
3216 3477 3432 3547 gratias,

1858 3572 1998 3644 quod
2027 3573 2200 3626 nmtu’
2238 3581 2293 3628 ct
2323 3585 2454 3625 vncc
2490 3576 2664 3623 vestra
2695 3568 3022 3623 intellexisse
3049 3583 3143 3621 vos
3171 3566 3437 3636 significa-

1788 3664 1798 3674 '
1858 3662 1973 3717 stis.
2004 3662 2142 3727 Jatn,
2190 3671 2246 3716 ut
2294 3659 2466 3723 video,
2510 3659 2682 3713 soluta
2727 3657 2950 3728 quatstio
2992 3666 3091 3713 est.
3140 3658 3234 3713 llic
3274 3657 3439 3714 multa

1858 3751 2145 3819 commisit,
2185 3758 2241 3805 et
2285 3750 2571 3805 multorum
2601 3748 2815 3803 debitor
2850 3747 3019 3804 iactus
3059 3757 3182 3804 est:
3216 3748 3303 3802 ille
3343 3763 3439 3820 guo

1859 3845 2113 3901 bernante
2155 3844 2264 3898 Deo
2300 3856 2463 3913 pauca
2489 3840 2775 3896 commisit.
2806 3839 2905 3896 Cui
2929 3839 3147 3911 deputat
3185 3839 3274 3896 ille
3297 3839 3436 3909 quod

1859 3935 2078 3999 dimisit,
2127 3933 2249 3989 huic
2296 3940 2350 3987 et
2402 3932 2503 3988 iste
2552 3930 2769 4001 deputat
2818 3924 2959 4002 quod
3003 3946 3107 3986 non
3150 3929 3436 3985 commisit.

1861 4027 2083 4083 Adulter
2126 4041 2230 4082 non
2271 4025 2415 4080 fuisti
2464 4025 2516 4079 in
2560 4024 2646 4079 illa
2695 4032 2782 4079 tua
2830 4023 2935 4077 vita
2979 4022 3244 4094 przeterita
3284 4020 3438 4091 plena

1860 4118 2178 4191 ignorantia,
2212 4115 2444 4171 nondum
2469 4114 2811 4180 illuminatus,
2843 4113 3073 4171 nondum
3103 4114 3298 4168 bonum
3328 4127 3440 4166 ma-

1861 4210 2075 4279 lumque
2105 4207 2433 4272 discernens,
2460 4203 2694 4260 nondum
2730 4203 2954 4260 credens
2988 4204 3039 4259 in
3068 4201 3234 4267 illum,
3267 4199 3357 4273 qui
3386 4208 3438 4256 te

1862 4302 2185 4357 nescientem
2212 4298 2447 4369 regebat.
2487 4296 2599 4352 Hoc
2625 4295 2716 4350 tibi
2743 4294 2872 4349 dicit
2901 4295 3040 4350 Deus
3078 4302 3198 4349 tuus
3225 4309 3241 4347 :
3268 4292 3440 4364 Rege-

1863 4391 1983 4448 bam
2027 4400 2079 4446 te
2107 4386 2259 4457 mihi,
2296 4386 2573 4444 servabam
2609 4394 2661 4440 te
2702 4385 2847 4439 mihi.
2879 4383 2949 4442 Ut
2989 4384 3303 4441 adulterium
3334 4397 3441 4439 non

1863 4481 2245 4544 committeres,
2294 4491 2481 4532 suasor
2520 4474 2729 4530 defuit:
2761 4484 2815 4529 ut
2853 4488 3041 4531 suasor
3070 4472 3302 4540 deesset,
3341 4488 3441 4545 ego

1863 4575 1983 4631 feci.
2015 4574 2186 4629 Locus
2210 4580 2265 4627 et
2290 4579 2497 4641 tempus
2512 4569 2711 4634 defuit;
2741 4577 2793 4623 et
2823 4577 2877 4622 ut
2904 4568 3018 4625 haec
3040 4567 3313 4636 deessent,
3342 4583 3442 4640 ego

1864 4667 1983 4723 feci.
2014 4664 2192 4720 Adfuit
2215 4677 2421 4727 suasor,
2458 4676 2563 4715 non
2589 4659 2753 4714 defuit
2776 4658 2944 4726 locus,
2973 4674 3077 4714 non
3111 4657 3280 4714 defuit
3308 4666 3442 4713 tem-

1863 4775 1964 4831 pus
1997 4778 2011 4815 :
2042 4766 2101 4815 ut
2135 4773 2241 4812 non
2281 4754 2637 4816 consentires,
2673 4767 2774 4823 ego
2816 4752 2998 4808 terrui.
3031 4754 3277 4823 Agnosco
3315 4765 3442 4820 ergo

1864 4850 2085 4922 gratiam
2113 4847 2249 4919 ejus,
2288 4846 2372 4903 cui
2399 4844 2564 4900 debes
2600 4852 2655 4899 et
2692 4841 2834 4912 quod
2875 4859 2979 4898 non
3006 4841 3285 4897 admisisti.
3314 4838 3436 4895 Mihi

1864 4943 2022 4998 debet
2050 4942 2149 4995 iste
2176 4937 2315 5009 quod
2344 4935 2536 4990 factum
2566 4944 2669 4997 est,
2699 4943 2754 4988 et
2782 4932 3063 4988 dimissum
3088 4932 3291 4987 vidisti:
3313 4931 3439 4985 mihi

1865 5034 2028 5088 debes
2054 5041 2107 5086 et
2137 5039 2190 5085 tu
2217 5026 2357 5099 quod
2386 5042 2489 5080 non
2521 5024 2713 5080 fecisti.
2742 5023 2948 5079 Nullum
2983 5032 3065 5077 est
3085 5023 3226 5077 enim
3257 5035 3441 5090 pecea-

1869 5134 1977 5178 tum
1998 5120 2136 5193 quod
2171 5119 2295 5174 fecit
2318 5116 2498 5182 homo,
2531 5113 2671 5185 quod
2698 5128 2802 5168 non
2834 5112 3001 5182 possit
3027 5109 3201 5165 facere
3229 5119 3280 5164 et
3308 5109 3439 5164 alter

1867 5217 2050 5284 homo,
2076 5213 2123 5269 si
2145 5212 2280 5267 desit
2308 5218 2484 5266 rector
2503 5223 2532 5261 a
2557 5221 2662 5278 quo
2685 5204 2852 5260 factus
2877 5213 2959 5259 est
2979 5203 3161 5257 homo.
3234 5222 3251 5237 η

1939 5306 2163 5364 CAPUT
2202 5303 2311 5359 ιιι.
2332 5331 2404 5343 -
2423 5302 2477 5356 ’1.
2521 5298 2768 5369 Deinceps
2792 5296 2855 5351 de
2878 5294 3166 5351 remissione
3213 5302 3438 5363 peccata~

1870 5415 2005 5464 rum,
2032 5396 2165 5468 quod
2187 5395 2250 5450 ab
2275 5393 2475 5449 homine
2527 5387 2708 5445 dimitti
2752 5404 2853 5443 non
2905 5384 3114 5459 possint.
3162 5381 3277 5439 Jam
3307 5395 3445 5439 nunc

1871 5492 1992 5561 quia
2024 5497 2081 5543 ut
2109 5487 2395 5559 potuimus,
2427 5480 2773 5555 qurestionem
2804 5476 3120 5550 profundam
3158 5474 3211 5529 in
3242 5473 3439 5528 tantilla
3499 5486 3503 5490 ·

1873 5581 2124 5652 temporis
2149 5568 2404 5635 brevitate
2424 5573 2709 5638 solvimus;
2731 5579 2819 5626 aut
2840 5569 2884 5625 si
2908 5566 3139 5627 nondum
3155 5564 3431 5626 solvimus.

1941 5699 1955 5729 ⁸
1983 5704 2106 5752 3:55.,
2130 5698 2274 5743 metu.
