3934 6184
397 242 499 299 599

397 357 680 418 debitores.
711 367 763 411 ut
789 357 919 422 dixi,
951 365 1225 411 teneamur
1255 373 1267 409 :
1292 354 1416 409 illttd
1448 354 1618 424 potius
1647 353 1878 408 breviter
1899 351 1976 404 vi-

398 451 618 504 deamus
647 447 714 502 de
756 446 1067 501 remissione
1111 455 1464 514 peccatorum.
1502 443 1670 497 llomo
1702 441 1982 510 putabatur

397 539 666 602 Christus,
700 546 753 590 ct
779 536 844 591 ab
867 536 957 589 illo
987 537 1075 604 qui
1110 534 1366 596 invitavit,
1397 545 1448 587 ct
1470 535 1537 588 ab
1561 533 1640 587 eis
1665 532 1752 601 qui
1783 533 1981 600 pariter

395 627 821 684 discumbebant.
863 626 1048 680 Nescio
1079 625 1203 696 quid
1229 626 1313 680 illa
1344 623 1607 693 peccatrix
1636 622 1754 690 plus
1792 622 1840 673 iu
1875 621 1980 672 Do-

397 721 546 772 mino
575 716 801 772 viderat.
825 717 955 771 Nam
986 732 1150 787 quare
1181 715 1301 770 fecit
1331 716 1416 768 illa
1435 714 1631 775 oumia,
1661 713 1760 766 nisi
1798 720 1852 764 ut
1879 709 1978 764 sibi

401 809 798 864 dimitterentur
819 807 1072 878 peccata?
1101 807 1330 862 Noverat
1357 821 1483 875 ergo
1514 805 1658 858 illutn
1686 817 1841 873 posse
1860 815 1982 870 pec-

397 911 511 954 cata
557 901 966 957 dimitterczilli
1013 910 1188 953 autem
1237 908 1495 953 noverant
1547 897 1817 950 hominem
1875 909 1979 948 non

400 1007 553 1059 posse
580 992 866 1046 dimittere.
911 991 979 1046 Et
1015 990 1336 1046 credendum
1376 999 1457 1042 est
1499 988 1639 1058 quod
1687 999 1895 1051 omnes,
1928 983 1981 1039 id

398 1094 499 1145 est,
543 1090 597 1137 et
639 1083 713 1137 illi
740 1081 1174 1144 discumbentes,_
1201 1091 1254 1136 et
1291 1080 1379 1135 illa
1409 1080 1600 1134 mulier
1629 1079 1888 1135 accedens
1914 1077 1980 1131 ad

311 1199 320 1204 -
399 1175 564 1242 pedes
598 1173 823 1236 Domini,
849 1187 1035 1229 omnes
1054 1174 1104 1227 lii
1127 1182 1383 1228 noverant
1403 1172 1671 1226 hominem
1699 1187 1802 1224 non
1827 1185 1981 1240 posse

402 1274 612 1330 |'te('c.ll.:l
637 1263 922 1319 dimittere.
949 1264 1080 1318 Cum
1111 1280 1237 1332 ergo
1265 1279 1451 1318 omnes
1483 1262 1582 1315 hoc
1611 1271 1862 1320 nossent:
1893 1261 1980 1314 illa

397 1372 515 1424 qtae
545 1355 771 1410 credidit
793 1371 914 1410 eum
941 1356 1206 1410 dimittere
1233 1370 1388 1424 posse
1416 1364 1649 1424 peccata,
1682 1355 1796 1422 plus
1823 1369 1980 1422 quam

399 1448 670 1502 hominem
714 1463 834 1503 esse
864 1448 1138 1502 intellexit.
1175 1447 1409 1516 Denique
1453 1462 1573 1500 cum
1617 1445 1838 1498 dixisset
1869 1460 1983 1497 inu-

401 1541 535 1606 licri,
573 1539 906 1592 Dimittuntur
935 1539 1021 1592 tibi
1049 1548 1251 1608 peccata
1287 1548 1410 1601 tua;
1444 1537 1696 1590 continuo
1727 1535 1821 1597 illi,
1856 1533 1982 1599 Quis

397 1641 468 1685 cst
489 1634 582 1685 iste
604 1633 687 1701 qui
717 1642 762 1685 et
795 1641 997 1700 peccata
1019 1629 1260 1682 dimittit?
1285 1629 1412 1694 Quis
1435 1637 1516 1682 est
1541 1628 1658 1691 iste,
1693 1642 1850 1696 quem
1869 1625 1981 1695 jam

399 1723 587 1775 mulier
616 1722 881 1791 peccatrix
927 1722 1214 1790 cognovit?
1249 1720 1326 1772 'l‘u
1370 1719 1684 1772 recumbens
1719 1716 1868 1786 quasi
1899 1731 1982 1769 sa-

398 1829 519 1875 nus,
572 1813 832 1886 medicum
885 1811 1135 1881 ignoras:
1167 1811 1288 1880 quia
1333 1811 1534 1878 majore
1579 1809 1797 1862 forsitan
1833 1807 1981 1864 febre

399 1913 630 1956 mentem
663 1903 823 1957 etiam
853 1901 1147 1970 perdidisti.
1180 1900 1310 1954 Nam
1347 1910 1399 1954 et
1429 1900 1768 1970 phreneticus
1803 1899 1981 1954 ridens

399 1995 634 2061 ploratur
661 2008 690 2045 a
722 1993 885 2048 sanis.
915 1991 1112 2047 Tamen
1138 1993 1264 2045 illud
1288 1991 1420 2044 bene
1449 1991 1638 2058 nostis,
1664 1990 1800 2045 bene
1829 1999 1978 2045 tene-

397 2085 465 2137 tis
492 2103 502 2135 :
539 2093 734 2148 tenete,
767 2085 887 2153 quia
919 2083 1078 2137 homo
1107 2099 1210 2136 non
1241 2092 1414 2151 potest
1444 2091 1658 2151 peccata
1689 2082 1977 2138 dimittere.

396 2176 489 2229 Illa
518 2191 635 2246 qum
661 2175 760 2229 sibi
789 2191 816 2226 a
843 2174 1056 2228 Christo
1086 2175 1276 2228 dimitti
1312 2175 1555 2240 credidit,
1578 2175 1845 2229 Christum
1876 2190 1979 2229 non

399 2269 665 2323 hominem
696 2278 915 2331 tantum,
947 2266 1040 2320 sed
1068 2276 1122 2321 et
1148 2267 1315 2322 Deum
1345 2267 1589 2322 credidit.
1622 2266 1745 2332 Quis
1767 2279 1838 2320 est
1867 2267 1978 2332 iste,

398 2361 660 2430 inquiunt,
691 2360 777 2430 qtti
796 2369 843 2412 ct
867 2368 1069 2428 peccata
1095 2359 1336 2413 dimittit?
1363 2360 1429 2413 Et
1453 2359 1729 2425 Dominus,
1764 2357 1888 2423 Quis
1908 2367 1982 2412 est

397 2457 507 2517 iste,
541 2453 859 2519 dicentibus,
905 2467 1008 2505 non
1044 2451 1196 2515 dixit,
1234 2451 1397 2505 Filius
1435 2451 1549 2516 Dei,
1578 2450 1808 2505 Verbum
1840 2450 1934 2505 Dei
1963 2467 1976 2502 :

399 2564 505 2601 nott
549 2547 648 2600 hoc
679 2545 830 2608 dixit,
875 2544 970 2599 sed
1003 2545 1053 2598 in
1092 2560 1156 2599 eo
1185 2545 1326 2614 quod
1365 2544 1619 2614 putabant
1656 2543 1980 2614 aliquantum

397 2655 491 2694 eos
519 2654 736 2694 manere
761 2638 1092 2708 permittens,
1116 2638 1274 2691 solvit
1298 2638 1644 2706 qumstionem
1670 2647 1846 2692 motus
1867 2637 1984 2691 illo—

399 2750 517 2788 rum
535 2735 573 2786 '.
601 2732 696 2800 Qui
717 2731 859 2785 enim
888 2729 1098 2785 ridebat
1125 2729 1540 2793 discumbentes,
1565 2729 1812 2784 audiebat
1834 2729 1982 2799 cogi-

401 2836 601 2888 tantes;
630 2839 918 2879 conversus
960 2823 1025 2877 ad
1057 2822 1353 2886 mulierem,
1387 2821 1540 2876 Fides
1579 2832 1685 2887 tua,
1720 2823 1906 2893 inquit,
1935 2831 1983 2876 te

399 2918 589 2971 salvam
613 2917 748 2988 fecit.
781 2915 866 2969 lsti
898 2916 985 2984 qui
1015 2913 1219 2978 dicunt,
1251 2914 1374 2980 Quis
1395 2923 1466 2970 est
1489 2915 1581 2968 iste
1606 2915 1690 2984 qui
1713 2925 1758 2967 et
1780 2924 1982 2985 peccata

401 3009 646 3062 dimittit?
671 3007 758 3077 qtti
804 3021 890 3061 me
929 3014 1113 3076 putant
1144 3005 1433 3067 hominem,
1473 3004 1740 3061 hominem
1771 3013 1978 3076 putent.

406 3097 557 3152 Fides
583 3107 668 3151 tuo
695 3108 740 3151 te
767 3097 956 3151 salvam
979 3097 1112 3166 fecit.

473 3189 700 3246 CAPUT
743 3188 869 3243 VIII.
892 3219 961 3228 —
983 3188 1036 3244 8.
1081 3187 1462 3242 Donatistarum
1497 3205 1635 3242 error
1659 3198 1704 3243 et
1739 3205 1982 3260 arrogan-

404 3285 492 3334 tiu.
546 3280 781 3336 Medicus
829 3280 998 3335 bonus
1048 3295 1218 3350 :egros
1264 3295 1368 3335 non
1390 3281 1562 3335 solum
1587 3291 1872 3350 prmseutes
1898 3298 1982 3336 sa-

406 3373 586 3434 nabat,
613 3371 707 3426 sed
745 3379 800 3425 et
829 3370 1032 3425 futuros
1059 3371 1215 3425 etiam
1247 3371 1588 3442 praevidebat.
1619 3371 1801 3428 Futuri
1827 3381 1982 3428 erant

404 3463 649 3518 homines
667 3462 756 3532 qui
785 3461 1022 3516 dicerent
1052 3478 1064 3513 :
1090 3460 1201 3532 Ego
1225 3471 1434 3531 peccata
1457 3460 1684 3529 dimitto,
1708 3479 1806 3533 ego
1826 3463 1984 3533 justi-

407 3555 527 3619 lico,
577 3568 676 3624 ego
713 3551 1005 3613 sanctiﬁco.
1050 3567 1148 3623 ego
1179 3567 1310 3607 sano
1338 3569 1724 3624 quemcumque
1753 3555 1982 3625 baptizo.

405 3647 483 3700 Ex
515 3647 629 3716 ipso
660 3660 883 3700 numero
912 3655 965 3699 et
991 3645 1076 3698 isti
1103 3655 1246 3711 sunt,
1277 3647 1363 3715 qui
1388 3645 1589 3710 dicunt,
1622 3645 1747 3700 Noli
1772 3665 1850 3701 me
1869 3659 1985 3701 tan-

405 3753 538 3807 gere.
577 3736 753 3805 Usque
790 3735 926 3790 adeo
962 3749 1027 3789 ex
1071 3735 1185 3804 ipso
1217 3751 1439 3789 numero
1467 3746 1610 3798 sunt,
1645 3747 1701 3790 ttt
1740 3754 1907 3807 nuper
1933 3739 1984 3792 iu

406 3829 690 3884 collatione
732 3836 934 3895 nostra,
965 3827 1107 3896 quod
1132 3827 1293 3881 etiam
1337 3829 1388 3881 in
1434 3830 1611 3883 Gestis
1653 3833 1780 3898 ipsis
1811 3831 1986 3901 legere

408 3920 689 3990 potestis’,
718 3935 838 3975 cum
878 3919 956 3974 eis
981 3934 1011 3973 a
1040 3919 1326 3989 tiognitorc
1365 3930 1505 3974 esset
1532 3937 1812 3976 consessus
1841 3925 1988 3978 obla-

411 4024 515 4079 tus,
559 4022 615 4067 ut
651 4011 900 4066 sederent
925 4011 1221 4078 nobiscum,
1254 4011 1676 4081 respondendum
1718 4026 1984 4084 putarent,

411 4105 677 4172 Scriptum
722 4111 805 4157 est
834 4100 1005 4167 nobis,
1035 4117 1154 4156 cum
1185 4101 1376 4155 talibus
1403 4117 1508 4156 non
1539 4103 1746 4167 sedere,
1788 4106 1991 4162 scilicet

414 4212 479 4248 ue
523 4210 615 4262 per
639 4202 940 4248 contactum
980 4192 1353 4247 subselliorum
1394 4192 1459 4246 ad
1501 4209 1593 4248 eos
1625 4195 1768 4249 velut
1809 4207 1988 4251 nostra

411 4287 656 4355 contagio
685 4284 1004 4352 perveniret.
1033 4284 1164 4337 Vide
1184 4285 1227 4337 si
1261 4300 1364 4338 non
1393 4295 1492 4346 est,
1526 4285 1646 4340 Noli
1667 4304 1744 4341 me
1765 4299 1988 4359 tangere,

412 4378 530 4444 quia
576 4375 790 4427 tumidus
832 4390 964 4427 sum.
997 4374 1115 4426 Alio
1154 4383 1329 4426 autem
1362 4375 1467 4439 die,
1515 4377 1598 4429 tibi
1645 4381 1993 4447 opportunius

413 4477 546 4527 erat,
579 4463 1115 4517 commemoravimus
1141 4478 1236 4517 eos
1271 4463 1427 4533 hujus
1453 4467 1764 4522 miserrima:
1795 4471 1994 4524 vanita-

417 4559 504 4620 tis,
531 4570 649 4609 etun
679 4562 926 4623 ageretur
966 4553 1033 4608 de
1063 4553 1322 4620 Ecclesia,
1369 4556 1488 4624 quia
1537 4559 1658 4610 ntali
1691 4559 1740 4612 in
1783 4578 1842 4614 ea
1889 4579 1993 4616 non

415 4654 780 4708 contaminant
807 4651 1008 4714 bonos;
1051 4650 1422 4721 rCSpondimus
1459 4652 1558 4716 eis,
1598 4654 1716 4723 quia
1752 4656 1869 4709 ideo
1898 4673 1994 4711 uo-

417 4746 618 4800 biscum
667 4743 856 4799 sedere
897 4742 1197 4806 noluerunt,
1233 4752 1287 4797 et
1315 4742 1582 4805 dixerunt.
1628 4761 1686 4800 se
1724 4746 1991 4816 Scriptura

418 4837 511 4892 Dei
545 4836 704 4890 fuisse
738 4833 1114 4897 commonitos,
1159 4833 1278 4903 quia
1310 4834 1560 4889 videlicet
1594 4837 1847 4907 scriptum
1890 4847 1991 4904 est,

423 4927 541 4981 Non
571 4927 679 4981 sedi
699 4926 752 4980 in
779 4925 991 4981 concilio
1020 4924 1252 4978 vanitatis
1273 4942 1290 4979 :
1311 4925 1559 4992 diximus,
1587 4927 1642 4982 Si
1668 4925 1788 4984 ideo
1813 4930 1993 4986 nobiss

419 5038 537 5072 cum
571 5017 758 5073 sedere
795 5017 1062 5080 noluistis,
1099 5015 1221 5085 quia
1249 5017 1502 5087 scriptum
1526 5026 1629 5084 est,
1661 5018 1780 5074 Non
1807 5021 1915 5074 sedi
1944 5023 1996 5075 in

421 5105 632 5156 amcitia
663 5101 931 5158 vanitatis;
954 5116 1120 5170 quare
1148 5101 1420 5156 uobiscum
1444 5103 1665 5172 ingressi
1696 5105 1846 5171 estis,
1874 5122 1993 5159 cum

421 5212 442 5247 ί
454 5201 809 5262 onscquenter
825 5193 1076 5260 scriptum
1093 5191 1180 5256 sit,
1201 5190 1266 5244 Et
1283 5209 1396 5246 eum
1417 5195 1586 5263 iniqua
1601 5197 1880 5266 gerentibus
1897 5215 1996 5251 non

421 5286 636 5340 introibo
651 5283 820 5355 (Psal.
839 5299 871 5336 x
883 5297 976 5346 xv,
994 5281 1046 5350 ti)
1062 5280 1160 5352 (a)?
1177 5283 1314 5352 Ergo
1328 5285 1378 5338 in
1395 5286 1492 5339 hoc
1506 5287 1642 5354 quod
1655 5287 1854 5349 dicunt,
1876 5288 1999 5342 Noli

423 5396 502 5433 me
526 5387 746 5447 tangere,
775 5375 894 5444 quia
919 5374 1136 5427 mundus
1163 5390 1291 5435 sum,
1325 5376 1526 5429 similes
1566 5386 1688 5430 sunt
1721 5379 1790 5431 illi
1824 5377 1996 5446 phari-

483 5492 501 5558 ,ί
533 5489 668 5546 mliti,
692 5493 736 5537 et
758 5490 910 5536 motus
931 5483 1138 5535 illorum.
1164 5478 1412 5546 Particula,
1436 5494 1500 5547 et,
1523 5488 1664 5538 abest
1685 5500 1712 5538 a
1735 5493 1995 5542 manuscri-

421 5558 600 5672 "uisu
624 5611 835 5672 potiores
857 5616 966 5672 Mss.
989 5614 1041 5654 At
1060 5609 1194 5668 editi,
1221 5608 1345 5671 loqui
1369 5610 1640 5672 poterimus.

488 5669 562 5728 (tt)
587 5671 697 5717 \ide
723 5670 895 5718 librum
913 5669 970 5719 ad
990 5674 1254 5722 Ix‘uatistas
1278 5669 1383 5732 post
1401 5674 1726 5737 mllationem,
1753 5692 1854 5740 cap.
1883 5679 1926 5726 Ii.

1619 239 1675 292 s.
1719 222 2079 291 AUGUSTINI
2125 231 2418 289 t-ll‘iSCOPl

3563 241 3672 295 600

2085 365 2191 403 saro
2219 349 2306 419 qui
2349 348 2628 402 Dominum
2659 349 2994 417 invitaverat,
3040 360 3096 408 et
3137 364 3417 423 propterea
3453 355 3671 424 putalm

2085 458 2205 497 eum
2238 440 2471 496 nescisse
2500 441 2794 508 mulierem,
2835 443 2957 514 quia
2989 461 3093 498 non
3124 462 3242 500 eam
3275 447 3612 515 prohibuerat
3635 468 3670 501 a

2085 542 2327 586 Contactu
2356 531 2552 602 pedum
2601 547 2836 588 suorum.
2879 534 2983 590 Sed
3017 537 3068 590 in
3109 537 3216 592 alio
3255 540 3442 594 melior
3486 541 3676 596 Phari-

2084 639 2244 686 sauts,
2272 625 2391 693 quia
2420 639 2538 677 cmn
2569 634 2773 692 putaret
2800 625 3069 681 hominem
3099 627 3391 696 Christum,
3419 647 3522 686 non
3545 648 3674 686 crc-

2084 716 2241 770 (lebat
2276 717 2343 770 ab
2387 717 2598 772 homine
2639 733 2796 788 posse
2823 719 3014 774 dimitti
3056 733 3291 788 peccata.
3335 723 3517 779 Melior
3541 742 3675 795 ergo

2084 807 2281 862 Judmis
2320 823 2475 877 quant
2532 809 2796 864 hmreticis
2838 811 3082 879 apparuit
3131 813 3452 868 intellectus.
3500 815 3676 870 Judasi

2085 901 2207 971 quid
2239 901 2520 955 dixerunt?
2567 901 2694 968 Quis
2727 911 2798 956 est
2842 903 2939 967 hic,
2986 905 3070 972 qui
3105 913 3152 957 et
3185 917 3390 973 peccata
3429 908 3679 961 dimittit?

2085 992 2261 1047 Audet
2299 993 2398 1046 sibi
2431 992 2590 1045 homo
2618 993 2720 1046 hoc
2759 995 3054 1062 usurpare?
3080 993 3217 1060 Quid
3243 1005 3429 1050 contra
3457 996 3676 1052 lucreti—

2086 1084 2218 1138 cus?
2250 1083 2361 1152 Ego
2405 1083 2634 1145 dimitto,
2681 1100 2778 1153 ego
2825 1085 3044 1150 mundo,
3095 1101 3193 1156 ego
3237 1087 3532 1142 sant-tilica.
3567 1089 3678 1143 Re-

2085 1173 2338 1242 stiondeat
2363 1174 2456 1238 illi,
2485 1189 2587 1227 non
2609 1189 2726 1243 ego,
2750 1174 2843 1228 sed
2869 1174 3145 1228 Christus:
3170 1175 3215 1230 Ο
3245 1163 3423 1240 homo,
3452 1179 3676 1247 quando

2086 1281 2184 1335 ego
2209 1282 2235 1318 a
2262 1266 2457 1319 Judteis
2489 1273 2704 1334 putatus
2730 1281 2846 1318 sunt
2876 1266 3054 1331 homo,
3085 1266 3447 1322 dimissionem
3482 1283 3676 1336 pecea-

2087 1365 2259 1410 tortnu
2293 1355 2414 1410 lidei
2449 1354 2590 1409 dedi.
2622 1354 2736 1409 Non
2778 1371 2897 1425 ego,
2930 1356 3216 1426 respondet
3241 1358 3331 1411 tibi
3365 1356 3670 1413 Christus’.

2085 1449 2130 1502 Ο
2171 1448 2436 1512 lueretice,
2483 1457 2537 1500 ιιι
2565 1462 2684 1502 cum
2710 1448 2784 1503 sis
2828 1448 3008 1516 homo,
3039 1448 3172 1504 dicis
3202 1468 3214 1502 :
3248 1449 3402 1515 Veni,
3437 1452 3668 1510 mulier;

2087 1555 2185 1609 ego
2213 1549 2262 1592 te
2291 1540 2491 1592 salvam
2533 1537 2703 1594 facio!
2735 1537 2846 1608 Ego
2887 1555 3008 1595 cum
3039 1550 3255 1609 putarer
3302 1541 3482 1608 homo,
3515 1542 3622 1597 dixi
3655 1562 3671 1597 :

2096 1627 2253 1691 Vade,
2279 1628 2491 1691 mulier;
2520 1626 2644 1696 ﬁdes
2667 1637 2751 1680 tua
2779 1628 2971 1682 salvam
2997 1641 3045 1682 te
3065 1629 3202 1700 fecit.

2154 1718 2380 1774 CAPUT
2419 1719 2508 1772 IX.
2537 1749 2607 1759 -
2632 1719 2684 1773 9.
2716 1719 3076 1790 Argumentum
3099 1720 3504 1775 Donatistarum.
3533 1721 3671 1776 Pec-

2085 1820 2198 1864 cata
2242 1827 2330 1881 per
2371 1810 2646 1864 Ecclesium
2672 1810 2894 1882 Spiritus
2932 1823 3134 1868 sanctus
3165 1813 3386 1869 dimittit.
3427 1815 3675 1885 Respira-

2087 1901 2232 1967 dent,
2257 1902 2546 1964 nescientes,
2571 1903 2707 1955 sicut
2725 1904 2795 1956 ait
2808 1904 3122 1973 Apostolus,
3144 1920 3302 1974 neque
3319 1921 3432 1974 quc
3452 1906 3642 1976 loquun
3656 1939 3676 1950 ο

2087 2005 2186 2058 tur,
2216 2011 2372 2065 neque
2394 1995 2456 2047 de
2474 1995 2649 2063 quibus
2669 1995 2914 2064 aﬂirmant
2940 1994 2982 2064 (I
3009 1994 3138 2049 Tim.
3163 2012 3202 2061 ι,
3228 1994 3282 2069 7)
3308 2014 3320 2049 :
3347 1996 3672 2067 respondent

2085 2093 2140 2139 et
2165 2084 2380 2150 dicunt,
2413 2084 2470 2138 Si
2501 2098 2604 2137 non
2632 2083 2902 2137 dimittunt
2930 2083 3172 2138 homines
3197 2097 3410 2155 peccata
3431 2129 3447 2150 ,
3482 2087 3670 2140 falsum

2086 2186 2168 2233 est
2208 2192 2334 2247 ergo
2376 2175 2517 2247 quod
2565 2177 2639 2230 ait
2677 2174 2951 2239 Christus,
2985 2177 3112 2243 Qua:
3143 2178 3387 2230 solveritis
3421 2180 3474 2230 in
3512 2189 3668 2242 terra,

2085 2269 2248 2324 soluta
2273 2279 2416 2322 erunt
2442 2277 2489 2322 et
2517 2268 2568 2320 in
2594 2268 2717 2322 ratio
2749 2266 2957 2338 (Matth.
2985 2283 3131 2331 xvtu,
3163 2267 3268 2338 18).
3298 2269 3484 2323 Nescis
3507 2286 3672 2338 quare

2087 2360 2186 2415 hoc
2205 2361 2401 2416 dictum
2424 2362 2509 2424 sit,
2539 2359 2804 2429 quomodo
2829 2360 3026 2414 dictum
3059 2361 3144 2414 sit.
3181 2361 3407 2414 Datnrns
3427 2373 3540 2414 erat
3572 2363 3675 2414 Do-

2085 2455 2262 2510 minus
2286 2453 2590 2510 hominibus
2613 2452 2863 2524 Spiritum
2891 2460 3152 2523 sanctum,
3177 2469 3187 2502 ι
3211 2460 3230 2509 ι
3250 2449 3318 2511 alt
3336 2454 3452 2527 ipso
3471 2457 3672 2527 Spititu

2086 2555 2270 2602 sancto
2300 2547 2541 2602 ﬁdelibus
2575 2547 2683 2601 suis
2710 2547 2899 2602 dimitti
2937 2557 3177 2616 peccata,
3209 2565 3312 2603 non
3344 2551 3546 2605 meritis
3574 2552 3672 2605 lto.

2085 2638 2287 2692 minum
2316 2638 2522 2692 volebat
2545 2637 2762 2708 intelligi
2788 2637 2978 2691 dimitti
3011 2648 3224 2707 peccata
3245 2641 3285 2690 ².
3309 2639 3441 2694 Nam
3463 2641 3589 2710 quid
3611 2657 3697 2718 es,

2085 2730 2279 2796 homo,
2311 2731 2414 2785 nisi
2451 2747 2593 2801 a-ger
2632 2730 2936 2785 sanandus?
2965 2730 3057 2785 Vis
3094 2731 3222 2785 mihi
3250 2747 3368 2786 esse
3397 2733 3672 2788 medicus?

2084 2822 2286 2878 Mecum
2309 2837 2488 2892 quzere
2508 2820 2791 2875 medicum.
2815 2820 2947 2874 Nam
2971 2821 3069 2875 hoc
3095 2830 3152 2876 ut
3176 2822 3471 2877 evidentius
3493 2833 3674 2878 osten-

2085 2911 2237 2967 deret
2265 2911 2517 2967 Dominus
2535 2953 2549 2978 ,
2580 2910 2649 2966 ab
2675 2909 2875 2982 Spiritu
2900 2921 3084 2967 saneto
3111 2927 3268 2982 quem
3295 2912 3513 2968 donavit
3541 2915 3672 2970 lide-

2085 3001 2223 3057 libus
2268 3001 2410 3064 suis,
2456 3001 2651 3056 dimitti
2684 3010 2933 3072 peccata,
2979 3017 3086 3056 non
3125 3003 3326 3057 meritis
3371 3005 3669 3072 hominum,

2085 3093 2314 3164 quodam
2356 3095 2474 3149 loco
2522 3094 2600 3148 sic
2641 3095 2714 3148 ait
2757 3109 3042 3163 resurgens
3085 3111 3116 3150 a
3159 3095 3414 3160 mortuis,
3448 3098 3673 3165 Accipite

2088 3183 2338 3254 Spiritum
2361 3193 2627 3247 sanctum;
2656 3193 2853 3238 etcum
2882 3183 3132 3252 dixisset,
3165 3187 3386 3256 Accipite
3419 3187 3672 3257 Spiritum

2087 3283 2342 3340 sanctum,
2371 3273 2624 3327 continuo
2651 3272 2905 3343 subjecit,
2937 3273 2997 3328 Si
3024 3275 3104 3327 cui
3133 3275 3419 3329 dimiseritis
3443 3286 3670 3346 peccata,

2088 3365 2408 3418 dimittuntur
2443 3365 2490 3417 ei
2530 3363 2705 3434 (Joan.
2735 3380 2808 3418 xx
2829 3406 2844 3429 ,
2871 3363 2976 3432 29.,
3001 3363 3096 3435 25)
3127 3380 3140 3417 τ
3171 3365 3272 3420 hoc
3301 3375 3414 3431 est,
3445 3367 3672 3437 Spiritus

2087 3454 2325 3522 dimittit,
2354 3471 2458 3509 non
2487 3469 2600 3508 vos.
2632 3454 2859 3523 Spiritus
2884 3464 3059 3509 autem
3086 3457 3224 3510 Dens
3246 3465 3347 3510 est.
3381 3456 3525 3512 Deus
3546 3473 3675 3528 ergo

2089 3547 2338 3614 dimittit,
2381 3563 2484 3602 non
2525 3563 2640 3602 vos.
2678 3547 2783 3602 Sed
2812 3547 2875 3601 ad
2905 3547 3156 3616 Spiritum
3199 3548 3324 3618 quid
3368 3549 3498 3615 estis
3540 3549 3675 3603 vos?

2093 3637 2310 3692 Nescitis
2337 3638 2455 3707 quia
2481 3639 2718 3707 templum
2745 3637 2840 3691 Dei
2864 3639 2997 3702 estis,
3027 3648 3074 3692 et
3112 3638 3337 3708 Spiritus
3369 3639 3460 3694 Dei
3482 3641 3675 3695 habitat

2091 3732 2143 3784 in
2164 3732 2298 3785 vobis
2322 3729 2363 3802 (Ι
2391 3730 2508 3785 Cor.
2537 3747 2613 3796 Ill,
2640 3730 2766 3803 lli)?
2799 3731 2861 3784 Et
2882 3730 3070 3784 iterum
3098 3749 3110 3783 :
3137 3730 3386 3796 Nescitis,
3418 3734 3536 3801 quia
3560 3750 3674 3787 cer-

2093 3842 2217 3893 poro
2246 3833 2405 3878 vestra
2435 3824 2676 3893 templum
2704 3825 2754 3876 in
2784 3823 2919 3878 vobis
2951 3834 3024 3878 est
3055 3824 3276 3893 Spiritus
3304 3827 3464 3879 sancti
3485 3867 3498 3887 ,
3529 3843 3675 3894 quem

2094 3917 2282 3971 habetis
2306 3935 2338 3970 a
2359 3917 2466 3971 Deo
2493 3915 2600 3989 (Id.
2626 3933 2693 3978 γι,
2722 3915 2847 3986 l9)?
2871 3915 3008 3970 Deus
3029 3931 3156 3986 ergo
3175 3917 3376 3970 habitat
3399 3919 3451 3971 iu
3478 3917 3675 3985 temple

2092 4017 2280 4064 sancto
2308 4023 2432 4073 suo,
2466 4007 2566 4062 hoc
2595 4014 2674 4061 est
2694 4047 2708 4071 ,
2739 4007 2788 4059 in
2819 4005 3014 4060 sanctis
3041 4007 3151 4061 suis
3183 4007 3454 4074 ﬁdelibus,
3489 4009 3538 4062 in
3573 4009 3673 4062 Ee~

2093 4099 2253 4154 etesia
2283 4114 2376 4153 sua
2409 4116 2422 4152 :
2454 4113 2549 4168 per
2586 4112 2679 4152 eos
2718 4097 2934 4151 dimittit
2969 4109 3214 4167 peccata;
3247 4100 3366 4168 quia
3397 4100 3515 4152 viva.
3537 4109 3673 4152 tem.-

2098 4191 2180 4261 pla
2209 4201 2351 4244 sunt.

2166 4281 2390 4337 CAPUT
2420 4281 2488 4335 X.
2511 4311 2582 4320 —
2611 4281 2696 4334 10.
2729 4279 2945 4334 Peccatn
2970 4297 3000 4330 (ι
3029 4279 3132 4332 Deo
3160 4279 3484 4334 dimittuntur.
3517 4289 3560 4332 et
3587 4297 3678 4348 per

2099 4376 2346 4428 hominem
2365 4416 2379 4439 ,
2411 4382 2456 4425 ct
2481 4382 2660 4443 printer
2689 4371 2957 4424 hominem.
2989 4369 3212 4440 Spiritus
3235 4382 3435 4424 sanctus
3464 4387 3550 4436 per
3577 4373 3672 4422 mi—

2099 4467 2354 4518 nisterium
2382 4463 2636 4516 hominum
2663 4460 2830 4514 datus.
2872 4460 2972 4515 Sed
3003 4461 3090 4531 qui
3127 4461 3342 4513 dimittit
3378 4477 3471 4528 per
3500 4462 3672 4515 homi-

2100 4571 2239 4617 nem,
2266 4561 2438 4623 potest
2455 4552 2717 4606 dimittere
2737 4560 2789 4606 et
2813 4561 3004 4620 pra-ter
3025 4552 3310 4604 hominem.
3333 4550 3516 4620 Neque
3532 4553 3678 4607 enim

2100 4645 2272 4699 minus
2301 4644 2521 4698 idoneus
2549 4650 2630 4696 est
2658 4657 2750 4712 per
2787 4655 2846 4696 se
2881 4641 3040 4701 dare,
3071 4643 3159 4710 qui
3191 4650 3362 4710 potest
3394 4657 3487 4710 per
3511 4641 3676 4698 alium

2099 4736 2244 4791 dare.
2278 4737 2379 4792 Per
2405 4736 2662 4789 Joannem
2692 4733 3000 4803 quihusdam
3033 4731 3204 4792 dedit.
3239 4734 3336 4801 ipsi
3359 4733 3550 4787 Joauni
3584 4752 3678 4802 per

2099 4841 2254 4896 quem
2276 4824 2452 4880 dedit?
2476 4823 2662 4878 Merito
2682 4823 2863 4877 volens
2884 4823 3020 4877 Deus
3041 4823 3140 4876 hoc
3159 4823 3459 4885 ostendere,
3483 4832 3536 4876 et
3556 4823 3679 4876 huic

2101 4917 2304 4971 veritati
2331 4914 2589 4980 attestari,
2615 4929 2736 4969 cum
2757 4913 2970 4984 quidam
2999 4916 3050 4968 in
3073 4914 3306 4969 Samaria
3332 4915 3678 4981 evangelisati

2100 5017 2298 5073 essent,
2321 5015 2376 5061 et
2394 5006 2638 5076 baptizati
2660 5014 2858 5069 essent,
2879 5013 2934 5058 et
2952 5004 3196 5074 baptizati
3217 5020 3246 5058 a
3271 5005 3509 5074 Philippo
3528 5019 3683 5062 era.-

2099 5097 2305 5168 gelista,
2325 5113 2431 5151 uno
2449 5097 2518 5152 de
2533 5105 2736 5168 septem
2757 5095 3067 5151 diaconibus
3087 5097 3327 5164 primitus
3346 5098 3550 5157 electis,
3575 5113 3681 5148 uoti

2099 5199 2414 5260 acceperunt
2434 5189 2686 5259 Spiritum
2709 5197 2973 5254 sanctum,
3000 5197 3055 5243 et
3075 5189 3319 5258 baptizati
3340 5198 3518 5244 erant.
3539 5189 3681 5244 Nun-

2103 5283 2282 5335 tiatum
2310 5293 2393 5337 est
2418 5281 2713 5352 discipulis,
2739 5282 2829 5351 qui
2859 5289 3012 5336 erant
3034 5281 3402 5352 Jerosolyntis,
3433 5291 3489 5336 et
3519 5298 3676 5336 vene-

2129 5435 2177 5542 _h'
2207 5434 2506 5542 cqlbertinus
2529 5443 2671 5486 vetus
2691 5435 2844 5486 codex
2860 5472 2874 5497 ,
2899 5449 2992 5486 non
3013 5434 3147 5486 mihi.
3177 5435 3434 5499 Respondet
3463 5434 3549 5485 tibi
3571 5448 3684 5498 ergo

2177 5509 2244 5542 1'18
2267 5510 2336 5542 us.

2103 5504 2551 5629 (’lg'iiingolbertino
2576 5567 2654 5609 Ms.
2675 5595 2689 5616 ,
2714 5572 2804 5670 per
2833 5571 2989 5620 ipsum
3012 5556 3239 5628 Spiritimt
3275 5565 3521 5628 sanctum.
3544 5563 3590 5605 et
3624 5557 3684 5605 ab

2103 5630 2203 5670 raso
2246 5628 2420 5670 Smrtttt
2455 5629 2617 5670 sancto
2660 5635 2712 5670 ro
2729 5620 2835 5670 abut
2878 5620 3075 5670 inteltiai
3119 5620 3293 5669 diutum
3331 5627 3541 5670 peccata.
3569 5627 3683 5670 sunt

2097 5630 2214 5738 avsa!
2246 5620 2420 5729 Spiritu
2455 5629 2617 5672 sancto
2660 5620 2835 5671 rolebut
2878 5620 3075 5683 intelligi
3119 5620 3294 5669 dimitti
3331 5627 3541 5681 peccata.
3569 5627 3683 5670 sunt

2136 5696 2196 5724 νη
2229 5720 2239 5732 .
2271 5697 2297 5729 e
2323 5697 2362 5730 c.
