3852 6182
156 282 242 341 801
1628 282 1852 339 εειιιιυ
1888 280 1950 337 C.

161 411 273 458 runt
308 402 375 456 ad
415 400 747 469 Samariam,
790 410 848 458 ut
888 402 962 459 illi
1006 402 1096 473 qui
1140 402 1389 473 baptizati
1432 410 1613 469 erant,
1646 416 1744 472 per

162 492 544 564 itnpositionem
571 508 761 548 manus
787 508 971 549 eorum
1000 494 1305 564 acciperent
1333 493 1588 563 Spiritum
1620 509 1744 549 san-

161 599 309 642 ctum.
345 586 411 641 Et
438 588 509 639 ita
535 587 730 641 factum
756 595 839 642 est
867 604 880 640 :
911 595 1172 642 venerunt
1196 596 1250 641 et
1279 587 1641 656 imposuerunt
1665 588 1742 643 eis

163 692 352 739 manus,
376 684 433 731 et
449 684 775 746 acceperunt
794 675 1052 746 Spiritum
1079 686 1340 731 sanctum.
1364 677 1497 744 Quia
1520 687 1645 732 tunc
1665 677 1743 733 sic

151 770 368 825 dabatur
406 768 640 839 Spiritus
672 780 887 825 sanctus
909 813 924 836 ,
956 782 1011 825 ut
1052 772 1212 826 etiam
1254 783 1532 841 appareret
1562 772 1737 828 datus.

166 864 248 932 Qui
275 863 412 917 cnim
441 877 564 917 eum
596 862 960 933 accipiebant,
994 864 1185 933 linguis
1224 865 1461 919 omnium
1503 866 1739 934 gentium

169 958 542 1029 loquebantur:
572 967 632 1012 ut
672 958 1031 1028 signiﬁcarent
1072 959 1361 1013 Ecclesiam
1403 960 1454 1013 in
1494 960 1740 1027 gentibus

169 1047 336 1120 linguis
359 1048 598 1104 omnium
627 1048 943 1103 locuturum.
971 1052 1303 1116 Acceperunt
1328 1065 1455 1120 ergo
1481 1049 1737 1121 Spiritum

171 1151 383 1198 sanctum
404 1183 421 1207 ,
450 1150 506 1196 et
533 1141 586 1195 in
614 1141 694 1195 eis
721 1141 998 1213 evidenter
1024 1143 1285 1212 apparuit.
1317 1142 1468 1208 Quod
1497 1158 1619 1196 cum
1653 1141 1738 1197 vi-

168 1235 309 1289 disset
333 1235 549 1296 Simon,
582 1244 775 1303 putans
805 1235 905 1289 hoc
933 1249 1051 1288 esse
1082 1236 1356 1290 hominum
1379 1276 1392 1297 ,
1424 1235 1590 1290 voluit
1616 1248 1739 1292 esse

168 1336 389 1381 ctsuum.
410 1324 562 1391 Quod
592 1325 864 1379 hominum
893 1327 1116 1394 putavit,
1144 1327 1212 1380 ab
1235 1327 1538 1382 hominibus
1557 1343 1738 1383 emere

164 1417 334 1470 voluit.
362 1415 633 1480 Quantam,
665 1414 857 1484 inquit,
887 1416 1036 1468 cultis
1065 1432 1097 1468 a
1124 1432 1201 1469 me
1228 1418 1493 1486 pecuniam
1517 1433 1732 1485 sumere,

164 1519 210 1562 ιιι
248 1525 331 1578 per
365 1508 735 1576 impositionem
775 1524 1015 1561 manuum
1056 1525 1281 1562 mearum
1324 1510 1470 1563 detur
1510 1510 1735 1579 Spiritus

164 1609 346 1653 sanctus
362 1599 387 1651 .’
408 1598 555 1653 Tunc
579 1613 701 1653 eum
732 1599 1027 1654 detestatus
1053 1600 1242 1655 Petrus
1268 1602 1341 1655 ait
1366 1620 1378 1655 :
1408 1601 1529 1655 Non
1553 1612 1625 1656 est
1648 1603 1736 1657 tibi

165 1706 270 1759 pars
303 1706 454 1758 neque
480 1706 592 1743 sors
633 1690 686 1743 in
726 1691 821 1744 hac
857 1691 975 1758 ﬁde.
1016 1689 1222 1745 Donum
1257 1693 1391 1746 enim
1422 1692 1520 1747 Dei
1549 1695 1735 1760 putasti

164 1782 354 1850 pecunia
394 1782 836 1852 comparandum?
879 1782 1105 1837 Pecunia
1145 1792 1230 1836 tua
1259 1794 1421 1838 tecum
1449 1778 1516 1839 sit
1537 1786 1588 1839 in
1614 1802 1732 1856 per-

162 1877 376 1929 ditionem
402 1892 420 1928 :
449 1883 503 1930 et
531 1884 724 1932 emtera
753 1892 872 1946 qum
917 1875 985 1930 ibi
1029 1886 1388 1947 congruenter
1418 1878 1626 1933 locutus
1650 1887 1735 1934 est

163 1967 282 2037 (Act.
306 1982 423 2032 vtu,
455 1967 637 2038 5-23).

222 2079 432 2136 CAPUT
457 2079 552 2135 Xl.
568 2090 642 2121 —'—
658 2081 681 2135 l
696 2081 716 2135 l
731 2121 743 2134 .
769 2079 994 2150 Spiritus
1010 2080 1157 2136 datus
1172 2083 1355 2153 absque
1371 2083 1626 2138 hominum
1644 2083 1733 2137 mi-

169 2171 363 2225 nisterio.
394 2170 694 2241 Exemplum
714 2171 765 2225 in
787 2171 1018 2227 eunucho
1044 2166 1525 2245 Candacis‘regitue.
1557 2175 1731 2242 Quare

171 2274 320 2318 autem
344 2262 440 2317 hoc
462 2278 564 2333 ego
584 2278 1008 2321 commemorare
1030 2264 1193 2329 volui,
1224 2266 1461 2321 intendat
1485 2264 1731 2321 Charitas

173 2364 339 2408 vestra.
368 2354 657 2423 Oportebat
702 2364 760 2409 ιιι
802 2355 940 2411 Deus
985 2356 1130 2425 prius
1178 2356 1486 2411 ostenderet
1530 2371 1589 2411 se
1636 2372 1732 2427 per

174 2444 384 2501 homines
408 2448 617 2516 Operari
644 2464 657 2499 :
684 2447 778 2503 sed
811 2462 907 2518 per
933 2462 992 2502 sc
1018 2447 1233 2510 deinde,
1265 2465 1331 2503 ne
1359 2457 1602 2518 punircnt
1631 2449 1730 2504 ho-

175 2536 334 2602 mines,
363 2538 495 2608 quod
527 2538 735 2609 putavit
762 2538 965 2605 Simon,
999 2538 1271 2594 hominum
1303 2540 1427 2595 illud
1456 2555 1594 2607 esse,
1623 2557 1728 2596 non

173 2629 268 2687 Dei.
295 2631 593 2703 Quanquam
637 2641 692 2687 et
737 2632 834 2702 ipsi
879 2633 1122 2703 discipuli
1165 2633 1274 2702 jam
1315 2634 1418 2689 hoc
1449 2624 1725 2690 noverant.

170 2718 280 2775 Nam
302 2732 505 2777 centum
531 2723 715 2793 viginti
743 2722 990 2779 homines
1009 2724 1215 2779 collecti
1241 2733 1416 2788 erant,
1442 2724 1727 2795 quando‘in

170 2826 249 2867 eos
282 2827 368 2881 per
404 2813 601 2869 nullius
640 2828 833 2869 manus
875 2813 1267 2883 impositionem
1314 2816 1461 2870 venit
1500 2815 1730 2886 Spiritus

171 2913 357 2960 sanctus
382 2903 489 2976 (Id.
513 2920 553 2970 ι,
578 2904 676 2971 l5,
706 2915 754 2959 et
777 2920 836 2972 ιι,
865 2906 1010 2977 1-4).
1043 2905 1171 2973 Quis
1196 2907 1335 2960 enim
1369 2915 1495 2963 tunc
1517 2907 1595 2962 eis
1616 2922 1729 2961 ma-

171 3012 255 3051 nus
271 2998 619 3068 imposuerat?
645 2997 714 3052 Et
733 3007 909 3054 tamen
932 2999 1097 3065 venit,
1126 3007 1179 3054 et
1199 2999 1402 3071 primos
1427 2998 1725 3067 implevit‘.

171 3089 277 3143 Post
300 3090 417 3145 illud
442 3089 752 3146 scandalum
778 3088 1030 3156 Simonis,
1058 3090 1183 3160 quid
1204 3091 1307 3161 egit
1334 3090 1512 3146 Deus?
1540 3090 1728 3149 Videte

170 3180 430 3247 doctorem,
459 3197 565 3236 non
589 3181 950 3243 sermonibus,
978 3180 1072 3236 sed
1097 3180 1272 3237 rebus.
1299 3180 1444 3238 Idem
1468 3182 1581 3254 ipse
1602 3182 1728 3238 Phi-

64 3350 67 3351 ν
169 3271 348 3343 lippus.
374 3275 459 3343 qui
499 3274 864 3345 baptizavcrat
900 3272 1175 3337 homines,
1208 3282 1261 3329 et
1295 3289 1400 3328 non
1431 3274 1483 3328 in
1514 3289 1607 3330 eos
1633 3290 1728 3331 ve-

173 3374 299 3419 uerat
316 3365 541 3438 Spiritus
569 3373 814 3430 sanctus,
844 3364 945 3420 nisi
976 3364 1350 3420 convenissent
1379 3365 1639 3435 Apostoli,
1673 3374 1729 3421 et

170 3459 238 3513 cis
252 3466 427 3514 manus
451 3459 853 3528 imposuissent,
882 3457 1166 3528 baptizavit
1193 3457 1521 3522 eunuchum,
1548 3458 1599 3512 id
1622 3466 1722 3526 est,

168 3550 423 3620 spadonem
451 3549 734 3622 quemdam
760 3547 1020 3607 Candacis
1049 3551 1265 3621 reginze,
1295 3551 1385 3622 qni
1412 3550 1727 3605 adoraverat

167 3640 544 3710 inierusalem,
573 3652 631 3699 et
672 3641 886 3698 rediens
928 3641 1051 3697 inde
1093 3641 1304 3713 legebat
1346 3642 1397 3696 in
1436 3657 1600 3696 curru
1627 3655 1727 3697 suo

167 3729 328 3787 Isaiam
375 3733 726 3805 prophetam,
768 3741 826 3789 et
862 3747 967 3788 non
1013 3731 1359 3802 intelligebat.
1407 3731 1726 3788 Admonitus

168 3822 410 3895 Philippus
435 3826 665 3883 accessit
687 3825 754 3881 ad
780 3840 1016 3892 currum,
1042 3822 1287 3893 exposuit
1312 3823 1618 3890 lectionem,
1641 3821 1727 3877 in-

168 3917 337 3973 struxit
361 3918 514 3974 ﬁdem
535 3920 580 3984 ³,
613 3915 995 3988 evangelizavit
1017 3914 1308 3970 Christum.
1350 3911 1587 3968 Credidit
1614 3912 1725 3968 Eu-

172 4008 350 4064 nuchus
368 4009 416 4064 in
435 4008 728 4075 Christum,
754 4016 807 4064 et
828 4008 901 4063 ait
919 4023 1037 4063 cum
1061 4007 1333 4062 venissent
1357 4004 1422 4060 ad
1443 4004 1723 4077 quamdam

171 4113 335 4168 aquam
364 4119 376 4155 :
407 4101 535 4157 Ecce
558 4118 710 4172 aqua,
738 4101 849 4170 quis
875 4098 1099 4168 prohibet
1127 4115 1204 4152 me
1225 4096 1513 4168 baptizari?
1541 4096 1628 4151 Ait
1651 4095 1725 4152 illi

173 4187 454 4260 Philippus:
487 4192 548 4248 Si
595 4191 757 4247 credis
796 4192 850 4245 in
887 4190 1062 4244 Iesum
1106 4172 1396 4243 Christum?
1438 4187 1727 4257 Respondit

170 4280 245 4336 ille
267 4300 280 4333 :
303 4283 455 4351 Credo
478 4283 673 4338 Filium
701 4281 795 4336 Dei
821 4298 929 4338 esse
951 4281 1128 4335 Jesum
1157 4280 1427 4334 Christum.
1460 4278 1724 4334 Continuo

171 4369 415 4431 descendit
431 4392 553 4432 cum
577 4376 671 4430 illo
692 4376 746 4431 in
772 4390 983 4446 aquam.
1010 4374 1230 4443 lmpleto
1254 4370 1590 4442 Baptismatis
1610 4386 1726 4442 my-

171 4470 314 4521 sterio
336 4479 386 4523 et
410 4476 773 4534 sacramento,
804 4482 873 4523 ne
912 4464 1185 4519 hominum
1210 4471 1500 4533 putaretur
1525 4461 1722 4516 donum

61 4569 71 4581 '
169 4556 370 4629 Spiritus
393 4561 596 4627 sancti,
629 4568 735 4615 non
773 4566 1134 4628 exspectatum
1167 4565 1277 4619 est,
1310 4557 1448 4610 sicut
1481 4563 1636 4619 tunc,
1669 4562 1727 4608 ut

170 4637 383 4706 venirent
406 4651 666 4721 Apostoli,
695 4647 790 4706 sed
814 4648 1066 4704 contimto
1092 4648 1234 4702 venit
1257 4645 1484 4716 Spiritus
1509 4654 1725 4699 sanctus

168 4741 183 4801 ί
200 4739 275 4797 Id.
297 4760 409 4809 vttt,
437 4743 655 4814 26759).
686 4741 870 4800 Soluta
898 4752 980 4797 est
1008 4739 1240 4796 Simonis
1268 4738 1514 4810 cogitatio
1532 4777 1547 4802 ,
1579 4751 1647 4792 ne
1671 4736 1723 4791 in

167 4833 242 4888 tali
274 4838 577 4909 cogitatione
607 4834 829 4890 haberet
856 4834 1168 4888 imitatores.

224 4951 431 5009 CAPUT
461 4950 571 5006 Xll.
594 4980 667 4991 —
695 4948 781 5002 ιε.
808 4946 964 5002 Aliud
981 4943 1266 5014 exemplum
1289 4942 1342 4995 in
1360 4940 1592 4997 (inuidia
1609 4957 1724 4995 cen-

163 5045 354 5098 latione.
400 5044 600 5099 Deinde
647 5040 788 5096 aliud
845 5037 1135 5094 mirabilius
1178 5036 1500 5105 exemplum.
1539 5034 1727 5090 Petrus

162 5137 290 5188 venit
312 5137 373 5191 ad
399 5135 766 5192 centurionem
794 5131 1134 5193 Cornelium,
1164 5129 1228 5184 ad
1261 5128 1529 5183 hominem
1562 5128 1697 5182 incir

162 5226 426 5281 etimcisum
441 5226 692 5297 gentilem
715 5241 728 5277 :
748 5222 911 5293 erepit
934 5222 1221 5292 praedicare
1236 5218 1503 5275 Christum
1521 5217 1724 5284 Jesum,

163 5324 206 5369 et
227 5318 313 5380 illi,
333 5327 389 5373 et
403 5318 481 5374 eis
500 5317 592 5386 qni
616 5331 738 5371 cum
762 5314 854 5370 illo
872 5321 1043 5370 erant.
1067 5311 1254 5371 Adhuc
1277 5310 1525 5380 loquente
1546 5309 1725 5372 Petro,

162 5420 255 5462 non
277 5408 420 5476 die»,
454 5408 691 5464 nondum
734 5408 1039 5478 imponente
1076 5419 1289 5459 manum
1311 5446 1325 5468 ,
1366 5402 1461 5459 sed
1494 5402 1727 5456 nondum

164 5500 304 5555 etiam
340 5501 670 5572 baptizante,
699 5509 754 5554 et
790 5513 914 5554 cum
958 5496 1264 5551 dubitarent
1302 5494 1391 5565 qui
1425 5502 1727 5549 erantcum

210 5674 237 5737 ,ξ
253 5676 324 5737 sie
337 5672 397 5721 ali
415 5680 514 5737 (unt
533 5680 639 5723 Mss.
663 5673 762 5737 Alii,
780 5677 826 5721 ct
843 5668 1045 5737 primus.
1069 5676 1123 5719 At
1143 5667 1277 5727 editi,
1298 5674 1340 5718 ct
1360 5665 1510 5732 prius.

222 5734 243 5768 ί
258 5728 545 5784 txilucr'tmus
570 5742 670 5796 \ts.,
694 5728 893 5785 omni:
914 5728 1080 5797 ﬁdem.

3327 298 3441 359 6312'

1854 398 2047 469 Petro,
2080 412 2253 457 utrum
2284 402 2637 464 incircumcisi
2674 407 2969 479 baptizandi
3013 422 3192 468 essent
3220 411 3430 486 (natum

1847 494 2045 564 quippe
2072 506 2187 551 erat
2211 496 2352 553 inter
2372 498 2584 554 Judaros
2607 501 2695 571 qui
2722 502 3062 558 crediderant
3080 546 3094 567 ,
3125 514 3181 560 et
3212 520 3309 561 eos
3340 507 3432 575 qui

1833 583 2035 640 .ﬂdelcs
2058 602 2127 641 ex
2154 586 2412 643 Gentibus
2438 590 2555 644 facti
2582 601 2754 657 erant,
2786 593 3114 660 scandalum,
3144 594 3195 649 id
3216 604 3316 660 est,
3338 596 3434 652 Ju-

1844 675 1992 731 dicos
2017 686 2071 732 et
2096 665 2445 745 Christianos,
2476 683 2563 751 qui
2595 683 2993 753 baptizabantur
3019 685 3430 756 incircumcisi);

1848 780 1906 824 ut
1934 768 2068 825 hanc
2100 772 2239 827 Deus
2268 773 2476 827 tolleret
2513 777 2858 844 quaestionem
2879 818 2893 835 .
2925 792 3042 830 cum
3074 777 3307 846 loquitur
3335 778 3434 834 Pe-

1846 869 1981 929 trus,
2012 865 2156 918 venit
2180 865 2409 935 Spiritus
2434 875 2669 932 sanctus,
2702 866 2941 936 implevit
2966 867 3300 933 Cornelium,
3328 869 3433 924 im-

1842 956 2007 1025 plcvit
2030 972 2122 1012 eos
2150 958 2238 1028 qui
2268 975 2388 1014 cum
2416 961 2503 1014 illo
2531 973 2681 1016 erant
2712 961 2846 1032 (Act.
2877 961 2952 1035 κ).
2984 963 3050 1017 Et
3078 965 3189 1033 ipsa
3209 973 3429 1019 attesta-

1845 1047 1989 1101 tione
2030 1049 2109 1103 rei
2153 1065 2389 1120 magum,
2436 1052 2585 1121 quasi
2627 1053 2909 1106 clamatum
2950 1061 3032 1107 est
3071 1053 3136 1108 ad
3174 1052 3426 1110 Petrum:

1841 1137 1978 1205 Quid
2008 1139 2076 1194 de
2100 1156 2235 1211 aqua
2265 1141 2512 1197 dubitas?
2535 1144 2644 1213 jam
2676 1160 2773 1214 ego
2807 1143 3057 1213 hicsntn.

1839 1246 1844 1251 '
1911 1230 2137 1286 CAPUT
2176 1231 2312 1287 Xlll.
2344 1264 2414 1273 —
2444 1236 2530 1288 15.
2565 1232 2831 1288 Mundutio
2866 1236 2917 1289 in
2953 1228 3341 1307 Buptismo'non
3365 1251 3430 1293 es

1839 1321 2184 1376 ministrorum
2200 1325 2408 1391 meritis,
2428 1326 2515 1378 scd
2539 1342 2601 1379 ea:
2618 1324 2712 1379 Dci
2725 1328 2907 1397 gratia.
2926 1327 3122 1381 Secura
3139 1342 3267 1397 ergo
3283 1342 3429 1395 quae-

1842 1412 1972 1468 libet
1996 1415 2171 1469 anima
2200 1430 2229 1469 a
2261 1417 2421 1471 multa
2452 1418 2682 1486 nequitia
2726 1434 2818 1487 per
2851 1418 3171 1474 dominicam
3200 1420 3425 1489 gratiam

1841 1505 2134 1575 liberanda,
2166 1516 2410 1577 tanquam
2435 1509 2703 1564 immunda
2729 1511 3098 1579 prostitutione
3124 1511 3425 1566 mundanda

1840 1596 1892 1650 in
1925 1595 2182 1664 Ecclesia,
2211 1599 2412 1664 credat,
2443 1601 2660 1656 accedat
2685 1601 2749 1655 ad
2782 1601 2943 1670 pedes
2969 1602 3197 1668 Domini,
3225 1611 3427 1672 qumrat

1836 1688 2055 1757 vestigia
2086 1690 2310 1754 Domini,
2344 1691 2662 1746 conﬁteatur
2686 1692 2948 1763 lacrymas
2979 1691 3223 1757 fundens,
3258 1701 3427 1761 tergat

1836 1777 2044 1846 capillis
2072 1780 2201 1835 suis.
2238 1780 2409 1836 Pedes
2437 1782 2676 1848 Domini,
2717 1781 3089 1851 pranhcatorcs
3128 1781 3423 1851 Evangelii.

1836 1866 2023 1939 Capilli
2049 1872 2302 1936 mulieris,
2334 1872 2615 1942 superﬂua:
2644 1874 3026 1942 possessiones.
3050 1873 3240 1943 Tcrgat
3261 1872 3427 1943 capil-

1837 1959 1931 2025 lis,
1960 1970 2129 2032 tergat
2167 1977 2385 2033 prorsus
2406 2004 2420 2029 ,
2452 1975 2703 2037 operetur
2731 1965 3147 2019 misericordiam
3176 1966 3193 2016 ξ
3219 1972 3275 2019 et
3301 1978 3423 2018 cutn

1838 2057 2069 2120 terserit,
2101 2058 2405 2122 osculetur;
2435 2058 2657 2127 accipiat
2688 2073 2900 2127 pacem.
2920 2061 2992 2111 ἰιι
3022 2056 3216 2111 habeat
3241 2054 3414 2110 chari-

1839 2154 2020 2200 tatem.
2060 2147 2298 2202 Accessit
2317 2147 2391 2202 ad
2426 2147 2616 2213 talem,
2645 2148 2907 2216 baptizata
2935 2155 3016 2201 est
3042 2162 3072 2199 a
3105 2145 3225 2210 tali,
3252 2144 3424 2214 qualis

1836 2231 1955 2293 erat
1989 2240 2260 2307 apostolus
2300 2239 2493 2293 Paulus
2521 2257 2534 2293 :
2564 2239 2741 2293 audiat
2771 2239 2839 2293 ab
2865 2240 2954 2293 illo
2973 2280 2986 2300 .
3017 2236 3303 2293 lmitatores
3325 2240 3424 2293 mei

1836 2340 2006 2394 estote,
2033 2333 2162 2385 sicut
2188 2342 2233 2386 et
2259 2349 2347 2402 ego
2375 2332 2557 2386 Christi
2583 2332 2625 2403 (l
2652 2331 2769 2386 Cor.
2798 2348 2870 2398 tv,
2903 2331 3018 2403 l6).
3046 2331 3317 2401 Baptizata
3340 2339 3424 2409 est

1834 2434 2010 2480 autem
2053 2425 2121 2479 ab
2163 2425 2269 2479 alio
2312 2425 2488 2495 aliquo
2531 2440 2622 2479 sua
2668 2434 2973 2495 quaarente,
3018 2439 3120 2479 non
3150 2434 3270 2495 qua:
3297 2422 3424 2479 Jesu

1834 2516 2029 2573 Christi
2060 2515 2319 2587 (Philipp.
2350 2532 2419 2583 ιι,
2449 2515 2541 2587 2|)
2574 2535 2588 2571 :
2618 2516 2800 2571 audiat
2825 2532 2855 2571 a
2888 2517 3113 2571 Domino
3134 2557 3148 2582 ,
3183 2515 3313 2583 Qute
3339 2514 3422 2569 di-
3448 2507 3453 2514 ’

1833 2617 1968 2672 cunt,
2000 2609 2187 2681 facile;
2215 2624 2330 2680 qua:
2356 2618 2522 2663 autem
2560 2608 2779 2679 faciunt,
2813 2612 2979 2679 facere
3015 2606 3172 2662 nolite
3207 2604 3421 2677 (Matth.

1834 2716 1994 2766 xxttt,
2025 2700 2103 2768 3).
2145 2699 2345 2755 Secura
2384 2698 2454 2753 sit
2481 2708 2534 2754 et
2562 2699 2614 2753 in
2642 2698 2768 2765 illo,
2801 2699 2913 2752 sive
2949 2698 2999 2752 in
3031 2697 3227 2751 bonum
3255 2711 3421 2752 evan-

1833 2793 2074 2864 gelistam
2098 2793 2351 2859 incurrat,
2376 2791 2488 2847 sive
2510 2792 2560 2845 in
2585 2806 2707 2845 eutn
2730 2791 2819 2861 qui
2838 2789 2977 2859 quod
2999 2789 3128 2845 dicit
3149 2803 3252 2843 non
3276 2787 3419 2844 facit.

1833 2885 1877 2939 Α
1907 2884 2133 2939 Domino
2157 2884 2298 2938 enim
2329 2870 2514 2939 secura
2543 2883 2710 2949 auoit,
2747 2880 2915 2949 Vade,
2942 2873 3159 2944 iuuh'er;
3187 2879 3314 2950 ﬁdes
3337 2888 3423 2934 tua

1814 2982 1880 3031 -ιε
1905 2974 2096 3030 salvam
2119 2974 2254 3048 fecit.

2417 3060 2650 3122 εει).Μο
2687 3065 2728 3121 c
2765 3068 2784 3089 ·
2818 3064 2916 3137 (a).

1832 3157 1913 3215 De
1936 3160 2091 3215 verbis
2119 3158 2378 3230 Evangelii
2405 3158 2576 3226 Luae,
2609 3157 2694 3213 ubi
2720 3159 2888 3230 agitur
2911 3156 2974 3210 de
3000 3155 3175 3221 tribus,
3207 3171 3423 3227 quorum

1903 3269 2034 3307 unus
2063 3253 2191 3306 dixit
2210 3293 2225 3317 ,
2257 3251 2499 3317 Domine,
2531 3266 2726 3321 sequar
2757 3260 2805 3305 te
2830 3263 3163 3320 quocumque
3192 3247 3347 3312 ieris,
3377 3257 3423 3301 et

1902 3344 2197 3414 reprobatus
2222 3352 2331 3411 est;
2360 3343 2491 3395 alius
2529 3357 2630 3396 non
2671 3340 2919 3402 audebat,
2961 3350 3008 3393 et
3043 3339 3287 3394 excitatus
3314 3345 3424 3400 est;

1903 3436 2077 3489 tertius
2097 3433 2381 3501 ili/ferebat,
2400 3445 2446 3487 ct
2466 3436 2700 3503 culpatus
2717 3443 2808 3487 est.
2830 3430 2956 3498 Cap.
2978 3446 3052 3495 Ix,
3087 3430 3120 3500 it
3142 3427 3307 3485 57-62
3326 3427 3419 3499 (b).

1903 3526 2128 3582 CAPUT
2174 3525 2452 3581 l’lllllUEll.
2484 3555 2556 3565 —
2593 3527 2642 3578 l.
2674 3524 2776 3578 Cur
2816 3522 3112 3595 reprobatur
3151 3521 3239 3593 qui
3265 3519 3424 3588 proﬁc

1832 3627 1961 3672 tetur
2003 3634 2057 3672 se
2099 3625 2386 3670 secuturth
2427 3616 2699 3670 Christum.
2725 3615 2802 3670 De
2851 3613 3084 3682 capitulo
3126 3610 3419 3681 Evangelii,

1833 3709 1974 3782 quod
2006 3708 2261 3762 Dominus
2285 3706 2523 3769 donavit,
2549 3704 2749 3761 audite.
2779 3705 2997 3760 Lectum
3020 3712 3104 3758 est
3125 3702 3291 3768 cnim,
3317 3701 3425 3757 Do-

1832 3802 2035 3858 minum
2058 3800 2239 3856 Jesuni
2261 3799 2572 3854 dill’erenter
2595 3800 2788 3870 egisse,
2817 3813 2934 3854 cum
2962 3796 3154 3851 obtulit
3178 3810 3237 3851 se
3262 3809 3419 3861 unus,

1833 3902 1887 3949 ut
1915 3909 2036 3949 eum
2067 3901 2411 3962 sequeretur,
2443 3900 2497 3947 et
2526 3890 2837 3961 reprobatus
2866 3898 2981 3955 est;
3021 3888 3155 3943 alius
3194 3902 3298 3943 non
3328 3902 3423 3942 au-

1830 3985 2011 4052 debat,
2039 3997 2091 4039 et
2114 3984 2374 4039 excitatus
2395 3993 2478 4038 est
2501 3983 2548 4048 ¹;
2579 3982 2763 4037 tertius
2786 3981 3080 4047 dill‘erebat,
3106 3989 3159 4037 et
3182 3979 3422 4050 culpatur

1831 4092 1933 4136 est.
1966 4077 2117 4146 Quod
2156 4078 2297 4132 enim
2329 4076 2498 4140 dixit,
2542 4075 2783 4139 Domine,
2818 4090 2997 4144 sequia
3031 4083 3079 4129 te
3111 4089 3420 4145 quocumque

1829 4174 1982 4239 ieris;
2012 4171 2135 4243 quid
2178 4181 2282 4224 tam
2309 4177 2609 4240 promptum
2630 4209 2646 4235 ,
2678 4166 2801 4237 quid
2820 4176 2923 4220 tam
2954 4166 3230 4236 impigrum
3252 4205 3267 4231 ,
3295 4165 3419 4235 quid

1832 4274 1938 4322 tam
1971 4273 2211 4335 paratum
2232 4303 2246 4327 ,
2278 4270 2333 4317 et
2359 4259 2485 4333 quid
2511 4260 2576 4314 ad
2606 4267 2807 4314 tantum
2835 4258 3028 4313 bonum
3064 4257 3419 4328 aptissimum,

1831 4359 1978 4430 sequi
2010 4358 2291 4411 Dominum
2337 4367 2673 4425 quocumque
2714 4350 2872 4406 ierit?
2914 4350 3121 4404 Miraris
3161 4348 3298 4412 hoc,
3338 4348 3423 4403 di-

1830 4467 1958 4507 cens
1973 4453 1993 4483 ²
2021 4469 2032 4505 :
2056 4449 2189 4516 Quid
2213 4447 2433 4511 esthoc,
2457 4446 2595 4517 quod
2618 4445 2870 4517 magistro
2890 4444 3031 4498 bono
3052 4441 3276 4496 Domino
3296 4440 3422 4496 .lesu

1830 4542 2045 4602 Christo
2073 4540 2311 4595 invitanti
2337 4537 2647 4607 discipulos,
2674 4534 2868 4607 quibus
2891 4533 3041 4588 daret
3064 4548 3288 4604 regnum
3315 4547 3425 4588 cm-

1831 4634 2024 4701 lorum,
2049 4631 2318 4703 displicuit
2340 4638 2446 4685 tam
2469 4626 2723 4701 paratus?
2754 4625 2858 4685 Sed
2884 4625 3005 4697 quia
3033 4623 3150 4680 talis
3175 4622 3427 4694 magister

1832 4733 1967 4791 erat,
1990 4725 2079 4795 qui
2099 4722 2271 4777 futura
2295 4720 2629 4793 prmvideret,
2649 4717 3011 4787 intelligimus,
3035 4715 3241 4781 fratres,
3265 4716 3421 4770 istum

1832 4815 2135 4883 hominem,
2176 4815 2220 4869 si
2258 4820 2567 4883 sequeretur
2600 4809 2894 4872 Christum,
2936 4821 3032 4861 sua
3074 4806 3420 4876 quicsiturum

1832 4909 2028 4975 fuisse,
2068 4923 2172 4961 non
2217 4921 2336 4976 qum
2374 4904 2499 4958 Jesu
2526 4900 2743 4957 Christi.
2776 4900 2893 4969 Ipse
2922 4898 3063 4953 enim
3093 4897 3226 4953 dixit
3256 4914 3268 4949 :
3301 4897 3408 4954 Non

1833 5001 2015 5065 omnis,
2043 4998 2129 5070 qui
2157 4996 2276 5050 dicit
2304 4994 2456 5057 mihi,
2486 4992 2730 5055 Domine,
2758 4990 3000 5056 Domine,
3029 4989 3232 5042 intrabit
3260 4988 3312 5042 in
3339 5005 3408 5041 tc-

1833 5109 1987 5165 gnum
2007 5089 2245 5144 calorum
2270 5085 2480 5161 (Matth.
2505 5083 2673 5149 vn,2l
2688 5085 2729 5155 ).
2744 5083 2922 5137 Etiste
2950 5082 3016 5137 de
3035 5082 3163 5153 ipsis
3185 5080 3303 5149 fuit,
3322 5094 3420 5141 nco.

1900 5232 1914 5261 ι
1944 5227 2131 5290 Aliquot
2166 5231 2273 5274 iss.
2308 5222 2389 5273 hic
2419 5228 2471 5272 et
2492 5220 2541 5269 in
2563 5218 2802 5270 sermonis
2821 5213 2981 5275 titulo,
3011 5214 3184 5266 citatus
3204 5219 3291 5265 est.
3309 5213 3403 5274 Qui

1834 5292 1964 5350 dam,
1987 5287 2340 5339 suscitatusest.
2395 5342 2408 5351 _
2503 5341 2515 5351 ,
2567 5342 2579 5351 _
2644 5341 2676 5351 __
2782 5349 2792 5351 ᾼ
2842 5339 2855 5351 ,

1900 5338 1926 5385 ί
1942 5338 2168 5413 plerique
2189 5354 2317 5397 Mss:
2344 5341 2701 5413 Miraris_hodie
2904 5347 2980 5413 est
3000 5338 3106 5413 hoc,
3127 5346 3220 5413 etc.

1834 5437 1839 5442 -
1901 5418 1917 5433 '
1942 5396 2376 5462 ituncjsermonetu
2395 5406 2686 5457 contulimus
2699 5405 2759 5453 ad
2777 5396 2887 5455 tres
2902 5403 2985 5451 bu.
3001 5409 3053 5451 et
3067 5396 3274 5464 quatuor
3284 5396 3349 5448 cl.
3362 5396 3422 5448 ad

1841 5472 2242 5536 a.cb.l‘.7t's.g.lr.
2260 5485 2323 5520 ιιι.
2340 5468 2773 5536 p.rm.vd_.et_Am.
2810 5471 2882 5515 Fr.
2905 5472 3006 5513 Par.
3035 5469 3144 5512 Lor.

1901 5538 1973 5595 (ιι)
1999 5530 2150 5592 Alias:
2162 5534 2229 5583 de
2250 5530 2419 5595 Verbis
2438 5530 2618 5595 Domini
2638 5531 2685 5578 7.

1902 5539 1952 5595 (α
1999 5538 2139 5592 Alias,
2162 5538 2229 5583 de
2250 5538 2419 5582 Verbis
2438 5538 2618 5579 Domnii
2638 5538 2685 5578 7.

1902 5538 1973 5660 (bi
1996 5599 2079 5647 uic
2098 5609 2261 5660 sermo
2282 5595 2332 5642 in
2359 5592 2489 5660 flori
2512 5590 2799 5660 collectione
2838 5588 2910 5660 ad.
2943 5595 3070 5637 Iiom.
3090 5601 3168 5660 Iit,
3213 5592 3423 5660 notatur,

1847 5682 1868 5707 ιι
1893 5650 1967 5709 De,
1984 5658 2145 5725 verbis
2166 5654 2406 5725 Evangelii
2429 5653 2700 5725 decimus»
2723 5665 2820 5716 quo
2842 5652 2933 5715 ιϊίι
2948 5664 3001 5701 sa
3017 5650 3183 5699 ordine
3206 5650 3424 5700 contine-

1841 5734 1916 5776 tur
1941 5724 1987 5772 in
2007 5719 2277 5770 Colbertino
2295 5714 2464 5768 codice
2485 5714 2593 5764 821.
