3934 6184
366 269 473 325 603

368 383 448 438 sic
492 396 551 437 se
590 380 704 453 ipse
748 384 995 441 noverat,
1038 371 1308 444 quomodo
1348 369 1584 426 medicus
1618 367 1946 438 inspiciebat.

367 477 501 533 Nam
526 475 572 530 si
594 475 704 544 jam
731 487 790 527 se
811 470 987 526 lietum
1013 481 1135 522 esse
1153 465 1484 535 spectabat’,
1506 463 1551 517 si
1573 462 1683 529 jam
1706 459 1949 515 dolosnm

367 576 424 623 et
447 563 760 621 insidiosum
784 575 844 616 se
868 566 1106 622 noverat,
1131 556 1217 613 cui
1246 556 1550 625 loqueretur
1578 566 1682 606 non
1707 556 1945 604 noverat.

368 658 488 729 Ipse
514 664 597 711 est
623 654 762 710 enim
795 653 862 708 de
885 667 989 722 quo
1012 651 1086 705 ait
1109 648 1427 719 evangelista
1452 664 1467 701 :
1493 643 1615 699 Non
1640 659 1768 713 Opus
1792 640 1948 697 habe-

362 750 449 802 bat
476 756 533 802 ut
556 746 817 817 quisquam
850 745 896 798 ei
935 742 1270 798 testimonium
1298 737 1573 810 perhiberet
1609 736 1673 790 de
1710 736 1909 789 homine
1928 749 1950 788 :

365 840 475 909 ipse
503 837 635 892 enim
661 836 845 891 sciebat
877 834 999 902 quid
1034 843 1160 889 esset
1195 834 1249 886 in
1287 832 1486 886 homine
1524 829 1698 902 (Joan.
1731 843 1767 882 tl
1787 868 1802 894 ,
1831 826 1944 897 25).

368 929 504 996 Quid
533 943 661 999 ergo
686 926 994 997 respondit?
1033 924 1219 995 Vulpes
1243 928 1410 995 foveas
1434 922 1633 987 habent,
1660 930 1706 974 et
1726 917 1950 975 volatilia

362 1021 478 1075 caeli
510 1019 656 1074 nidos
683 1034 702 1073 :
733 1017 781 1072 F
781 1018 898 1073 ilius
924 1026 1090 1071 autem
1118 1015 1334 1070 hominis
1377 1030 1475 1067 non
1509 1011 1656 1066 habet
1689 1009 1772 1064 ubi
1799 1017 1949 1078 caput

366 1129 513 1165 suum
542 1111 763 1165 reclinet.
793 1109 897 1166 Sed
930 1108 1015 1164 ubi
1047 1123 1151 1162 non
1179 1106 1373 1160 habet?
1402 1105 1455 1158 In
1488 1104 1589 1159 title
1615 1112 1722 1158 tua.
1752 1101 1949 1168 Vulpes

362 1203 513 1257 enim
540 1200 740 1256 habent
763 1199 942 1255 foveas
968 1199 1020 1253 in
1046 1196 1207 1253 corde
1234 1206 1343 1261 tuo,
1367 1195 1581 1249 dolosus
1600 1208 1661 1248 es
1682 1208 1696 1249 :
1720 1190 1948 1245 volatilia

364 1293 491 1348 (nali
522 1292 721 1349 habent
749 1292 903 1347 nidos
931 1291 981 1345 in
1011 1288 1175 1346 corde
1203 1298 1312 1352 tuo,
1344 1287 1515 1342 elatus
1537 1301 1616 1341 es.
1648 1284 1872 1367 Dolosus
1897 1290 1952 1341 et

369 1387 576 1453 elatus,
607 1401 711 1441 non
742 1400 828 1440 me
855 1383 1113 1454 sequeris.
1145 1380 1424 1448 Quomodo
1463 1378 1698 1449 sequitur
1736 1375 1951 1430 dolosas

370 1478 762 1547 simplicitatem
783 1476 807 1530 ‘l

443 1567 496 1621 9..
540 1569 677 1621 Alter
721 1584 755 1621 a
792 1565 990 1621 Christo
1035 1574 1259 1619 vocatus.
1293 1562 1485 1617 Pietate
1524 1559 1718 1615 carnali
1746 1556 1953 1622 cli/Terre

380 1659 550 1713 uolens
579 1668 801 1729 urgetur.
843 1656 1087 1712 Parentes
1128 1656 1378 1726 quomodo
1423 1650 1727 1706 honorandi.
1760 1648 1953 1703 Mortui

386 1762 612 1805 mortuos
680 1749 987 1821 sepelientes.
1065 1747 1316 1803 Ordinare
1373 1746 1686 1799 charitatem.
1756 1742 1822 1796 Et
1884 1739 1952 1794 ad

380 1843 608 1897 alterum
645 1841 896 1896 continuo
935 1848 1219 1903 tacentem,
1251 1847 1304 1893 et
1340 1836 1470 1892 nihil
1502 1835 1788 1896 dicentem,
1821 1830 1953 1885 nihil

378 1934 775 2003 promittentem
818 1931 964 1997 dicit,
1013 1930 1232 2001 Sequere
1276 1946 1374 1983 me.
1417 1926 1683 1996 Quantum
1725 1923 1848 1978 mali
1900 1924 1951 1978 in

380 2024 491 2090 illo,
523 2033 725 2078 tantum
768 2023 889 2077 ι)ωηί
920 2021 1131 2076 videbat
1160 2022 1211 2075 in
1253 2021 1375 2075 isto.
1420 2018 1640 2088 Sequere
1679 2032 1776 2081 me,
1820 2015 1954 2070 dicis

378 2114 601 2171 nolenti.
650 2113 787 2169 Ecce
833 2112 999 2168 habes
1042 2112 1312 2167 hominem
1357 2118 1619 2179 pamtnm.
1671 2106 1868 2178 Sequar
1907 2116 1954 2160 te

379 2218 693 2274 quocumque
736 2202 854 2259 ieris
882 2218 901 2255 :
941 2210 996 2256 et
1036 2211 1090 2255 tu
1133 2200 1264 2255 dicis
1305 2198 1525 2264 nolenti,
1572 2197 1793 2267 Sequere
1834 2195 1956 2249 me?

379 2294 564 2359 Istum,
612 2294 800 2365 inquit,
846 2293 1091 2359 declino;
1133 2293 1257 2362 quia
1283 2290 1437 2345 video
1462 2290 1533 2343 ibi
1570 2287 1771 2354 foveas,
1801 2286 1956 2342 video

379 2386 553 2441 nidos.
596 2385 731 2454 Quid
762 2401 889 2456 ergo
936 2384 1193 2439 molestus
1214 2390 1299 2439 est
1341 2382 1483 2448 huic,
1515 2396 1672 2450 quem
1704 2393 1959 2449 provocas

380 2487 436 2531 et
474 2477 737 2534 excusat?
787 2476 928 2531 Ecce
978 2475 1136 2531 etiam
1181 2473 1476 2542 compellis,
1523 2479 1579 2527 et
1625 2485 1729 2526 non
1773 2469 1955 2535 venit;

386 2565 644 2632 hortaris,
666 2573 721 2620 et
749 2580 853 2619 non
878 2565 1139 2635 sequitur.
1167 2563 1302 2630 Quid
1326 2564 1468 2618 enim
1495 2561 1657 2617 dicit?
1696 2559 1789 2615 Ibo
1817 2561 1961 2631 prius

377 2655 589 2725 sepelire
630 2663 826 2724 patrem
852 2670 1036 2708 meant.
1068 2652 1229 2710 Fides
1271 2652 1448 2709 cordis
1490 2652 1606 2721 ejus
1651 2651 1873 2707 Domino
1899 2665 1960 2706 se

380 2745 696 2802 ostendebat
739 2763 755 2800 :
801 2745 895 2802 sed
940 2746 1108 2815 pietas
1151 2743 1447 2799 dili‘erebat.
1490 2742 1745 2798 Dominus
1784 2751 1958 2796 autem

376 2836 630 2893 Christus
674 2836 886 2907 quando
934 2844 1084 2905 parat
1128 2835 1371 2891 homines
1413 2835 1715 2904 Evangelio,
1761 2834 1958 2890 nullam

380 2928 781 2984 excusationem
811 2928 923 2983 vult
951 2927 1213 2997 interponi
1254 2927 1482 2982 carnalis
1511 2926 1665 2995 hujus
1696 2934 1962 2995 tempora—

382 3024 554 3093 lisque
588 3022 816 3093 pietatis.
847 3021 971 3077 ilice
1000 3020 1215 3092 quidem
1242 3028 1297 3076 et
1321 3020 1405 3075 lex
1433 3020 1528 3075 Dei
1556 3018 1734 3083 habet,
1764 3027 1818 3073 et
1846 3017 1960 3089 ipse

381 3112 641 3171 Dominus
686 3112 859 3183 arguit
907 3111 1160 3179 Judrcos,
1212 3110 1334 3181 quia
1387 3108 1732 3165 destruebant
1784 3108 1958 3178 ipsum

381 3201 688 3257 mandatum
720 3202 840 3258 Dei.
890 3201 957 3257 Et
985 3202 1179 3257 Paulus
1205 3200 1475 3265 apostolus
1505 3200 1558 3253 in
1588 3199 1827 3270 Epistola
1864 3214 1959 3254 sua

385 3293 563 3362 posuit
581 3304 675 3360 ,et
700 3293 832 3348 dixit
861 3311 876 3348 :
910 3291 1022 3346 Hoc
1044 3300 1115 3347 est
1144 3299 1437 3345 mandatum
1467 3292 1679 3359 primum
1709 3290 1762 3345 in
1787 3305 1962 3360 repro-

380 3384 633 3436 missione.
682 3382 877 3451 Quod?
930 3381 1142 3436 Honora
1191 3391 1387 3451 patrem
1438 3391 1577 3435 tuum
1596 3420 1613 3447 ,
1662 3389 1709 3435 et
1752 3390 1962 3435 matrem

382 3482 521 3526 tuam
551 3472 770 3543 (Ephes.
806 3488 877 3536 v1,
909 3473 986 3544 2).
1030 3472 1172 3527 Deus
1199 3472 1379 3542 utique
1405 3471 1556 3526 dixit.
1585 3466 1809 3527 Volebat
1833 3486 1962 3542 ergo

386 3563 486 3616 iste
526 3561 738 3633 juvenis
784 3561 1151 3631 obtemperare
1196 3561 1329 3627 Deo,
1385 3570 1441 3617 et
1484 3561 1711 3631 sepelire
1755 3571 1958 3632 patrem

381 3668 534 3707 suum
568 3670 582 3706 :
612 3652 704 3708 sed
732 3660 815 3708 est
841 3652 1010 3719 locus,
1047 3661 1103 3708 et
1143 3660 1227 3708 est
1253 3660 1480 3722 tempus,
1511 3661 1566 3707 et
1591 3660 1674 3707 est
1703 3666 1809 3718 res,
1841 3667 1961 3720 qua:

385 3741 505 3796 huic
545 3742 643 3808 rei,
677 3742 800 3796 huic
828 3740 1075 3812 tempori,
1122 3741 1247 3796 huic
1276 3741 1395 3797 loco
1422 3741 1637 3797 serviat.
1683 3741 1963 3796 llonoran—

381 3834 481 3894 «lus
521 3844 603 3889 est
649 3842 816 3904 pater,
858 3834 953 3891 sed
995 3833 1349 3890 obediendum
1396 3842 1480 3890 est
1513 3834 1645 3890 Deo.
1684 3834 1961 3891 Amandus

380 3936 463 3983 est
492 3934 808 3996 generator,
855 3925 950 3982 sed
995 3925 1383 3996 prmponendus
1424 3933 1506 3980 est
1533 3924 1773 3979 Creator.
1823 3924 1957 3995 Ego,

387 4015 589 4087 inquit,
637 4015 701 4070 ad
728 4013 1068 4088 Evangelium
1101 4027 1153 4072 te
1177 4030 1309 4071 voco
1328 4056 1342 4081 ,
1384 4015 1450 4072 ad
1480 4015 1622 4069 aliud
1668 4030 1801 4086 opus
1829 4015 1959 4071 mihi

383 4107 721 4163 necessarius
748 4122 806 4162 es
832 4125 846 4162 :
870 4107 1038 4179 majus
1063 4116 1144 4163 est
1170 4107 1291 4175 hoc,
1314 4121 1472 4179 quam
1497 4105 1637 4176 quod
1659 4106 1738 4160 vis
1763 4104 1958 4161 facere.

383 4197 511 4256 Siue
536 4208 759 4253 mortuos
787 4199 997 4269 sepelire
1033 4208 1258 4253 mortuos
1303 4214 1439 4254 suos.
1487 4197 1644 4252 Pater
1671 4206 1792 4252 tuus
1819 4210 1962 4251 mor-

384 4302 505 4343 tuus
544 4300 628 4345 est
671 4307 684 4343 :
733 4299 857 4345 sunt
902 4289 993 4345 alii
1031 4289 1224 4343 mortui
1269 4289 1358 4359 qui
1404 4288 1665 4358 sepeliant
1699 4296 1955 4342 mortuos.

389 4379 592 4439 llortui-
611 4379 928 4450 sepelientes
958 4387 1200 4434 mortuos
1229 4379 1319 4449 qui
1347 4379 1512 4433 sunt?
1541 4379 1791 4435 Potestne
1819 4396 1962 4434 mor-

384 4476 504 4526 tuus
553 4482 583 4520 a
631 4467 854 4521 mortuis
905 4465 1161 4536 sepeliri?
1238 4465 1514 4534 Quomodo
1567 4466 1868 4535 involvunt,
1912 4467 1958 4525 si

391 4557 584 4611 mortui
610 4558 768 4612 sunt?
793 4556 1061 4628 quomodo
1087 4567 1318 4627 portant,
1349 4558 1392 4612 si
1424 4560 1615 4614 mortui
1643 4561 1802 4615 sunt?
1830 4577 1962 4632 quo-

386 4646 545 4704 modo
586 4647 874 4719 plangunt,
924 4647 966 4702 si
1008 4648 1200 4702 mortui
1245 4649 1408 4703 sunt?
1460 4649 1527 4703 Et
1549 4650 1850 4717 involvunt,
1906 4661 1961 4708 et

387 4747 635 4809 portant,
678 4748 732 4794 ct
760 4739 1045 4810 plangunt,
1078 4751 1128 4795 et
1158 4741 1354 4796 mortui
1380 4750 1504 4797 sunt
1531 4758 1543 4795 :
1572 4743 1693 4813 quia
1720 4742 1959 4801 inﬁdeles

380 4840 525 4897 sunt.

452 4922 680 4981 CAPUT
720 4922 783 4979 ll.
825 4955 897 4966 —
940 4925 1127 4979 Docuit
1171 4940 1268 4981 nos
1309 4925 1448 4996 quod
1490 4927 1742 4997 scriptum
1784 4935 1867 4983 est
1902 4927 1956 4983 in

378 5014 601 5071 Cantico
643 5016 1003 5084 canticorum,
1055 5016 1264 5073 dicente
1307 5016 1574 5084 Ecclesia,
1621 5016 1864 5074 Ordinate
1905 5021 1958 5074 in

385 5124 463 5165 me
489 5110 784 5162 charilatem
810 5107 981 5178 (Cant.
1020 5124 1084 5174 ιι,
1112 5108 1147 5162 4
1237 5109 1373 5177 Quid
1400 5117 1503 5175 est,
1534 5107 1775 5164 Ordinate
1800 5110 1852 5163 in
1881 5125 1958 5164 me

381 5197 721 5254 charitmem!
760 5197 942 5253 Facite
963 5197 1160 5268 gradus
1177 5239 1190 5262 ,
1243 5206 1297 5253 et
1331 5199 1522 5268 cuique
1545 5200 1687 5267 quod
1711 5201 1954 5266 debetur,

384 5288 665 5345 restituite.
726 5287 904 5343 Nolite
964 5289 1230 5343 anteriora
1280 5291 1661 5359 posterioribus
1709 5292 1952 5349 subdere.

383 5382 573 5438 Amata
618 5388 886 5449 parentes,
936 5378 1031 5434 sed
1078 5380 1370 5449 pmponite
1418 5380 1582 5435 Deum
1630 5384 1954 5449 parentibus.

383 5469 652 5525 Attendite
677 5478 901 5527 matrem
922 5467 1340 5525 Machabzeorum
1368 5488 1381 5524 :
1407 5468 1549 5537 Filii,
1580 5471 1767 5543 inquit,
1793 5475 1959 5530 nescio

383 5559 634 5625 quomodo
662 5560 970 5629 apparuistis
996 5560 1048 5615 in
1092 5569 1276 5615 uentre.
1322 5559 1619 5631 Concipere
1644 5575 1737 5618 vos
1784 5564 1952 5634 potui,

451 5672 462 5696 ‘
493 5676 621 5730 διεδ,
641 5670 877 5734 sperabat.

1582 255 1638 311 ε..
1680 250 2047 310 AUGUSTINI
2086 250 2395 307 EPlSCOPl

3540 252 3663 310 606

2064 379 2251 434 parere
2277 380 2371 420 vos
2419 364 2598 435 potui;
2650 365 2880 422 formare
2922 381 3027 420 non
3067 368 3216 439 potui
3266 385 3279 421 :
3327 368 3475 423 illum
3517 384 3662 441 ergo

2056 454 2236 511 audite
2255 494 2271 520 ,
2324 455 2474 509 illum
2505 455 2634 512 mihi
2663 458 2995 528 prirponite;
3040 457 3204 513 nolite
3228 458 3510 515 attendere
3529 501 3546 525 ,
3577 476 3661 515 ne

2057 545 2175 599 sine
2199 545 2349 600 vobis
2389 546 2715 602 remaneant.
2776 546 3057 615 Prmcepit,
3104 557 3160 602 ct
3205 549 3370 605 secuti
3417 548 3657 619 snnt(|l

2057 634 2294 688 Hachab.
2324 635 2442 706 vn).
2491 636 2641 702 Quod
2676 636 2856 692 docuit
2884 648 3053 693 mater
3088 637 3246 701 ﬁlios,
3294 639 3394 693 hoc
3421 639 3657 694 docebat

2057 727 2313 782 Dominus
2326 727 2481 783 Jesus
2493 727 2736 783 Christus
2754 730 2911 785 istum
2936 728 3020 782 eni
3045 729 3277 795 dicebat,
3308 729 3526 799 Sequere
3545 747 3657 784 me.

2129 840 2182 894 5.
2211 839 2409 894 Tertius
2437 839 2507 893 ad
2534 856 2651 895 suos
2674 840 2941 910 respiciens
2965 840 3219 911 culpatur.
3252 840 3448 895 Electio
3474 859 3661 896 secura-

2054 930 2174 983 dum
2207 932 2442 1000 gratiam.
2504 930 2635 998 Quia
2684 945 2825 985 nunc
2861 931 2995 985 alius
3048 931 3342 999 discipulus
3393 932 3542 985 misit
3586 948 3656 985 se

2060 1020 2114 1075 in
2158 1020 2370 1085 medio,
2415 1023 2500 1076 cui
2552 1036 2711 1076 nemo
2747 1021 2943 1091 aliquid
2981 1021 3114 1077 dixit
3165 1040 3178 1074 :
3244 1020 3530 1091 Prosequar
3574 1034 3652 1086 te,

2057 1112 2290 1177 Domine,
2329 1113 2446 1175 ait;
2486 1112 2575 1166 sed
2609 1110 2739 1166 uado
2764 1113 2983 1183 primum
3020 1114 3311 1166 renimtiare
3350 1114 3428 1166 his
3462 1114 3553 1183 qui
3589 1116 3655 1167 in

2058 1203 2208 1257 domo
2233 1209 2369 1257 sunt.
2403 1201 2577 1258 Credo
2606 1201 2695 1257 hic
2722 1218 2911 1258 sensus
2936 1213 3018 1257 est
3049 1220 3063 1256 :
3103 1203 3349 1258 Nuntiem
3378 1205 3539 1265 uicis,
3576 1221 3654 1260 ne

2056 1291 2197 1348 furte
2221 1292 2488 1363 quomodo
2514 1292 2627 1346 lieri
2657 1293 2812 1358 solet,
2844 1303 3082 1363 qna-rant
3111 1307 3214 1347 me.
3245 1294 3311 1347 Et
3340 1295 3593 1347 Dominus
3620 1312 3640 1349 :

2061 1385 2227 1440 Nemo
2276 1403 2466 1457 ponens
2516 1402 2721 1440 manum
2772 1402 2922 1455 super
2971 1395 3237 1449 aratrum,
3282 1395 3329 1439 et
3373 1388 3651 1455 respiciens

2056 1485 2211 1541 retro,
2242 1486 2394 1546 aptus
2422 1486 2492 1531 est
2518 1492 2673 1546 regno
2701 1476 2959 1529 cmlorum.
2997 1476 3157 1529 Vocat
3187 1485 3237 1530 te
3262 1477 3475 1541 Oriens,
3503 1487 3557 1531 et
3587 1487 3652 1531 ιιι

2054 1568 2284 1623 attendis
2310 1567 2673 1622 Occidentem.
2723 1566 2779 1619 ln
2827 1567 2928 1621 hoc
2963 1567 3195 1636 capitulo
3236 1565 3336 1620 hoc
3363 1567 3647 1629 discimus,

2058 1658 2309 1728 quoniam
2356 1670 2490 1728 quos
2536 1657 2701 1712 voluit
2742 1657 3035 1723 Dominus,
3088 1657 3188 1711 hos
3228 1657 3406 1726 elegit.
3464 1657 3654 1727 Elegit

2060 1757 2276 1816 autem,
2320 1749 2457 1806 sicut
2503 1748 2632 1803 dicit
2682 1747 3013 1817 Apostolus,
3057 1758 3113 1802 et
3153 1747 3441 1803 secundum
3492 1762 3651 1801 suam

2052 1840 2296 1908 gratiam,
2353 1849 2408 1894 et
2471 1840 2761 1895 secundum
2845 1838 3056 1894 illormn
3137 1838 3417 1909 justitiam.
3497 1840 3652 1896 'l'alia

2059 1931 2202 1985 enim
2247 1940 2372 1986 sunt
2416 1931 2579 1987 verba
2624 1930 2866 2001 Apostoli
2910 1947 2925 1984 :
2965 1930 3234 1996 Attendite,
3286 1932 3473 2001 inquit,
3524 1932 3654 2001 quid

2057 2018 2178 2073 dicit
2243 2020 2383 2074 Elius
2438 2036 2457 2075 :
2506 2019 2725 2075 Domine
2755 2062 2770 2088 ,
2803 2019 3086 2090 Pmphetas
3149 2030 3261 2075 tuos
3334 2022 3648 2087 occiderant,

2057 2109 2241 2163 altaria
2287 2119 2373 2163 tua
2418 2119 2721 2177 everterunt,
2772 2120 2817 2165 et
2860 2127 2949 2180 ego
2996 2109 3199 2164 relictus
3247 2128 3358 2164 sum
3395 2113 3554 2174 solus.
3598 2122 3652 2165 et

2056 2208 2283 2269 quazrunt
2329 2200 2553 2254 animant
2596 2217 2775 2255 meam.
2834 2199 2940 2256 Sed
2978 2200 3100 2272 quid
3135 2201 3214 2255 illi
3268 2201 3385 2254 dicit
3436 2219 3652 2273 respon-

2058 2307 2171 2346 sum
2195 2292 2468 2346 divinum?
2496 2292 2699 2362 Reliqui
2721 2292 2845 2346 mihi
2872 2303 3060 2363 septem
3089 2293 3251 2347 millia
3281 2294 3522 2359 virorum,
3557 2294 3652 2362 qui

2061 2400 2162 2437 non
2187 2394 2518 2438 curvaverant
2542 2401 2706 2456 genua
2730 2394 2847 2439 ante
2872 2383 3025 2438 Baal.
3054 2384 3235 2443 Solum
3262 2394 3315 2441 te
3346 2394 3499 2455 putas
3527 2401 3654 2443 esse

2065 2489 2281 2531 servum
2312 2475 2450 2531 bene
2489 2477 2814 2530 laborantem
2847 2494 2861 2529 :
2893 2485 3018 2531 sunt
3042 2486 3097 2532 et
3133 2477 3222 2530 alii
3262 2493 3348 2530 me.
3377 2479 3651 2542 timentes,

2066 2576 2255 2624 etnon
2286 2569 2460 2638 pauci.
2506 2568 2636 2623 Nam
2664 2576 2866 2639 septem
2899 2569 3061 2622 millia
3104 2569 3178 2623 ibi
3218 2569 3407 2625 habeo.
3457 2568 3524 2624 Et
3552 2570 3651 2623 ad-

2060 2656 2241 2727 junxit
2266 2674 2281 2711 :
2315 2656 2405 2712 Sic
2433 2674 2553 2729 ergo
2582 2667 2628 2712 et
2654 2657 2706 2711 in
2734 2658 2827 2711 hoc
2856 2667 3095 2728 teinpore.
3124 2657 3475 2713 Crediderunt
3503 2657 3651 2713 enim

2062 2747 2225 2818 aliqui
2260 2746 2451 2814 Judaei,
2494 2758 2547 2803 et
2578 2748 2728 2802 multi
2776 2747 2986 2803 fuerunt
3032 2748 3298 2818 reprobati
3345 2765 3358 2802 :
3409 2749 3544 2803 sient
3586 2759 3649 2804 et

2063 2836 2155 2892 ille
2185 2838 2272 2908 qui
2303 2837 2539 2908 vulpium
2586 2837 2762 2893 foveas
2786 2838 3029 2910 gestabat
3057 2839 3109 2892 in
3139 2838 3337 2892 animo.
3386 2838 3473 2894 Sic
3501 2857 3649 2912 ergo,

2062 2926 2255 2997 inquit,
2288 2936 2334 2981 et
2364 2929 2413 2981 in
2444 2928 2540 2981 hoc
2572 2939 2812 2999 tempore,
2845 2929 3071 3000 reliquias
3099 2946 3187 2999 per
3215 2930 3499 2983 electionem
3523 2948 3649 3001 gra-

2064 3017 2147 3072 tia:
2178 3016 2332 3072 salva:
2375 3017 2523 3088 facile
2555 3029 2670 3073 sunt
2700 3034 2721 3073 :
2744 3019 2797 3073 id
2842 3027 2944 3083 est,
2993 3018 3131 3075 idem
3160 3018 3403 3076 Christus
3435 3032 3519 3075 est
3553 3024 3650 3091 qni

2066 3113 2210 3170 tunc,
2263 3116 2317 3161 ct
2362 3106 2541 3173 modo,
2583 3108 2669 3178 qni
2708 3116 2760 3162 et
2801 3107 2872 3161 illi
2920 3117 3045 3163 tunc
3091 3108 3215 3162 Elin
3254 3107 3406 3174 dixit,
3446 3109 3653 3177 Reliqui

2064 3194 2209 3251 mihi.
2254 3197 2388 3266 Quid
2423 3207 2525 3263 est,
2564 3196 2764 3267 Reliqui
2802 3198 2973 3252 mihi?
3017 3198 3127 3268 Ego
3173 3198 3289 3255 illos
3323 3198 3489 3269 elegi,
3522 3201 3652 3270 quia

2063 3287 2170 3343 vidi
2198 3298 2402 3344 mentes
2432 3289 2643 3343 illorum
2676 3289 2741 3344 de
2778 3305 2861 3344 me
2896 3299 3300 3359 praesumentes,
3332 3306 3438 3345 non
3466 3289 3532 3345 de
3558 3306 3642 3354 se.

2064 3392 2164 3434 nec
2192 3378 2259 3434 de
2287 3379 2433 3434 Baal.
2465 3379 2579 3434 Non
2607 3388 2729 3434 sunt
2757 3380 2964 3445 mutati,
2996 3380 3072 3435 sic
3101 3389 3223 3435 sunt
3252 3390 3307 3434 ut
3335 3396 3365 3434 a
3401 3396 3484 3435 me
3521 3382 3646 3437 lacti

2063 3478 2207 3523 Sunt.
2256 3470 2320 3524 Et
2368 3479 2425 3523 tu
2468 3469 2557 3539 qni
2606 3469 2861 3540 loqueris,
2910 3469 3011 3524 nisi
3045 3468 3114 3525 de
3150 3485 3234 3525 me
3273 3484 3647 3539 prmsumeres,

2062 3559 2152 3615 ubi
2179 3559 2361 3614 esses?
2383 3558 2492 3614 Nisi
2535 3560 2699 3627 gratia
2737 3574 2851 3612 mea
2884 3558 3068 3627 plenus
3096 3574 3265 3626 esses,
3315 3575 3489 3615 nonne
3515 3569 3644 3614 ante

2062 3649 2188 3704 Βεθειί
2232 3650 2391 3705 etiam
2438 3650 2551 3719 ipse
2596 3665 2734 3719 genu
2782 3648 3066 3705 nectores?
3115 3649 3294 3706 Gratia
3323 3662 3496 3706 autem
3525 3666 3649 3706 mea

2065 3740 2254 3811 plenus
2294 3755 2389 3807 es;
2432 3741 2554 3811 quia
2587 3740 2718 3795 nihil
2761 3740 2829 3796 de
2874 3748 2959 3795 tua
2985 3742 3208 3808 virtute,
3258 3741 3351 3796 sed
3382 3751 3547 3796 totum
3572 3741 3646 3798 de

2064 3848 2180 3891 mea
2222 3835 2387 3906 gratia
2429 3820 2830 3904 prmsumpsisti.
2886 3833 3001 3889 Noli
3042 3850 3168 3904 ergo
3197 3835 3249 3889 in
3280 3835 3380 3890 hoc
3406 3835 3644 3906 gloriari,

2065 3935 2121 3980 ut
2163 3936 2315 3996 putes
2346 3933 2395 3982 te
2442 3926 2493 3980 in
2535 3925 2752 3981 servitio
2795 3932 2884 3979 tuo
2929 3941 3033 3979 non
3075 3924 3271 3980 habere
3308 3908 3644 3981 conservos:

2064 4026 2186 4071 sunt
2221 4032 2355 4087 quos
2382 4016 2549 4087 elegi,
2590 4016 2727 4071 sicut
2766 4022 2821 4069 et
2858 4025 2929 4081 te,
2975 4015 3041 4070 de
3079 4030 3166 4069 me
3204 4015 3409 4070 scilicet
3447 4031 3649 4084 praesu-

2063 4114 2270 4161 mentes
2304 4123 2317 4159 :
2351 4106 2490 4161 sicut
2533 4106 2607 4161 ait
2636 4105 2940 4175 Apostolus,
2997 4103 3064 4158 Et
3113 4122 3247 4159 nunc
3287 4107 3513 4177 reliquie:
3555 4124 3649 4176 per

2063 4198 2349 4253 electionem
2374 4200 2552 4270 gratim
2578 4198 2731 4254 salute
2757 4197 2906 4268 facta:
2933 4206 3068 4252 sunt.

2132 4290 2356 4348 CAPUT
2402 4290 2581 4346 lll.—-
2614 4291 2667 4344 4.
2694 4288 2884 4344 Gratiae
2903 4288 3004 4343 Dei
3045 4298 3203 4344 totum
3250 4290 3427 4344 debent
3476 4291 3639 4344 electi.

2066 4383 2232 4449 Cave,
2265 4399 2298 4438 ο
2327 4383 2633 4445 christiano,
2662 4397 2790 4438 cave
2818 4381 3139 4452 superbiam.
3172 4381 3319 4437 Licet
3348 4383 3490 4436 enim
3520 4383 3643 4438 imi-

2067 4483 2204 4529 tator
2230 4483 2535 4529 sanctorum
2580 4475 2675 4541 sis,
2724 4481 2889 4527 totum
2933 4476 3159 4542 semper'
3189 4472 3372 4542 gratia:
3411 4484 3595 4542 reputa
3623 4489 3642 4528 :

2064 4565 2185 4634 quia
2216 4573 2273 4619 ut
2306 4574 2448 4619 esset
2476 4564 2674 4634 aliquid
2710 4564 2992 4632 reliquum,
3019 4563 3183 4633 gratia
3220 4562 3272 4616 in
3305 4572 3356 4617 te
3385 4562 3502 4627 Dei,
3534 4579 3641 4617 non

2062 4656 2211 4710 t'unm
2239 4656 2485 4710 meritum
2526 4655 2671 4711 fecit.
2712 4657 2783 4710 De
2809 4656 2934 4726 ipsis
2963 4655 3191 4726 denique
3216 4656 3455 4726 reliquiis
3480 4655 3638 4711 disco

2062 4757 2146 4803 rat
2195 4747 2454 4819 pr0pheta
2505 4746 2666 4802 Isaias
2715 4762 3176 4815 commemorans,
3232 4748 3350 4801 Nisi
3394 4747 3644 4802 Dominus

2062 4839 2271 4894 sabaoth
2309 4838 2588 4910 reliquisset
2635 4837 2775 4893 nobis
2814 4854 2981 4893 semen
3005 4880 3021 4906 ,
3072 4839 3201 4893 sicut
3248 4839 3473 4895 Sodoma
3517 4841 3644 4910 facti

2060 4947 2298 4998 essemus,
2320 4941 2366 4986 et
2391 4931 2521 4985 sicut
2537 4930 2821 4985 Gomorrha
2844 4930 3032 4985 siuiiles
3059 4932 3329 5003 fuissemus
3346 4930 3496 5001 (ικαὶ.
3521 4947 3558 4995 ι,
3583 4934 3641 4995 9;

2064 5023 2213 5077 Rom.
2244 5040 2322 5087 ix,
2353 5022 2469 5092 29).
2501 5023 2591 5077 Sic
2617 5039 2756 5091 ergo,
2784 5022 2974 5092 inquit,
3002 5033 3051 5077 et
3073 5024 3127 5077 in
3156 5025 3249 5077 hoc
3278 5033 3501 5093 tempore
3521 5025 3644 5077 reli-

2062 5116 2197 5185 quiae
2241 5130 2329 5185 per
2352 5114 2641 5168 electionem
2662 5114 2841 5185 gratior
2863 5115 3016 5169 salvae
3039 5118 3187 5185 facta:
3205 5125 3339 5170 sunt.
3365 5117 3429 5171 Si
3450 5126 3635 5179 autem,

2062 5205 2245 5275 gratia,
2278 5203 2466 5273 inquit,
2484 5203 2598 5274 jam
2642 5218 2745 5256 non
2768 5219 2832 5257 ea:
2859 5203 3092 5272 operibus
3114 5220 3134 5268 ;
3181 5205 3233 5259 id
3256 5215 3359 5269 est,
3398 5204 3509 5275 jam
3534 5220 3639 5260 non

2063 5295 2130 5350 de
2157 5303 2248 5349 tuo
2287 5295 2480 5349 merito
2505 5295 2783 5351 extollaris
2809 5313 2823 5349 :
2853 5296 3079 5369 alioquin
3103 5298 3267 5368 gratia
3299 5299 3412 5369 jam
3443 5315 3544 5353 non
3570 5309 3641 5354 est

2062 5385 2227 5456 gratia
2271 5381 2457 5456 (Rom.
2490 5399 2564 5448 XI,
2589 5383 2736 5457 2-6).
2781 5384 2837 5440 Si
2882 5387 3022 5441 enim
3066 5386 3135 5443 de
3180 5395 3271 5441 tuo
3314 5402 3479 5459 opere
3508 5404 3641 5459 pne»

2061 5474 2228 5530 sumis
2258 5475 2310 5540 ’ς
2341 5488 2470 5543 ergo
2510 5487 2716 5530 merces
2744 5474 2834 5529 tibi
2865 5474 3125 5540 redditur,
3172 5492 3277 5532 non
3305 5478 3472 5548 gratia
3502 5481 3638 5533 coii-

2062 5566 2306 5621 donatnr.
2340 5564 2394 5620 Si
2426 5573 2603 5619 autem
2631 5564 2801 5637 gratia
2833 5574 2936 5629 est,
2966 5568 3131 5635 gratis
3159 5566 3334 5625 datur.
3369 5568 3646 5638 interrogo

2127 5680 2141 5709 ι
2168 5675 2329 5726 Florus
2346 5684 2397 5725 et
2415 5675 2635 5740 plerique
2660 5683 2786 5739 Mss,
2810 5675 2861 5726 in
2881 5683 2963 5727 tua
2984 5688 3131 5739 opera
3153 5682 3419 5742 pra'samts.
