  <div class='ocr_page' id='page_1' title='image "/cluster/home/n/w/nwhite01/storage/ocr_20150623/38/hvd.32044096580600/308.png"; bbox 0 0 3852 6182; ppageno 0'>
   <div class='ocr_carea' id='block_1_1' title="bbox 218 300 321 355">
    <p class='ocr_par' dir='ltr' id='par_1_1' title="bbox 218 300 321 355">
     <span class='ocr_line' id='line_1_1' title="bbox 218 300 321 355; baseline 0 0"><span class='ocrx_word' id='word_1_1' title='bbox 218 300 321 355; x_wconf 80' lang='lat'><strong>605</strong></span> 
     </span>
    </p>
   </div>
   <div class='ocr_carea' id='block_1_2' title="bbox 220 402 1793 478">
    <p class='ocr_par' dir='ltr' id='par_1_2' title="bbox 220 402 1793 478">
     <span class='ocr_line' id='line_1_2' title="bbox 220 402 1793 478; baseline -0.004 -14"><span class='ocrx_word' id='word_1_2' title='bbox 220 426 353 466; x_wconf 72' lang='lat' dir='ltr'><strong>num</strong></span> <span class='ocrx_word' id='word_1_3' title='bbox 384 428 396 462; x_wconf 89' lang='lat'><strong>:</strong></span> <span class='ocrx_word' id='word_1_4' title='bbox 426 408 648 478; x_wconf 83' lang='lat' dir='ltr'><strong>Credis,</strong></span> <span class='ocrx_word' id='word_1_5' title='bbox 693 424 729 465; x_wconf 94' lang='lat' dir='ltr'><strong>o</strong></span> <span class='ocrx_word' id='word_1_6' title='bbox 770 416 1038 476; x_wconf 80' lang='lat' dir='ltr'><strong>peccator,</strong></span> <span class='ocrx_word' id='word_1_7' title='bbox 1086 405 1339 463; x_wconf 69' lang='lat' dir='ltr'><strong>Christo?</strong></span> <span class='ocrx_word' id='word_1_8' title='bbox 1390 404 1530 459; x_wconf 85' lang='lat' dir='ltr'><strong>Dicis</strong></span> <span class='ocrx_word' id='word_1_9' title='bbox 1559 420 1571 455; x_wconf 89' lang='lat'><strong>:</strong></span> <span class='ocrx_word' id='word_1_10' title='bbox 1601 402 1793 458; x_wconf 80' lang='lat' dir='ltr'><strong>Credo.</strong></span> 
     </span>
    </p>
   </div>
   <div class='ocr_carea' id='block_1_3' title="bbox 219 492 1797 571">
    <p class='ocr_par' dir='ltr' id='par_1_3' title="bbox 219 492 1797 571">
     <span class='ocr_line' id='line_1_3' title="bbox 219 492 1797 571; baseline -0.006 -16"><span class='ocrx_word' id='word_1_11' title='bbox 219 501 346 571; x_wconf 85' lang='lat' dir='ltr'><strong>Quid</strong></span> <span class='ocrx_word' id='word_1_12' title='bbox 374 499 590 556; x_wconf 80' lang='lat' dir='ltr'><strong>credis?</strong></span> <span class='ocrx_word' id='word_1_13' title='bbox 637 498 818 554; x_wconf 84' lang='lat' dir='ltr'><strong>Gratis</strong></span> <span class='ocrx_word' id='word_1_14' title='bbox 843 498 1087 552; x_wconf 67' lang='lat' dir='ltr'><strong>universa</strong></span> <span class='ocrx_word' id='word_1_15' title='bbox 1123 505 1338 566; x_wconf 81' lang='lat' dir='ltr'><strong>peccata</strong></span> <span class='ocrx_word' id='word_1_16' title='bbox 1368 510 1460 563; x_wconf 84' lang='lat' dir='ltr'><strong>per</strong></span> <span class='ocrx_word' id='word_1_17' title='bbox 1495 494 1664 563; x_wconf 88' lang='lat' dir='ltr'><strong>ipsum</strong></span> <span class='ocrx_word' id='word_1_18' title='bbox 1705 492 1797 546; x_wconf 88' lang='lat' dir='ltr'><strong>tibi</strong></span> 
     </span>
    </p>
   </div>
   <div class='ocr_carea' id='block_1_4' title="bbox 220 582 1797 665">
    <p class='ocr_par' dir='ltr' id='par_1_4' title="bbox 220 582 1797 665">
     <span class='ocr_line' id='line_1_4' title="bbox 220 582 1797 665; baseline -0.006 -20"><span class='ocrx_word' id='word_1_19' title='bbox 220 606 370 665; x_wconf 83' lang='lat' dir='ltr'><strong>posse</strong></span> <span class='ocrx_word' id='word_1_20' title='bbox 400 588 647 644; x_wconf 84' lang='lat' dir='ltr'><strong>remitti?</strong></span> <span class='ocrx_word' id='word_1_21' title='bbox 678 587 856 643; x_wconf 82' lang='lat' dir='ltr'><strong>Habes</strong></span> <span class='ocrx_word' id='word_1_22' title='bbox 880 586 1019 657; x_wconf 87' lang='lat' dir='ltr'><strong>quod</strong></span> <span class='ocrx_word' id='word_1_23' title='bbox 1052 585 1343 640; x_wconf 90' lang='lat' dir='ltr'><strong>credidisti.</strong></span> <span class='ocrx_word' id='word_1_24' title='bbox 1371 582 1414 639; x_wconf 94' lang='grc' dir='ltr'>Ο</span> <span class='ocrx_word' id='word_1_25' title='bbox 1440 584 1604 655; x_wconf 78' lang='lat' dir='ltr'><strong>gratia</strong></span> <span class='ocrx_word' id='word_1_26' title='bbox 1634 582 1797 652; x_wconf 73' lang='lat' dir='ltr'><strong>gratis</strong></span> 
     </span>
    </p>
   </div>
   <div class='ocr_carea' id='block_1_5' title="bbox 219 672 1788 749">
    <p class='ocr_par' dir='ltr' id='par_1_5' title="bbox 219 672 1788 749">
     <span class='ocr_line' id='line_1_5' title="bbox 219 672 1788 749; baseline -0.007 -12"><span class='ocrx_word' id='word_1_27' title='bbox 219 684 332 737; x_wconf 80' lang='lat' dir='ltr'><strong>data</strong></span> <span class='ocrx_word' id='word_1_28' title='bbox 358 683 371 736; x_wconf 90' lang='lat'><strong>!</strong></span> <span class='ocrx_word' id='word_1_29' title='bbox 417 679 555 749; x_wconf 85' lang='lat' dir='ltr'><strong>Quid</strong></span> <span class='ocrx_word' id='word_1_30' title='bbox 588 690 662 746; x_wconf 90' lang='lat' dir='ltr'><strong>tu,</strong></span> <span class='ocrx_word' id='word_1_31' title='bbox 701 679 872 749; x_wconf 87' lang='lat' dir='ltr'><strong>juste,</strong></span> <span class='ocrx_word' id='word_1_32' title='bbox 896 676 1068 732; x_wconf 84' lang='lat' dir='ltr'><strong>credis</strong></span> <span class='ocrx_word' id='word_1_33' title='bbox 1091 686 1141 732; x_wconf 89' lang='lat' dir='ltr'><strong>te</strong></span> <span class='ocrx_word' id='word_1_34' title='bbox 1170 677 1284 735; x_wconf 83' lang='lat' dir='ltr'><strong>sine</strong></span> <span class='ocrx_word' id='word_1_35' title='bbox 1313 676 1419 730; x_wconf 83' lang='lat' dir='ltr'><strong>Deo</strong></span> <span class='ocrx_word' id='word_1_36' title='bbox 1459 689 1567 731; x_wconf 79' lang='lat' dir='ltr'><strong>non</strong></span> <span class='ocrx_word' id='word_1_37' title='bbox 1595 688 1749 742; x_wconf 85' lang='lat' dir='ltr'><strong>posse</strong></span> <span class='ocrx_word' id='word_1_38' title='bbox 1774 672 1788 703; x_wconf 89' lang='grc'>¹</span> 
     </span>
    </p>
   </div>
   <div class='ocr_carea' id='block_1_6' title="bbox 222 763 1795 842">
    <p class='ocr_par' dir='ltr' id='par_1_6' title="bbox 222 763 1795 842">
     <span class='ocr_line' id='line_1_6' title="bbox 222 763 1795 842; baseline -0.006 -14"><span class='ocrx_word' id='word_1_39' title='bbox 222 788 428 831; x_wconf 74' lang='lat' dir='ltr'><strong>sen&#39;are</strong></span> <span class='ocrx_word' id='word_1_40' title='bbox 472 771 777 842; x_wconf 76' lang='lat' dir='ltr'><strong>justitiam?</strong></span> <span class='ocrx_word' id='word_1_41' title='bbox 826 770 995 839; x_wconf 84' lang='lat' dir='ltr'><strong>Ipsius</strong></span> <span class='ocrx_word' id='word_1_42' title='bbox 1039 784 1167 840; x_wconf 80' lang='lat' dir='ltr'><strong>ergo</strong></span> <span class='ocrx_word' id='word_1_43' title='bbox 1201 777 1365 822; x_wconf 88' lang='lat' dir='ltr'><strong>totum</strong></span> <span class='ocrx_word' id='word_1_44' title='bbox 1403 775 1627 836; x_wconf 83' lang='lat' dir='ltr'><strong>reputa,</strong></span> <span class='ocrx_word' id='word_1_45' title='bbox 1656 763 1795 835; x_wconf 89' lang='lat' dir='ltr'><strong>quod</strong></span> 
     </span>
    </p>
   </div>
   <div class='ocr_carea' id='block_1_7' title="bbox 222 857 1797 933">
    <p class='ocr_par' dir='ltr' id='par_1_7' title="bbox 222 857 1797 933">
     <span class='ocr_line' id='line_1_7' title="bbox 222 857 1797 933; baseline -0.002 -20"><span class='ocrx_word' id='word_1_46' title='bbox 222 865 388 933; x_wconf 53' lang='lat' dir='ltr'><strong>iustus</strong></span> <span class='ocrx_word' id='word_1_47' title='bbox 410 877 488 928; x_wconf 73' lang='lat' dir='ltr'><strong>es,</strong></span> <span class='ocrx_word' id='word_1_48' title='bbox 523 861 704 931; x_wconf 78' lang='lat' dir='ltr'><strong>pietati</strong></span> <span class='ocrx_word' id='word_1_49' title='bbox 734 878 747 914; x_wconf 90' lang='lat'><strong>:</strong></span> <span class='ocrx_word' id='word_1_50' title='bbox 776 859 916 929; x_wconf 91' lang='lat' dir='ltr'><strong>quod</strong></span> <span class='ocrx_word' id='word_1_51' title='bbox 944 869 1118 933; x_wconf 83' lang='lat' dir='ltr'><strong>autem</strong></span> <span class='ocrx_word' id='word_1_52' title='bbox 1151 866 1399 930; x_wconf 86' lang='lat' dir='ltr'><strong>peccator</strong></span> <span class='ocrx_word' id='word_1_53' title='bbox 1421 873 1480 912; x_wconf 88' lang='lat' dir='ltr'><strong>es</strong></span> <span class='ocrx_word' id='word_1_54' title='bbox 1499 899 1514 922; x_wconf 93' lang='lat'><strong>,</strong></span> <span class='ocrx_word' id='word_1_55' title='bbox 1560 866 1663 911; x_wconf 85' lang='lat' dir='ltr'><strong>tua:</strong></span> <span class='ocrx_word' id='word_1_56' title='bbox 1693 857 1797 910; x_wconf 90' lang='lat' dir='ltr'><strong>ini-</strong></span> 
     </span>
    </p>
   </div>
   <div class='ocr_carea' id='block_1_8' title="bbox 225 949 1798 1026">
    <p class='ocr_par' dir='ltr' id='par_1_8' title="bbox 225 949 1798 1026">
     <span class='ocr_line' id='line_1_8' title="bbox 225 949 1798 1026; baseline -0.001 -20"><span class='ocrx_word' id='word_1_57' title='bbox 225 954 395 1026; x_wconf 78' lang='lat' dir='ltr'><strong>quitali</strong></span> <span class='ocrx_word' id='word_1_58' title='bbox 443 952 713 1009; x_wconf 89' lang='lat' dir='ltr'><strong>adscribe.</strong></span> <span class='ocrx_word' id='word_1_59' title='bbox 769 954 895 1007; x_wconf 77' lang='lat' dir='ltr'><strong>Esto</strong></span> <span class='ocrx_word' id='word_1_60' title='bbox 946 961 1222 1008; x_wconf 81' lang='lat' dir='ltr'><strong>accusator</strong></span> <span class='ocrx_word' id='word_1_61' title='bbox 1273 961 1409 1016; x_wconf 77' lang='lat' dir='ltr'><strong>tuus,</strong></span> <span class='ocrx_word' id='word_1_62' title='bbox 1460 958 1515 1004; x_wconf 89' lang='lat' dir='ltr'><strong>et</strong></span> <span class='ocrx_word' id='word_1_63' title='bbox 1562 949 1649 1004; x_wconf 83' lang='lat' dir='ltr'><strong>ille</strong></span> <span class='ocrx_word' id='word_1_64' title='bbox 1697 950 1798 1005; x_wconf 87' lang='lat' dir='ltr'><strong>erit</strong></span> 
     </span>
    </p>
   </div>
   <div class='ocr_carea' id='block_1_9' title="bbox 226 1042 1795 1112">
    <p class='ocr_par' dir='ltr' id='par_1_9' title="bbox 226 1042 1795 1112">
     <span class='ocr_line' id='line_1_9' title="bbox 226 1042 1795 1112; baseline -0.004 -8"><span class='ocrx_word' id='word_1_65' title='bbox 226 1047 446 1103; x_wconf 89' lang='lat' dir='ltr'><strong>indultor</strong></span> <span class='ocrx_word' id='word_1_66' title='bbox 475 1057 618 1101; x_wconf 88' lang='lat' dir='ltr'><strong>tuus.</strong></span> <span class='ocrx_word' id='word_1_67' title='bbox 672 1045 843 1104; x_wconf 83' lang='lat' dir='ltr'><strong>Omne</strong></span> <span class='ocrx_word' id='word_1_68' title='bbox 885 1045 1027 1101; x_wconf 90' lang='lat' dir='ltr'><strong>enim</strong></span> <span class='ocrx_word' id='word_1_69' title='bbox 1056 1046 1257 1101; x_wconf 88' lang='lat' dir='ltr'><strong>crimen</strong></span> <span class='ocrx_word' id='word_1_70' title='bbox 1287 1043 1490 1099; x_wconf 76' lang='lat' dir='ltr'><strong>facinus</strong></span> <span class='ocrx_word' id='word_1_71' title='bbox 1512 1084 1528 1109; x_wconf 93' lang='lat'><strong>,</strong></span> <span class='ocrx_word' id='word_1_72' title='bbox 1556 1042 1639 1097; x_wconf 68' lang='lat' dir='ltr'><strong>rel</strong></span> <span class='ocrx_word' id='word_1_73' title='bbox 1668 1058 1795 1112; x_wconf 86' lang='lat' dir='ltr'><strong>pec-</strong></span> 
     </span>
    </p>
   </div>
   <div class='ocr_carea' id='block_1_10' title="bbox 226 1132 1795 1207">
    <p class='ocr_par' dir='ltr' id='par_1_10' title="bbox 226 1132 1795 1207">
     <span class='ocr_line' id='line_1_10' title="bbox 226 1132 1795 1207; baseline -0.004 -14"><span class='ocrx_word' id='word_1_74' title='bbox 226 1151 421 1205; x_wconf 78' lang='lat' dir='ltr'><strong>eatum,</strong></span> <span class='ocrx_word' id='word_1_75' title='bbox 470 1146 671 1192; x_wconf 64' lang='lat' dir='ltr'><strong>nostrze</strong></span> <span class='ocrx_word' id='word_1_76' title='bbox 702 1145 787 1191; x_wconf 90' lang='lat' dir='ltr'><strong>est</strong></span> <span class='ocrx_word' id='word_1_77' title='bbox 812 1135 1141 1207; x_wconf 80' lang='lat' dir='ltr'><strong>negligentia:</strong></span> <span class='ocrx_word' id='word_1_78' title='bbox 1182 1153 1196 1189; x_wconf 89' lang='lat'><strong>:</strong></span> <span class='ocrx_word' id='word_1_79' title='bbox 1239 1144 1293 1190; x_wconf 90' lang='lat' dir='ltr'><strong>ct</strong></span> <span class='ocrx_word' id='word_1_80' title='bbox 1331 1133 1506 1189; x_wconf 88' lang='lat' dir='ltr'><strong>omnis</strong></span> <span class='ocrx_word' id='word_1_81' title='bbox 1526 1132 1700 1186; x_wconf 41' lang='lat' dir='ltr'><strong>vvirtus</strong></span> <span class='ocrx_word' id='word_1_82' title='bbox 1742 1141 1795 1187; x_wconf 88' lang='lat' dir='ltr'><strong>et</strong></span> 
     </span>
    </p>
   </div>
   <div class='ocr_carea' id='block_1_11' title="bbox 228 1224 1795 1299">
    <p class='ocr_par' dir='ltr' id='par_1_11' title="bbox 228 1224 1795 1299">
     <span class='ocr_line' id='line_1_11' title="bbox 228 1224 1795 1299; baseline -0.006 -10"><span class='ocrx_word' id='word_1_83' title='bbox 228 1233 487 1298; x_wconf 77' lang='lat' dir='ltr'><strong>sanctitas,</strong></span> <span class='ocrx_word' id='word_1_84' title='bbox 535 1230 631 1285; x_wconf 90' lang='lat' dir='ltr'><strong>Dei</strong></span> <span class='ocrx_word' id='word_1_85' title='bbox 681 1238 765 1284; x_wconf 77' lang='lat' dir='ltr'><strong>est.</strong></span> <span class='ocrx_word' id='word_1_86' title='bbox 811 1229 1166 1299; x_wconf 55' lang='lat' dir='ltr'><strong>indulgentia.</strong></span> <span class='ocrx_word' id='word_1_87' title='bbox 1206 1224 1462 1285; x_wconf 83' lang='lat' dir='ltr'><strong>Conversi</strong></span> <span class='ocrx_word' id='word_1_88' title='bbox 1499 1224 1567 1280; x_wconf 84' lang='lat' dir='ltr'><strong>ad</strong></span> <span class='ocrx_word' id='word_1_89' title='bbox 1613 1224 1795 1279; x_wconf 84' lang='lat' dir='ltr'><strong>Domi-</strong></span> 
     </span>
    </p>
   </div>
   <div class='ocr_carea' id='block_1_12' title="bbox 229 1324 412 1383">
    <p class='ocr_par' dir='ltr' id='par_1_12' title="bbox 229 1324 412 1383">
     <span class='ocr_line' id='line_1_12' title="bbox 229 1324 412 1383; baseline -0.022 0"><span class='ocrx_word' id='word_1_90' title='bbox 229 1339 345 1383; x_wconf 76' lang='lat' dir='ltr'><strong>num</strong></span> <span class='ocrx_word' id='word_1_91' title='bbox 369 1324 412 1379; x_wconf 78' lang='lat'><strong>&#39;.</strong></span> 
     </span>
    </p>
   </div>
   <div class='ocr_carea' id='block_1_13' title="bbox 742 1387 1238 1461">
    <p class='ocr_par' dir='ltr' id='par_1_13' title="bbox 742 1387 1238 1461">
     <span class='ocr_line' id='line_1_13' title="bbox 742 1387 1238 1461; baseline -0.008 -15"><span class='ocrx_word' id='word_1_92' title='bbox 742 1390 972 1446; x_wconf 75' lang='lat' dir='ltr'><strong>ssnuo</strong></span> <span class='ocrx_word' id='word_1_93' title='bbox 1016 1388 1078 1445; x_wconf 73' lang='lat' dir='ltr'><strong>cr</strong></span> <span class='ocrx_word' id='word_1_94' title='bbox 1105 1393 1124 1413; x_wconf 86' lang='grc'><strong>·</strong></span> <span class='ocrx_word' id='word_1_95' title='bbox 1163 1387 1238 1461; x_wconf 83' lang='grc' dir='ltr'><strong>(α)</strong></span> 
     </span>
    </p>
   </div>
   <div class='ocr_carea' id='block_1_14' title="bbox 230 1477 1793 1552">
    <p class='ocr_par' dir='ltr' id='par_1_14' title="bbox 230 1477 1793 1552">
     <span class='ocr_line' id='line_1_14' title="bbox 230 1477 1793 1552; baseline -0.004 -14"><span class='ocrx_word' id='word_1_96' title='bbox 230 1484 301 1538; x_wconf 83' lang='lat' dir='ltr'><strong>De</strong></span> <span class='ocrx_word' id='word_1_97' title='bbox 328 1481 473 1536; x_wconf 71' lang='lat' dir='ltr'><strong>verbis</strong></span> <span class='ocrx_word' id='word_1_98' title='bbox 504 1479 767 1552; x_wconf 71' lang='lat' dir='ltr'><strong>Evangelii</strong></span> <span class='ocrx_word' id='word_1_99' title='bbox 812 1480 990 1546; x_wconf 66' lang='lat' dir='ltr'><strong>Luem,</strong></span> <span class='ocrx_word' id='word_1_100' title='bbox 1022 1477 1207 1535; x_wconf 80' lang='lat' dir='ltr'><strong>Messis</strong></span> <span class='ocrx_word' id='word_1_101' title='bbox 1233 1479 1448 1550; x_wconf 84' lang='lat' dir='ltr'><strong>quidem</strong></span> <span class='ocrx_word' id='word_1_102' title='bbox 1486 1478 1671 1542; x_wconf 87' lang='lat' dir='ltr'><strong>multa,</strong></span> <span class='ocrx_word' id='word_1_103' title='bbox 1701 1486 1793 1532; x_wconf 75' lang='lat' dir='ltr'><strong>etc.</strong></span> 
     </span>
    </p>
   </div>
   <div class='ocr_carea' id='block_1_15' title="bbox 290 1570 872 1643">
    <p class='ocr_par' dir='ltr' id='par_1_15' title="bbox 290 1570 872 1643">
     <span class='ocr_line' id='line_1_15' title="bbox 290 1570 872 1643; baseline -0.007 -14"><span class='ocrx_word' id='word_1_104' title='bbox 290 1571 405 1643; x_wconf 80' lang='grc' dir='ltr'><strong>οηρ.</strong></span> <span class='ocrx_word' id='word_1_105' title='bbox 438 1588 489 1631; x_wconf 77' lang='lat' dir='ltr'><strong>x,</strong></span> <span class='ocrx_word' id='word_1_106' title='bbox 533 1572 568 1641; x_wconf 60' lang='grc' dir='ltr'><strong>ι</strong></span> <span class='ocrx_word' id='word_1_107' title='bbox 596 1611 609 1624; x_wconf 95' lang='grc'><strong>.</strong></span> <span class='ocrx_word' id='word_1_108' title='bbox 638 1570 735 1625; x_wconf 74' lang='lat'><strong>2-6</strong></span> <span class='ocrx_word' id='word_1_109' title='bbox 774 1570 872 1641; x_wconf 74' lang='grc' dir='ltr'><strong>(ι).</strong></span> 
     </span>
    </p>
   </div>
   <div class='ocr_carea' id='block_1_16' title="bbox 289 1657 1791 1721">
    <p class='ocr_par' dir='ltr' id='par_1_16' title="bbox 289 1657 1791 1721">
     <span class='ocr_line' id='line_1_16' title="bbox 289 1657 1791 1721; baseline -0.003 -6"><span class='ocrx_word' id='word_1_110' title='bbox 289 1660 506 1718; x_wconf 70' lang='lat' dir='ltr'><strong>CAPUT</strong></span> <span class='ocrx_word' id='word_1_111' title='bbox 575 1659 859 1717; x_wconf 77' lang='lat' dir='ltr'><strong>PRIMUM.</strong></span> <span class='ocrx_word' id='word_1_112' title='bbox 936 1689 1008 1700; x_wconf 91' lang='lat'><strong>——</strong></span> <span class='ocrx_word' id='word_1_113' title='bbox 1083 1660 1133 1714; x_wconf 86' lang='lat' dir='ltr'><strong>I.</strong></span> <span class='ocrx_word' id='word_1_114' title='bbox 1203 1659 1384 1714; x_wconf 80' lang='lat' dir='ltr'><strong>Messis</strong></span> <span class='ocrx_word' id='word_1_115' title='bbox 1452 1660 1504 1713; x_wconf 88' lang='lat' dir='ltr'><strong>in</strong></span> <span class='ocrx_word' id='word_1_116' title='bbox 1575 1657 1791 1721; x_wconf 74' lang='lat' dir='ltr'><strong>Juda&#39;is,</strong></span> 
     </span>
    </p>
   </div>
   <div class='ocr_carea' id='block_1_17' title="bbox 226 1748 1794 1808">
    <p class='ocr_par' dir='ltr' id='par_1_17' title="bbox 226 1748 1794 1808">
     <span class='ocr_line' id='line_1_17' title="bbox 226 1748 1794 1808; baseline -0.004 0"><span class='ocrx_word' id='word_1_117' title='bbox 226 1753 439 1808; x_wconf 70' lang='lat' dir='ltr'><strong>sementis</strong></span> <span class='ocrx_word' id='word_1_118' title='bbox 486 1753 539 1805; x_wconf 83' lang='lat' dir='ltr'><strong>in</strong></span> <span class='ocrx_word' id='word_1_119' title='bbox 591 1749 852 1806; x_wconf 77' lang='lat' dir='ltr'><strong>Gentibus.</strong></span> <span class='ocrx_word' id='word_1_120' title='bbox 911 1748 1108 1803; x_wconf 80' lang='lat' dir='ltr'><strong>Paulus</strong></span> <span class='ocrx_word' id='word_1_121' title='bbox 1155 1751 1401 1804; x_wconf 77' lang='lat' dir='ltr'><strong>modicus.</strong></span> <span class='ocrx_word' id='word_1_122' title='bbox 1463 1749 1520 1803; x_wconf 92' lang='lat' dir='ltr'><strong>In</strong></span> <span class='ocrx_word' id='word_1_123' title='bbox 1566 1748 1794 1804; x_wconf 87' lang='lat' dir='ltr'><strong>lectione</strong></span> 
     </span>
    </p>
   </div>
   <div class='ocr_carea' id='block_1_18' title="bbox 231 1841 1795 1914">
    <p class='ocr_par' dir='ltr' id='par_1_18' title="bbox 231 1841 1795 1914">
     <span class='ocr_line' id='line_1_18' title="bbox 231 1841 1795 1914; baseline -0.002 -16"><span class='ocrx_word' id='word_1_124' title='bbox 231 1844 491 1914; x_wconf 69' lang='lat' dir='ltr'><strong>Evangelii</strong></span> <span class='ocrx_word' id='word_1_125' title='bbox 520 1858 639 1913; x_wconf 86' lang='lat' dir='ltr'><strong>qua:</strong></span> <span class='ocrx_word' id='word_1_126' title='bbox 684 1841 842 1897; x_wconf 84' lang='lat' dir='ltr'><strong>modo</strong></span> <span class='ocrx_word' id='word_1_127' title='bbox 870 1841 1085 1897; x_wconf 85' lang='lat' dir='ltr'><strong>recitata</strong></span> <span class='ocrx_word' id='word_1_128' title='bbox 1133 1850 1236 1909; x_wconf 85' lang='lat' dir='ltr'><strong>est,</strong></span> <span class='ocrx_word' id='word_1_129' title='bbox 1277 1842 1623 1897; x_wconf 87' lang='lat' dir='ltr'><strong>admonemur</strong></span> <span class='ocrx_word' id='word_1_130' title='bbox 1649 1858 1795 1911; x_wconf 86' lang='lat' dir='ltr'><strong>qua:-</strong></span> 
     </span>
    </p>
   </div>
   <div class='ocr_carea' id='block_1_19' title="bbox 226 1931 1792 2006">
    <p class='ocr_par' dir='ltr' id='par_1_19' title="bbox 226 1931 1792 2006">
     <span class='ocr_line' id='line_1_19' title="bbox 226 1931 1792 2006; baseline -0.003 -16"><span class='ocrx_word' id='word_1_131' title='bbox 226 1951 337 1990; x_wconf 88' lang='lat' dir='ltr'><strong>rere</strong></span> <span class='ocrx_word' id='word_1_132' title='bbox 364 1951 480 2006; x_wconf 84' lang='lat' dir='ltr'><strong>qua:</strong></span> <span class='ocrx_word' id='word_1_133' title='bbox 504 1934 574 1988; x_wconf 92' lang='lat' dir='ltr'><strong>sit</strong></span> <span class='ocrx_word' id='word_1_134' title='bbox 602 1934 794 1988; x_wconf 86' lang='lat' dir='ltr'><strong>messis</strong></span> <span class='ocrx_word' id='word_1_135' title='bbox 822 1932 889 1988; x_wconf 86' lang='lat' dir='ltr'><strong>de</strong></span> <span class='ocrx_word' id='word_1_136' title='bbox 917 1948 1019 2002; x_wconf 81' lang='lat' dir='ltr'><strong>qua</strong></span> <span class='ocrx_word' id='word_1_137' title='bbox 1042 1933 1298 1988; x_wconf 83' lang='lat' dir='ltr'><strong>Dominus</strong></span> <span class='ocrx_word' id='word_1_138' title='bbox 1321 1934 1395 1987; x_wconf 89' lang='lat' dir='ltr'><strong>ait</strong></span> <span class='ocrx_word' id='word_1_139' title='bbox 1424 1950 1436 1986; x_wconf 91' lang='lat'><strong>:</strong></span> <span class='ocrx_word' id='word_1_140' title='bbox 1468 1931 1647 1986; x_wconf 80' lang='lat' dir='ltr'><strong>Messis</strong></span> <span class='ocrx_word' id='word_1_141' title='bbox 1675 1933 1792 2001; x_wconf 86' lang='lat' dir='ltr'><strong>qui-</strong></span> 
     </span>
    </p>
   </div>
   <div class='ocr_carea' id='block_1_20' title="bbox 230 2020 1792 2095">
    <p class='ocr_par' dir='ltr' id='par_1_20' title="bbox 230 2020 1792 2095">
     <span class='ocr_line' id='line_1_20' title="bbox 230 2020 1792 2095; baseline -0.003 -16"><span class='ocrx_word' id='word_1_142' title='bbox 230 2025 330 2083; x_wconf 78' lang='lat' dir='ltr'><strong>dem</strong></span> <span class='ocrx_word' id='word_1_143' title='bbox 376 2026 549 2084; x_wconf 87' lang='lat' dir='ltr'><strong>multa,</strong></span> <span class='ocrx_word' id='word_1_144' title='bbox 598 2023 816 2095; x_wconf 73' lang='lat' dir='ltr'><strong>operarii</strong></span> <span class='ocrx_word' id='word_1_145' title='bbox 859 2033 1022 2077; x_wconf 85' lang='lat' dir='ltr'><strong>autem</strong></span> <span class='ocrx_word' id='word_1_146' title='bbox 1067 2023 1232 2094; x_wconf 79' lang='lat' dir='ltr'><strong>pauci.</strong></span> <span class='ocrx_word' id='word_1_147' title='bbox 1283 2022 1476 2093; x_wconf 83' lang='lat' dir='ltr'><strong>Rogate</strong></span> <span class='ocrx_word' id='word_1_148' title='bbox 1518 2020 1792 2075; x_wconf 86' lang='lat' dir='ltr'><strong>Dominum</strong></span> 
     </span>
    </p>
   </div>
   <div class='ocr_carea' id='block_1_21' title="bbox 229 2111 1795 2185">
    <p class='ocr_par' dir='ltr' id='par_1_21' title="bbox 229 2111 1795 2185">
     <span class='ocr_line' id='line_1_21' title="bbox 229 2111 1795 2185; baseline -0.002 -16"><span class='ocrx_word' id='word_1_149' title='bbox 229 2116 403 2183; x_wconf 79' lang='lat' dir='ltr'><strong>messis,</strong></span> <span class='ocrx_word' id='word_1_150' title='bbox 432 2125 487 2168; x_wconf 88' lang='lat' dir='ltr'><strong>ut</strong></span> <span class='ocrx_word' id='word_1_151' title='bbox 516 2116 680 2167; x_wconf 78' lang='lat' dir='ltr'><strong>mittat</strong></span> <span class='ocrx_word' id='word_1_152' title='bbox 710 2114 967 2185; x_wconf 83' lang='lat' dir='ltr'><strong>aperarios</strong></span> <span class='ocrx_word' id='word_1_153' title='bbox 1002 2115 1055 2166; x_wconf 86' lang='lat' dir='ltr'><strong>in</strong></span> <span class='ocrx_word' id='word_1_154' title='bbox 1086 2129 1292 2167; x_wconf 88' lang='lat' dir='ltr'><strong>messem</strong></span> <span class='ocrx_word' id='word_1_155' title='bbox 1321 2129 1485 2166; x_wconf 88' lang='lat' dir='ltr'><strong>suam.</strong></span> <span class='ocrx_word' id='word_1_156' title='bbox 1526 2111 1675 2166; x_wconf 81' lang='lat' dir='ltr'><strong>Tunc</strong></span> <span class='ocrx_word' id='word_1_157' title='bbox 1699 2111 1795 2166; x_wconf 88' lang='lat' dir='ltr'><strong>ad-</strong></span> 
     </span>
    </p>
   </div>
   <div class='ocr_carea' id='block_1_22' title="bbox 228 2201 1792 2279">
    <p class='ocr_par' dir='ltr' id='par_1_22' title="bbox 228 2201 1792 2279">
     <span class='ocr_line' id='line_1_22' title="bbox 228 2201 1792 2279; baseline -0.004 -15"><span class='ocrx_word' id='word_1_158' title='bbox 228 2210 339 2279; x_wconf 74' lang='lat' dir='ltr'><strong>iecit</strong></span> <span class='ocrx_word' id='word_1_159' title='bbox 382 2208 658 2263; x_wconf 83' lang='lat' dir='ltr'><strong>duodecim</strong></span> <span class='ocrx_word' id='word_1_160' title='bbox 710 2206 985 2276; x_wconf 76' lang='lat' dir='ltr'><strong>discipulis</strong></span> <span class='ocrx_word' id='word_1_161' title='bbox 1038 2204 1185 2270; x_wconf 89' lang='lat' dir='ltr'><strong>suis,</strong></span> <span class='ocrx_word' id='word_1_162' title='bbox 1235 2219 1368 2274; x_wconf 89' lang='lat' dir='ltr'><strong>quos</strong></span> <span class='ocrx_word' id='word_1_163' title='bbox 1412 2213 1467 2258; x_wconf 91' lang='lat' dir='ltr'><strong>ct</strong></span> <span class='ocrx_word' id='word_1_164' title='bbox 1507 2201 1792 2273; x_wconf 85' lang='lat' dir='ltr'><strong>Apostolos</strong></span> 
     </span>
    </p>
   </div>
   <div class='ocr_carea' id='block_1_23' title="bbox 233 2292 1788 2368">
    <p class='ocr_par' dir='ltr' id='par_1_23' title="bbox 233 2292 1788 2368">
     <span class='ocr_line' id='line_1_23' title="bbox 233 2292 1788 2368; baseline -0.002 -16"><span class='ocrx_word' id='word_1_165' title='bbox 233 2298 535 2363; x_wconf 72' lang='lat' dir='ltr'><strong>nominavit,</strong></span> <span class='ocrx_word' id='word_1_166' title='bbox 595 2298 728 2351; x_wconf 87' lang='lat' dir='ltr'><strong>alios</strong></span> <span class='ocrx_word' id='word_1_167' title='bbox 779 2296 1108 2368; x_wconf 80' lang='lat' dir='ltr'><strong>septuaginta</strong></span> <span class='ocrx_word' id='word_1_168' title='bbox 1159 2294 1327 2358; x_wconf 81' lang='lat' dir='ltr'><strong>duos,</strong></span> <span class='ocrx_word' id='word_1_169' title='bbox 1378 2303 1431 2348; x_wconf 89' lang='lat' dir='ltr'><strong>ct</strong></span> <span class='ocrx_word' id='word_1_170' title='bbox 1477 2293 1620 2348; x_wconf 87' lang='lat' dir='ltr'><strong>misit</strong></span> <span class='ocrx_word' id='word_1_171' title='bbox 1669 2292 1788 2353; x_wconf 89' lang='lat' dir='ltr'><strong>illos</strong></span> 
     </span>
    </p>
   </div>
   <div class='ocr_carea' id='block_1_24' title="bbox 234 2385 1790 2458">
    <p class='ocr_par' dir='ltr' id='par_1_24' title="bbox 234 2385 1790 2458">
     <span class='ocr_line' id='line_1_24' title="bbox 234 2385 1790 2458; baseline -0.004 -14"><span class='ocrx_word' id='word_1_172' title='bbox 234 2407 398 2445; x_wconf 88' lang='lat' dir='ltr'><strong>omnes</strong></span> <span class='ocrx_word' id='word_1_173' title='bbox 423 2430 436 2454; x_wconf 93' lang='lat'><strong>,</strong></span> <span class='ocrx_word' id='word_1_174' title='bbox 488 2391 630 2445; x_wconf 88' lang='lat' dir='ltr'><strong>sicut</strong></span> <span class='ocrx_word' id='word_1_175' title='bbox 670 2405 734 2444; x_wconf 77' lang='lat' dir='ltr'><strong>ex</strong></span> <span class='ocrx_word' id='word_1_176' title='bbox 780 2387 957 2443; x_wconf 82' lang='lat' dir='ltr'><strong>verbis</strong></span> <span class='ocrx_word' id='word_1_177' title='bbox 996 2387 1110 2455; x_wconf 84' lang='lat' dir='ltr'><strong>ejus</strong></span> <span class='ocrx_word' id='word_1_178' title='bbox 1150 2395 1398 2458; x_wconf 84' lang='lat' dir='ltr'><strong>apparet,</strong></span> <span class='ocrx_word' id='word_1_179' title='bbox 1450 2385 1515 2439; x_wconf 92' lang='lat' dir='ltr'><strong>ad</strong></span> <span class='ocrx_word' id='word_1_180' title='bbox 1556 2392 1790 2454; x_wconf 87' lang='lat' dir='ltr'><strong>paratam</strong></span> 
     </span>
    </p>
   </div>
   <div class='ocr_carea' id='block_1_25' title="bbox 234 2475 1791 2551">
    <p class='ocr_par' dir='ltr' id='par_1_25' title="bbox 234 2475 1791 2551">
     <span class='ocr_line' id='line_1_25' title="bbox 234 2475 1791 2551; baseline -0.004 -16"><span class='ocrx_word' id='word_1_181' title='bbox 234 2497 457 2538; x_wconf 73' lang='lat' dir='ltr'><strong>messem.</strong></span> <span class='ocrx_word' id='word_1_182' title='bbox 503 2481 636 2550; x_wconf 84' lang='lat' dir='ltr'><strong>Qua:</strong></span> <span class='ocrx_word' id='word_1_183' title='bbox 666 2495 793 2551; x_wconf 79' lang='lat' dir='ltr'><strong>ergo</strong></span> <span class='ocrx_word' id='word_1_184' title='bbox 821 2486 937 2534; x_wconf 86' lang='lat' dir='ltr'><strong>erat</strong></span> <span class='ocrx_word' id='word_1_185' title='bbox 975 2479 1063 2532; x_wconf 90' lang='lat' dir='ltr'><strong>illa</strong></span> <span class='ocrx_word' id='word_1_186' title='bbox 1092 2478 1320 2532; x_wconf 87' lang='lat' dir='ltr'><strong>messis?</strong></span> <span class='ocrx_word' id='word_1_187' title='bbox 1358 2475 1472 2531; x_wconf 90' lang='lat' dir='ltr'><strong>Non</strong></span> <span class='ocrx_word' id='word_1_188' title='bbox 1521 2477 1661 2531; x_wconf 89' lang='lat' dir='ltr'><strong>enim</strong></span> <span class='ocrx_word' id='word_1_189' title='bbox 1706 2475 1791 2529; x_wconf 91' lang='lat' dir='ltr'><strong>illa</strong></span> 
     </span>
    </p>
   </div>
   <div class='ocr_carea' id='block_1_26' title="bbox 234 2567 1792 2636">
    <p class='ocr_par' dir='ltr' id='par_1_26' title="bbox 234 2567 1792 2636">
     <span class='ocr_line' id='line_1_26' title="bbox 234 2567 1792 2636; baseline -0.006 -7"><span class='ocrx_word' id='word_1_190' title='bbox 234 2575 399 2629; x_wconf 58' lang='lat' dir='ltr'><strong>mosus</strong></span> <span class='ocrx_word' id='word_1_191' title='bbox 429 2575 481 2629; x_wconf 90' lang='lat' dir='ltr'><strong>in</strong></span> <span class='ocrx_word' id='word_1_192' title='bbox 507 2574 589 2626; x_wconf 92' lang='lat' dir='ltr'><strong>his</strong></span> <span class='ocrx_word' id='word_1_193' title='bbox 612 2571 873 2628; x_wconf 78' lang='lat' dir='ltr'><strong>Gentibus</strong></span> <span class='ocrx_word' id='word_1_194' title='bbox 898 2581 1032 2636; x_wconf 87' lang='lat' dir='ltr'><strong>erat,</strong></span> <span class='ocrx_word' id='word_1_195' title='bbox 1065 2569 1155 2624; x_wconf 88' lang='lat' dir='ltr'><strong>ubi</strong></span> <span class='ocrx_word' id='word_1_196' title='bbox 1186 2569 1316 2624; x_wconf 87' lang='lat' dir='ltr'><strong>nihil</strong></span> <span class='ocrx_word' id='word_1_197' title='bbox 1362 2567 1534 2623; x_wconf 82' lang='lat' dir='ltr'><strong>fuerat</strong></span> <span class='ocrx_word' id='word_1_198' title='bbox 1559 2567 1792 2622; x_wconf 89' lang='lat' dir='ltr'><strong>semina-</strong></span> 
     </span>
    </p>
   </div>
   <div class='ocr_carea' id='block_1_27' title="bbox 235 2659 1794 2732">
    <p class='ocr_par' dir='ltr' id='par_1_27' title="bbox 235 2659 1794 2732">
     <span class='ocr_line' id='line_1_27' title="bbox 235 2659 1794 2732; baseline -0.005 -13"><span class='ocrx_word' id='word_1_199' title='bbox 235 2674 348 2719; x_wconf 86' lang='lat' dir='ltr'><strong>tum.</strong></span> <span class='ocrx_word' id='word_1_200' title='bbox 407 2665 589 2719; x_wconf 77' lang='lat' dir='ltr'><strong>Restat</strong></span> <span class='ocrx_word' id='word_1_201' title='bbox 636 2678 798 2732; x_wconf 74' lang='lat' dir='ltr'><strong>erga,</strong></span> <span class='ocrx_word' id='word_1_202' title='bbox 853 2670 914 2716; x_wconf 89' lang='lat' dir='ltr'><strong>ut</strong></span> <span class='ocrx_word' id='word_1_203' title='bbox 965 2661 1321 2730; x_wconf 79' lang='lat' dir='ltr'><strong>intelligamus</strong></span> <span class='ocrx_word' id='word_1_204' title='bbox 1363 2659 1516 2712; x_wconf 87' lang='lat' dir='ltr'><strong>istam</strong></span> <span class='ocrx_word' id='word_1_205' title='bbox 1565 2672 1794 2711; x_wconf 90' lang='lat' dir='ltr'><strong>messem</strong></span> 
     </span>
    </p>
   </div>
   <div class='ocr_carea' id='block_1_28' title="bbox 235 2748 1795 2824">
    <p class='ocr_par' dir='ltr' id='par_1_28' title="bbox 235 2748 1795 2824">
     <span class='ocr_line' id='line_1_28' title="bbox 235 2748 1795 2824; baseline -0.004 -15"><span class='ocrx_word' id='word_1_206' title='bbox 235 2756 375 2810; x_wconf 70' lang='lat' dir='ltr'><strong>nuisse</strong></span> <span class='ocrx_word' id='word_1_207' title='bbox 415 2756 464 2808; x_wconf 88' lang='lat' dir='ltr'><strong>in</strong></span> <span class='ocrx_word' id='word_1_208' title='bbox 496 2753 691 2824; x_wconf 85' lang='lat' dir='ltr'><strong>popqu</strong></span> <span class='ocrx_word' id='word_1_209' title='bbox 718 2752 1049 2807; x_wconf 68' lang='lat' dir='ltr'><strong>.Iudzeorum.</strong></span> <span class='ocrx_word' id='word_1_210' title='bbox 1083 2750 1164 2805; x_wconf 88' lang='lat' dir='ltr'><strong>Ad</strong></span> <span class='ocrx_word' id='word_1_211' title='bbox 1205 2749 1348 2804; x_wconf 84' lang='lat' dir='ltr'><strong>illam</strong></span> <span class='ocrx_word' id='word_1_212' title='bbox 1391 2764 1621 2804; x_wconf 88' lang='lat' dir='ltr'><strong>messem</strong></span> <span class='ocrx_word' id='word_1_213' title='bbox 1652 2748 1795 2803; x_wconf 71' lang='lat' dir='ltr'><strong>venit</strong></span> 
     </span>
    </p>
   </div>
   <div class='ocr_carea' id='block_1_29' title="bbox 235 2842 1789 2913">
    <p class='ocr_par' dir='ltr' id='par_1_29' title="bbox 235 2842 1789 2913">
     <span class='ocr_line' id='line_1_29' title="bbox 235 2842 1789 2913; baseline -0.003 -13"><span class='ocrx_word' id='word_1_214' title='bbox 235 2848 465 2901; x_wconf 79' lang='lat' dir='ltr'><strong>Dominus</strong></span> <span class='ocrx_word' id='word_1_215' title='bbox 494 2846 718 2913; x_wconf 88' lang='lat' dir='ltr'><strong>messis,</strong></span> <span class='ocrx_word' id='word_1_216' title='bbox 761 2844 831 2900; x_wconf 90' lang='lat' dir='ltr'><strong>ad</strong></span> <span class='ocrx_word' id='word_1_217' title='bbox 870 2845 1013 2899; x_wconf 90' lang='lat' dir='ltr'><strong>illam</strong></span> <span class='ocrx_word' id='word_1_218' title='bbox 1044 2858 1270 2898; x_wconf 89' lang='lat' dir='ltr'><strong>messem</strong></span> <span class='ocrx_word' id='word_1_219' title='bbox 1297 2842 1445 2896; x_wconf 84' lang='lat' dir='ltr'><strong>misit</strong></span> <span class='ocrx_word' id='word_1_220' title='bbox 1478 2855 1745 2897; x_wconf 85' lang='lat' dir='ltr'><strong>messores</strong></span> <span class='ocrx_word' id='word_1_221' title='bbox 1775 2859 1789 2896; x_wconf 91' lang='lat'><strong>:</strong></span> 
     </span>
    </p>
   </div>
   <div class='ocr_carea' id='block_1_30' title="bbox 231 2931 1787 3000">
    <p class='ocr_par' dir='ltr' id='par_1_30' title="bbox 231 2931 1787 3000">
     <span class='ocr_line' id='line_1_30' title="bbox 231 2931 1787 3000; baseline -0.003 -11"><span class='ocrx_word' id='word_1_222' title='bbox 231 2938 288 2992; x_wconf 86' lang='lat' dir='ltr'><strong>ad</strong></span> <span class='ocrx_word' id='word_1_223' title='bbox 325 2937 514 2993; x_wconf 85' lang='lat' dir='ltr'><strong>Gentes</strong></span> <span class='ocrx_word' id='word_1_224' title='bbox 562 2946 741 2989; x_wconf 88' lang='lat' dir='ltr'><strong>autem</strong></span> <span class='ocrx_word' id='word_1_225' title='bbox 767 2944 889 2990; x_wconf 82' lang='lat' dir='ltr'><strong>‘non</strong></span> <span class='ocrx_word' id='word_1_226' title='bbox 934 2946 1232 3000; x_wconf 83' lang='lat' dir='ltr'><strong>messores,</strong></span> <span class='ocrx_word' id='word_1_227' title='bbox 1277 2932 1372 2987; x_wconf 89' lang='lat' dir='ltr'><strong>sed</strong></span> <span class='ocrx_word' id='word_1_228' title='bbox 1416 2931 1787 2986; x_wconf 89' lang='lat' dir='ltr'><strong>seminatores.</strong></span> 
     </span>
    </p>
   </div>
   <div class='ocr_carea' id='block_1_31' title="bbox 232 3023 1791 3100">
    <p class='ocr_par' dir='ltr' id='par_1_31' title="bbox 232 3023 1791 3100">
     <span class='ocr_line' id='line_1_31' title="bbox 232 3023 1791 3100; baseline -0.006 -14"><span class='ocrx_word' id='word_1_229' title='bbox 232 3028 571 3100; x_wconf 78' lang='lat' dir='ltr'><strong>intelligamus</strong></span> <span class='ocrx_word' id='word_1_230' title='bbox 609 3043 742 3100; x_wconf 77' lang='lat' dir='ltr'><strong>ergo</strong></span> <span class='ocrx_word' id='word_1_231' title='bbox 783 3040 1012 3082; x_wconf 87' lang='lat' dir='ltr'><strong>messem</strong></span> <span class='ocrx_word' id='word_1_232' title='bbox 1048 3023 1244 3081; x_wconf 81' lang='lat' dir='ltr'><strong>laetam</strong></span> <span class='ocrx_word' id='word_1_233' title='bbox 1282 3025 1334 3079; x_wconf 88' lang='lat' dir='ltr'><strong>in</strong></span> <span class='ocrx_word' id='word_1_234' title='bbox 1362 3025 1559 3094; x_wconf 84' lang='lat' dir='ltr'><strong>populo</strong></span> <span class='ocrx_word' id='word_1_235' title='bbox 1580 3024 1791 3079; x_wconf 73' lang='lat' dir='ltr'><strong>Judmo-</strong></span> 
     </span>
    </p>
   </div>
   <div class='ocr_carea' id='block_1_32' title="bbox 230 3115 1787 3188">
    <p class='ocr_par' dir='ltr' id='par_1_32' title="bbox 230 3115 1787 3188">
     <span class='ocr_line' id='line_1_32' title="bbox 230 3115 1787 3188; baseline -0.004 -13"><span class='ocrx_word' id='word_1_236' title='bbox 230 3134 332 3175; x_wconf 83' lang='lat' dir='ltr'><strong>rum</strong></span> <span class='ocrx_word' id='word_1_237' title='bbox 356 3164 371 3187; x_wconf 91' lang='lat'><strong>,</strong></span> <span class='ocrx_word' id='word_1_238' title='bbox 405 3128 700 3176; x_wconf 83' lang='lat' dir='ltr'><strong>sementem</strong></span> <span class='ocrx_word' id='word_1_239' title='bbox 741 3119 792 3173; x_wconf 91' lang='lat' dir='ltr'><strong>in</strong></span> <span class='ocrx_word' id='word_1_240' title='bbox 839 3118 1045 3188; x_wconf 86' lang='lat' dir='ltr'><strong>p0pnlis</strong></span> <span class='ocrx_word' id='word_1_241' title='bbox 1086 3115 1354 3173; x_wconf 85' lang='lat' dir='ltr'><strong>Gentium.</strong></span> <span class='ocrx_word' id='word_1_242' title='bbox 1408 3117 1485 3171; x_wconf 82' lang='lat' dir='ltr'><strong>Ex</strong></span> <span class='ocrx_word' id='word_1_243' title='bbox 1530 3116 1616 3170; x_wconf 87' lang='lat' dir='ltr'><strong>illa</strong></span> <span class='ocrx_word' id='word_1_244' title='bbox 1644 3116 1787 3171; x_wconf 91' lang='lat' dir='ltr'><strong>enim</strong></span> 
     </span>
    </p>
   </div>
   <div class='ocr_carea' id='block_1_33' title="bbox 232 3208 1784 3282">
    <p class='ocr_par' dir='ltr' id='par_1_33' title="bbox 232 3208 1784 3282">
     <span class='ocr_line' id='line_1_33' title="bbox 232 3208 1784 3282; baseline -0.003 -15"><span class='ocrx_word' id='word_1_245' title='bbox 232 3226 386 3267; x_wconf 66' lang='lat' dir='ltr'><strong>metue</strong></span> <span class='ocrx_word' id='word_1_246' title='bbox 409 3210 648 3282; x_wconf 81' lang='lat' dir='ltr'><strong>Apostoli</strong></span> <span class='ocrx_word' id='word_1_247' title='bbox 677 3211 832 3266; x_wconf 85' lang='lat' dir='ltr'><strong>electi</strong></span> <span class='ocrx_word' id='word_1_248' title='bbox 863 3218 1007 3275; x_wconf 91' lang='lat' dir='ltr'><strong>sunt,</strong></span> <span class='ocrx_word' id='word_1_249' title='bbox 1046 3208 1134 3263; x_wconf 90' lang='lat' dir='ltr'><strong>ubi</strong></span> <span class='ocrx_word' id='word_1_250' title='bbox 1173 3209 1285 3278; x_wconf 86' lang='lat' dir='ltr'><strong>jum</strong></span> <span class='ocrx_word' id='word_1_251' title='bbox 1325 3223 1444 3263; x_wconf 92' lang='lat' dir='ltr'><strong>eum</strong></span> <span class='ocrx_word' id='word_1_252' title='bbox 1476 3217 1784 3276; x_wconf 87' lang='lat' dir='ltr'><strong>meteretur,</strong></span> 
     </span>
    </p>
   </div>
   <div class='ocr_carea' id='block_1_34' title="bbox 232 3298 1784 3371">
    <p class='ocr_par' dir='ltr' id='par_1_34' title="bbox 232 3298 1784 3371">
     <span class='ocr_line' id='line_1_34' title="bbox 232 3298 1784 3371; baseline -0.001 -16"><span class='ocrx_word' id='word_1_253' title='bbox 232 3312 470 3358; x_wconf 80' lang='lat' dir='ltr'><strong>maturum</strong></span> <span class='ocrx_word' id='word_1_254' title='bbox 523 3313 676 3369; x_wconf 88' lang='lat' dir='ltr'><strong>erat;</strong></span> <span class='ocrx_word' id='word_1_255' title='bbox 743 3301 864 3371; x_wconf 86' lang='lat' dir='ltr'><strong>quia</strong></span> <span class='ocrx_word' id='word_1_256' title='bbox 920 3300 991 3360; x_wconf 85' lang='lat' dir='ltr'><strong>ibi</strong></span> <span class='ocrx_word' id='word_1_257' title='bbox 1049 3298 1327 3367; x_wconf 68' lang='lat' dir='ltr'><strong>Proliheta:</strong></span> <span class='ocrx_word' id='word_1_258' title='bbox 1373 3299 1784 3354; x_wconf 82' lang='lat' dir='ltr'><strong>seminaverunt.</strong></span> 
     </span>
    </p>
   </div>
   <div class='ocr_carea' id='block_1_35' title="bbox 238 3391 1785 3464">
    <p class='ocr_par' dir='ltr' id='par_1_35' title="bbox 238 3391 1785 3464">
     <span class='ocr_line' id='line_1_35' title="bbox 238 3391 1785 3464; baseline -0.001 -17"><span class='ocrx_word' id='word_1_259' title='bbox 238 3392 445 3449; x_wconf 80' lang='lat' dir='ltr'><strong>Delectat</strong></span> <span class='ocrx_word' id='word_1_260' title='bbox 479 3394 747 3464; x_wconf 86' lang='lat' dir='ltr'><strong>inspicere</strong></span> <span class='ocrx_word' id='word_1_261' title='bbox 772 3392 1149 3462; x_wconf 77' lang='lat' dir='ltr'><strong>agriculturam</strong></span> <span class='ocrx_word' id='word_1_262' title='bbox 1179 3391 1292 3455; x_wconf 87' lang='lat' dir='ltr'><strong>Dei,</strong></span> <span class='ocrx_word' id='word_1_263' title='bbox 1324 3400 1379 3447; x_wconf 91' lang='lat' dir='ltr'><strong>et</strong></span> <span class='ocrx_word' id='word_1_264' title='bbox 1400 3392 1659 3446; x_wconf 85' lang='lat' dir='ltr'><strong>obiectari</strong></span> <span class='ocrx_word' id='word_1_265' title='bbox 1687 3392 1785 3446; x_wconf 85' lang='lat' dir='ltr'><strong>do-</strong></span> 
     </span>
    </p>
   </div>
   <div class='ocr_carea' id='block_1_36' title="bbox 233 3483 1788 3556">
    <p class='ocr_par' dir='ltr' id='par_1_36' title="bbox 233 3483 1788 3556">
     <span class='ocr_line' id='line_1_36' title="bbox 233 3483 1788 3556; baseline -0.001 -17"><span class='ocrx_word' id='word_1_266' title='bbox 233 3485 303 3540; x_wconf 80' lang='lat' dir='ltr'><strong>nis</strong></span> <span class='ocrx_word' id='word_1_267' title='bbox 325 3487 451 3555; x_wconf 86' lang='lat' dir='ltr'><strong>ejus,</strong></span> <span class='ocrx_word' id='word_1_268' title='bbox 482 3493 540 3542; x_wconf 91' lang='lat' dir='ltr'><strong>et</strong></span> <span class='ocrx_word' id='word_1_269' title='bbox 562 3483 823 3556; x_wconf 87' lang='lat' dir='ltr'><strong>operariis</strong></span> <span class='ocrx_word' id='word_1_270' title='bbox 851 3484 903 3538; x_wconf 92' lang='lat' dir='ltr'><strong>in</strong></span> <span class='ocrx_word' id='word_1_271' title='bbox 932 3499 1063 3555; x_wconf 80' lang='lat' dir='ltr'><strong>agro</strong></span> <span class='ocrx_word' id='word_1_272' title='bbox 1091 3484 1228 3553; x_wconf 87' lang='lat' dir='ltr'><strong>ejus.</strong></span> <span class='ocrx_word' id='word_1_273' title='bbox 1267 3484 1322 3537; x_wconf 92' lang='lat' dir='ltr'><strong>In</strong></span> <span class='ocrx_word' id='word_1_274' title='bbox 1355 3485 1453 3539; x_wconf 88' lang='lat' dir='ltr'><strong>hac</strong></span> <span class='ocrx_word' id='word_1_275' title='bbox 1476 3484 1618 3539; x_wconf 89' lang='lat' dir='ltr'><strong>enim</strong></span> <span class='ocrx_word' id='word_1_276' title='bbox 1647 3485 1788 3555; x_wconf 76' lang='lat' dir='ltr'><strong>agri-</strong></span> 
     </span>
    </p>
   </div>
   <div class='ocr_carea' id='block_1_37' title="bbox 229 3571 1788 3648">
    <p class='ocr_par' dir='ltr' id='par_1_37' title="bbox 229 3571 1788 3648">
     <span class='ocr_line' id='line_1_37' title="bbox 229 3571 1788 3648; baseline -0.001 -18"><span class='ocrx_word' id='word_1_277' title='bbox 229 3577 410 3632; x_wconf 84' lang='lat' dir='ltr'><strong>cultura</strong></span> <span class='ocrx_word' id='word_1_278' title='bbox 438 3576 763 3648; x_wconf 85' lang='lat' dir='ltr'><strong>operabatur</strong></span> <span class='ocrx_word' id='word_1_279' title='bbox 804 3575 895 3645; x_wconf 90' lang='lat' dir='ltr'><strong>qui</strong></span> <span class='ocrx_word' id='word_1_280' title='bbox 938 3574 1145 3629; x_wconf 87' lang='lat' dir='ltr'><strong>dicebat</strong></span> <span class='ocrx_word' id='word_1_281' title='bbox 1177 3590 1192 3626; x_wconf 91' lang='lat'><strong>:</strong></span> <span class='ocrx_word' id='word_1_282' title='bbox 1237 3571 1369 3632; x_wconf 81' lang='lat' dir='ltr'><strong>Plus</strong></span> <span class='ocrx_word' id='word_1_283' title='bbox 1412 3575 1643 3628; x_wconf 73' lang='lat' dir='ltr'><strong>omnibus</strong></span> <span class='ocrx_word' id='word_1_284' title='bbox 1686 3574 1788 3629; x_wconf 80' lang='lat' dir='ltr'><strong>illis</strong></span> 
     </span>
    </p>
   </div>
   <div class='ocr_carea' id='block_1_38' title="bbox 230 3665 1789 3736">
    <p class='ocr_par' dir='ltr' id='par_1_38' title="bbox 230 3665 1789 3736">
     <span class='ocr_line' id='line_1_38' title="bbox 230 3665 1789 3736; baseline -0.004 -11"><span class='ocrx_word' id='word_1_285' title='bbox 230 3666 449 3725; x_wconf 73' lang='lat' dir='ltr'><strong>laboraui.</strong></span> <span class='ocrx_word' id='word_1_286' title='bbox 476 3668 584 3724; x_wconf 88' lang='lat' dir='ltr'><strong>Sed</strong></span> <span class='ocrx_word' id='word_1_287' title='bbox 609 3669 752 3723; x_wconf 81' lang='lat' dir='ltr'><strong>vines</strong></span> <span class='ocrx_word' id='word_1_288' title='bbox 786 3667 834 3722; x_wconf 91' lang='lat' dir='ltr'><strong>ei</strong></span> <span class='ocrx_word' id='word_1_289' title='bbox 866 3666 1129 3720; x_wconf 83' lang='lat' dir='ltr'><strong>dabantur</strong></span> <span class='ocrx_word' id='word_1_290' title='bbox 1165 3665 1232 3721; x_wconf 86' lang='lat' dir='ltr'><strong>ad</strong></span> <span class='ocrx_word' id='word_1_291' title='bbox 1275 3665 1601 3736; x_wconf 76' lang='lat' dir='ltr'><strong>operantium</strong></span> <span class='ocrx_word' id='word_1_292' title='bbox 1628 3680 1657 3718; x_wconf 92' lang='lat' dir='ltr'><strong>a</strong></span> <span class='ocrx_word' id='word_1_293' title='bbox 1683 3666 1789 3719; x_wconf 79' lang='lat' dir='ltr'><strong>Do-</strong></span> 
     </span>
    </p>
   </div>
   <div class='ocr_carea' id='block_1_39' title="bbox 235 3755 1790 3828">
    <p class='ocr_par' dir='ltr' id='par_1_39' title="bbox 235 3755 1790 3828">
     <span class='ocr_line' id='line_1_39' title="bbox 235 3755 1790 3828; baseline -0.001 -17"><span class='ocrx_word' id='word_1_294' title='bbox 235 3761 365 3813; x_wconf 79' lang='lat' dir='ltr'><strong>mino</strong></span> <span class='ocrx_word' id='word_1_295' title='bbox 385 3760 575 3817; x_wconf 83' lang='lat' dir='ltr'><strong>messis</strong></span> <span class='ocrx_word' id='word_1_296' title='bbox 607 3775 623 3813; x_wconf 90' lang='lat'><strong>:</strong></span> <span class='ocrx_word' id='word_1_297' title='bbox 652 3758 775 3813; x_wconf 90' lang='lat' dir='ltr'><strong>ideo</strong></span> <span class='ocrx_word' id='word_1_298' title='bbox 812 3757 1066 3827; x_wconf 85' lang='lat' dir='ltr'><strong>subjecit.</strong></span> <span class='ocrx_word' id='word_1_299' title='bbox 1111 3755 1234 3810; x_wconf 81' lang='lat' dir='ltr'><strong>Non</strong></span> <span class='ocrx_word' id='word_1_300' title='bbox 1259 3772 1350 3828; x_wconf 78' lang='lat' dir='ltr'><strong>ego</strong></span> <span class='ocrx_word' id='word_1_301' title='bbox 1384 3773 1516 3821; x_wconf 82' lang='lat' dir='ltr'><strong>sum,</strong></span> <span class='ocrx_word' id='word_1_302' title='bbox 1552 3756 1641 3811; x_wconf 82' lang='lat' dir='ltr'><strong>sed</strong></span> <span class='ocrx_word' id='word_1_303' title='bbox 1672 3772 1790 3827; x_wconf 65' lang='grc' dir='ltr'><em>ανα-</em></span> 
     </span>
    </p>
   </div>
   <div class='ocr_carea' id='block_1_40' title="bbox 231 3848 1787 3923">
    <p class='ocr_par' dir='ltr' id='par_1_40' title="bbox 231 3848 1787 3923">
     <span class='ocr_line' id='line_1_40' title="bbox 231 3848 1787 3923; baseline 0.001 -21"><span class='ocrx_word' id='word_1_304' title='bbox 231 3851 295 3902; x_wconf 83' lang='lat' dir='ltr'><strong>tia</strong></span> <span class='ocrx_word' id='word_1_305' title='bbox 316 3849 400 3905; x_wconf 82' lang='lat' dir='ltr'><strong>Dei</strong></span> <span class='ocrx_word' id='word_1_306' title='bbox 420 3867 617 3907; x_wconf 71' lang='lat' dir='ltr'><strong>nucum</strong></span> <span class='ocrx_word' id='word_1_307' title='bbox 643 3849 707 3923; x_wconf 73' lang='grc' dir='ltr'><strong>(ι</strong></span> <span class='ocrx_word' id='word_1_308' title='bbox 731 3849 846 3905; x_wconf 88' lang='lat' dir='ltr'><strong>Cor.</strong></span> <span class='ocrx_word' id='word_1_309' title='bbox 881 3865 967 3915; x_wconf 77' lang='lat' dir='ltr'><strong>xv,</strong></span> <span class='ocrx_word' id='word_1_310' title='bbox 997 3849 1112 3919; x_wconf 78' lang='grc'><strong>10).</strong></span> <span class='ocrx_word' id='word_1_311' title='bbox 1140 3849 1272 3903; x_wconf 84' lang='lat' dir='ltr'><strong>Nam</strong></span> <span class='ocrx_word' id='word_1_312' title='bbox 1304 3863 1363 3904; x_wconf 88' lang='lat' dir='ltr'><strong>se</strong></span> <span class='ocrx_word' id='word_1_313' title='bbox 1387 3849 1439 3903; x_wconf 92' lang='lat' dir='ltr'><strong>in</strong></span> <span class='ocrx_word' id='word_1_314' title='bbox 1468 3848 1787 3918; x_wconf 76' lang='lat' dir='ltr'><strong>agricultura</strong></span> 
     </span>
    </p>
   </div>
   <div class='ocr_carea' id='block_1_41' title="bbox 229 3941 1789 4014">
    <p class='ocr_par' dir='ltr' id='par_1_41' title="bbox 229 3941 1789 4014">
     <span class='ocr_line' id='line_1_41' title="bbox 229 3941 1789 4014; baseline 0.001 -20"><span class='ocrx_word' id='word_1_315' title='bbox 229 3946 404 3999; x_wconf 75' lang='lat' dir='ltr'><strong>versari</strong></span> <span class='ocrx_word' id='word_1_316' title='bbox 439 3946 572 4000; x_wconf 85' lang='lat' dir='ltr'><strong>satis</strong></span> <span class='ocrx_word' id='word_1_317' title='bbox 602 3943 856 4010; x_wconf 81' lang='lat' dir='ltr'><strong>ostendit,</strong></span> <span class='ocrx_word' id='word_1_318' title='bbox 889 3944 976 3997; x_wconf 84' lang='lat' dir='ltr'><strong>ubi</strong></span> <span class='ocrx_word' id='word_1_319' title='bbox 1019 3944 1094 3998; x_wconf 75' lang='lat' dir='ltr'><strong>ait</strong></span> <span class='ocrx_word' id='word_1_320' title='bbox 1122 3960 1135 3995; x_wconf 77' lang='grc' dir='ltr'><em>τ</em></span> <span class='ocrx_word' id='word_1_321' title='bbox 1170 3942 1283 4014; x_wconf 75' lang='lat' dir='ltr'><strong>Ego</strong></span> <span class='ocrx_word' id='word_1_322' title='bbox 1322 3942 1567 4011; x_wconf 74' lang='lat' dir='ltr'><strong>plantaei,</strong></span> <span class='ocrx_word' id='word_1_323' title='bbox 1600 3941 1789 4011; x_wconf 77' lang='lat' dir='ltr'><strong>Apollo</strong></span> 
     </span>
    </p>
   </div>
   <div class='ocr_carea' id='block_1_42' title="bbox 233 4034 1788 4109">
    <p class='ocr_par' dir='ltr' id='par_1_42' title="bbox 233 4034 1788 4109">
     <span class='ocr_line' id='line_1_42' title="bbox 233 4034 1788 4109; baseline 0.003 -23"><span class='ocrx_word' id='word_1_324' title='bbox 233 4036 391 4104; x_wconf 69' lang='lat' dir='ltr'><strong>rigavit</strong></span> <span class='ocrx_word' id='word_1_325' title='bbox 431 4036 540 4109; x_wconf 80' lang='lat' dir='ltr'><strong>(Id.</strong></span> <span class='ocrx_word' id='word_1_326' title='bbox 578 4052 657 4104; x_wconf 86' lang='grc' dir='ltr'><strong>ιιι,</strong></span> <span class='ocrx_word' id='word_1_327' title='bbox 704 4035 784 4105; x_wconf 83' lang='grc'><strong>6).</strong></span> <span class='ocrx_word' id='word_1_328' title='bbox 832 4036 926 4090; x_wconf 87' lang='lat' dir='ltr'><strong>llic</strong></span> <span class='ocrx_word' id='word_1_329' title='bbox 967 4045 1144 4091; x_wconf 83' lang='lat' dir='ltr'><strong>autem</strong></span> <span class='ocrx_word' id='word_1_330' title='bbox 1189 4036 1472 4104; x_wconf 84' lang='lat' dir='ltr'><strong>Apostolus</strong></span> <span class='ocrx_word' id='word_1_331' title='bbox 1518 4034 1587 4089; x_wconf 88' lang='lat' dir='ltr'><strong>de</strong></span> <span class='ocrx_word' id='word_1_332' title='bbox 1627 4035 1788 4090; x_wconf 85' lang='lat' dir='ltr'><strong>Sanlo</strong></span> 
     </span>
    </p>
   </div>
   <div class='ocr_carea' id='block_1_43' title="bbox 232 4121 1785 4194">
    <p class='ocr_par' dir='ltr' id='par_1_43' title="bbox 232 4121 1785 4194">
     <span class='ocr_line' id='line_1_43' title="bbox 232 4121 1785 4194; baseline -0.001 -15"><span class='ocrx_word' id='word_1_333' title='bbox 232 4121 421 4189; x_wconf 80' lang='lat' dir='ltr'><strong>Paulus,</strong></span> <span class='ocrx_word' id='word_1_334' title='bbox 453 4127 553 4181; x_wconf 90' lang='lat' dir='ltr'><strong>hoc</strong></span> <span class='ocrx_word' id='word_1_335' title='bbox 590 4134 677 4182; x_wconf 88' lang='lat' dir='ltr'><strong>est</strong></span> <span class='ocrx_word' id='word_1_336' title='bbox 720 4124 789 4180; x_wconf 91' lang='lat' dir='ltr'><strong>de</strong></span> <span class='ocrx_word' id='word_1_337' title='bbox 827 4125 1060 4194; x_wconf 82' lang='lat' dir='ltr'><strong>superbo</strong></span> <span class='ocrx_word' id='word_1_338' title='bbox 1090 4124 1342 4179; x_wconf 87' lang='lat' dir='ltr'><strong>minimus</strong></span> <span class='ocrx_word' id='word_1_339' title='bbox 1375 4142 1388 4178; x_wconf 90' lang='lat'><strong>:</strong></span> <span class='ocrx_word' id='word_1_340' title='bbox 1421 4124 1614 4179; x_wconf 89' lang='lat' dir='ltr'><strong>Saulus</strong></span> <span class='ocrx_word' id='word_1_341' title='bbox 1641 4125 1785 4179; x_wconf 89' lang='lat' dir='ltr'><strong>enim</strong></span> 
     </span>
    </p>
   </div>
   <div class='ocr_carea' id='block_1_44' title="bbox 229 4214 1784 4285">
    <p class='ocr_par' dir='ltr' id='par_1_44' title="bbox 229 4214 1784 4285">
     <span class='ocr_line' id='line_1_44' title="bbox 229 4214 1784 4285; baseline 0.004 -20"><span class='ocrx_word' id='word_1_342' title='bbox 229 4229 255 4265; x_wconf 77' lang='grc' dir='ltr'><strong>ιι</strong></span> <span class='ocrx_word' id='word_1_343' title='bbox 280 4214 424 4272; x_wconf 74' lang='lat' dir='ltr'><strong>Same</strong></span> <span class='ocrx_word' id='word_1_344' title='bbox 442 4216 823 4273; x_wconf 84' lang='lat' dir='ltr'><strong>denominatur</strong></span> <span class='ocrx_word' id='word_1_345' title='bbox 849 4233 866 4266; x_wconf 71' lang='grc' dir='ltr'>ε</span> <span class='ocrx_word' id='word_1_346' title='bbox 894 4215 1107 4285; x_wconf 72' lang='lat' dir='ltr'><strong>[malum</strong></span> <span class='ocrx_word' id='word_1_347' title='bbox 1137 4224 1315 4270; x_wconf 85' lang='lat' dir='ltr'><strong>autem</strong></span> <span class='ocrx_word' id='word_1_348' title='bbox 1355 4214 1621 4285; x_wconf 81' lang='lat' dir='ltr'><strong>modicum</strong></span> <span class='ocrx_word' id='word_1_349' title='bbox 1656 4224 1739 4272; x_wconf 86' lang='lat' dir='ltr'><strong>est</strong></span> <span class='ocrx_word' id='word_1_350' title='bbox 1771 4235 1784 4271; x_wconf 88' lang='lat'><strong>:</strong></span> 
     </span>
    </p>
   </div>
   <div class='ocr_carea' id='block_1_45' title="bbox 231 4306 1785 4378">
    <p class='ocr_par' dir='ltr' id='par_1_45' title="bbox 231 4306 1785 4378">
     <span class='ocr_line' id='line_1_45' title="bbox 231 4306 1785 4378; baseline 0.003 -22"><span class='ocrx_word' id='word_1_351' title='bbox 231 4307 356 4362; x_wconf 88' lang='lat' dir='ltr'><strong>unde</strong></span> <span class='ocrx_word' id='word_1_352' title='bbox 382 4323 570 4364; x_wconf 88' lang='lat' dir='ltr'><strong>nomen</strong></span> <span class='ocrx_word' id='word_1_353' title='bbox 597 4323 757 4364; x_wconf 82' lang='lat' dir='ltr'><strong>suum</strong></span> <span class='ocrx_word' id='word_1_354' title='bbox 780 4307 1009 4378; x_wconf 84' lang='lat' dir='ltr'><strong>quodam</strong></span> <span class='ocrx_word' id='word_1_355' title='bbox 1035 4306 1196 4361; x_wconf 91' lang='lat' dir='ltr'><strong>modo</strong></span> <span class='ocrx_word' id='word_1_356' title='bbox 1233 4307 1609 4376; x_wconf 83' lang='lat' dir='ltr'><strong>interpretatus</strong></span> <span class='ocrx_word' id='word_1_357' title='bbox 1632 4347 1648 4371; x_wconf 92' lang='lat'><strong>,</strong></span> <span class='ocrx_word' id='word_1_358' title='bbox 1689 4308 1785 4374; x_wconf 84' lang='lat' dir='ltr'><strong>ait,</strong></span> 
     </span>
    </p>
   </div>
   <div class='ocr_carea' id='block_1_46' title="bbox 237 4394 1787 4468">
    <p class='ocr_par' dir='ltr' id='par_1_46' title="bbox 237 4394 1787 4468">
     <span class='ocr_line' id='line_1_46' title="bbox 237 4394 1787 4468; baseline 0.001 -17"><span class='ocrx_word' id='word_1_359' title='bbox 237 4394 332 4466; x_wconf 73' lang='lat' dir='ltr'><strong>Ego</strong></span> <span class='ocrx_word' id='word_1_360' title='bbox 353 4416 458 4453; x_wconf 82' lang='lat' dir='ltr'><strong>sum</strong></span> <span class='ocrx_word' id='word_1_361' title='bbox 486 4398 723 4454; x_wconf 79' lang='lat' dir='ltr'><strong>minimus</strong></span> <span class='ocrx_word' id='word_1_362' title='bbox 741 4397 1099 4464; x_wconf 77' lang='lat' dir='ltr'><strong>Apostolorum</strong></span> <span class='ocrx_word' id='word_1_363' title='bbox 1125 4396 1239 4468; x_wconf 75' lang='lat' dir='ltr'><strong>(Id.</strong></span> <span class='ocrx_word' id='word_1_364' title='bbox 1274 4412 1363 4460; x_wconf 81' lang='lat' dir='ltr'><strong>xv,</strong></span> <span class='ocrx_word' id='word_1_365' title='bbox 1395 4397 1489 4467; x_wconf 80' lang='lat'><strong>9):</strong></span> <span class='ocrx_word' id='word_1_366' title='bbox 1518 4396 1632 4467; x_wconf 87' lang='lat' dir='ltr'><strong>ipse</strong></span> <span class='ocrx_word' id='word_1_367' title='bbox 1654 4410 1787 4468; x_wconf 74' lang='lat' dir='ltr'><strong>ergo</strong></span> 
     </span>
    </p>
   </div>
   <div class='ocr_carea' id='block_1_47' title="bbox 232 4488 1786 4557">
    <p class='ocr_par' dir='ltr' id='par_1_47' title="bbox 232 4488 1786 4557">
     <span class='ocr_line' id='line_1_47' title="bbox 232 4488 1786 4557; baseline 0 -14"><span class='ocrx_word' id='word_1_368' title='bbox 232 4488 423 4557; x_wconf 71' lang='lat' dir='ltr'><strong>t‘aolns,</strong></span> <span class='ocrx_word' id='word_1_369' title='bbox 453 4491 503 4544; x_wconf 87' lang='lat' dir='ltr'><strong>id</strong></span> <span class='ocrx_word' id='word_1_370' title='bbox 528 4501 633 4557; x_wconf 84' lang='lat' dir='ltr'><strong>est,</strong></span> <span class='ocrx_word' id='word_1_371' title='bbox 666 4490 909 4545; x_wconf 81' lang='lat' dir='ltr'><strong>modicus</strong></span> <span class='ocrx_word' id='word_1_372' title='bbox 933 4498 989 4544; x_wconf 86' lang='lat' dir='ltr'><strong>et</strong></span> <span class='ocrx_word' id='word_1_373' title='bbox 1027 4488 1280 4543; x_wconf 88' lang='lat' dir='ltr'><strong>minimus</strong></span> <span class='ocrx_word' id='word_1_374' title='bbox 1300 4488 1496 4544; x_wconf 83' lang='lat' dir='ltr'><strong>missus</strong></span> <span class='ocrx_word' id='word_1_375' title='bbox 1534 4488 1599 4542; x_wconf 88' lang='lat' dir='ltr'><strong>ad</strong></span> <span class='ocrx_word' id='word_1_376' title='bbox 1636 4488 1786 4545; x_wconf 80' lang='lat' dir='ltr'><strong>Gen-</strong></span> 
     </span>
    </p>
   </div>
   <div class='ocr_carea' id='block_1_48' title="bbox 228 4578 1784 4651">
    <p class='ocr_par' dir='ltr' id='par_1_48' title="bbox 228 4578 1784 4651">
     <span class='ocr_line' id='line_1_48' title="bbox 228 4578 1784 4651; baseline 0.001 -20"><span class='ocrx_word' id='word_1_377' title='bbox 228 4585 320 4645; x_wconf 79' lang='lat' dir='ltr'><strong>tes,</strong></span> <span class='ocrx_word' id='word_1_378' title='bbox 347 4583 602 4651; x_wconf 67' lang='lat' dir='ltr'><strong>pracipue</strong></span> <span class='ocrx_word' id='word_1_379' title='bbox 626 4581 693 4635; x_wconf 81' lang='lat' dir='ltr'><strong>ad</strong></span> <span class='ocrx_word' id='word_1_380' title='bbox 717 4579 917 4636; x_wconf 77' lang='lat' dir='ltr'><strong>Gentes</strong></span> <span class='ocrx_word' id='word_1_381' title='bbox 946 4592 1004 4634; x_wconf 87' lang='lat' dir='ltr'><strong>se</strong></span> <span class='ocrx_word' id='word_1_382' title='bbox 1023 4579 1242 4633; x_wconf 87' lang='lat' dir='ltr'><strong>missum</strong></span> <span class='ocrx_word' id='word_1_383' title='bbox 1265 4578 1411 4636; x_wconf 85' lang='lat' dir='ltr'><strong>dicit.</strong></span> <span class='ocrx_word' id='word_1_384' title='bbox 1438 4578 1557 4648; x_wconf 88' lang='lat' dir='ltr'><strong>Ipse</strong></span> <span class='ocrx_word' id='word_1_385' title='bbox 1580 4579 1784 4646; x_wconf 79' lang='lat' dir='ltr'><strong>scribit,</strong></span> 
     </span>
    </p>
   </div>
   <div class='ocr_carea' id='block_1_49' title="bbox 228 4668 1790 4744">
    <p class='ocr_par' dir='ltr' id='par_1_49' title="bbox 228 4668 1790 4744">
     <span class='ocr_line' id='line_1_49' title="bbox 228 4668 1790 4744; baseline 0.002 -18"><span class='ocrx_word' id='word_1_386' title='bbox 228 4684 319 4726; x_wconf 79' lang='lat' dir='ltr'><strong>nos</strong></span> <span class='ocrx_word' id='word_1_387' title='bbox 349 4673 588 4744; x_wconf 80' lang='lat' dir='ltr'><strong>legimus,</strong></span> <span class='ocrx_word' id='word_1_388' title='bbox 618 4671 909 4738; x_wconf 84' lang='lat' dir='ltr'><strong>credimus,</strong></span> <span class='ocrx_word' id='word_1_389' title='bbox 940 4669 1310 4741; x_wconf 69' lang='lat' dir='ltr'><strong>prmdicamns.</strong></span> <span class='ocrx_word' id='word_1_390' title='bbox 1349 4668 1468 4739; x_wconf 87' lang='lat' dir='ltr'><strong>Ipse</strong></span> <span class='ocrx_word' id='word_1_391' title='bbox 1495 4683 1625 4740; x_wconf 81' lang='lat' dir='ltr'><strong>ergo</strong></span> <span class='ocrx_word' id='word_1_392' title='bbox 1660 4669 1790 4729; x_wconf 75' lang='lat' dir='ltr'><strong>dicit</strong></span> 
     </span>
    </p>
   </div>
   <div class='ocr_carea' id='block_1_50' title="bbox 285 4780 1791 4846">
    <p class='ocr_par' dir='ltr' id='par_1_50' title="bbox 285 4780 1791 4846">
     <span class='ocr_line' id='line_1_50' title="bbox 285 4780 1791 4846; baseline -0.001 -9"><span class='ocrx_word' id='word_1_393' title='bbox 285 4786 295 4846; x_wconf 66' lang='grc' dir='ltr'><strong>ξ</strong></span> <span class='ocrx_word' id='word_1_394' title='bbox 322 4785 448 4843; x_wconf 72' lang='lat' dir='ltr'><strong>Editi,</strong></span> <span class='ocrx_word' id='word_1_395' title='bbox 471 4782 631 4835; x_wconf 75' lang='lat' dir='ltr'><strong>credis</strong></span> <span class='ocrx_word' id='word_1_396' title='bbox 646 4789 692 4834; x_wconf 82' lang='lat' dir='ltr'><strong>te</strong></span> <span class='ocrx_word' id='word_1_397' title='bbox 708 4781 812 4834; x_wconf 83' lang='lat' dir='ltr'><strong>sine</strong></span> <span class='ocrx_word' id='word_1_398' title='bbox 828 4789 927 4846; x_wconf 81' lang='lat' dir='ltr'><strong>Deo</strong></span> <span class='ocrx_word' id='word_1_399' title='bbox 947 4795 1082 4846; x_wconf 84' lang='lat' dir='ltr'><strong>posse</strong></span> <span class='ocrx_word' id='word_1_400' title='bbox 1101 4780 1125 4831; x_wconf 78' lang='lat'><strong>1’</strong></span> <span class='ocrx_word' id='word_1_401' title='bbox 1147 4780 1335 4831; x_wconf 78' lang='lat' dir='ltr'><strong>Planius</strong></span> <span class='ocrx_word' id='word_1_402' title='bbox 1365 4794 1484 4833; x_wconf 76' lang='lat' dir='ltr'><strong>vero</strong></span> <span class='ocrx_word' id='word_1_403' title='bbox 1505 4789 1584 4831; x_wconf 78' lang='lat' dir='ltr'><strong>Ms.</strong></span> <span class='ocrx_word' id='word_1_404' title='bbox 1610 4795 1736 4846; x_wconf 80' lang='lat' dir='ltr'><strong>unus</strong></span> <span class='ocrx_word' id='word_1_405' title='bbox 1759 4798 1791 4836; x_wconf 89' lang='lat' dir='ltr'><strong>e</strong></span> 
     </span>
    </p>
   </div>
   <div class='ocr_carea' id='block_1_51' title="bbox 226 4842 1791 4937">
    <p class='ocr_par' dir='ltr' id='par_1_51' title="bbox 226 4842 1791 4937">
     <span class='ocr_line' id='line_1_51' title="bbox 226 4842 1791 4937; baseline 0.003 -44"><span class='ocrx_word' id='word_1_406' title='bbox 550 4846 714 4896; x_wconf 80' lang='lat' dir='ltr'><strong>credis</strong></span> <span class='ocrx_word' id='word_1_407' title='bbox 756 4851 811 4894; x_wconf 89' lang='lat' dir='ltr'><strong>tu</strong></span> <span class='ocrx_word' id='word_1_408' title='bbox 845 4842 957 4895; x_wconf 68' lang='lat' dir='ltr'><strong>sine</strong></span> <span class='ocrx_word' id='word_1_409' title='bbox 979 4852 1081 4895; x_wconf 82' lang='lat' dir='ltr'><strong>Deo</strong></span> <span class='ocrx_word' id='word_1_410' title='bbox 1118 4856 1211 4894; x_wconf 85' lang='lat' dir='ltr'><strong>non</strong></span> <span class='ocrx_word' id='word_1_411' title='bbox 1250 4857 1385 4906; x_wconf 81' lang='lat' dir='ltr'><strong>posse</strong></span> <span class='ocrx_word' id='word_1_412' title='bbox 1422 4856 1615 4896; x_wconf 77' lang='lat' dir='ltr'><strong>servare</strong></span> <span class='ocrx_word' id='word_1_413' title='bbox 1647 4844 1791 4906; x_wconf 79' lang='lat' dir='ltr'><strong>justi-</strong></span> 
     </span>
    </p>
   </div>
   <div class='ocr_carea' id='block_1_52' title="bbox 223 4910 1783 5030">
    <p class='ocr_par' dir='ltr' id='par_1_52' title="bbox 223 4910 1783 5030">
     <span class='ocr_line' id='line_1_52' title="bbox 247 4910 364 4937; baseline 0 -23"><span class='ocrx_word' id='word_1_414' title='bbox 247 4910 268 4929; x_wconf 53' lang='lat'><strong>,</strong></span> <span class='ocrx_word' id='word_1_415' title='bbox 342 4910 364 4937; x_wconf 68' lang='lat'><strong>,</strong></span> 
     </span>
     <span class='ocr_line' id='line_1_53' title="bbox 223 4910 1783 5030; baseline 0.002 -14"><span class='ocrx_word' id='word_1_416' title='bbox 223 4910 629 5030; x_wconf 36' lang='lat' dir='ltr'><strong>Eurossatensis</strong></span> <span class='ocrx_word' id='word_1_417' title='bbox 680 4977 826 5018; x_wconf 70' lang='lat' dir='ltr'><strong>vetus</strong></span> <span class='ocrx_word' id='word_1_418' title='bbox 873 4966 1030 5030; x_wconf 76' lang='lat' dir='ltr'><strong>codex</strong></span> <span class='ocrx_word' id='word_1_419' title='bbox 1052 4980 1085 5014; x_wconf 14' lang='lat'><strong>7:</strong></span> <span class='ocrx_word' id='word_1_420' title='bbox 1117 4963 1343 5030; x_wconf 71' lang='lat' dir='ltr'><strong>conversi</strong></span> <span class='ocrx_word' id='word_1_421' title='bbox 1393 4967 1458 5030; x_wconf 66' lang='lat' dir='ltr'><strong>ad</strong></span> <span class='ocrx_word' id='word_1_422' title='bbox 1502 4966 1753 5019; x_wconf 57' lang='lat' dir='ltr'><strong>nomium:</strong></span> <span class='ocrx_word' id='word_1_423' title='bbox 1769 5010 1783 5030; x_wconf 91' lang='lat'><strong>,</strong></span> 
     </span>
    </p>
   </div>
   <div class='ocr_carea' id='block_1_53' title="bbox 222 5025 1790 5100">
    <p class='ocr_par' dir='ltr' id='par_1_53' title="bbox 222 5025 1790 5100">
     <span class='ocr_line' id='line_1_54' title="bbox 222 5025 1790 5100; baseline 0.001 -20"><span class='ocrx_word' id='word_1_424' title='bbox 384 5033 706 5100; x_wconf 52' lang='lat' dir='ltr'><strong>deprecante</strong></span> <span class='ocrx_word' id='word_1_425' title='bbox 719 5042 810 5100; x_wconf 68' lang='lat' dir='ltr'><strong>pro</strong></span> <span class='ocrx_word' id='word_1_426' title='bbox 829 5028 988 5100; x_wconf 69' lang='lat' dir='ltr'><strong>npbis,</strong></span> <span class='ocrx_word' id='word_1_427' title='bbox 1012 5035 1058 5080; x_wconf 85' lang='lat' dir='ltr'><strong>et</strong></span> <span class='ocrx_word' id='word_1_428' title='bbox 1088 5040 1178 5093; x_wconf 87' lang='lat' dir='ltr'><strong>pro</strong></span> <span class='ocrx_word' id='word_1_429' title='bbox 1193 5028 1326 5079; x_wconf 70' lang='lat' dir='ltr'><strong>enini</strong></span> <span class='ocrx_word' id='word_1_430' title='bbox 1354 5026 1489 5100; x_wconf 77' lang='lat' dir='ltr'><strong>plebe</strong></span> <span class='ocrx_word' id='word_1_431' title='bbox 1522 5042 1611 5100; x_wconf 73' lang='lat' dir='ltr'><strong>sua</strong></span> <span class='ocrx_word' id='word_1_432' title='bbox 1630 5025 1790 5082; x_wconf 59' lang='lat' dir='ltr'><strong>astan-</strong></span> 
     </span>
    </p>
   </div>
   <div class='ocr_carea' id='block_1_54' title="bbox 221 5088 1786 5162">
    <p class='ocr_par' dir='ltr' id='par_1_54' title="bbox 221 5088 1786 5162">
     <span class='ocr_line' id='line_1_55' title="bbox 221 5088 1786 5162; baseline 0.004 -24"><span class='ocrx_word' id='word_1_433' title='bbox 221 5088 264 5138; x_wconf 78' lang='lat' dir='ltr'><strong>te</strong></span> <span class='ocrx_word' id='word_1_434' title='bbox 571 5091 623 5162; x_wconf 75' lang='lat' dir='ltr'><strong>in</strong></span> <span class='ocrx_word' id='word_1_435' title='bbox 658 5088 797 5142; x_wconf 79' lang='lat' dir='ltr'><strong>atriis</strong></span> <span class='ocrx_word' id='word_1_436' title='bbox 836 5088 1006 5162; x_wconf 69' lang='lat' dir='ltr'><strong>domus</strong></span> <span class='ocrx_word' id='word_1_437' title='bbox 1028 5088 1166 5162; x_wconf 33' lang='lat' dir='ltr'><strong>snitu</strong></span> <span class='ocrx_word' id='word_1_438' title='bbox 1192 5088 1608 5162; x_wconf 54' lang='lat' dir='ltr'><strong>quanrcustodire</strong></span> <span class='ocrx_word' id='word_1_439' title='bbox 1629 5101 1786 5162; x_wconf 68' lang='lat' dir='ltr'><strong>prote-</strong></span> 
     </span>
    </p>
   </div>
   <div class='ocr_carea' id='block_1_55' title="bbox 222 5148 1843 5224">
    <p class='ocr_par' dir='ltr' id='par_1_55' title="bbox 222 5148 1843 5224">
     <span class='ocr_line' id='line_1_56' title="bbox 222 5148 1843 5224; baseline -0.009 -15"><span class='ocrx_word' id='word_1_440' title='bbox 222 5161 411 5224; x_wconf 60' lang='lat' dir='ltr'><strong>circaue</strong></span> <span class='ocrx_word' id='word_1_441' title='bbox 449 5152 677 5224; x_wconf 73' lang='lat' dir='ltr'><strong>dignetur</strong></span> <span class='ocrx_word' id='word_1_442' title='bbox 700 5166 813 5224; x_wconf 88' lang='lat' dir='ltr'><strong>_per</strong></span> <span class='ocrx_word' id='word_1_443' title='bbox 848 5160 1014 5223; x_wconf 71' lang='lat' dir='ltr'><strong>Jesum</strong></span> <span class='ocrx_word' id='word_1_444' title='bbox 1050 5148 1290 5224; x_wconf 71' lang='lat' dir='ltr'><strong>Christum</strong></span> <span class='ocrx_word' id='word_1_445' title='bbox 1326 5150 1517 5224; x_wconf 59' lang='lat' dir='ltr'><strong>ﬁliuni</strong></span> <span class='ocrx_word' id='word_1_446' title='bbox 1547 5148 1653 5222; x_wconf 56' lang='lat' dir='ltr'><strong>ejus</strong></span> <span class='ocrx_word' id='word_1_447' title='bbox 1684 5153 1790 5224; x_wconf 60' lang='grc' dir='ltr'><strong>πηξ-</strong></span> <span class='ocrx_word' id='word_1_448' title='bbox 1840 5166 1843 5169; x_wconf 53' lang='grc' dir='ltr'>λ</span> 
     </span>
    </p>
   </div>
   <div class='ocr_carea' id='block_1_56' title="bbox 221 5211 1791 5277">
    <p class='ocr_par' dir='ltr' id='par_1_56' title="bbox 221 5211 1791 5277">
     <span class='ocr_line' id='line_1_57' title="bbox 221 5211 1791 5277; baseline 0.003 -15"><span class='ocrx_word' id='word_1_449' title='bbox 221 5211 321 5262; x_wconf 73' lang='lat' dir='ltr'><strong>curn</strong></span> <span class='ocrx_word' id='word_1_450' title='bbox 604 5211 847 5277; x_wconf 75' lang='lat' dir='ltr'><strong>nostrum,</strong></span> <span class='ocrx_word' id='word_1_451' title='bbox 858 5212 941 5277; x_wconf 86' lang='lat' dir='ltr'><strong>qui</strong></span> <span class='ocrx_word' id='word_1_452' title='bbox 959 5211 1271 5277; x_wconf 66' lang='lat' dir='ltr'><strong>cunieovirit</strong></span> <span class='ocrx_word' id='word_1_453' title='bbox 1291 5219 1335 5277; x_wconf 85' lang='lat' dir='ltr'><strong>et</strong></span> <span class='ocrx_word' id='word_1_454' title='bbox 1352 5220 1518 5277; x_wconf 81' lang='lat' dir='ltr'><strong>regnat</strong></span> <span class='ocrx_word' id='word_1_455' title='bbox 1540 5211 1590 5277; x_wconf 74' lang='lat' dir='ltr'><strong>iu</strong></span> <span class='ocrx_word' id='word_1_456' title='bbox 1610 5215 1791 5267; x_wconf 77' lang='lat' dir='ltr'><strong>srecula</strong></span> 
     </span>
    </p>
   </div>
   <div class='ocr_carea' id='block_1_57' title="bbox 221 5274 1791 5329">
    <p class='ocr_par' dir='ltr' id='par_1_57' title="bbox 221 5274 1791 5329">
     <span class='ocr_line' id='line_1_58' title="bbox 221 5274 1791 5329; baseline 0.001 -4"><span class='ocrx_word' id='word_1_457' title='bbox 221 5275 506 5326; x_wconf 70' lang='lat' dir='ltr'><strong>mulorum.</strong></span> <span class='ocrx_word' id='word_1_458' title='bbox 541 5289 693 5326; x_wconf 58' lang='lat' dir='ltr'><strong>tmen.</strong></span> <span class='ocrx_word' id='word_1_459' title='bbox 714 5274 936 5325; x_wconf 76' lang='lat' dir='ltr'><strong>Famdem</strong></span> <span class='ocrx_word' id='word_1_460' title='bbox 950 5274 1304 5325; x_wconf 87' lang='lat' dir='ltr'><strong>conclusionem</strong></span> <span class='ocrx_word' id='word_1_461' title='bbox 1320 5274 1468 5324; x_wconf 41' lang='lat' dir='ltr'><strong>hab—et</strong></span> <span class='ocrx_word' id='word_1_462' title='bbox 1487 5276 1791 5329; x_wconf 85' lang='lat' dir='ltr'><strong>Colhertinus</strong></span> 
     </span>
    </p>
   </div>
   <div class='ocr_carea' id='block_1_58' title="bbox 218 5334 1302 5398">
    <p class='ocr_par' dir='ltr' id='par_1_58' title="bbox 218 5334 1302 5398">
     <span class='ocr_line' id='line_1_59' title="bbox 218 5334 1302 5398; baseline -0.002 -14"><span class='ocrx_word' id='word_1_463' title='bbox 218 5340 296 5384; x_wconf 65' lang='lat' dir='ltr'><strong>Its.</strong></span> <span class='ocrx_word' id='word_1_464' title='bbox 316 5337 422 5397; x_wconf 73' lang='lat'><strong>343,</strong></span> <span class='ocrx_word' id='word_1_465' title='bbox 443 5338 533 5389; x_wconf 89' lang='lat' dir='ltr'><strong>sed</strong></span> <span class='ocrx_word' id='word_1_466' title='bbox 552 5339 833 5387; x_wconf 81' lang='lat' dir='ltr'><strong>recentiore</strong></span> <span class='ocrx_word' id='word_1_467' title='bbox 855 5334 1036 5386; x_wconf 89' lang='lat' dir='ltr'><strong>calamo</strong></span> <span class='ocrx_word' id='word_1_468' title='bbox 1051 5337 1302 5398; x_wconf 73' lang='lat' dir='ltr'><strong>adjectum.</strong></span> 
     </span>
    </p>
   </div>
   <div class='ocr_carea' id='block_1_59' title="bbox 279 5398 1480 5461">
    <p class='ocr_par' dir='ltr' id='par_1_59' title="bbox 279 5398 1480 5461">
     <span class='ocr_line' id='line_1_60' title="bbox 279 5398 1480 5461; baseline -0.002 -12"><span class='ocrx_word' id='word_1_469' title='bbox 279 5399 294 5461; x_wconf 64' lang='grc' dir='ltr'>έ</span> <span class='ocrx_word' id='word_1_470' title='bbox 317 5405 365 5449; x_wconf 81' lang='grc' dir='ltr'><strong>ιιι</strong></span> <span class='ocrx_word' id='word_1_471' title='bbox 386 5407 489 5451; x_wconf 73' lang='lat' dir='ltr'><strong>Mss.</strong></span> <span class='ocrx_word' id='word_1_472' title='bbox 513 5399 692 5449; x_wconf 76' lang='lat' dir='ltr'><strong>frustra</strong></span> <span class='ocrx_word' id='word_1_473' title='bbox 710 5399 837 5448; x_wconf 86' lang='lat' dir='ltr'><strong>hunc</strong></span> <span class='ocrx_word' id='word_1_474' title='bbox 852 5411 1134 5461; x_wconf 76' lang='lat' dir='ltr'><strong>sermonem</strong></span> <span class='ocrx_word' id='word_1_475' title='bbox 1154 5398 1480 5461; x_wconf 61' lang='lat' dir='ltr'><strong>quaesivimus.</strong></span> 
     </span>
    </p>
   </div>
   <div class='ocr_carea' id='block_1_60' title="bbox 278 5458 1767 5531">
    <p class='ocr_par' dir='ltr' id='par_1_60' title="bbox 278 5458 1767 5531">
     <span class='ocr_line' id='line_1_61' title="bbox 278 5458 1767 5531; baseline 0 0"><span class='ocrx_word' id='word_1_476' title='bbox 278 5458 962 5531; x_wconf 60' lang='grc' dir='ltr'><strong>ςειΜιίειδναεδαηςιίδν</strong></span> <span class='ocrx_word' id='word_1_477' title='bbox 1571 5521 1580 5531; x_wconf 95' lang='grc'><strong><em>.</em></strong></span> <span class='ocrx_word' id='word_1_478' title='bbox 1644 5527 1669 5531; x_wconf 73' lang='grc'><strong>-,</strong></span> <span class='ocrx_word' id='word_1_479' title='bbox 1756 5518 1767 5531; x_wconf 92' lang='grc'><strong><em>.</em></strong></span> 
     </span>
    </p>
   </div>
   <div class='ocr_carea' id='block_1_61' title="bbox 277 5518 1794 5583">
    <p class='ocr_par' dir='ltr' id='par_1_61' title="bbox 277 5518 1794 5583">
     <span class='ocr_line' id='line_1_62' title="bbox 277 5518 1794 5583; baseline 0.001 -14"><span class='ocrx_word' id='word_1_480' title='bbox 277 5518 341 5583; x_wconf 80' lang='lat' dir='ltr'><strong>(b)</strong></span> <span class='ocrx_word' id='word_1_481' title='bbox 370 5518 721 5583; x_wconf 67' lang='lat' dir='ltr'><strong>Huic&#39;sermoni</strong></span> <span class='ocrx_word' id='word_1_482' title='bbox 745 5518 999 5571; x_wconf 80' lang='lat' dir='ltr'><strong>manifeste</strong></span> <span class='ocrx_word' id='word_1_483' title='bbox 1022 5521 1241 5583; x_wconf 80' lang='lat' dir='ltr'><strong>congruit</strong></span> <span class='ocrx_word' id='word_1_484' title='bbox 1263 5518 1348 5583; x_wconf 82' lang='lat' dir='ltr'><strong>ille</strong></span> <span class='ocrx_word' id='word_1_485' title='bbox 1381 5518 1550 5583; x_wconf 82' lang='lat' dir='ltr'><strong>titulus</strong></span> <span class='ocrx_word' id='word_1_486' title='bbox 1568 5521 1620 5568; x_wconf 89' lang='lat' dir='ltr'><strong>in</strong></span> <span class='ocrx_word' id='word_1_487' title='bbox 1643 5518 1794 5570; x_wconf 74' lang='lat' dir='ltr'><strong>Pessi-</strong></span> 
     </span>
    </p>
   </div>
   <div class='ocr_carea' id='block_1_62' title="bbox 220 5579 1793 5645">
    <p class='ocr_par' dir='ltr' id='par_1_62' title="bbox 220 5579 1793 5645">
     <span class='ocr_line' id='line_1_63' title="bbox 220 5579 1793 5645; baseline 0.004 -19"><span class='ocrx_word' id='word_1_488' title='bbox 220 5579 282 5629; x_wconf 71' lang='lat' dir='ltr'><strong>dit</strong></span> <span class='ocrx_word' id='word_1_489' title='bbox 299 5579 522 5645; x_wconf 61' lang='lat' dir='ltr'><strong>Matio,</strong></span> <span class='ocrx_word' id='word_1_490' title='bbox 543 5595 650 5644; x_wconf 84' lang='lat' dir='ltr'><strong>cap.</strong></span> <span class='ocrx_word' id='word_1_491' title='bbox 670 5583 720 5642; x_wconf 88' lang='lat'><strong>9,</strong></span> <span class='ocrx_word' id='word_1_492' title='bbox 752 5590 860 5645; x_wconf 74' lang='grc' dir='ltr'><strong>ιΕΧ</strong></span> <span class='ocrx_word' id='word_1_493' title='bbox 877 5579 1137 5645; x_wconf 74' lang='lat' dir='ltr'><strong>£vangcli6</strong></span> <span class='ocrx_word' id='word_1_494' title='bbox 1152 5581 1284 5642; x_wconf 86' lang='lat' dir='ltr'><strong>quod</strong></span> <span class='ocrx_word' id='word_1_495' title='bbox 1302 5581 1535 5645; x_wconf 76' lang='lat' dir='ltr'><strong>scriptum</strong></span> <span class='ocrx_word' id='word_1_496' title='bbox 1560 5587 1655 5641; x_wconf 79' lang='lat' dir='ltr'><strong>est,</strong></span> <span class='ocrx_word' id='word_1_497' title='bbox 1677 5590 1793 5633; x_wconf 69' lang='lat' dir='ltr'><strong>ues-</strong></span> 
     </span>
    </p>
   </div>
   <div class='ocr_carea' id='block_1_63' title="bbox 232 5642 1793 5752">
    <p class='ocr_par' dir='ltr' id='par_1_63' title="bbox 232 5642 1793 5752">
     <span class='ocr_line' id='line_1_64' title="bbox 232 5642 1793 5752; baseline 0.004 -62"><span class='ocrx_word' id='word_1_498' title='bbox 232 5642 496 5752; x_wconf 52' lang='lat' dir='ltr'><strong>:zgulrmdla</strong></span> <span class='ocrx_word' id='word_1_499' title='bbox 508 5658 527 5706; x_wconf 86' lang='lat'><strong>,-</strong></span> <span class='ocrx_word' id='word_1_500' title='bbox 552 5642 707 5715; x_wconf 70' lang='lat' dir='ltr'><strong>usque</strong></span> <span class='ocrx_word' id='word_1_501' title='bbox 731 5644 790 5695; x_wconf 83' lang='lat' dir='ltr'><strong>ad</strong></span> <span class='ocrx_word' id='word_1_502' title='bbox 812 5644 859 5696; x_wconf 81' lang='lat' dir='ltr'><strong>id</strong></span> <span class='ocrx_word' id='word_1_503' title='bbox 883 5642 1116 5708; x_wconf 65' lang='lat' dir='ltr'><strong>quod&#39;an,</strong></span> <span class='ocrx_word' id='word_1_504' title='bbox 1138 5647 1249 5696; x_wconf 74' lang='lat' dir='ltr'><strong>Pax</strong></span> <span class='ocrx_word' id='word_1_505' title='bbox 1272 5642 1427 5693; x_wconf 77' lang='lat' dir='ltr'><strong>vestra</strong></span> <span class='ocrx_word' id='word_1_506' title='bbox 1447 5642 1512 5692; x_wconf 88' lang='lat' dir='ltr'><strong>ad</strong></span> <span class='ocrx_word' id='word_1_507' title='bbox 1535 5655 1615 5694; x_wconf 86' lang='lat' dir='ltr'><strong>ros</strong></span> <span class='ocrx_word' id='word_1_508' title='bbox 1636 5656 1793 5696; x_wconf 80' lang='lat' dir='ltr'><strong>rever-</strong></span> 
     </span>
     <span class='ocr_line' id='line_1_65' title="bbox 384 5720 437 5749; baseline 0.019 -1"><span class='ocrx_word' id='word_1_509' title='bbox 384 5742 391 5748; x_wconf 80' lang='lat'><strong>.</strong></span> <span class='ocrx_word' id='word_1_510' title='bbox 414 5720 437 5749; x_wconf 74' lang='grc' dir='ltr'><strong>ι</strong></span> 
     </span>
    </p>
   </div>
   <div class='ocr_carea' id='block_1_64' title="bbox 233 5714 437 5749">
    <p class='ocr_par' dir='ltr' id='par_1_64' title="bbox 233 5714 437 5749">
     <span class='ocr_line' id='line_1_66' title="bbox 233 5714 437 5749; baseline 0.015 -3"><span class='ocrx_word' id='word_1_511' title='bbox 233 5714 391 5749; x_wconf 62' lang='lat' dir='ltr'><strong>item.</strong></span> <span class='ocrx_word' id='word_1_512' title='bbox 414 5720 437 5749; x_wconf 74' lang='grc' dir='ltr'><strong>ι</strong></span> 
     </span>
    </p>
   </div>
   <div class='ocr_carea' id='block_1_65' title="bbox 1703 289 2046 347">
    <p class='ocr_par' dir='ltr' id='par_1_65' title="bbox 1703 289 2046 347">
     <span class='ocr_line' id='line_1_67' title="bbox 1703 289 2046 347; baseline -0.009 -1"><span class='ocrx_word' id='word_1_513' title='bbox 1703 289 1930 347; x_wconf 74' lang='lat' dir='ltr'><strong>SERMO</strong></span> <span class='ocrx_word' id='word_1_514' title='bbox 1969 289 2046 346; x_wconf 84' lang='lat' dir='ltr'><strong>CI.</strong></span> 
     </span>
    </p>
   </div>
   <div class='ocr_carea' id='block_1_66' title="bbox 3381 300 3483 357">
    <p class='ocr_par' dir='ltr' id='par_1_66' title="bbox 3381 300 3483 357">
     <span class='ocr_line' id='line_1_68' title="bbox 3381 300 3483 357; baseline 0 -1"><span class='ocrx_word' id='word_1_515' title='bbox 3381 300 3483 357; x_wconf 71' lang='grc' dir='ltr'><strong>6ὓῦ</strong></span> 
     </span>
    </p>
   </div>
   <div class='ocr_carea' id='block_1_67' title="bbox 1914 401 3490 486">
    <p class='ocr_par' dir='ltr' id='par_1_67' title="bbox 1914 401 3490 486">
     <span class='ocr_line' id='line_1_69' title="bbox 1914 401 3490 486; baseline 0.008 -28"><span class='ocrx_word' id='word_1_516' title='bbox 1914 405 1965 461; x_wconf 92' lang='lat' dir='ltr'><strong>in</strong></span> <span class='ocrx_word' id='word_1_517' title='bbox 1990 404 2223 474; x_wconf 73' lang='lat' dir='ltr'><strong>Epistula</strong></span> <span class='ocrx_word' id='word_1_518' title='bbox 2267 409 2359 461; x_wconf 72' lang='lat' dir='ltr'><strong>Sua</strong></span> <span class='ocrx_word' id='word_1_519' title='bbox 2395 424 2511 479; x_wconf 81' lang='lat' dir='ltr'><strong>qua:</strong></span> <span class='ocrx_word' id='word_1_520' title='bbox 2548 418 2632 465; x_wconf 87' lang='lat' dir='ltr'><strong>est</strong></span> <span class='ocrx_word' id='word_1_521' title='bbox 2660 401 2724 466; x_wconf 89' lang='lat' dir='ltr'><strong>ad</strong></span> <span class='ocrx_word' id='word_1_522' title='bbox 2751 410 2985 478; x_wconf 81' lang='lat' dir='ltr'><strong>Galatas,</strong></span> <span class='ocrx_word' id='word_1_523' title='bbox 3020 422 3263 469; x_wconf 78' lang='lat' dir='ltr'><strong>vocatum</strong></span> <span class='ocrx_word' id='word_1_524' title='bbox 3293 429 3349 469; x_wconf 88' lang='lat' dir='ltr'><strong>se</strong></span> <span class='ocrx_word' id='word_1_525' title='bbox 3376 414 3490 486; x_wconf 79' lang='lat' dir='ltr'><strong>jam</strong></span> 
     </span>
    </p>
   </div>
   <div class='ocr_carea' id='block_1_68' title="bbox 1909 495 3487 575">
    <p class='ocr_par' dir='ltr' id='par_1_68' title="bbox 1909 495 3487 575">
     <span class='ocr_line' id='line_1_70' title="bbox 1909 495 3487 575; baseline 0.006 -26"><span class='ocrx_word' id='word_1_526' title='bbox 1909 510 1939 549; x_wconf 90' lang='lat' dir='ltr'><strong>a</strong></span> <span class='ocrx_word' id='word_1_527' title='bbox 1975 495 2196 549; x_wconf 90' lang='lat' dir='ltr'><strong>Domino</strong></span> <span class='ocrx_word' id='word_1_528' title='bbox 2230 496 2353 552; x_wconf 87' lang='lat' dir='ltr'><strong>.Iesu</strong></span> <span class='ocrx_word' id='word_1_529' title='bbox 2391 500 2600 555; x_wconf 71' lang='lat' dir='ltr'><strong>venisse</strong></span> <span class='ocrx_word' id='word_1_530' title='bbox 2619 500 3026 574; x_wconf 76' lang='lat' dir='ltr'><strong>Jcrosolymam,</strong></span> <span class='ocrx_word' id='word_1_531' title='bbox 3059 512 3111 558; x_wconf 88' lang='lat' dir='ltr'><strong>et</strong></span> <span class='ocrx_word' id='word_1_532' title='bbox 3146 504 3487 575; x_wconf 76' lang='lat' dir='ltr'><strong>Erangelium</strong></span> 
     </span>
    </p>
   </div>
   <div class='ocr_carea' id='block_1_69' title="bbox 1908 587 3482 663">
    <p class='ocr_par' dir='ltr' id='par_1_69' title="bbox 1908 587 3482 663">
     <span class='ocr_line' id='line_1_71' title="bbox 1908 587 3482 663; baseline 0.008 -24"><span class='ocrx_word' id='word_1_533' title='bbox 1908 602 2028 640; x_wconf 91' lang='lat' dir='ltr'><strong>cum</strong></span> <span class='ocrx_word' id='word_1_534' title='bbox 2052 587 2320 656; x_wconf 79' lang='lat' dir='ltr'><strong>Apostolis</strong></span> <span class='ocrx_word' id='word_1_535' title='bbox 2345 591 2655 658; x_wconf 88' lang='lat' dir='ltr'><strong>contulisse,</strong></span> <span class='ocrx_word' id='word_1_536' title='bbox 2684 592 2936 649; x_wconf 79' lang='lat' dir='ltr'><strong>dexteras</strong></span> <span class='ocrx_word' id='word_1_537' title='bbox 2976 595 3074 649; x_wconf 85' lang='lat' dir='ltr'><strong>sibi</strong></span> <span class='ocrx_word' id='word_1_538' title='bbox 3109 594 3260 650; x_wconf 88' lang='lat' dir='ltr'><strong>datas</strong></span> <span class='ocrx_word' id='word_1_539' title='bbox 3300 596 3482 663; x_wconf 82' lang='lat' dir='ltr'><strong>fuisse,</strong></span> 
     </span>
    </p>
   </div>
   <div class='ocr_carea' id='block_1_70' title="bbox 1905 681 3483 760">
    <p class='ocr_par' dir='ltr' id='par_1_70' title="bbox 1905 681 3483 760">
     <span class='ocr_line' id='line_1_72' title="bbox 1905 681 3483 760; baseline 0.005 -26"><span class='ocrx_word' id='word_1_540' title='bbox 1905 689 1958 734; x_wconf 92' lang='lat' dir='ltr'><strong>et</strong></span> <span class='ocrx_word' id='word_1_541' title='bbox 1988 681 2196 751; x_wconf 82' lang='lat' dir='ltr'><strong>signum</strong></span> <span class='ocrx_word' id='word_1_542' title='bbox 2234 684 2560 748; x_wconf 74' lang='lat' dir='ltr'><strong>concordhe,</strong></span> <span class='ocrx_word' id='word_1_543' title='bbox 2586 687 2792 757; x_wconf 79' lang='lat' dir='ltr'><strong>signum</strong></span> <span class='ocrx_word' id='word_1_544' title='bbox 2826 690 3205 751; x_wconf 73' lang='lat' dir='ltr'><strong>consmtantize.</strong></span> <span class='ocrx_word' id='word_1_545' title='bbox 3246 688 3386 760; x_wconf 89' lang='lat' dir='ltr'><strong>quod</strong></span> <span class='ocrx_word' id='word_1_546' title='bbox 3416 689 3483 743; x_wconf 90' lang='lat' dir='ltr'><strong>ah</strong></span> 
     </span>
    </p>
   </div>
   <div class='ocr_carea' id='block_1_71' title="bbox 1903 770 3485 849">
    <p class='ocr_par' dir='ltr' id='par_1_71' title="bbox 1903 770 3485 849">
     <span class='ocr_line' id='line_1_73' title="bbox 1903 770 3485 849; baseline 0.006 -26"><span class='ocrx_word' id='word_1_547' title='bbox 1903 782 1962 825; x_wconf 90' lang='lat' dir='ltr'><strong>se</strong></span> <span class='ocrx_word' id='word_1_548' title='bbox 1996 770 2095 840; x_wconf 90' lang='lat' dir='ltr'><strong>ipsi</strong></span> <span class='ocrx_word' id='word_1_549' title='bbox 2127 771 2444 840; x_wconf 87' lang='lat' dir='ltr'><strong>didicerant,</strong></span> <span class='ocrx_word' id='word_1_550' title='bbox 2489 776 2566 830; x_wconf 89' lang='lat' dir='ltr'><strong>eis</strong></span> <span class='ocrx_word' id='word_1_551' title='bbox 2595 777 2645 830; x_wconf 94' lang='lat' dir='ltr'><strong>in</strong></span> <span class='ocrx_word' id='word_1_552' title='bbox 2692 777 2857 831; x_wconf 86' lang='lat' dir='ltr'><strong>nihilo</strong></span> <span class='ocrx_word' id='word_1_553' title='bbox 2882 778 3235 849; x_wconf 80' lang='lat' dir='ltr'><strong>discrepabat.</strong></span> <span class='ocrx_word' id='word_1_554' title='bbox 3282 779 3485 834; x_wconf 87' lang='lat' dir='ltr'><strong>Deinde</strong></span> 
     </span>
    </p>
   </div>
   <div class='ocr_carea' id='block_1_72' title="bbox 1903 862 3480 940">
    <p class='ocr_par' dir='ltr' id='par_1_72' title="bbox 1903 862 3480 940">
     <span class='ocr_line' id='line_1_74' title="bbox 1903 862 3480 940; baseline 0.01 -28"><span class='ocrx_word' id='word_1_555' title='bbox 1903 862 2164 930; x_wconf 84' lang='lat' dir='ltr'><strong>placuisse</strong></span> <span class='ocrx_word' id='word_1_556' title='bbox 2189 864 2320 920; x_wconf 89' lang='lat' dir='ltr'><strong>dicit</strong></span> <span class='ocrx_word' id='word_1_557' title='bbox 2368 867 2508 922; x_wconf 88' lang='lat' dir='ltr'><strong>inter</strong></span> <span class='ocrx_word' id='word_1_558' title='bbox 2535 883 2594 923; x_wconf 88' lang='lat' dir='ltr'><strong>se</strong></span> <span class='ocrx_word' id='word_1_559' title='bbox 2623 878 2676 923; x_wconf 88' lang='lat' dir='ltr'><strong>et</strong></span> <span class='ocrx_word' id='word_1_560' title='bbox 2720 870 2883 939; x_wconf 86' lang='lat' dir='ltr'><strong>ipsos,</strong></span> <span class='ocrx_word' id='word_1_561' title='bbox 2925 880 2976 924; x_wconf 93' lang='lat' dir='ltr'><strong>ut</strong></span> <span class='ocrx_word' id='word_1_562' title='bbox 3013 870 3126 940; x_wconf 82' lang='lat' dir='ltr'><strong>ipse</strong></span> <span class='ocrx_word' id='word_1_563' title='bbox 3158 871 3224 926; x_wconf 89' lang='lat' dir='ltr'><strong>ad</strong></span> <span class='ocrx_word' id='word_1_564' title='bbox 3264 872 3480 939; x_wconf 84' lang='lat' dir='ltr'><strong>Gentes,</strong></span> 
     </span>
    </p>
   </div>
   <div class='ocr_carea' id='block_1_73' title="bbox 1904 953 3479 1036">
    <p class='ocr_par' dir='ltr' id='par_1_73' title="bbox 1904 953 3479 1036">
     <span class='ocr_line' id='line_1_75' title="bbox 1904 953 3479 1036; baseline 0.008 -29"><span class='ocrx_word' id='word_1_565' title='bbox 1904 953 1976 1008; x_wconf 90' lang='lat' dir='ltr'><strong>illi</strong></span> <span class='ocrx_word' id='word_1_566' title='bbox 2003 965 2179 1013; x_wconf 88' lang='lat' dir='ltr'><strong>autem</strong></span> <span class='ocrx_word' id='word_1_567' title='bbox 2223 958 2275 1012; x_wconf 92' lang='lat' dir='ltr'><strong>in</strong></span> <span class='ocrx_word' id='word_1_568' title='bbox 2310 959 2773 1017; x_wconf 88' lang='lat' dir='ltr'><strong>circumcisionem</strong></span> <span class='ocrx_word' id='word_1_569' title='bbox 2829 962 2965 1016; x_wconf 88' lang='lat' dir='ltr'><strong>irent</strong></span> <span class='ocrx_word' id='word_1_570' title='bbox 2991 962 3183 1034; x_wconf 68' lang='lat' dir='ltr'><strong>(Halat.</strong></span> <span class='ocrx_word' id='word_1_571' title='bbox 3217 980 3284 1028; x_wconf 89' lang='grc' dir='ltr'><strong>ιι,</strong></span> <span class='ocrx_word' id='word_1_572' title='bbox 3330 964 3479 1036; x_wconf 82' lang='grc'><strong>1-9);</strong></span> 
     </span>
    </p>
   </div>
   <div class='ocr_carea' id='block_1_74' title="bbox 1902 1043 3482 1116">
    <p class='ocr_par' dir='ltr' id='par_1_74' title="bbox 1902 1043 3482 1116">
     <span class='ocr_line' id='line_1_76' title="bbox 1902 1043 3482 1116; baseline 0.007 -18"><span class='ocrx_word' id='word_1_573' title='bbox 1902 1043 1990 1098; x_wconf 88' lang='lat' dir='ltr'><strong>ille</strong></span> <span class='ocrx_word' id='word_1_574' title='bbox 2016 1046 2324 1116; x_wconf 72' lang='lat' dir='ltr'><strong>seminator,</strong></span> <span class='ocrx_word' id='word_1_575' title='bbox 2369 1050 2444 1103; x_wconf 90' lang='lat' dir='ltr'><strong>illi</strong></span> <span class='ocrx_word' id='word_1_576' title='bbox 2496 1066 2782 1107; x_wconf 83' lang='lat' dir='ltr'><strong>messores.</strong></span> <span class='ocrx_word' id='word_1_577' title='bbox 2839 1053 3027 1108; x_wconf 84' lang='lat' dir='ltr'><strong>Merito</strong></span> <span class='ocrx_word' id='word_1_578' title='bbox 3072 1055 3230 1109; x_wconf 87' lang='lat' dir='ltr'><strong>etiam</strong></span> <span class='ocrx_word' id='word_1_579' title='bbox 3258 1054 3482 1109; x_wconf 80' lang='lat' dir='ltr'><strong>Atheni-</strong></span> 
     </span>
    </p>
   </div>
   <div class='ocr_carea' id='block_1_75' title="bbox 1901 1134 3483 1207">
    <p class='ocr_par' dir='ltr' id='par_1_75' title="bbox 1901 1134 3483 1207">
     <span class='ocr_line' id='line_1_77' title="bbox 1901 1134 3483 1207; baseline 0.007 -18"><span class='ocrx_word' id='word_1_580' title='bbox 1901 1134 2086 1200; x_wconf 73' lang='lat' dir='ltr'><strong>enses,</strong></span> <span class='ocrx_word' id='word_1_581' title='bbox 2132 1140 2372 1207; x_wconf 75' lang='lat' dir='ltr'><strong>quamvis</strong></span> <span class='ocrx_word' id='word_1_582' title='bbox 2417 1141 2746 1207; x_wconf 87' lang='lat' dir='ltr'><strong>nescientes,</strong></span> <span class='ocrx_word' id='word_1_583' title='bbox 2797 1158 2991 1198; x_wconf 89' lang='lat' dir='ltr'><strong>nomen</strong></span> <span class='ocrx_word' id='word_1_584' title='bbox 3045 1159 3197 1199; x_wconf 90' lang='lat' dir='ltr'><strong>suum</strong></span> <span class='ocrx_word' id='word_1_585' title='bbox 3241 1146 3288 1199; x_wconf 90' lang='lat' dir='ltr'><strong>ei</strong></span> <span class='ocrx_word' id='word_1_586' title='bbox 3334 1145 3483 1200; x_wconf 82' lang='lat' dir='ltr'><strong>dixe-</strong></span> 
     </span>
    </p>
   </div>
   <div class='ocr_carea' id='block_1_76' title="bbox 1900 1227 3483 1304">
    <p class='ocr_par' dir='ltr' id='par_1_76' title="bbox 1900 1227 3483 1304">
     <span class='ocr_line' id='line_1_78' title="bbox 1900 1227 3483 1304; baseline 0.007 -25"><span class='ocrx_word' id='word_1_587' title='bbox 1900 1235 2045 1283; x_wconf 80' lang='lat' dir='ltr'><strong>runt.</strong></span> <span class='ocrx_word' id='word_1_588' title='bbox 2069 1227 2358 1284; x_wconf 82' lang='lat' dir='ltr'><strong>Audientes</strong></span> <span class='ocrx_word' id='word_1_589' title='bbox 2400 1232 2541 1286; x_wconf 84' lang='lat' dir='ltr'><strong>enim</strong></span> <span class='ocrx_word' id='word_1_590' title='bbox 2593 1233 2661 1288; x_wconf 87' lang='lat' dir='ltr'><strong>ab</strong></span> <span class='ocrx_word' id='word_1_591' title='bbox 2709 1250 2773 1288; x_wconf 87' lang='lat' dir='ltr'><strong>eo</strong></span> <span class='ocrx_word' id='word_1_592' title='bbox 2825 1235 3040 1290; x_wconf 73' lang='lat' dir='ltr'><strong>verbum</strong></span> <span class='ocrx_word' id='word_1_593' title='bbox 3071 1254 3084 1290; x_wconf 91' lang='lat'><strong>:</strong></span> <span class='ocrx_word' id='word_1_594' title='bbox 3119 1235 3242 1303; x_wconf 82' lang='lat' dir='ltr'><strong>Quis</strong></span> <span class='ocrx_word' id='word_1_595' title='bbox 3270 1247 3370 1304; x_wconf 83' lang='lat' dir='ltr'><strong>est,</strong></span> <span class='ocrx_word' id='word_1_596' title='bbox 3400 1237 3483 1291; x_wconf 89' lang='lat' dir='ltr'><strong>in-</strong></span> 
     </span>
    </p>
   </div>
   <div class='ocr_carea' id='block_1_77' title="bbox 1904 1316 3284 1397">
    <p class='ocr_par' dir='ltr' id='par_1_77' title="bbox 1904 1316 3284 1397">
     <span class='ocr_line' id='line_1_79' title="bbox 1904 1316 3284 1397; baseline 0.008 -30"><span class='ocrx_word' id='word_1_597' title='bbox 1904 1316 2117 1383; x_wconf 84' lang='lat' dir='ltr'><strong>quiunt,</strong></span> <span class='ocrx_word' id='word_1_598' title='bbox 2151 1317 2232 1370; x_wconf 75' lang='lat' dir='ltr'><strong>hic</strong></span> <span class='ocrx_word' id='word_1_599' title='bbox 2256 1320 2529 1374; x_wconf 86' lang='lat' dir='ltr'><strong>seminator</strong></span> <span class='ocrx_word' id='word_1_600' title='bbox 2554 1323 2813 1378; x_wconf 80' lang='lat' dir='ltr'><strong>verborum</strong></span> <span class='ocrx_word' id='word_1_601' title='bbox 2843 1323 2975 1397; x_wconf 74' lang='lat' dir='ltr'><strong>(Act.</strong></span> <span class='ocrx_word' id='word_1_602' title='bbox 3009 1341 3139 1389; x_wconf 78' lang='lat' dir='ltr'><strong>xvn,</strong></span> <span class='ocrx_word' id='word_1_603' title='bbox 3175 1326 3284 1393; x_wconf 84' lang='lat' dir='ltr'><strong>IS).</strong></span> 
     </span>
    </p>
   </div>
   <div class='ocr_carea' id='block_1_78' title="bbox 1969 1407 3479 1479">
    <p class='ocr_par' dir='ltr' id='par_1_78' title="bbox 1969 1407 3479 1479">
     <span class='ocr_line' id='line_1_80' title="bbox 1969 1407 3479 1479; baseline 0.007 -17"><span class='ocrx_word' id='word_1_604' title='bbox 1969 1407 2195 1464; x_wconf 77' lang='lat' dir='ltr'><strong>CAPUT</strong></span> <span class='ocrx_word' id='word_1_605' title='bbox 2222 1410 2284 1464; x_wconf 92' lang='lat' dir='ltr'><strong>II.</strong></span> <span class='ocrx_word' id='word_1_606' title='bbox 2317 1442 2387 1451; x_wconf 91' lang='lat'><strong><em>—</em></strong></span> <span class='ocrx_word' id='word_1_607' title='bbox 2423 1412 2479 1477; x_wconf 72' lang='lat'><strong>2.</strong></span> <span class='ocrx_word' id='word_1_608' title='bbox 2511 1414 2698 1469; x_wconf 75' lang='lat' dir='ltr'><strong>Messes</strong></span> <span class='ocrx_word' id='word_1_609' title='bbox 2743 1416 2890 1479; x_wconf 75' lang='lat' dir='ltr'><strong>(lum,</strong></span> <span class='ocrx_word' id='word_1_610' title='bbox 2933 1415 3232 1472; x_wconf 71' lang='lat' dir='ltr'><strong>Judatorum</strong></span> <span class='ocrx_word' id='word_1_611' title='bbox 3262 1428 3307 1472; x_wconf 87' lang='lat' dir='ltr'><strong>et</strong></span> <span class='ocrx_word' id='word_1_612' title='bbox 3348 1417 3479 1472; x_wconf 78' lang='lat' dir='ltr'><strong>Gen-</strong></span> 
     </span>
    </p>
   </div>
   <div class='ocr_carea' id='block_1_79' title="bbox 1836 1496 3479 1587">
    <p class='ocr_par' dir='ltr' id='par_1_79' title="bbox 1836 1496 3479 1587">
     <span class='ocr_line' id='line_1_81' title="bbox 1836 1496 3479 1587; baseline 0.01 -39"><span class='ocrx_word' id='word_1_613' title='bbox 1836 1580 1839 1587; x_wconf 37' lang='grc' dir='ltr'><strong>Ι</strong></span> <span class='ocrx_word' id='word_1_614' title='bbox 1899 1496 2042 1551; x_wconf 87' lang='lat' dir='ltr'><strong>lium.</strong></span> <span class='ocrx_word' id='word_1_615' title='bbox 2113 1500 2380 1557; x_wconf 82' lang='lat' dir='ltr'><strong>Altendite</strong></span> <span class='ocrx_word' id='word_1_616' title='bbox 2433 1520 2596 1575; x_wconf 81' lang='lat' dir='ltr'><strong>ergo,</strong></span> <span class='ocrx_word' id='word_1_617' title='bbox 2636 1516 2688 1560; x_wconf 87' lang='lat' dir='ltr'><strong>et</strong></span> <span class='ocrx_word' id='word_1_618' title='bbox 2739 1508 2965 1562; x_wconf 60' lang='lat' dir='ltr'><strong>delectet</strong></span> <span class='ocrx_word' id='word_1_619' title='bbox 3017 1525 3111 1564; x_wconf 73' lang='lat' dir='ltr'><strong>vos</strong></span> <span class='ocrx_word' id='word_1_620' title='bbox 3149 1526 3356 1566; x_wconf 85' lang='lat' dir='ltr'><strong>mecum</strong></span> <span class='ocrx_word' id='word_1_621' title='bbox 3397 1511 3479 1565; x_wconf 85' lang='lat' dir='ltr'><strong>in—</strong></span> 
     </span>
    </p>
   </div>
   <div class='ocr_carea' id='block_1_80' title="bbox 1899 1588 3477 1665">
    <p class='ocr_par' dir='ltr' id='par_1_80' title="bbox 1899 1588 3477 1665">
     <span class='ocr_line' id='line_1_82' title="bbox 1899 1588 3477 1665; baseline 0.011 -25"><span class='ocrx_word' id='word_1_622' title='bbox 1899 1588 2104 1657; x_wconf 81' lang='lat' dir='ltr'><strong>spicere</strong></span> <span class='ocrx_word' id='word_1_623' title='bbox 2152 1593 2522 1663; x_wconf 82' lang='lat' dir='ltr'><strong>agriculturam</strong></span> <span class='ocrx_word' id='word_1_624' title='bbox 2586 1599 2710 1663; x_wconf 88' lang='lat' dir='ltr'><strong>Dci,</strong></span> <span class='ocrx_word' id='word_1_625' title='bbox 2766 1610 2819 1654; x_wconf 84' lang='lat' dir='ltr'><strong>et</strong></span> <span class='ocrx_word' id='word_1_626' title='bbox 2867 1600 2917 1653; x_wconf 92' lang='lat' dir='ltr'><strong>in</strong></span> <span class='ocrx_word' id='word_1_627' title='bbox 2975 1616 3036 1655; x_wconf 91' lang='lat' dir='ltr'><strong>ea</strong></span> <span class='ocrx_word' id='word_1_628' title='bbox 3078 1616 3279 1657; x_wconf 85' lang='lat' dir='ltr'><strong>messes</strong></span> <span class='ocrx_word' id='word_1_629' title='bbox 3327 1602 3477 1665; x_wconf 88' lang='lat' dir='ltr'><strong>duas.</strong></span> 
     </span>
    </p>
   </div>
   <div class='ocr_carea' id='block_1_81' title="bbox 1899 1688 3471 1762">
    <p class='ocr_par' dir='ltr' id='par_1_81' title="bbox 1899 1688 3471 1762">
     <span class='ocr_line' id='line_1_83' title="bbox 1899 1688 3471 1762; baseline 0.01 -29"><span class='ocrx_word' id='word_1_630' title='bbox 1899 1696 2059 1735; x_wconf 88' lang='lat' dir='ltr'><strong>unam</strong></span> <span class='ocrx_word' id='word_1_631' title='bbox 2093 1692 2409 1741; x_wconf 83' lang='lat' dir='ltr'><strong>transactam</strong></span> <span class='ocrx_word' id='word_1_632' title='bbox 2432 1729 2444 1751; x_wconf 91' lang='lat'><strong>,</strong></span> <span class='ocrx_word' id='word_1_633' title='bbox 2485 1688 2638 1743; x_wconf 85' lang='lat' dir='ltr'><strong>aliam</strong></span> <span class='ocrx_word' id='word_1_634' title='bbox 2668 1690 2892 1745; x_wconf 76' lang='lat' dir='ltr'><strong>futuram</strong></span> <span class='ocrx_word' id='word_1_635' title='bbox 2920 1710 2932 1746; x_wconf 93' lang='lat'><strong>:</strong></span> <span class='ocrx_word' id='word_1_636' title='bbox 2962 1700 3275 1747; x_wconf 89' lang='lat' dir='ltr'><strong>transactam</strong></span> <span class='ocrx_word' id='word_1_637' title='bbox 3305 1694 3356 1748; x_wconf 91' lang='lat' dir='ltr'><strong>in</strong></span> <span class='ocrx_word' id='word_1_638' title='bbox 3384 1712 3471 1762; x_wconf 70' lang='grc' dir='ltr'><strong>μου</strong></span> 
     </span>
    </p>
   </div>
   <div class='ocr_carea' id='block_1_82' title="bbox 1899 1773 3476 1851">
    <p class='ocr_par' dir='ltr' id='par_1_82' title="bbox 1899 1773 3476 1851">
     <span class='ocr_line' id='line_1_84' title="bbox 1899 1773 3476 1851; baseline 0.009 -25"><span class='ocrx_word' id='word_1_639' title='bbox 1899 1773 2024 1841; x_wconf 85' lang='lat' dir='ltr'><strong>pulo</strong></span> <span class='ocrx_word' id='word_1_640' title='bbox 2053 1774 2380 1845; x_wconf 76' lang='lat' dir='ltr'><strong>.ludzeorum,</strong></span> <span class='ocrx_word' id='word_1_641' title='bbox 2411 1779 2641 1835; x_wconf 81' lang='lat' dir='ltr'><strong>futuram</strong></span> <span class='ocrx_word' id='word_1_642' title='bbox 2672 1783 2721 1836; x_wconf 89' lang='lat' dir='ltr'><strong>in</strong></span> <span class='ocrx_word' id='word_1_643' title='bbox 2746 1784 2953 1851; x_wconf 84' lang='lat' dir='ltr'><strong>pepulis</strong></span> <span class='ocrx_word' id='word_1_644' title='bbox 2978 1784 3244 1837; x_wconf 84' lang='lat' dir='ltr'><strong>Gentium.</strong></span> <span class='ocrx_word' id='word_1_645' title='bbox 3278 1785 3476 1840; x_wconf 85' lang='lat' dir='ltr'><strong>Probe-</strong></span> 
     </span>
    </p>
   </div>
   <div class='ocr_carea' id='block_1_83' title="bbox 1899 1863 3488 1940">
    <p class='ocr_par' dir='ltr' id='par_1_83' title="bbox 1899 1863 3488 1940">
     <span class='ocr_line' id='line_1_85' title="bbox 1899 1863 3488 1940; baseline 0.006 -24"><span class='ocrx_word' id='word_1_646' title='bbox 1899 1878 2015 1918; x_wconf 90' lang='lat' dir='ltr'><strong>mns</strong></span> <span class='ocrx_word' id='word_1_647' title='bbox 2044 1863 2145 1920; x_wconf 87' lang='lat' dir='ltr'><strong>hoc</strong></span> <span class='ocrx_word' id='word_1_648' title='bbox 2175 1884 2187 1919; x_wconf 89' lang='lat'><strong>:</strong></span> <span class='ocrx_word' id='word_1_649' title='bbox 2220 1876 2274 1922; x_wconf 90' lang='lat' dir='ltr'><strong>et</strong></span> <span class='ocrx_word' id='word_1_650' title='bbox 2299 1869 2437 1923; x_wconf 89' lang='lat' dir='ltr'><strong>unde</strong></span> <span class='ocrx_word' id='word_1_651' title='bbox 2468 1870 2566 1923; x_wconf 87' lang='lat' dir='ltr'><strong>nisi</strong></span> <span class='ocrx_word' id='word_1_652' title='bbox 2589 1870 2654 1925; x_wconf 88' lang='lat' dir='ltr'><strong>de</strong></span> <span class='ocrx_word' id='word_1_653' title='bbox 2684 1871 2952 1940; x_wconf 83' lang='lat' dir='ltr'><strong>Scriptura</strong></span> <span class='ocrx_word' id='word_1_654' title='bbox 2984 1873 3074 1927; x_wconf 91' lang='lat' dir='ltr'><strong>Dei</strong></span> <span class='ocrx_word' id='word_1_655' title='bbox 3106 1873 3313 1928; x_wconf 88' lang='lat' dir='ltr'><strong>Domini</strong></span> <span class='ocrx_word' id='word_1_656' title='bbox 3344 1892 3488 1928; x_wconf 71' lang='lat' dir='ltr'><strong>nies—</strong></span> 
     </span>
    </p>
   </div>
   <div class='ocr_carea' id='block_1_84' title="bbox 1897 1955 3477 2033">
    <p class='ocr_par' dir='ltr' id='par_1_84' title="bbox 1897 1955 3477 2033">
     <span class='ocr_line' id='line_1_86' title="bbox 1897 1955 3477 2033; baseline 0.006 -25"><span class='ocrx_word' id='word_1_657' title='bbox 1897 1955 2010 2009; x_wconf 87' lang='lat' dir='ltr'><strong>sis?</strong></span> <span class='ocrx_word' id='word_1_658' title='bbox 2032 1956 2166 2011; x_wconf 86' lang='lat' dir='ltr'><strong>Ecce</strong></span> <span class='ocrx_word' id='word_1_659' title='bbox 2190 1957 2449 2014; x_wconf 84' lang='lat' dir='ltr'><strong>habemus</strong></span> <span class='ocrx_word' id='word_1_660' title='bbox 2480 1960 2546 2014; x_wconf 88' lang='lat' dir='ltr'><strong>ibi</strong></span> <span class='ocrx_word' id='word_1_661' title='bbox 2577 1963 2823 2030; x_wconf 75' lang='lat' dir='ltr'><strong>prmsenti</strong></span> <span class='ocrx_word' id='word_1_662' title='bbox 2849 1962 3080 2033; x_wconf 87' lang='lat' dir='ltr'><strong>capitulo</strong></span> <span class='ocrx_word' id='word_1_663' title='bbox 3109 1962 3308 2018; x_wconf 82' lang='lat' dir='ltr'><strong>dictum</strong></span> <span class='ocrx_word' id='word_1_664' title='bbox 3337 1980 3477 2028; x_wconf 79' lang='lat' dir='ltr'><strong>esse,</strong></span> 
     </span>
    </p>
   </div>
   <div class='ocr_carea' id='block_1_85' title="bbox 1898 2042 3479 2124">
    <p class='ocr_par' dir='ltr' id='par_1_85' title="bbox 1898 2042 3479 2124">
     <span class='ocr_line' id='line_1_87' title="bbox 1898 2042 3479 2124; baseline 0.008 -28"><span class='ocrx_word' id='word_1_665' title='bbox 1898 2042 2080 2101; x_wconf 69' lang='lat' dir='ltr'><strong>llessis</strong></span> <span class='ocrx_word' id='word_1_666' title='bbox 2105 2048 2262 2102; x_wconf 86' lang='lat' dir='ltr'><strong>multa</strong></span> <span class='ocrx_word' id='word_1_667' title='bbox 2281 2090 2297 2116; x_wconf 91' lang='lat'><strong>,</strong></span> <span class='ocrx_word' id='word_1_668' title='bbox 2327 2051 2548 2120; x_wconf 81' lang='lat' dir='ltr'><strong>operarii</strong></span> <span class='ocrx_word' id='word_1_669' title='bbox 2572 2062 2739 2104; x_wconf 83' lang='lat' dir='ltr'><strong>autem</strong></span> <span class='ocrx_word' id='word_1_670' title='bbox 2767 2054 2933 2121; x_wconf 77' lang='lat' dir='ltr'><strong>pauci.</strong></span> <span class='ocrx_word' id='word_1_671' title='bbox 2976 2052 3170 2124; x_wconf 73' lang='lat' dir='ltr'><strong>Rogata</strong></span> <span class='ocrx_word' id='word_1_672' title='bbox 3207 2053 3479 2108; x_wconf 85' lang='lat' dir='ltr'><strong>Dominum</strong></span> 
     </span>
    </p>
   </div>
   <div class='ocr_carea' id='block_1_86' title="bbox 1897 2136 3478 2218">
    <p class='ocr_par' dir='ltr' id='par_1_86' title="bbox 1897 2136 3478 2218">
     <span class='ocr_line' id='line_1_88' title="bbox 1897 2136 3478 2218; baseline 0.009 -31"><span class='ocrx_word' id='word_1_673' title='bbox 1897 2136 2071 2190; x_wconf 80' lang='lat' dir='ltr'><strong>messis</strong></span> <span class='ocrx_word' id='word_1_674' title='bbox 2094 2178 2110 2204; x_wconf 88' lang='lat'><strong>,</strong></span> <span class='ocrx_word' id='word_1_675' title='bbox 2150 2147 2203 2191; x_wconf 87' lang='lat' dir='ltr'><strong>ut</strong></span> <span class='ocrx_word' id='word_1_676' title='bbox 2229 2140 2390 2194; x_wconf 84' lang='lat' dir='ltr'><strong>mittat</strong></span> <span class='ocrx_word' id='word_1_677' title='bbox 2415 2143 2670 2211; x_wconf 79' lang='lat' dir='ltr'><strong>operarios</strong></span> <span class='ocrx_word' id='word_1_678' title='bbox 2691 2144 2741 2196; x_wconf 87' lang='lat' dir='ltr'><strong>in</strong></span> <span class='ocrx_word' id='word_1_679' title='bbox 2779 2160 2983 2198; x_wconf 82' lang='lat' dir='ltr'><strong>messem</strong></span> <span class='ocrx_word' id='word_1_680' title='bbox 3010 2161 3172 2198; x_wconf 87' lang='lat' dir='ltr'><strong>suam.</strong></span> <span class='ocrx_word' id='word_1_681' title='bbox 3216 2144 3318 2202; x_wconf 77' lang='lat' dir='ltr'><strong>Sed</strong></span> <span class='ocrx_word' id='word_1_682' title='bbox 3358 2149 3478 2218; x_wconf 83' lang='lat' dir='ltr'><strong>quia</strong></span> 
     </span>
    </p>
   </div>
   <div class='ocr_carea' id='block_1_87' title="bbox 1898 2225 3478 2306">
    <p class='ocr_par' dir='ltr' id='par_1_87' title="bbox 1898 2225 3478 2306">
     <span class='ocr_line' id='line_1_89' title="bbox 1898 2225 3478 2306; baseline 0.008 -27"><span class='ocrx_word' id='word_1_683' title='bbox 1898 2225 1949 2280; x_wconf 81' lang='grc' dir='ltr'><strong>ἰιι</strong></span> <span class='ocrx_word' id='word_1_684' title='bbox 1983 2227 2066 2280; x_wconf 87' lang='lat' dir='ltr'><strong>illa</strong></span> <span class='ocrx_word' id='word_1_685' title='bbox 2105 2244 2278 2285; x_wconf 84' lang='lat' dir='ltr'><strong>messe</strong></span> <span class='ocrx_word' id='word_1_686' title='bbox 2306 2229 2466 2286; x_wconf 78' lang='lat' dir='ltr'><strong>futuri</strong></span> <span class='ocrx_word' id='word_1_687' title='bbox 2496 2241 2647 2287; x_wconf 88' lang='lat' dir='ltr'><strong>erant</strong></span> <span class='ocrx_word' id='word_1_688' title='bbox 2677 2234 3095 2290; x_wconf 88' lang='lat' dir='ltr'><strong>contradictores</strong></span> <span class='ocrx_word' id='word_1_689' title='bbox 3135 2245 3191 2290; x_wconf 88' lang='lat' dir='ltr'><strong>et</strong></span> <span class='ocrx_word' id='word_1_690' title='bbox 3230 2251 3478 2306; x_wconf 84' lang='lat' dir='ltr'><strong>persecu—</strong></span> 
     </span>
    </p>
   </div>
   <div class='ocr_carea' id='block_1_88' title="bbox 1900 2318 3480 2397">
    <p class='ocr_par' dir='ltr' id='par_1_88' title="bbox 1900 2318 3480 2397">
     <span class='ocr_line' id='line_1_90' title="bbox 1900 2318 3480 2397; baseline 0.004 -26"><span class='ocrx_word' id='word_1_691' title='bbox 1900 2325 2042 2372; x_wconf 88' lang='lat' dir='ltr'><strong>tores</strong></span> <span class='ocrx_word' id='word_1_692' title='bbox 2084 2318 2253 2374; x_wconf 68' lang='lat' dir='ltr'><strong>Jndari</strong></span> <span class='ocrx_word' id='word_1_693' title='bbox 2282 2339 2295 2376; x_wconf 85' lang='lat'><strong>:</strong></span> <span class='ocrx_word' id='word_1_694' title='bbox 2333 2320 2461 2375; x_wconf 83' lang='lat' dir='ltr'><strong>Ecce</strong></span> <span class='ocrx_word' id='word_1_695' title='bbox 2483 2364 2499 2389; x_wconf 90' lang='lat'><strong>,</strong></span> <span class='ocrx_word' id='word_1_696' title='bbox 2530 2323 2730 2393; x_wconf 88' lang='lat' dir='ltr'><strong>inquit,</strong></span> <span class='ocrx_word' id='word_1_697' title='bbox 2773 2324 2914 2378; x_wconf 85' lang='lat' dir='ltr'><strong>mitto</strong></span> <span class='ocrx_word' id='word_1_698' title='bbox 2951 2341 3038 2379; x_wconf 81' lang='lat' dir='ltr'><strong>vos</strong></span> <span class='ocrx_word' id='word_1_699' title='bbox 3074 2326 3200 2380; x_wconf 82' lang='lat' dir='ltr'><strong>sicut</strong></span> <span class='ocrx_word' id='word_1_700' title='bbox 3237 2344 3394 2397; x_wconf 78' lang='lat' dir='ltr'><strong>agnos</strong></span> <span class='ocrx_word' id='word_1_701' title='bbox 3425 2327 3480 2379; x_wconf 86' lang='lat' dir='ltr'><strong>in</strong></span> 
     </span>
    </p>
   </div>
   <div class='ocr_carea' id='block_1_89' title="bbox 1897 2409 3479 2488">
    <p class='ocr_par' dir='ltr' id='par_1_89' title="bbox 1897 2409 3479 2488">
     <span class='ocr_line' id='line_1_91' title="bbox 1897 2409 3479 2488; baseline 0.007 -27"><span class='ocrx_word' id='word_1_702' title='bbox 1897 2409 2062 2463; x_wconf 84' lang='lat' dir='ltr'><strong>medio</strong></span> <span class='ocrx_word' id='word_1_703' title='bbox 2114 2410 2370 2480; x_wconf 86' lang='lat' dir='ltr'><strong>luporum.</strong></span> <span class='ocrx_word' id='word_1_704' title='bbox 2425 2413 2732 2469; x_wconf 73' lang='lat' dir='ltr'><strong>Eridentins</strong></span> <span class='ocrx_word' id='word_1_705' title='bbox 2784 2414 2852 2469; x_wconf 89' lang='lat' dir='ltr'><strong>de</strong></span> <span class='ocrx_word' id='word_1_706' title='bbox 2899 2413 2997 2470; x_wconf 84' lang='lat' dir='ltr'><strong>hac</strong></span> <span class='ocrx_word' id='word_1_707' title='bbox 3053 2431 3230 2471; x_wconf 88' lang='lat' dir='ltr'><strong>messe</strong></span> <span class='ocrx_word' id='word_1_708' title='bbox 3283 2417 3479 2488; x_wconf 87' lang='lat' dir='ltr'><strong>aliquid</strong></span> 
     </span>
    </p>
   </div>
   <div class='ocr_carea' id='block_1_90' title="bbox 1897 2501 3478 2577">
    <p class='ocr_par' dir='ltr' id='par_1_90' title="bbox 1897 2501 3478 2577">
     <span class='ocr_line' id='line_1_92' title="bbox 1897 2501 3478 2577; baseline 0.008 -24"><span class='ocrx_word' id='word_1_709' title='bbox 1897 2501 2243 2557; x_wconf 86' lang='lat' dir='ltr'><strong>ostendamus</strong></span> <span class='ocrx_word' id='word_1_710' title='bbox 2293 2503 2344 2557; x_wconf 91' lang='lat' dir='ltr'><strong>in</strong></span> <span class='ocrx_word' id='word_1_711' title='bbox 2394 2504 2683 2577; x_wconf 78' lang='lat' dir='ltr'><strong>Evangcho</strong></span> <span class='ocrx_word' id='word_1_712' title='bbox 2729 2507 3018 2563; x_wconf 89' lang='lat' dir='ltr'><strong>secundum</strong></span> <span class='ocrx_word' id='word_1_713' title='bbox 3062 2507 3371 2569; x_wconf 72' lang='lat' dir='ltr'><strong>Joannem:</strong></span> <span class='ocrx_word' id='word_1_714' title='bbox 3412 2513 3478 2565; x_wconf 83' lang='lat' dir='ltr'><strong>ad</strong></span> 
     </span>
    </p>
   </div>
   <div class='ocr_carea' id='block_1_91' title="bbox 1900 2592 3477 2669">
    <p class='ocr_par' dir='ltr' id='par_1_91' title="bbox 1900 2592 3477 2669">
     <span class='ocr_line' id='line_1_93' title="bbox 1900 2592 3477 2669; baseline 0.006 -24"><span class='ocrx_word' id='word_1_715' title='bbox 1900 2600 2115 2660; x_wconf 84' lang='lat' dir='ltr'><strong>puteum</strong></span> <span class='ocrx_word' id='word_1_716' title='bbox 2145 2592 2230 2648; x_wconf 92' lang='lat' dir='ltr'><strong>ubi</strong></span> <span class='ocrx_word' id='word_1_717' title='bbox 2262 2594 2509 2664; x_wconf 78' lang='lat' dir='ltr'><strong>fatigatus</strong></span> <span class='ocrx_word' id='word_1_718' title='bbox 2538 2596 2791 2652; x_wconf 89' lang='lat' dir='ltr'><strong>Dominus</strong></span> <span class='ocrx_word' id='word_1_719' title='bbox 2818 2598 2990 2664; x_wconf 87' lang='lat' dir='ltr'><strong>sedit,</strong></span> <span class='ocrx_word' id='word_1_720' title='bbox 3037 2615 3225 2669; x_wconf 74' lang='lat' dir='ltr'><strong>magna</strong></span> <span class='ocrx_word' id='word_1_721' title='bbox 3264 2601 3477 2668; x_wconf 87' lang='lat' dir='ltr'><strong>quidem</strong></span> 
     </span>
    </p>
   </div>
   <div class='ocr_carea' id='block_1_92' title="bbox 1897 2688 3480 2762">
    <p class='ocr_par' dir='ltr' id='par_1_92' title="bbox 1897 2688 3480 2762">
     <span class='ocr_line' id='line_1_94' title="bbox 1897 2688 3480 2762; baseline 0.006 -26"><span class='ocrx_word' id='word_1_722' title='bbox 1897 2695 2013 2738; x_wconf 84' lang='lat' dir='ltr'><strong>aeta</strong></span> <span class='ocrx_word' id='word_1_723' title='bbox 2043 2696 2165 2740; x_wconf 88' lang='lat' dir='ltr'><strong>sunt</strong></span> <span class='ocrx_word' id='word_1_724' title='bbox 2192 2697 2523 2743; x_wconf 86' lang='lat' dir='ltr'><strong>sacramenta</strong></span> <span class='ocrx_word' id='word_1_725' title='bbox 2547 2730 2561 2751; x_wconf 92' lang='lat'><strong>,</strong></span> <span class='ocrx_word' id='word_1_726' title='bbox 2594 2688 2690 2744; x_wconf 89' lang='lat' dir='ltr'><strong>sed</strong></span> <span class='ocrx_word' id='word_1_727' title='bbox 2721 2699 3001 2759; x_wconf 81' lang='lat' dir='ltr'><strong>angustum</strong></span> <span class='ocrx_word' id='word_1_728' title='bbox 3036 2700 3243 2762; x_wconf 83' lang='lat' dir='ltr'><strong>tempus</strong></span> <span class='ocrx_word' id='word_1_729' title='bbox 3267 2700 3381 2755; x_wconf 85' lang='lat' dir='ltr'><strong>est,</strong></span> <span class='ocrx_word' id='word_1_730' title='bbox 3424 2700 3480 2746; x_wconf 83' lang='lat' dir='ltr'><strong>nt</strong></span> 
     </span>
    </p>
   </div>
   <div class='ocr_carea' id='block_1_93' title="bbox 1898 2775 3478 2851">
    <p class='ocr_par' dir='ltr' id='par_1_93' title="bbox 1898 2775 3478 2851">
     <span class='ocr_line' id='line_1_95' title="bbox 1898 2775 3478 2851; baseline 0.004 -22"><span class='ocrx_word' id='word_1_731' title='bbox 1898 2775 2510 2845; x_wconf 70' lang='lat' dir='ltr'><strong>omnia‘pertraetentnr.</strong></span> <span class='ocrx_word' id='word_1_732' title='bbox 2554 2778 2705 2845; x_wconf 83' lang='lat' dir='ltr'><strong>Quod</strong></span> <span class='ocrx_word' id='word_1_733' title='bbox 2730 2788 2904 2833; x_wconf 89' lang='lat' dir='ltr'><strong>autem</strong></span> <span class='ocrx_word' id='word_1_734' title='bbox 2933 2780 2997 2834; x_wconf 89' lang='lat' dir='ltr'><strong>ad</strong></span> <span class='ocrx_word' id='word_1_735' title='bbox 3031 2792 3344 2851; x_wconf 62' lang='lat' dir='ltr'><strong>prarscntem</strong></span> <span class='ocrx_word' id='word_1_736' title='bbox 3366 2798 3478 2838; x_wconf 85' lang='lat' dir='ltr'><strong>rem</strong></span> 
     </span>
    </p>
   </div>
   <div class='ocr_carea' id='block_1_94' title="bbox 1899 2865 3479 2936">
    <p class='ocr_par' dir='ltr' id='par_1_94' title="bbox 1899 2865 3479 2936">
     <span class='ocr_line' id='line_1_96' title="bbox 1899 2865 3479 2936; baseline 0.004 -18"><span class='ocrx_word' id='word_1_737' title='bbox 1899 2866 2147 2933; x_wconf 70' lang='lat' dir='ltr'><strong>pertinaci,</strong></span> <span class='ocrx_word' id='word_1_738' title='bbox 2178 2865 2375 2920; x_wconf 87' lang='lat' dir='ltr'><strong>audite.</strong></span> <span class='ocrx_word' id='word_1_739' title='bbox 2402 2866 2743 2936; x_wconf 87' lang='lat' dir='ltr'><strong>Suscepimus</strong></span> <span class='ocrx_word' id='word_1_740' title='bbox 2765 2868 2905 2922; x_wconf 90' lang='lat' dir='ltr'><strong>enim</strong></span> <span class='ocrx_word' id='word_1_741' title='bbox 2935 2885 3164 2926; x_wconf 79' lang='lat' dir='ltr'><strong>messem</strong></span> <span class='ocrx_word' id='word_1_742' title='bbox 3195 2870 3479 2925; x_wconf 84' lang='lat' dir='ltr'><strong>ostendere</strong></span> 
     </span>
    </p>
   </div>
   <div class='ocr_carea' id='block_1_95' title="bbox 1902 2957 3480 3032">
    <p class='ocr_par' dir='ltr' id='par_1_95' title="bbox 1902 2957 3480 3032">
     <span class='ocr_line' id='line_1_97' title="bbox 1902 2957 3480 3032; baseline 0.004 -22"><span class='ocrx_word' id='word_1_743' title='bbox 1902 2957 1955 3011; x_wconf 90' lang='lat' dir='ltr'><strong>in</strong></span> <span class='ocrx_word' id='word_1_744' title='bbox 1983 2958 2217 3029; x_wconf 87' lang='lat' dir='ltr'><strong>populis,</strong></span> <span class='ocrx_word' id='word_1_745' title='bbox 2259 2958 2311 3012; x_wconf 91' lang='lat' dir='ltr'><strong>in</strong></span> <span class='ocrx_word' id='word_1_746' title='bbox 2341 2960 2533 3029; x_wconf 86' lang='lat' dir='ltr'><strong>quibus</strong></span> <span class='ocrx_word' id='word_1_747' title='bbox 2564 2960 2843 3029; x_wconf 76' lang='lat' dir='ltr'><strong>Propheta:</strong></span> <span class='ocrx_word' id='word_1_748' title='bbox 2871 2962 3287 3032; x_wconf 69' lang='lat' dir='ltr'><strong>prardiutverunt</strong></span> <span class='ocrx_word' id='word_1_749' title='bbox 3317 2980 3329 3016; x_wconf 91' lang='lat'><strong>:</strong></span> <span class='ocrx_word' id='word_1_750' title='bbox 3363 2963 3480 3017; x_wconf 89' lang='lat' dir='ltr'><strong>ideo</strong></span> 
     </span>
    </p>
   </div>
   <div class='ocr_carea' id='block_1_96' title="bbox 1897 3041 3480 3125">
    <p class='ocr_par' dir='ltr' id='par_1_96' title="bbox 1897 3041 3480 3125">
     <span class='ocr_line' id='line_1_98' title="bbox 1897 3041 3480 3125; baseline 0.003 -20"><span class='ocrx_word' id='word_1_751' title='bbox 1897 3049 2038 3105; x_wconf 91' lang='lat' dir='ltr'><strong>enim</strong></span> <span class='ocrx_word' id='word_1_752' title='bbox 2070 3051 2141 3103; x_wconf 90' lang='lat' dir='ltr'><strong>illi</strong></span> <span class='ocrx_word' id='word_1_753' title='bbox 2168 3052 2516 3107; x_wconf 88' lang='lat' dir='ltr'><strong>seminatores</strong></span> <span class='ocrx_word' id='word_1_754' title='bbox 2536 3093 2550 3117; x_wconf 91' lang='lat'><strong>,</strong></span> <span class='ocrx_word' id='word_1_755' title='bbox 2605 3063 2660 3106; x_wconf 93' lang='lat' dir='ltr'><strong>ut</strong></span> <span class='ocrx_word' id='word_1_756' title='bbox 2693 3054 2929 3122; x_wconf 86' lang='lat' dir='ltr'><strong>Apostoli</strong></span> <span class='ocrx_word' id='word_1_757' title='bbox 2958 3041 3175 3125; x_wconf 73' lang='lat' dir='ltr'><strong>possent</strong></span> <span class='ocrx_word' id='word_1_758' title='bbox 3196 3070 3315 3112; x_wconf 88' lang='lat' dir='ltr'><strong>esse</strong></span> <span class='ocrx_word' id='word_1_759' title='bbox 3339 3072 3480 3111; x_wconf 87' lang='lat' dir='ltr'><strong>mes-</strong></span> 
     </span>
    </p>
   </div>
   <div class='ocr_carea' id='block_1_97' title="bbox 1893 3141 3474 3215">
    <p class='ocr_par' dir='ltr' id='par_1_97' title="bbox 1893 3141 3474 3215">
     <span class='ocr_line' id='line_1_99' title="bbox 1893 3141 3474 3215; baseline 0.003 -20"><span class='ocrx_word' id='word_1_760' title='bbox 1893 3156 2064 3196; x_wconf 89' lang='lat' dir='ltr'><strong>sores.</strong></span> <span class='ocrx_word' id='word_1_761' title='bbox 2104 3141 2430 3197; x_wconf 88' lang='lat' dir='ltr'><strong>Samaritana</strong></span> <span class='ocrx_word' id='word_1_762' title='bbox 2458 3144 2648 3198; x_wconf 90' lang='lat' dir='ltr'><strong>mulier</strong></span> <span class='ocrx_word' id='word_1_763' title='bbox 2677 3144 2910 3215; x_wconf 89' lang='lat' dir='ltr'><strong>loquitur</strong></span> <span class='ocrx_word' id='word_1_764' title='bbox 2933 3161 3051 3201; x_wconf 90' lang='lat' dir='ltr'><strong>cum</strong></span> <span class='ocrx_word' id='word_1_765' title='bbox 3081 3146 3304 3201; x_wconf 90' lang='lat' dir='ltr'><strong>Domino</strong></span> <span class='ocrx_word' id='word_1_766' title='bbox 3330 3146 3474 3211; x_wconf 86' lang='lat' dir='ltr'><strong>Jesu,</strong></span> 
     </span>
    </p>
   </div>
   <div class='ocr_carea' id='block_1_98' title="bbox 1895 3230 3480 3311">
    <p class='ocr_par' dir='ltr' id='par_1_98' title="bbox 1895 3230 3480 3311">
     <span class='ocr_line' id='line_1_100' title="bbox 1895 3230 3480 3311; baseline 0.004 -23"><span class='ocrx_word' id='word_1_767' title='bbox 1895 3242 1949 3288; x_wconf 91' lang='lat' dir='ltr'><strong>et</strong></span> <span class='ocrx_word' id='word_1_768' title='bbox 1976 3230 2114 3288; x_wconf 85' lang='lat' dir='ltr'><strong>inter</strong></span> <span class='ocrx_word' id='word_1_769' title='bbox 2138 3242 2328 3290; x_wconf 60' lang='lat' dir='ltr'><strong>caetera</strong></span> <span class='ocrx_word' id='word_1_770' title='bbox 2371 3250 2489 3290; x_wconf 90' lang='lat' dir='ltr'><strong>cum</strong></span> <span class='ocrx_word' id='word_1_771' title='bbox 2534 3235 2753 3294; x_wconf 79' lang='lat' dir='ltr'><strong>dixisset</strong></span> <span class='ocrx_word' id='word_1_772' title='bbox 2788 3240 2834 3293; x_wconf 93' lang='lat' dir='ltr'><strong>ei</strong></span> <span class='ocrx_word' id='word_1_773' title='bbox 2884 3239 3170 3306; x_wconf 74' lang='lat' dir='ltr'><strong>Dominus,</strong></span> <span class='ocrx_word' id='word_1_774' title='bbox 3213 3240 3480 3311; x_wconf 85' lang='lat' dir='ltr'><strong>quomodo</strong></span> 
     </span>
    </p>
   </div>
   <div class='ocr_carea' id='block_1_99' title="bbox 1894 3324 3478 3398">
    <p class='ocr_par' dir='ltr' id='par_1_99' title="bbox 1894 3324 3478 3398">
     <span class='ocr_line' id='line_1_101' title="bbox 1894 3324 3478 3398; baseline 0.004 -20"><span class='ocrx_word' id='word_1_775' title='bbox 1894 3324 2091 3381; x_wconf 88' lang='lat' dir='ltr'><strong>debeat</strong></span> <span class='ocrx_word' id='word_1_776' title='bbox 2130 3325 2341 3380; x_wconf 88' lang='lat' dir='ltr'><strong>adorari</strong></span> <span class='ocrx_word' id='word_1_777' title='bbox 2391 3326 2572 3394; x_wconf 89' lang='lat' dir='ltr'><strong>Deus;</strong></span> <span class='ocrx_word' id='word_1_778' title='bbox 2629 3328 2703 3384; x_wconf 92' lang='lat' dir='ltr'><strong>ait</strong></span> <span class='ocrx_word' id='word_1_779' title='bbox 2743 3330 2828 3384; x_wconf 89' lang='lat' dir='ltr'><strong>illa</strong></span> <span class='ocrx_word' id='word_1_780' title='bbox 2854 3372 2870 3398; x_wconf 92' lang='lat'><strong>,</strong></span> <span class='ocrx_word' id='word_1_781' title='bbox 2919 3332 3122 3387; x_wconf 83' lang='lat' dir='ltr'><strong>Scimus</strong></span> <span class='ocrx_word' id='word_1_782' title='bbox 3164 3336 3283 3398; x_wconf 86' lang='lat' dir='ltr'><strong>quia</strong></span> <span class='ocrx_word' id='word_1_783' title='bbox 3323 3335 3478 3387; x_wconf 82' lang='lat' dir='ltr'><strong>veniet</strong></span> 
     </span>
    </p>
   </div>
   <div class='ocr_carea' id='block_1_100' title="bbox 1897 3415 3479 3489">
    <p class='ocr_par' dir='ltr' id='par_1_100' title="bbox 1897 3415 3479 3489">
     <span class='ocr_line' id='line_1_102' title="bbox 1897 3415 3479 3489; baseline 0.006 -20"><span class='ocrx_word' id='word_1_784' title='bbox 1897 3415 2144 3484; x_wconf 77' lang='lat' dir='ltr'><strong>Messias,</strong></span> <span class='ocrx_word' id='word_1_785' title='bbox 2171 3418 2263 3489; x_wconf 88' lang='lat' dir='ltr'><strong>qui</strong></span> <span class='ocrx_word' id='word_1_786' title='bbox 2286 3419 2469 3472; x_wconf 84' lang='lat' dir='ltr'><strong>dicitur</strong></span> <span class='ocrx_word' id='word_1_787' title='bbox 2495 3417 2721 3475; x_wconf 78' lang='lat' dir='ltr'><strong>Christus</strong></span> <span class='ocrx_word' id='word_1_788' title='bbox 2743 3463 2754 3486; x_wconf 88' lang='lat'><strong>,</strong></span> <span class='ocrx_word' id='word_1_789' title='bbox 2782 3431 2829 3476; x_wconf 82' lang='lat' dir='ltr'><strong>et</strong></span> <span class='ocrx_word' id='word_1_790' title='bbox 2857 3424 3025 3476; x_wconf 82' lang='lat' dir='ltr'><strong>omnia</strong></span> <span class='ocrx_word' id='word_1_791' title='bbox 3052 3441 3143 3478; x_wconf 87' lang='lat' dir='ltr'><strong>nos</strong></span> <span class='ocrx_word' id='word_1_792' title='bbox 3168 3425 3378 3478; x_wconf 82' lang='lat' dir='ltr'><strong>docebit.</strong></span> <span class='ocrx_word' id='word_1_793' title='bbox 3411 3425 3479 3479; x_wconf 86' lang='lat' dir='ltr'><strong>Et</strong></span> 
     </span>
    </p>
   </div>
   <div class='ocr_carea' id='block_1_101' title="bbox 1897 3508 3477 3583">
    <p class='ocr_par' dir='ltr' id='par_1_101' title="bbox 1897 3508 3477 3583">
     <span class='ocr_line' id='line_1_103' title="bbox 1897 3508 3477 3583; baseline 0.005 -21"><span class='ocrx_word' id='word_1_794' title='bbox 1897 3508 2156 3564; x_wconf 89' lang='lat' dir='ltr'><strong>Dominus</strong></span> <span class='ocrx_word' id='word_1_795' title='bbox 2183 3510 2248 3563; x_wconf 90' lang='lat' dir='ltr'><strong>ad</strong></span> <span class='ocrx_word' id='word_1_796' title='bbox 2278 3510 2418 3564; x_wconf 91' lang='lat' dir='ltr'><strong>illam</strong></span> <span class='ocrx_word' id='word_1_797' title='bbox 2451 3528 2463 3564; x_wconf 94' lang='lat'><strong>:</strong></span> <span class='ocrx_word' id='word_1_798' title='bbox 2496 3510 2608 3581; x_wconf 84' lang='lat' dir='ltr'><strong>Ego</strong></span> <span class='ocrx_word' id='word_1_799' title='bbox 2642 3529 2754 3565; x_wconf 88' lang='lat' dir='ltr'><strong>sum</strong></span> <span class='ocrx_word' id='word_1_800' title='bbox 2793 3512 2880 3583; x_wconf 86' lang='lat' dir='ltr'><strong>qui</strong></span> <span class='ocrx_word' id='word_1_801' title='bbox 2905 3514 3079 3583; x_wconf 84' lang='lat' dir='ltr'><strong>loquor</strong></span> <span class='ocrx_word' id='word_1_802' title='bbox 3098 3525 3275 3568; x_wconf 76' lang='lat' dir='ltr'><strong>tecum.</strong></span> <span class='ocrx_word' id='word_1_803' title='bbox 3305 3515 3477 3570; x_wconf 87' lang='lat' dir='ltr'><strong>Crede</strong></span> 
     </span>
    </p>
   </div>
   <div class='ocr_carea' id='block_1_102' title="bbox 1897 3598 3475 3675">
    <p class='ocr_par' dir='ltr' id='par_1_102' title="bbox 1897 3598 3475 3675">
     <span class='ocr_line' id='line_1_104' title="bbox 1897 3598 3475 3675; baseline 0.005 -24"><span class='ocrx_word' id='word_1_804' title='bbox 1897 3598 2037 3668; x_wconf 91' lang='lat' dir='ltr'><strong>quod</strong></span> <span class='ocrx_word' id='word_1_805' title='bbox 2079 3599 2230 3653; x_wconf 88' lang='lat' dir='ltr'><strong>audis</strong></span> <span class='ocrx_word' id='word_1_806' title='bbox 2261 3616 2275 3653; x_wconf 89' lang='lat'><strong>:</strong></span> <span class='ocrx_word' id='word_1_807' title='bbox 2308 3599 2434 3669; x_wconf 88' lang='lat' dir='ltr'><strong>quid</strong></span> <span class='ocrx_word' id='word_1_808' title='bbox 2473 3601 2666 3671; x_wconf 74' lang='lat' dir='ltr'><strong>qureris</strong></span> <span class='ocrx_word' id='word_1_809' title='bbox 2703 3602 2841 3672; x_wconf 86' lang='lat' dir='ltr'><strong>quod</strong></span> <span class='ocrx_word' id='word_1_810' title='bbox 2870 3603 3050 3659; x_wconf 79' lang='lat' dir='ltr'><strong>vides?</strong></span> <span class='ocrx_word' id='word_1_811' title='bbox 3094 3604 3207 3675; x_wconf 70' lang='lat' dir='ltr'><strong>Ego</strong></span> <span class='ocrx_word' id='word_1_812' title='bbox 3241 3622 3355 3659; x_wconf 86' lang='lat' dir='ltr'><strong>sum</strong></span> <span class='ocrx_word' id='word_1_813' title='bbox 3389 3607 3475 3675; x_wconf 84' lang='lat' dir='ltr'><strong>qui</strong></span> 
     </span>
    </p>
   </div>
   <div class='ocr_carea' id='block_1_103' title="bbox 1897 3687 3477 3765">
    <p class='ocr_par' dir='ltr' id='par_1_103' title="bbox 1897 3687 3477 3765">
     <span class='ocr_line' id='line_1_105' title="bbox 1897 3687 3477 3765; baseline 0.006 -24"><span class='ocrx_word' id='word_1_814' title='bbox 1897 3687 2077 3758; x_wconf 83' lang='lat' dir='ltr'><strong>loquor</strong></span> <span class='ocrx_word' id='word_1_815' title='bbox 2103 3698 2285 3744; x_wconf 84' lang='lat' dir='ltr'><strong>tecum.</strong></span> <span class='ocrx_word' id='word_1_816' title='bbox 2333 3689 2484 3757; x_wconf 87' lang='lat' dir='ltr'><strong>Quod</strong></span> <span class='ocrx_word' id='word_1_817' title='bbox 2513 3699 2690 3745; x_wconf 87' lang='lat' dir='ltr'><strong>autem</strong></span> <span class='ocrx_word' id='word_1_818' title='bbox 2730 3692 2817 3746; x_wconf 88' lang='lat' dir='ltr'><strong>illa</strong></span> <span class='ocrx_word' id='word_1_819' title='bbox 2846 3691 3083 3759; x_wconf 80' lang='lat' dir='ltr'><strong>dixerat,</strong></span> <span class='ocrx_word' id='word_1_820' title='bbox 3132 3693 3335 3749; x_wconf 87' lang='lat' dir='ltr'><strong>Scimus</strong></span> <span class='ocrx_word' id='word_1_821' title='bbox 3359 3698 3477 3765; x_wconf 81' lang='lat' dir='ltr'><strong>quia</strong></span> 
     </span>
    </p>
   </div>
   <div class='ocr_carea' id='block_1_104' title="bbox 1898 3773 3474 3857">
    <p class='ocr_par' dir='ltr' id='par_1_104' title="bbox 1898 3773 3474 3857">
     <span class='ocr_line' id='line_1_106' title="bbox 1898 3773 3474 3857; baseline 0.005 -21"><span class='ocrx_word' id='word_1_822' title='bbox 1898 3773 2113 3836; x_wconf 75' lang='lat' dir='ltr'><strong>Messias</strong></span> <span class='ocrx_word' id='word_1_823' title='bbox 2142 3779 2322 3847; x_wconf 83' lang='lat' dir='ltr'><strong>veniet,</strong></span> <span class='ocrx_word' id='word_1_824' title='bbox 2365 3795 2522 3851; x_wconf 90' lang='lat' dir='ltr'><strong>quem</strong></span> <span class='ocrx_word' id='word_1_825' title='bbox 2550 3782 3000 3839; x_wconf 83' lang='lat' dir='ltr'><strong>annuntiaverunt</strong></span> <span class='ocrx_word' id='word_1_826' title='bbox 3027 3784 3236 3857; x_wconf 63' lang='lat' dir='ltr'><strong>Moyses</strong></span> <span class='ocrx_word' id='word_1_827' title='bbox 3259 3799 3313 3843; x_wconf 89' lang='lat' dir='ltr'><strong>et</strong></span> <span class='ocrx_word' id='word_1_828' title='bbox 3341 3787 3474 3845; x_wconf 88' lang='lat' dir='ltr'><strong>Pro-</strong></span> 
     </span>
    </p>
   </div>
   <div class='ocr_carea' id='block_1_105' title="bbox 1895 3871 3476 3950">
    <p class='ocr_par' dir='ltr' id='par_1_105' title="bbox 1895 3871 3476 3950">
     <span class='ocr_line' id='line_1_107' title="bbox 1895 3871 3476 3950; baseline 0.007 -24"><span class='ocrx_word' id='word_1_829' title='bbox 1895 3871 2071 3944; x_wconf 85' lang='lat' dir='ltr'><strong>pheta:</strong></span> <span class='ocrx_word' id='word_1_830' title='bbox 2094 3914 2109 3937; x_wconf 93' lang='lat'><strong>,</strong></span> <span class='ocrx_word' id='word_1_831' title='bbox 2134 3872 2222 3944; x_wconf 81' lang='lat' dir='ltr'><strong>qui</strong></span> <span class='ocrx_word' id='word_1_832' title='bbox 2261 3872 2447 3927; x_wconf 85' lang='lat' dir='ltr'><strong>dicitur</strong></span> <span class='ocrx_word' id='word_1_833' title='bbox 2487 3872 2735 3930; x_wconf 83' lang='lat' dir='ltr'><strong>Christus.</strong></span> <span class='ocrx_word' id='word_1_834' title='bbox 2782 3874 2898 3932; x_wconf 73' lang='lat' dir='ltr'><strong>lam</strong></span> <span class='ocrx_word' id='word_1_835' title='bbox 2942 3878 3084 3933; x_wconf 91' lang='lat' dir='ltr'><strong>enim</strong></span> <span class='ocrx_word' id='word_1_836' title='bbox 3114 3881 3258 3950; x_wconf 84' lang='lat' dir='ltr'><strong>spica</strong></span> <span class='ocrx_word' id='word_1_837' title='bbox 3285 3883 3476 3937; x_wconf 89' lang='lat' dir='ltr'><strong>messis</strong></span> 
     </span>
    </p>
   </div>
   <div class='ocr_carea' id='block_1_106' title="bbox 1896 3962 3471 4039">
    <p class='ocr_par' dir='ltr' id='par_1_106' title="bbox 1896 3962 3471 4039">
     <span class='ocr_line' id='line_1_108' title="bbox 1896 3962 3471 4039; baseline 0.008 -21"><span class='ocrx_word' id='word_1_838' title='bbox 1896 3971 2011 4019; x_wconf 89' lang='lat' dir='ltr'><strong>erat</strong></span> <span class='ocrx_word' id='word_1_839' title='bbox 2040 3964 2080 4017; x_wconf 74' lang='grc' dir='ltr'><strong>ι.</strong></span> <span class='ocrx_word' id='word_1_840' title='bbox 2132 3962 2402 4035; x_wconf 78' lang='lat' dir='ltr'><strong>Gignenda</strong></span> <span class='ocrx_word' id='word_1_841' title='bbox 2444 3977 2722 4037; x_wconf 87' lang='lat' dir='ltr'><strong>acceperat</strong></span> <span class='ocrx_word' id='word_1_842' title='bbox 2761 3968 3056 4039; x_wconf 85' lang='lat' dir='ltr'><strong>Prophetas</strong></span> <span class='ocrx_word' id='word_1_843' title='bbox 3101 3971 3471 4038; x_wconf 89' lang='lat' dir='ltr'><strong>scminatores,</strong></span> 
     </span>
    </p>
   </div>
   <div class='ocr_carea' id='block_1_107' title="bbox 1896 4058 3477 4129">
    <p class='ocr_par' dir='ltr' id='par_1_107' title="bbox 1896 4058 3477 4129">
     <span class='ocr_line' id='line_1_109' title="bbox 1896 4058 3477 4129; baseline 0.007 -18"><span class='ocrx_word' id='word_1_844' title='bbox 1896 4058 2178 4126; x_wconf 79' lang='lat' dir='ltr'><strong>Apostolos</strong></span> <span class='ocrx_word' id='word_1_845' title='bbox 2204 4058 2545 4129; x_wconf 80' lang='lat' dir='ltr'><strong>exspectabat</strong></span> <span class='ocrx_word' id='word_1_846' title='bbox 2581 4068 2783 4116; x_wconf 91' lang='lat' dir='ltr'><strong>matura</strong></span> <span class='ocrx_word' id='word_1_847' title='bbox 2811 4077 3099 4119; x_wconf 89' lang='lat' dir='ltr'><strong>messores.</strong></span> <span class='ocrx_word' id='word_1_848' title='bbox 3144 4065 3262 4120; x_wconf 79' lang='lat' dir='ltr'><strong>Mox</strong></span> <span class='ocrx_word' id='word_1_849' title='bbox 3291 4074 3348 4120; x_wconf 90' lang='lat' dir='ltr'><strong>nt</strong></span> <span class='ocrx_word' id='word_1_850' title='bbox 3374 4066 3477 4122; x_wconf 84' lang='lat' dir='ltr'><strong>hoc</strong></span> 
     </span>
    </p>
   </div>
   <div class='ocr_carea' id='block_1_108' title="bbox 1895 4146 3477 4222">
    <p class='ocr_par' dir='ltr' id='par_1_108' title="bbox 1895 4146 3477 4222">
     <span class='ocr_line' id='line_1_110' title="bbox 1895 4146 3477 4222; baseline 0.006 -21"><span class='ocrx_word' id='word_1_851' title='bbox 1895 4146 2096 4203; x_wconf 73' lang='lat' dir='ltr'><strong>audivit</strong></span> <span class='ocrx_word' id='word_1_852' title='bbox 2119 4148 2379 4216; x_wconf 87' lang='lat' dir='ltr'><strong>credidit,</strong></span> <span class='ocrx_word' id='word_1_853' title='bbox 2429 4158 2484 4205; x_wconf 89' lang='lat' dir='ltr'><strong>et</strong></span> <span class='ocrx_word' id='word_1_854' title='bbox 2521 4149 2761 4222; x_wconf 84' lang='lat' dir='ltr'><strong>hydriam</strong></span> <span class='ocrx_word' id='word_1_855' title='bbox 2808 4151 3042 4221; x_wconf 90' lang='lat' dir='ltr'><strong>dimisit,</strong></span> <span class='ocrx_word' id='word_1_856' title='bbox 3085 4164 3139 4210; x_wconf 89' lang='lat' dir='ltr'><strong>et</strong></span> <span class='ocrx_word' id='word_1_857' title='bbox 3165 4153 3477 4213; x_wconf 74' lang='lat' dir='ltr'><strong>festinanter</strong></span> 
     </span>
    </p>
   </div>
   <div class='ocr_carea' id='block_1_109' title="bbox 1895 4241 3477 4319">
    <p class='ocr_par' dir='ltr' id='par_1_109' title="bbox 1895 4241 3477 4319">
     <span class='ocr_line' id='line_1_111' title="bbox 1895 4241 3477 4319; baseline 0.007 -24"><span class='ocrx_word' id='word_1_858' title='bbox 1895 4241 2160 4305; x_wconf 87' lang='lat' dir='ltr'><strong>cucurrit,</strong></span> <span class='ocrx_word' id='word_1_859' title='bbox 2189 4245 2503 4298; x_wconf 84' lang='lat' dir='ltr'><strong>annuntiare</strong></span> <span class='ocrx_word' id='word_1_860' title='bbox 2529 4243 2809 4298; x_wconf 90' lang='lat' dir='ltr'><strong>Dominum</strong></span> <span class='ocrx_word' id='word_1_861' title='bbox 2848 4245 3027 4315; x_wconf 70' lang='lat' dir='ltr'><strong>erepit.</strong></span> <span class='ocrx_word' id='word_1_862' title='bbox 3074 4247 3322 4319; x_wconf 83' lang='lat' dir='ltr'><strong>Discipuli</strong></span> <span class='ocrx_word' id='word_1_863' title='bbox 3351 4259 3477 4311; x_wconf 87' lang='lat' dir='ltr'><strong>tunc</strong></span> 
     </span>
    </p>
   </div>
   <div class='ocr_carea' id='block_1_110' title="bbox 1895 4330 3476 4406">
    <p class='ocr_par' dir='ltr' id='par_1_110' title="bbox 1895 4330 3476 4406">
     <span class='ocr_line' id='line_1_112' title="bbox 1895 4330 3476 4406; baseline 0.008 -21"><span class='ocrx_word' id='word_1_864' title='bbox 1895 4330 2066 4386; x_wconf 84' lang='lat' dir='ltr'><strong>ierant</strong></span> <span class='ocrx_word' id='word_1_865' title='bbox 2092 4330 2157 4385; x_wconf 89' lang='lat' dir='ltr'><strong>ad</strong></span> <span class='ocrx_word' id='word_1_866' title='bbox 2197 4331 2450 4387; x_wconf 89' lang='lat' dir='ltr'><strong>emendos</strong></span> <span class='ocrx_word' id='word_1_867' title='bbox 2481 4349 2643 4403; x_wconf 89' lang='lat' dir='ltr'><strong>panes</strong></span> <span class='ocrx_word' id='word_1_868' title='bbox 2672 4353 2686 4388; x_wconf 88' lang='lat'><strong>:</strong></span> <span class='ocrx_word' id='word_1_869' title='bbox 2714 4336 2805 4406; x_wconf 90' lang='lat' dir='ltr'><strong>qui</strong></span> <span class='ocrx_word' id='word_1_870' title='bbox 2840 4336 3123 4393; x_wconf 89' lang='lat' dir='ltr'><strong>redeuntes</strong></span> <span class='ocrx_word' id='word_1_871' title='bbox 3163 4339 3476 4398; x_wconf 79' lang='lat' dir='ltr'><strong>invenerunt</strong></span> 
     </span>
    </p>
   </div>
   <div class='ocr_carea' id='block_1_111' title="bbox 1895 4421 3471 4494">
    <p class='ocr_par' dir='ltr' id='par_1_111' title="bbox 1895 4421 3471 4494">
     <span class='ocr_line' id='line_1_113' title="bbox 1895 4421 3471 4494; baseline 0.007 -18"><span class='ocrx_word' id='word_1_872' title='bbox 1895 4421 2176 4486; x_wconf 84' lang='lat' dir='ltr'><strong>Dominum</strong></span> <span class='ocrx_word' id='word_1_873' title='bbox 2222 4423 2522 4494; x_wconf 87' lang='lat' dir='ltr'><strong>loquentem</strong></span> <span class='ocrx_word' id='word_1_874' title='bbox 2566 4442 2686 4480; x_wconf 86' lang='lat' dir='ltr'><strong>cum</strong></span> <span class='ocrx_word' id='word_1_875' title='bbox 2726 4427 2980 4492; x_wconf 89' lang='lat' dir='ltr'><strong>muliere,</strong></span> <span class='ocrx_word' id='word_1_876' title='bbox 3026 4437 3077 4485; x_wconf 91' lang='lat' dir='ltr'><strong>ct</strong></span> <span class='ocrx_word' id='word_1_877' title='bbox 3117 4430 3291 4485; x_wconf 88' lang='lat' dir='ltr'><strong>mirati</strong></span> <span class='ocrx_word' id='word_1_878' title='bbox 3329 4444 3471 4487; x_wconf 80' lang='lat' dir='ltr'><strong>sunt.</strong></span> 
     </span>
    </p>
   </div>
   <div class='ocr_carea' id='block_1_112' title="bbox 1894 4514 3473 4592">
    <p class='ocr_par' dir='ltr' id='par_1_112' title="bbox 1894 4514 3473 4592">
     <span class='ocr_line' id='line_1_114' title="bbox 1894 4514 3473 4592; baseline 0.004 -24"><span class='ocrx_word' id='word_1_879' title='bbox 1894 4514 2009 4569; x_wconf 89' lang='lat' dir='ltr'><strong>Non</strong></span> <span class='ocrx_word' id='word_1_880' title='bbox 2049 4525 2174 4569; x_wconf 87' lang='lat' dir='ltr'><strong>sunt</strong></span> <span class='ocrx_word' id='word_1_881' title='bbox 2217 4524 2391 4571; x_wconf 88' lang='lat' dir='ltr'><strong>tamen</strong></span> <span class='ocrx_word' id='word_1_882' title='bbox 2428 4518 2540 4571; x_wconf 87' lang='lat' dir='ltr'><strong>ausi</strong></span> <span class='ocrx_word' id='word_1_883' title='bbox 2582 4517 2760 4573; x_wconf 87' lang='lat' dir='ltr'><strong>dicere</strong></span> <span class='ocrx_word' id='word_1_884' title='bbox 2785 4519 2832 4573; x_wconf 89' lang='lat' dir='ltr'><strong>ei</strong></span> <span class='ocrx_word' id='word_1_885' title='bbox 2863 4536 2876 4572; x_wconf 88' lang='lat'><strong>:</strong></span> <span class='ocrx_word' id='word_1_886' title='bbox 2916 4517 3053 4585; x_wconf 86' lang='lat' dir='ltr'><strong>Quid</strong></span> <span class='ocrx_word' id='word_1_887' title='bbox 3081 4520 3158 4575; x_wconf 83' lang='lat' dir='ltr'><strong>vel</strong></span> <span class='ocrx_word' id='word_1_888' title='bbox 3181 4538 3333 4592; x_wconf 87' lang='lat' dir='ltr'><strong>quare</strong></span> <span class='ocrx_word' id='word_1_889' title='bbox 3361 4539 3473 4577; x_wconf 84' lang='lat' dir='ltr'><strong>cum</strong></span> 
     </span>
    </p>
   </div>
   <div class='ocr_carea' id='block_1_113' title="bbox 1894 4607 3471 4682">
    <p class='ocr_par' dir='ltr' id='par_1_113' title="bbox 1894 4607 3471 4682">
     <span class='ocr_line' id='line_1_115' title="bbox 1894 4607 3471 4682; baseline 0.005 -22"><span class='ocrx_word' id='word_1_890' title='bbox 1894 4607 1985 4661; x_wconf 85' lang='lat' dir='ltr'><strong>illa</strong></span> <span class='ocrx_word' id='word_1_891' title='bbox 2014 4608 2225 4678; x_wconf 80' lang='lat' dir='ltr'><strong>loqueris</strong></span> <span class='ocrx_word' id='word_1_892' title='bbox 2243 4608 2269 4661; x_wconf 87' lang='lat'><strong><em>?</em></strong></span> <span class='ocrx_word' id='word_1_893' title='bbox 2310 4608 2729 4665; x_wconf 88' lang='lat' dir='ltr'><strong>Admirationem</strong></span> <span class='ocrx_word' id='word_1_894' title='bbox 2759 4611 2900 4682; x_wconf 88' lang='lat' dir='ltr'><strong>apud</strong></span> <span class='ocrx_word' id='word_1_895' title='bbox 2925 4626 2983 4666; x_wconf 84' lang='lat' dir='ltr'><strong>se</strong></span> <span class='ocrx_word' id='word_1_896' title='bbox 3011 4612 3342 4681; x_wconf 90' lang='lat' dir='ltr'><strong>habuerunt,</strong></span> <span class='ocrx_word' id='word_1_897' title='bbox 3383 4631 3471 4668; x_wconf 59' lang='lat' dir='ltr'><strong>ana</strong></span> 
     </span>
    </p>
   </div>
   <div class='ocr_carea' id='block_1_114' title="bbox 1896 4698 3472 4773">
    <p class='ocr_par' dir='ltr' id='par_1_114' title="bbox 1896 4698 3472 4773">
     <span class='ocr_line' id='line_1_116' title="bbox 1896 4698 3472 4773; baseline 0.004 -20"><span class='ocrx_word' id='word_1_898' title='bbox 1896 4698 2099 4756; x_wconf 89' lang='lat' dir='ltr'><strong>daciam</strong></span> <span class='ocrx_word' id='word_1_899' title='bbox 2130 4700 2293 4755; x_wconf 89' lang='lat' dir='ltr'><strong>corde</strong></span> <span class='ocrx_word' id='word_1_900' title='bbox 2318 4710 2646 4771; x_wconf 87' lang='lat' dir='ltr'><strong>presserunt.</strong></span> <span class='ocrx_word' id='word_1_901' title='bbox 2686 4702 2819 4757; x_wconf 86' lang='lat' dir='ltr'><strong>Iluic</strong></span> <span class='ocrx_word' id='word_1_902' title='bbox 2847 4719 2974 4773; x_wconf 79' lang='lat' dir='ltr'><strong>ergo</strong></span> <span class='ocrx_word' id='word_1_903' title='bbox 3002 4706 3344 4761; x_wconf 76' lang='lat' dir='ltr'><strong>Samaritana:</strong></span> <span class='ocrx_word' id='word_1_904' title='bbox 3370 4721 3472 4760; x_wconf 89' lang='lat' dir='ltr'><strong>non</strong></span> 
     </span>
    </p>
   </div>
   <div class='ocr_carea' id='block_1_115' title="bbox 1895 4787 3470 4863">
    <p class='ocr_par' dir='ltr' id='par_1_115' title="bbox 1895 4787 3470 4863">
     <span class='ocr_line' id='line_1_117' title="bbox 1895 4787 3470 4863; baseline 0.005 -19"><span class='ocrx_word' id='word_1_905' title='bbox 1895 4798 2009 4844; x_wconf 88' lang='lat' dir='ltr'><strong>erat</strong></span> <span class='ocrx_word' id='word_1_906' title='bbox 2030 4805 2223 4844; x_wconf 84' lang='lat' dir='ltr'><strong>novum</strong></span> <span class='ocrx_word' id='word_1_907' title='bbox 2251 4805 2442 4846; x_wconf 90' lang='lat' dir='ltr'><strong>nomen</strong></span> <span class='ocrx_word' id='word_1_908' title='bbox 2470 4787 2667 4847; x_wconf 77' lang='lat' dir='ltr'><strong>Christi</strong></span> <span class='ocrx_word' id='word_1_909' title='bbox 2687 4834 2702 4859; x_wconf 91' lang='lat'><strong>,</strong></span> <span class='ocrx_word' id='word_1_910' title='bbox 2746 4793 2854 4860; x_wconf 84' lang='lat' dir='ltr'><strong>jam</strong></span> <span class='ocrx_word' id='word_1_911' title='bbox 2881 4798 3220 4863; x_wconf 79' lang='lat' dir='ltr'><strong>exspectabat</strong></span> <span class='ocrx_word' id='word_1_912' title='bbox 3257 4798 3470 4854; x_wconf 69' lang='lat' dir='ltr'><strong>renien~</strong></span> 
     </span>
    </p>
   </div>
   <div class='ocr_carea' id='block_1_116' title="bbox 1897 4880 3480 4954">
    <p class='ocr_par' dir='ltr' id='par_1_116' title="bbox 1897 4880 3480 4954">
     <span class='ocr_line' id='line_1_118' title="bbox 1897 4880 3480 4954; baseline 0.006 -20"><span class='ocrx_word' id='word_1_913' title='bbox 1897 4891 2022 4946; x_wconf 87' lang='lat' dir='ltr'><strong>tem,</strong></span> <span class='ocrx_word' id='word_1_914' title='bbox 2050 4880 2161 4951; x_wconf 84' lang='lat' dir='ltr'><strong>jam</strong></span> <span class='ocrx_word' id='word_1_915' title='bbox 2190 4880 2488 4936; x_wconf 86' lang='lat' dir='ltr'><strong>crediderat</strong></span> <span class='ocrx_word' id='word_1_916' title='bbox 2512 4897 2631 4936; x_wconf 82' lang='lat' dir='ltr'><strong>esse</strong></span> <span class='ocrx_word' id='word_1_917' title='bbox 2657 4890 2956 4937; x_wconf 76' lang='lat' dir='ltr'><strong>venturum.</strong></span> <span class='ocrx_word' id='word_1_918' title='bbox 2980 4883 3130 4942; x_wconf 88' lang='lat' dir='ltr'><strong>Unde</strong></span> <span class='ocrx_word' id='word_1_919' title='bbox 3155 4887 3480 4954; x_wconf 88' lang='lat' dir='ltr'><strong>crediderat,</strong></span> 
     </span>
    </p>
   </div>
   <div class='ocr_carea' id='block_1_117' title="bbox 1896 4970 3474 5043">
    <p class='ocr_par' dir='ltr' id='par_1_117' title="bbox 1896 4970 3474 5043">
     <span class='ocr_line' id='line_1_119' title="bbox 1896 4970 3474 5043; baseline 0.004 -18"><span class='ocrx_word' id='word_1_920' title='bbox 1896 4972 1940 5025; x_wconf 89' lang='lat' dir='ltr'><strong>si</strong></span> <span class='ocrx_word' id='word_1_921' title='bbox 1971 4987 2074 5025; x_wconf 91' lang='lat' dir='ltr'><strong>non</strong></span> <span class='ocrx_word' id='word_1_922' title='bbox 2119 4970 2328 5042; x_wconf 78' lang='lat' dir='ltr'><strong>Moyses</strong></span> <span class='ocrx_word' id='word_1_923' title='bbox 2353 4971 2744 5026; x_wconf 85' lang='lat' dir='ltr'><strong>scminaverat?</strong></span> <span class='ocrx_word' id='word_1_924' title='bbox 2788 4971 2889 5026; x_wconf 88' lang='lat' dir='ltr'><strong>Sed</strong></span> <span class='ocrx_word' id='word_1_925' title='bbox 2922 4975 3022 5026; x_wconf 86' lang='lat' dir='ltr'><strong>hnc</strong></span> <span class='ocrx_word' id='word_1_926' title='bbox 3050 4976 3351 5043; x_wconf 72' lang='lat' dir='ltr'><strong>expressius</strong></span> <span class='ocrx_word' id='word_1_927' title='bbox 3376 4993 3474 5031; x_wconf 75' lang='lat' dir='ltr'><strong>au-</strong></span> 
     </span>
    </p>
   </div>
   <div class='ocr_carea' id='block_1_118' title="bbox 1897 5062 3481 5134">
    <p class='ocr_par' dir='ltr' id='par_1_118' title="bbox 1897 5062 3481 5134">
     <span class='ocr_line' id='line_1_120' title="bbox 1897 5062 3481 5134; baseline 0.004 -18"><span class='ocrx_word' id='word_1_928' title='bbox 1897 5062 2025 5118; x_wconf 87' lang='lat' dir='ltr'><strong>dite.</strong></span> <span class='ocrx_word' id='word_1_929' title='bbox 2072 5063 2328 5118; x_wconf 91' lang='lat' dir='ltr'><strong>Dominns</strong></span> <span class='ocrx_word' id='word_1_930' title='bbox 2379 5072 2502 5119; x_wconf 88' lang='lat' dir='ltr'><strong>tunc</strong></span> <span class='ocrx_word' id='word_1_931' title='bbox 2543 5062 2608 5117; x_wconf 89' lang='lat' dir='ltr'><strong>ad</strong></span> <span class='ocrx_word' id='word_1_932' title='bbox 2652 5063 2939 5134; x_wconf 83' lang='lat' dir='ltr'><strong>discipulos</strong></span> <span class='ocrx_word' id='word_1_933' title='bbox 2981 5079 3107 5120; x_wconf 90' lang='lat' dir='ltr'><strong>suos</strong></span> <span class='ocrx_word' id='word_1_934' title='bbox 3150 5066 3223 5121; x_wconf 89' lang='lat' dir='ltr'><strong>ait</strong></span> <span class='ocrx_word' id='word_1_935' title='bbox 3257 5064 3481 5123; x_wconf 75' lang='lat' dir='ltr'><strong>:Diciu‘s</strong></span> 
     </span>
    </p>
   </div>
   <div class='ocr_carea' id='block_1_119' title="bbox 1896 5153 3478 5224">
    <p class='ocr_par' dir='ltr' id='par_1_119' title="bbox 1896 5153 3478 5224">
     <span class='ocr_line' id='line_1_121' title="bbox 1896 5153 3478 5224; baseline 0.006 -20"><span class='ocrx_word' id='word_1_936' title='bbox 1896 5153 2013 5223; x_wconf 89' lang='lat' dir='ltr'><strong>quia</strong></span> <span class='ocrx_word' id='word_1_937' title='bbox 2047 5153 2214 5206; x_wconf 79' lang='lat' dir='ltr'><strong>adhuc</strong></span> <span class='ocrx_word' id='word_1_938' title='bbox 2249 5153 2398 5224; x_wconf 82' lang='lat' dir='ltr'><strong>longe</strong></span> <span class='ocrx_word' id='word_1_939' title='bbox 2438 5165 2508 5208; x_wconf 87' lang='lat' dir='ltr'><strong>est</strong></span> <span class='ocrx_word' id='word_1_940' title='bbox 2551 5162 2731 5217; x_wconf 77' lang='lat' dir='ltr'><strong>testas,</strong></span> <span class='ocrx_word' id='word_1_941' title='bbox 2783 5154 2941 5208; x_wconf 84' lang='lat' dir='ltr'><strong>levate</strong></span> <span class='ocrx_word' id='word_1_942' title='bbox 2975 5155 3146 5210; x_wconf 81' lang='lat' dir='ltr'><strong>oculos</strong></span> <span class='ocrx_word' id='word_1_943' title='bbox 3183 5166 3396 5224; x_wconf 81' lang='lat' dir='ltr'><strong>uestros,</strong></span> <span class='ocrx_word' id='word_1_944' title='bbox 3427 5168 3478 5220; x_wconf 81' lang='lat' dir='ltr'><strong>et</strong></span> 
     </span>
    </p>
   </div>
   <div class='ocr_carea' id='block_1_120' title="bbox 1898 5244 3477 5319">
    <p class='ocr_par' dir='ltr' id='par_1_120' title="bbox 1898 5244 3477 5319">
     <span class='ocr_line' id='line_1_122' title="bbox 1898 5244 3477 5319; baseline 0.001 -20"><span class='ocrx_word' id='word_1_945' title='bbox 1898 5244 2058 5299; x_wconf 81' lang='lat' dir='ltr'><strong>ridete</strong></span> <span class='ocrx_word' id='word_1_946' title='bbox 2084 5244 2224 5299; x_wconf 82' lang='lat' dir='ltr'><strong>albas</strong></span> <span class='ocrx_word' id='word_1_947' title='bbox 2255 5245 2483 5316; x_wconf 82' lang='lat' dir='ltr'><strong>regiones</strong></span> <span class='ocrx_word' id='word_1_948' title='bbox 2524 5245 2593 5298; x_wconf 82' lang='lat' dir='ltr'><strong>ad</strong></span> <span class='ocrx_word' id='word_1_949' title='bbox 2616 5262 2841 5301; x_wconf 80' lang='lat' dir='ltr'><strong>messem.</strong></span> <span class='ocrx_word' id='word_1_950' title='bbox 2877 5246 2941 5301; x_wconf 85' lang='lat' dir='ltr'><strong>Et</strong></span> <span class='ocrx_word' id='word_1_951' title='bbox 2966 5247 3239 5319; x_wconf 78' lang='lat' dir='ltr'><strong>adjnngit:</strong></span> <span class='ocrx_word' id='word_1_952' title='bbox 3270 5249 3373 5304; x_wconf 82' lang='lat' dir='ltr'><strong>Alii</strong></span> <span class='ocrx_word' id='word_1_953' title='bbox 3399 5251 3477 5311; x_wconf 61' lang='grc' dir='ltr'><strong>ιιιρ</strong></span> 
     </span>
    </p>
   </div>
   <div class='ocr_carea' id='block_1_121' title="bbox 1898 5336 3473 5413">
    <p class='ocr_par' dir='ltr' id='par_1_121' title="bbox 1898 5336 3473 5413">
     <span class='ocr_line' id='line_1_123' title="bbox 1898 5336 3473 5413; baseline 0.004 -23"><span class='ocrx_word' id='word_1_954' title='bbox 1898 5336 2197 5391; x_wconf 80' lang='lat' dir='ltr'><strong>borareruut</strong></span> <span class='ocrx_word' id='word_1_955' title='bbox 2220 5377 2235 5401; x_wconf 93' lang='lat'><strong>,</strong></span> <span class='ocrx_word' id='word_1_956' title='bbox 2285 5345 2332 5390; x_wconf 87' lang='lat' dir='ltr'><strong>et</strong></span> <span class='ocrx_word' id='word_1_957' title='bbox 2373 5352 2456 5391; x_wconf 80' lang='lat' dir='ltr'><strong>nos</strong></span> <span class='ocrx_word' id='word_1_958' title='bbox 2490 5337 2542 5389; x_wconf 89' lang='lat' dir='ltr'><strong>in</strong></span> <span class='ocrx_word' id='word_1_959' title='bbox 2585 5337 2781 5392; x_wconf 87' lang='lat' dir='ltr'><strong>labores</strong></span> <span class='ocrx_word' id='word_1_960' title='bbox 2820 5355 2992 5393; x_wconf 80' lang='lat' dir='ltr'><strong>eorum</strong></span> <span class='ocrx_word' id='word_1_961' title='bbox 3026 5340 3251 5396; x_wconf 84' lang='lat' dir='ltr'><strong>intrastis</strong></span> <span class='ocrx_word' id='word_1_962' title='bbox 3298 5340 3473 5413; x_wconf 81' lang='lat' dir='ltr'><strong>(Joau.</strong></span> 
     </span>
    </p>
   </div>
   <div class='ocr_carea' id='block_1_122' title="bbox 1901 5425 3473 5505">
    <p class='ocr_par' dir='ltr' id='par_1_122' title="bbox 1901 5425 3473 5505">
     <span class='ocr_line' id='line_1_124' title="bbox 1901 5425 3473 5505; baseline 0.004 -23"><span class='ocrx_word' id='word_1_963' title='bbox 1901 5445 1981 5494; x_wconf 77' lang='lat' dir='ltr'><strong>Iv,</strong></span> <span class='ocrx_word' id='word_1_964' title='bbox 2013 5425 2188 5495; x_wconf 76' lang='lat'><strong>6-58).</strong></span> <span class='ocrx_word' id='word_1_965' title='bbox 2224 5426 2505 5482; x_wconf 79' lang='lat' dir='ltr'><strong>Lahoravit</strong></span> <span class='ocrx_word' id='word_1_966' title='bbox 2525 5428 2813 5496; x_wconf 81' lang='lat' dir='ltr'><strong>Abraham,</strong></span> <span class='ocrx_word' id='word_1_967' title='bbox 2851 5429 3013 5498; x_wconf 86' lang='lat' dir='ltr'><strong>Isaac,</strong></span> <span class='ocrx_word' id='word_1_968' title='bbox 3035 5429 3218 5496; x_wconf 83' lang='lat' dir='ltr'><strong>Jacob,</strong></span> <span class='ocrx_word' id='word_1_969' title='bbox 3247 5432 3473 5505; x_wconf 77' lang='lat' dir='ltr'><strong>Moyses,</strong></span> 
     </span>
    </p>
   </div>
   <div class='ocr_carea' id='block_1_123' title="bbox 1964 5549 3479 5651">
    <p class='ocr_par' dir='ltr' id='par_1_123' title="bbox 1964 5549 3479 5651">
     <span class='ocr_line' id='line_1_125' title="bbox 1964 5549 3479 5651; baseline 0.006 -21"><span class='ocrx_word' id='word_1_970' title='bbox 1964 5583 1980 5614; x_wconf 77' lang='grc' dir='ltr'><strong>ι</strong></span> <span class='ocrx_word' id='word_1_971' title='bbox 2002 5586 2074 5630; x_wconf 81' lang='lat' dir='ltr'><strong>Er.</strong></span> <span class='ocrx_word' id='word_1_972' title='bbox 2102 5587 2218 5650; x_wconf 54' lang='lat' dir='ltr'><strong>t’en.</strong></span> <span class='ocrx_word' id='word_1_973' title='bbox 2247 5588 2296 5651; x_wconf 84' lang='lat' dir='ltr'><strong>et</strong></span> <span class='ocrx_word' id='word_1_974' title='bbox 2319 5589 2426 5651; x_wconf 74' lang='lat' dir='ltr'><strong>tm.</strong></span> <span class='ocrx_word' id='word_1_975' title='bbox 2441 5549 2522 5651; x_wconf 76' lang='lat' dir='ltr'><strong>sic</strong></span> <span class='ocrx_word' id='word_1_976' title='bbox 2544 5581 3479 5651; x_wconf 53' lang='lat' dir='ltr'><strong>exhibenthunclocumalmuenimspi-</strong></span> 
     </span>
    </p>
   </div>
   <div class='ocr_carea' id='block_1_124' title="bbox 1897 5642 3481 5710">
    <p class='ocr_par' dir='ltr' id='par_1_124' title="bbox 1897 5642 3481 5710">
     <span class='ocr_line' id='line_1_126' title="bbox 1897 5642 3481 5710; baseline 0.006 -17"><span class='ocrx_word' id='word_1_977' title='bbox 1897 5654 1960 5693; x_wconf 80' lang='lat' dir='ltr'><strong>ca</strong></span> <span class='ocrx_word' id='word_1_978' title='bbox 2163 5649 2268 5692; x_wconf 72' lang='lat' dir='ltr'><strong>erat</strong></span> <span class='ocrx_word' id='word_1_979' title='bbox 2282 5642 2538 5710; x_wconf 64' lang='lat' dir='ltr'><strong>gigneIIda,</strong></span> <span class='ocrx_word' id='word_1_980' title='bbox 2552 5651 2805 5705; x_wconf 79' lang='lat' dir='ltr'><strong>acceperat</strong></span> <span class='ocrx_word' id='word_1_981' title='bbox 2821 5652 2869 5697; x_wconf 76' lang='lat' dir='ltr'><strong>et</strong></span> <span class='ocrx_word' id='word_1_982' title='bbox 2880 5644 3138 5709; x_wconf 61' lang='lat' dir='ltr'><strong>&quot;opimas</strong></span> <span class='ocrx_word' id='word_1_983' title='bbox 3150 5642 3481 5710; x_wconf 59' lang='lat' dir='ltr'><strong>seminaret,</strong></span> 
     </span>
    </p>
   </div>
   <div class='ocr_carea' id='block_1_125' title="bbox 1905 5701 3481 5767">
    <p class='ocr_par' dir='ltr' id='par_1_125' title="bbox 1905 5701 3481 5767">
     <span class='ocr_line' id='line_1_127' title="bbox 1905 5701 3481 5767; baseline 0.003 -16"><span class='ocrx_word' id='word_1_984' title='bbox 1905 5701 2141 5767; x_wconf 46' lang='lat' dir='ltr'><strong>apostolos</strong></span> <span class='ocrx_word' id='word_1_985' title='bbox 2163 5701 2463 5766; x_wconf 57' lang='lat' dir='ltr'><strong>exspectabat</strong></span> <span class='ocrx_word' id='word_1_986' title='bbox 2486 5701 2677 5755; x_wconf 74' lang='lat' dir='ltr'><strong>matura</strong></span> <span class='ocrx_word' id='word_1_987' title='bbox 2695 5717 2942 5759; x_wconf 77' lang='lat' dir='ltr'><strong>messores.</strong></span> <span class='ocrx_word' id='word_1_988' title='bbox 2973 5701 2986 5709; x_wconf 75' lang='grc'>⁷</span> <span class='ocrx_word' id='word_1_989' title='bbox 3010 5714 3064 5757; x_wconf 82' lang='grc' dir='ltr'><strong>Μ.</strong></span> <span class='ocrx_word' id='word_1_990' title='bbox 3417 5701 3420 5703; x_wconf 51' lang='grc'>⁷</span> <span class='ocrx_word' id='word_1_991' title='bbox 3461 5701 3481 5720; x_wconf 60' lang='lat'><em>&quot;</em></span> 
     </span>
    </p>
   </div>
  </div>
