3934 6184
283 310 385 369 ϐΰἹ

286 418 600 497 Prophetze;
631 423 1005 478 laboraverunt
1034 414 1383 480 seminando;
1418 414 1469 468 in
1495 415 1724 467 advequ
1755 410 1863 465 Do-

289 520 416 575 mini
449 527 653 572 matura
686 514 878 570 messis
912 512 1125 566 inventa
1151 518 1251 565 est.
1282 505 1421 561 Missi
1454 517 1719 559 messores
1747 515 1866 556 eum

284 612 419 665 falce
469 606 779 676 Evangelii,
834 611 1179 675 portaverunt
1230 597 1525 667 manipulos
1576 594 1643 649 ad
1687 606 1867 648 aream

281 698 625 762 d'ouiinicam,
652 695 741 750 ubi
767 694 1070 764 Stephanus
1101 691 1455 745 trituraretur.

353 787 577 844 CAPUT
606 786 691 843 Ill.
722 815 794 826 ——
821 787 875 841 5.
908 784 1088 839 Semen
1125 779 1399 851 Evangelii
1431 775 1669 832 Gentillus
1701 784 1870 827 trans-

281 882 507 935 missum.
563 879 660 934 Hic
698 888 874 932 autem
923 876 1126 931 accedit
1155 874 1349 927 Paulus
1377 871 1463 924 ille
1489 911 1505 935 ,
1550 878 1603 922 et
1628 866 1692 920 ad
1724 864 1868 919 Gen-

284 984 364 1028 tes
392 973 638 1027 mittitur.
670 970 736 1026 Et
776 986 878 1025 non
918 977 1056 1024 tacet
1085 967 1185 1021 hoc
1214 967 1265 1020 in
1294 958 1716 1020 commendando
1744 972 1866 1029 gra-

286 1064 410 1117 tiam
436 1106 451 1128 ,
484 1078 639 1132 quam
675 1062 936 1131 prmeipuc
975 1059 1292 1130 proprieque
1317 1052 1568 1123 suscepit.
1607 1050 1698 1106 Ait
1724 1048 1866 1104 enim

286 1156 336 1208 in
367 1154 656 1224 Scripturis
685 1154 795 1208 suis
815 1195 829 1213 .
882 1152 1100 1205 missum
1129 1164 1189 1204 se
1218 1163 1340 1202 esse
1370 1143 1661 1215 przedicare
1689 1140 1864 1195 Evan-

284 1247 510 1315 ge‘lium,
545 1245 632 1299 ubi
661 1242 904 1299 Christus
943 1258 1046 1296 non
1091 1248 1207 1296 erat
1243 1239 1564 1293 nominatus.
1613 1232 1726 1289 Sed
1755 1230 1866 1301 j'am

285 1340 407 1408 quia
438 1341 571 1393 facta
609 1348 691 1392 est
733 1337 819 1391 illa
852 1336 1040 1391 messis
1065 1376 1078 1397 ,
1121 1344 1175 1389 et
1215 1346 1402 1386 omnes
1445 1328 1613 1385 Judaei
1654 1327 1745 1397 qui
1776 1340 1867 1380 re-

287 1436 595 1482 manserunt
622 1424 723 1497 (a),
748 1440 976 1480 messem
1004 1423 1341 1478 attendamus
1366 1419 1507 1491 quod
1535 1432 1633 1499 nos
1661 1431 1863 1471 sumus.

287 1523 615 1573 Seminatum
644 1529 725 1573 est
767 1519 907 1573 enim
938 1515 1006 1569 ab
1041 1514 1310 1584 Apostolis
1332 1521 1386 1566 et
1414 1508 1712 1579 Prophetis.
1750 1504 1868 1575 Ipse

291 1613 547 1667 Dominus
568 1611 865 1666 seminavit.
899 1608 1017 1677 Ipse
1043 1607 1183 1662 enim
1212 1607 1262 1658 in
1295 1602 1563 1673 Apostolis
1595 1600 1710 1659 fuit.
1740 1597 1866 1667 quia

288 1716 340 1758 i-t
368 1708 477 1774 ipse
509 1704 729 1758 moSsuit
754 1703 1014 1758 Christus.
1060 1700 1173 1754 Non
1213 1699 1356 1753 enim
1401 1696 1475 1749 illi
1515 1692 1711 1763 aliquid
1753 1692 1869 1744 sine

294 1796 383 1850 i'lo
416 1813 429 1850 :
463 1796 548 1848 ille
590 1795 852 1864 perfectus
889 1803 969 1847 est
999 1792 1113 1845 sine
1142 1789 1265 1843 illis.
1310 1787 1427 1856 lpse
1456 1785 1594 1840 enim
1623 1783 1727 1838 illis
1756 1782 1865 1836 ait:

293 1885 424 1950 Quia
449 1887 555 1938 sine
577 1901 655 1938 me
686 1883 812 1937 nihil
865 1882 1067 1952 potestis
1113 1880 1317 1949 facere(
1350 1875 1436 1930 Id.
1468 1891 1558 1940 xv,
1591 1874 1665 1944 5).
1695 1872 1869 1928 Semi-

294 1992 425 2032 nans
458 1991 583 2046 ergo
611 1974 851 2031 Christus
872 1974 981 2042 jam
1014 1973 1063 2025 in
1094 1969 1350 2026 Gentibus
1376 1966 1501 2037 quid
1524 1964 1690 2020 dicit?
1727 1962 1871 2017 Exiit

292 2070 544 2122 sentinam
586 2067 850 2120 seminare.
900 2063 971 2117 lbi
1018 2063 1298 2116 mittuntur
1335 2072 1600 2113 messores
1646 2065 1868 2121 metere,

289 2157 376 2211 hic
404 2158 532 2211 exiit
560 2157 829 2211 seminans
854 2153 1116 2209 seminare
1144 2151 1384 2220 impiger.
1416 2146 1550 2216 Quid
1581 2146 1723 2200 enim
1752 2159 1872 2215 per-

291 2249 502 2312 timuit,
536 2247 674 2317 quod
712 2244 853 2300 aliud
886 2243 1076 2299 cecidit
1111 2243 1163 2296 in
1190 2241 1364 2304 viam,
1409 2238 1551 2293 aliud
1579 2238 1629 2291 in
1660 2246 1872 2306 petrosa

291 2343 403 2395 loca
426 2382 440 2406 ,
471 2339 612 2393 aliud
640 2339 778 2394 inter
814 2336 1037 2407 spinas?
1081 2333 1135 2388 Si
1173 2333 1299 2387 istas
1333 2330 1578 2386 difficiles
1609 2336 1775 2383 terras
1803 2326 1871 2380 ti—

290 2443 497 2496 meret,
548 2431 615 2485 ad
657 2439 850 2487 terram
896 2428 1086 2483 bonam
1108 2440 1222 2480 non
1273 2423 1590 2494 perveniret.
1640 2419 1777 2488 Quid
1806 2419 1872 2474 ad

291 2540 410 2590 nos,
440 2522 565 2594 quid
596 2522 750 2576 nobis
770 2528 851 2575 est
874 2519 982 2589 jam
1012 2518 1077 2571 de
1107 2516 1303 2571 Iudaeis
1331 2514 1623 2582 disputare,
1650 2520 1703 2567 et
1732 2511 1873 2580 loqui

290 2616 357 2670 de
389 2613 575 2683 palea?
601 2612 711 2667 Hoc
731 2610 905 2665 solum
927 2607 991 2662 ad
1019 2622 1135 2671 nos,
1164 2621 1232 2660 ne
1254 2606 1334 2659 via
1360 2606 1548 2669 simus,
1575 2617 1870 2668 ncsaxum,

291 2721 358 2759 ne
385 2705 571 2775 spinae,
602 2703 695 2759 sed
725 2711 865 2758 terra
888 2700 1043 2754 bona.
1076 2698 1319 2753 Paratum
1337 2711 1430 2752 cor
1452 2704 1709 2757 nostrum,
1736 2694 1875 2749 unde

291 2797 549 2853 trieenum
570 2837 586 2862 ,
618 2793 759 2850 unde
794 2807 1115 2863 sexagenum
1141 2832 1154 2854 ,
1197 2788 1337 2844 unde
1366 2789 1636 2843 millenum
1664 2796 1716 2842 et
1744 2801 1872 2841 cen-

293 2899 471 2943 tenum
501 2906 513 2942 :
542 2886 669 2942 illud
702 2886 875 2940 minus
900 2891 1015 2950 est,
1047 2891 1100 2938 et
1126 2880 1253 2947 illud
1285 2880 1401 2951 plus
1423 2888 1535 2945 est;
1583 2879 1677 2933 sed
1704 2888 1871 2934 totum

299 2980 531 3035 triticum
566 2990 666 3035 est.
713 2977 805 3032 Via
836 2991 941 3030 non
979 2975 1085 3041 sit,
1121 2974 1206 3028 ulti
1242 2974 1606 3028 conculcatum
1634 2986 1814 3027 semen
1843 2988 1873 3027 ει

295 3070 690 3127 transeuntibus
715 3069 860 3124 velut
878 3068 990 3121 avis
1016 3064 1220 3121 auferat
1246 3063 1510 3119 inimicus.
1541 3062 1738 3119 Saxum
1768 3080 1871 3118 non

291 3163 390 3227 sit,
436 3163 521 3218 tibi
561 3162 769 3216 modica
809 3168 947 3215 terra
995 3156 1172 3219 statim
1203 3155 1328 3211 facit
1365 3155 1662 3225 gi-rminare
1685 3196 1701 3222 ,
1732 3155 1873 3226 quod

295 3269 398 3307 non
442 3253 607 3321 possit
634 3251 801 3306 solem
842 3257 1073 3320 portare.
1112 3247 1290 3317 Spiiue
1320 3261 1423 3300 non
1452 3246 1589 3312 sint,
1618 3247 1878 3317 cupidita-

296 3354 376 3401 tes
416 3342 595 3399 saiculi
622 3385 635 3408 ,
683 3340 1067 3397 sollicitudines
1096 3339 1218 3393 vita:
1262 3338 1465 3393 vitiosie
1514 3336 1727 3407 (Matth.
1759 3355 1873 3406 xttt,

293 3436 474 3502 3-23).
523 3436 663 3506 Quid
695 3436 836 3491 enim
863 3437 1012 3508 pejus
1046 3437 1398 3492 sollicitudine
1426 3437 1543 3491 vita:
1563 3478 1578 3503 ,
1608 3451 1725 3507 qua:
1757 3452 1878 3506 per-

299 3532 481 3584 venire
511 3544 615 3583 non
645 3528 904 3598 permittit
926 3528 991 3582 ad
1025 3529 1225 3582 vitam?
1248 3527 1386 3595 Quid
1416 3529 1683 3594 miserius,
1715 3544 1872 3598 quam

292 3620 529 3675 curando
556 3623 740 3686 vitam,
767 3620 1014 3675 amittere
1040 3618 1234 3673 vitam?
1254 3618 1389 3687 Quid
1408 3619 1685 3684 in'elicius,
1717 3634 1876 3689 quam

294 3711 530 3768 timendo
561 3721 825 3774 mortem,
871 3710 1064 3767 cadere
1102 3710 1153 3763 in
1191 3709 1460 3764 mortem?
1508 3708 1878 3779 Exstirpentur

292 3803 460 3873 spina:
485 3845 498 3863 .
550 3811 764 3873 paretur
805 3817 932 3875 ager
954 3844 969 3869 ,
1014 3801 1371 3871 suscipiantur
1401 3800 1601 3855 semina
1625 3840 1642 3865 ,
1688 3816 1877 3871 perve-

296 3897 471 3950 niatur
508 3894 573 3949 ad
616 3907 842 3949 messem
869 3934 884 3957 ,
913 3893 1163 3949 horreum
1193 3890 1560 3958 desideretur,
1602 3905 1709 3946 non
1740 3891 1876 3963 ignis

296 3989 562 4044 tinuatur.

362 4078 589 4136 CAPUT
620 4079 706 4135 IV.
738 4109 809 4120 —
836 4080 888 4134 4.
920 4077 1152 4133 Pastoris
1198 4085 1363 4147 partes
1403 4075 1588 4156 populo
1623 4073 1877 4144 explicare

294 4174 417 4244 quid
440 4175 617 4246 prosit.
660 4174 740 4229 Ad
773 4187 869 4228 nos
895 4172 1072 4243 itaque
1104 4172 1352 4242 pertinet,
1383 4185 1516 4240 quos
1538 4168 1876 4239 qualescum-

294 4281 399 4337 que
429 4266 680 4320 Dominus
706 4266 757 4319 in
785 4280 914 4336 agro
938 4278 1035 4318 suo
1063 4262 1336 4317 constituit
1362 4254 1666 4331 operarios,
1697 4258 1878 4315 dicere

299 4359 395 4412 ista
416 4357 585 4420 vobis,
612 4356 901 4420 seminare,
934 4353 1194 4423 plantare,
1215 4354 1406 4422 rigare,
1434 4350 1698 4422 aliquibus
1715 4350 1876 4405 etiam

297 4447 579 4501 arboribus
606 4443 1012 4504 circumfodere,
1045 4452 1098 4497 et
1122 4441 1406 4510 eophinum
1442 4441 1694 4497 stercoris
1722 4439 1876 4495 adhi-

299 4537 465 4601 bere;
512 4535 741 4605 pertinet
775 4533 842 4588 ad
884 4547 981 4586 uos
1022 4531 1138 4585 hate
1167 4530 1393 4586 fideliter
1432 4545 1590 4601 agere
1619 4550 1631 4586 :
1657 4531 1723 4585 ad
1759 4545 1875 4597 vos,

299 4627 529 4683 lideliter
553 4642 745 4696 capere
777 4643 790 4680 :
824 4624 888 4680 ad
917 4623 1222 4689 Dominum,
1254 4639 1351 4678 nos
1375 4623 1625 4693 adjuvare
1652 4638 1881 4694 operan-

299 4730 400 4785 tes,
434 4733 527 4771 vos
547 4716 860 4780 credentes,
905 4730 1092 4770 omnes
1125 4715 1424 4770 laborantes
1451 4756 1466 4782 ,
1504 4714 1598 4770 sed
1626 4716 1877 4771 mundum

272 4810 354 4862 Ain
387 4809 478 4865 illo
505 4808 795 4865 vincentes.
844 4806 979 4876 Quid
1020 4820 1149 4877 ergo
1184 4804 1249 4860 ad
1280 4820 1374 4860 vos
1415 4804 1677 4875 pertinet,
1721 4806 1830 4860 dixi
1864 4824 1877 4861 :

299 4900 423 4970 quid
453 4900 518 4954 ad
550 4914 649 4955 nos
693 4900 992 4971 pertineat.
1021 4898 1141 4952 volo
1176 4897 1373 4953 dicere.
1418 4895 1523 4952 Sed
1562 4896 1697 4952 forte
1723 4896 1880 4953 alicui

302 5008 366 5048 ex
396 4993 544 5048 vobis
563 4991 772 5048 videtur
808 4991 927 5061 quia
955 4989 1060 5043 dixi
1082 4988 1407 5060 superﬂuum
1429 4987 1626 5057 aliquid
1650 5004 1733 5043 me
1746 4988 1882 5045 velle

299 5086 499 5146 dicere.
531 5092 585 5139 et
610 5082 746 5153 apud
771 5097 829 5139 se
853 5083 1026 5153 ipsum
1057 5081 1280 5152 loquens
1309 5082 1361 5134 in
1382 5080 1700 5151 cogitatione
1716 5080 1877 5136 dicit:

298 5173 343 5229 0
373 5174 416 5228 si
446 5173 551 5244 iam
583 5173 812 5233 dimittat
840 5172 971 5227 nos!
1021 5171 1138 5227 iam
1166 5171 1300 5226 dixit
1345 5172 1470 5243 quid
1515 5171 1780 5241 pertineat
1815 5171 1882 5227 ad

304 5278 400 5318 nos
423 5280 436 5329 ;
467 5263 609 5334 quod
634 5263 700 5318 ad
732 5263 905 5333 ipsum
926 5261 1175 5332 pertinet,
1205 5259 1329 5332 quid
1352 5260 1417 5314 ad
1449 5261 1584 5314 nos?
1612 5261 1747 5315 Puto
1771 5276 1885 5316 tne-

302 5357 402 5410 lius
445 5368 565 5410 esse
607 5354 660 5407 in
704 5354 905 5408 alterna
942 5360 997 5407 et
1025 5359 1207 5406 mutua
1236 5350 1495 5406 charitate
1524 5350 1884 5422 pertineamus

302 5446 368 5501 ad
396 5462 512 5502 vos.
553 5445 630 5501 De
659 5460 763 5500 una
789 5442 949 5499 modo
990 5442 1203 5514 quidem
1232 5456 1328 5497 vos
1370 5441 1568 5496 familia
1591 5442 1720 5498 estis
1742 5484 1757 5509 ,
1787 5456 1891 5508 nos.

275 5537 279 5542 ’
304 5553 369 5592 ex
399 5537 582 5593 eadem
602 5536 818 5607 quidem
846 5535 1039 5590 familia
1062 5534 1457 5604 dispensatores
1476 5549 1661 5591 sumus
1675 5549 1882 5602 omnes,

306 5627 373 5679 ad
407 5642 568 5681 unum
594 5626 877 5682 Dominum
908 5626 1231 5696 pertinemus
1254 5640 1460 5682 omnes.
1486 5624 1599 5701 Nec
1627 5625 1771 5698 quod
1791 5625 1882 5695 do,

370 5738 439 5796 (υ)
474 5743 552 5785 t’or
560 5745 609 5785 te
627 5737 915 5799 addendum,
930 5737 1095 5790 messis
1116 5750 1206 5789 non
1228 5741 1355 5790 sunt.

1518 303 1573 358 s.
1618 294 1979 356 AUGUSTINI
2025 268 2323 355 Episcopi

3447 311 3556 368 608

1964 408 2037 464 de
2064 426 2183 467 meo
2212 411 2309 476 do;
2352 413 2445 468 sed
2469 413 2536 469 de
2563 414 2701 471 illius
2726 431 2756 470 a
2786 431 2892 486 quo
2934 418 3137 488 accipio
3164 427 3214 472 et
3255 435 3371 486 ego.
3421 421 3556 478 Nam

1970 501 2013 555 si
2041 500 2108 557 de
2137 517 2256 558 meo
2280 502 2498 569 dedero,
2527 506 2861 562 mendacium
2891 508 3048 564 dabo.
3081 510 3181 578 Qui
3212 512 3351 566 enim
3385 512 3560 582 loqui-
3660 518 3669 527 ’

1973 601 2059 667 tur
2107 594 2477 662 mendacium,
2526 597 2594 653 de
2636 613 2733 653 suo
2774 601 3007 670 loquitur
3057 601 3234 674 (Joan.
3267 619 3388 668 vni,
3434 606 3555 673 45).

1974 685 2187 740 Debetis
2215 702 2342 757 ergo
2370 688 2552 743 audire
2577 692 2700 761 quid
2729 694 2991 761 pertineat
3017 694 3079 748 ad
3103 694 3547 767 diSpensatorem,

1972 777 2085 832 sive
2114 779 2245 833 utin
2273 779 2418 835 vobis
2447 782 2607 851 ipsis,
2638 770 2679 837 Si
2711 786 2841 839 tales
2886 786 3228 854 inveneritis,
3273 799 3548 858 congratuo

1973 867 2182 934 lemini,
2235 871 2347 925 sive
2387 873 2545 926 etiam
2593 874 2642 926 in
2686 874 2787 930 hoc
2826 876 2941 944 ipso
2983 878 3336 933 instruamini.
3383 881 3553 949 Quan‘.

1974 960 2133 1014 multi'
2153 962 2291 1015 enim
2322 962 2371 1016 in
2401 962 2501 1018 hoc
2530 966 2721 1034 populo
2757 966 2915 1022 futuri
2953 977 3078 1024 sunt
3113 969 3550 1041 dispensatores?

1973 1051 2039 1105 Et
2060 1067 2157 1106 nos
2178 1053 2255 1117 ibi
2288 1053 2481 1110 fuimus
2506 1057 2591 1111 ubi
2616 1059 2745 1112 estis
2776 1076 2789 1112 :
2818 1068 2871 1113 et
2901 1076 2997 1115 nos
3020 1061 3108 1128 qui
3132 1061 3375 1117 videmur
3394 1065 3564 1118 modo

1972 1143 2039 1197 de
2065 1146 2339 1213 superiore
2368 1146 2485 1200 loco
2510 1150 2782 1204 conservis
2807 1152 2978 1205 metiri
3008 1152 3228 1217 cibaria,
3270 1164 3395 1208 ante
3425 1171 3563 1225 pau-

1972 1249 2065 1290 cos
2090 1253 2257 1292 annos
2287 1239 2336 1291 in
2379 1238 2627 1296 inferiore
2664 1241 2783 1295 loco
2807 1257 2927 1296 cum
2958 1246 3229 1299 conservis
3253 1248 3563 1317 accipieba-

1974 1341 2093 1378 tnus
2122 1327 2338 1382 cibaria.
2393 1330 2691 1401 Episcopus
2714 1334 2864 1388 laicis
2893 1336 3081 1404 loquor
3111 1353 3127 1389 :
3163 1338 3256 1391 sed
3286 1338 3410 1395 inde
3440 1340 3562 1396 scio

1973 1432 2128 1485 quam
2151 1419 2330 1472 multis
2358 1420 2544 1477 futuris
2567 1424 2828 1493 episcopis
2857 1426 3063 1494 loquor.

2044 1505 2271 1564 CAPUT
2301 1509 2362 1562 V.
2389 1542 2460 1550 —
2475 1512 2525 1566 5.
2552 1512 2811 1585 Pi'att'epla
2828 1517 3240 1586 prwdiratoribus
3257 1523 3556 1586 constituta,

1977 1612 2075 1650 non
2121 1601 2395 1653 carnaliter
2441 1604 2754 1673 arripiemla.
2809 1607 2947 1677 Ergo
2975 1608 3091 1662 vide
3129 1626 3178 1663 ιιι
3219 1625 3247 1665 s
3286 1614 3561 1681 quomodo

1978 1705 2080 1744 nos
2105 1691 2455 1762 intelligamus
2480 1737 2496 1760 ,
2542 1698 2681 1766 quod
2732 1700 2981 1775 praecepit
3011 1701 3267 1757 Dominus
3306 1705 3384 1758 eis
3419 1721 3563 1775 quos

1976 1781 2215 1836 mittebat
2246 1784 2589 1854 Evangelium
2637 1789 2962 1856 prindicare,
2997 1799 3051 1845 et
3091 1802 3268 1846 mente
3317 1805 3559 1861 paratam
3634 1778 3654 1797 ’

1976 1888 2204 1929 messem
2232 1875 2524 1932 videamus.
2559 1877 2781 1947 Nolite,
2799 1881 2995 1951 inquit,
3029 1888 3162 1954 ferre
3184 1887 3441 1940 sacculum
3469 1898 3566 1942 aut

1975 1980 2177 2034 peram,
2207 1977 2294 2018 aut
2322 1967 2690 2034 calceamenta;
2736 1973 3052 2026 et‘uemiueni
3089 1991 3178 2045 per
3203 1977 3332 2029 riam
3360 1978 3564 2031 saluta»

1976 2059 2161 2113 ueritis.
2190 2058 2255 2112 Et
2284 2060 2337 2114 in
2374 2078 2737 2132 quanicumque
2763 2063 2969 2118 domum
3005 2066 3325 2133 intrareritis,
3363 2069 3515 2124 dicite
3537 2087 3563 2126 :

1977 2144 2097 2202 Pax
2129 2148 2245 2204 huic
2265 2150 2458 2204 domui.
2490 2151 2553 2208 Si
2584 2163 2657 2207 est
2680 2154 2785 2208 illic
2804 2155 2943 2225 ﬁlius
2973 2158 3113 2227 pacis
3136 2200 3150 2225 ,
3179 2161 3444 2230 requiescet
3471 2179 3566 2216 su—

1976 2259 2067 2314 per
2091 2242 2236 2297 illuni
2264 2261 2367 2316 pax
2388 2255 2549 2301 vestra
2570 2264 2589 2301 :
2609 2248 2654 2301 si
2681 2265 2778 2318 quo
2818 2250 2985 2303 minus
3002 2291 3017 2315 ,
3064 2253 3133 2304 ad
3156 2267 3241 2305 vos
3266 2263 3559 2309 revertetur.

1976 2334 2032 2391 Si
2056 2337 2341 2406 requievit,
2376 2338 2638 2408 perdidit?
2663 2339 2815 2396 Absit
2837 2341 2938 2395 hoc
2963 2359 2991 2396 a
3024 2354 3205 2398 tuente
3226 2356 3559 2402 sanctorum.

1980 2425 2121 2497 Ergo
2166 2443 2263 2483 nec
2316 2429 2445 2485 illud
2488 2431 2853 2501 accipiendum
2894 2444 2977 2489 est
3019 2436 3304 2491 carnaliter
3333 2454 3348 2491 :
3373 2452 3435 2493 ac
3463 2453 3566 2508 per

1974 2518 2082 2579 hoc
2109 2518 2244 2576 forte
2282 2536 2382 2577 nec
2426 2537 2613 2578 saccus
2635 2564 2650 2588 ,
2700 2539 2799 2579 nec
2825 2525 3185 2581 caleeamenta
3210 2568 3225 2591 ,
3272 2543 3371 2584 nec
3396 2544 3561 2598 pera;

1978 2613 2318 2683 maximeque
2346 2614 2472 2670 illud
2500 2615 2589 2670 ubi
2612 2615 2786 2680 nobis,
2817 2617 2862 2671 si
2886 2618 3201 2687 simpliciter
3220 2619 3336 2674 sine
3355 2619 3570 2675 discus-

1978 2703 2130 2759 sione
2151 2705 2492 2774 accipiamus,
2515 2707 2762 2777 superbia
2780 2708 2991 2765 videtnr
3010 2709 3276 2780 imposita,
3301 2726 3570 2782 nequem-

1974 2812 2135 2867 ‘quam
2158 2797 2212 2852 in
2234 2797 2315 2852 via
2340 2798 2652 2855 salutemus.

1976 2950 1979 2955 ἱ
2051 2888 2103 2943 6.
2136 2888 2452 2960 Prteceptum
2474 2892 2539 2945 de
2565 2892 2767 2947 saccqu
2798 2909 2900 2948 non
2938 2893 3163 2963 ferendo.
3214 2895 3569 2953 Attendamus

1980 2982 2259 3037 Dominum
2302 2992 2539 3038 nostrum
2570 2984 2875 3053 exemplum
2907 3001 3087 3041 verum
3128 2997 3182 3042 et
3218 2988 3565 3057 adjutorium.

1979 3073 2274 3131 Probemus
2323 3075 2445 3142 quia
2488 3075 2852 3146 adjutorium:
2900 3076 3025 3133 Sine
3067 3095 3147 3132 me
3189 3079 3317 3133 nihil
3357 3080 3571 3145 potestis

1979 3169 2163 3238 facere.
2206 3166 2503 3223 Probemus
2536 3168 2657 3237 quia
2686 3169 2989 3239 exemplum
3018 3187 3032 3223 :
3061 3169 3291 3227 Christus
3308 3188 3397 3241 pro
3421 3172 3571 3227 nobis

1979 3275 2161 3330 passus
2180 3269 2253 3315 est
2270 3301 2285 3327 ,
2315 3258 2503 3315 Petrus
2527 3260 2676 3328 dicit,
2707 3262 2848 3317 nobis
2872 3263 3159 3333 relinquens
3180 3264 3485 3335 exemplum,
3507 3275 3569 3320 at

1980 3367 2247 3421 sequamur
2281 3353 2486 3424 uestigia
2516 3355 2624 3424 ejus
2650 3353 2693 3426 (Ι
2724 3353 2866 3409 Petr.
2894 3371 2962 3419 ιι,
2988 3354 3103 3426 2|).
3151 3355 3269 3427 Ipse
3307 3357 3569 3431 Dominus

1980 3450 2163 3498 noster
2204 3442 2407 3499 loculos
2435 3442 2618 3499 habuit
2657 3444 2710 3500 in
2740 3445 2858 3509 via,
2897 3456 2952 3501 ct
2990 3446 3137 3516 ipsos
3178 3447 3381 3502 loculos
3406 3446 3569 3504 inda:

1979 3522 2464 3591 commendaverat.
2491 3536 2800 3594 Patiebatur
2824 3537 3039 3609 quidem
3063 3537 3232 3594 furem
3263 3537 3439 3609 (Joan.
3467 3555 3564 3606 sn,

1981 3625 2040 3697 6)
2071 3643 2084 3678 :
2113 3624 2208 3682 sed
2253 3641 2354 3697 ego
2388 3642 2419 3681 a
2467 3628 2693 3683 Domino
2741 3641 2861 3700 meo
2904 3629 3110 3687 discere
3155 3630 3376 3700 cupiens
3416 3629 3567 3698 dico,

1981 3717 2243 3784 Domine,
2286 3719 2570 3790 patiebaris
2608 3719 2812 3784 furem,
2846 3720 2986 3777 unde
3016 3722 3248 3778 habebas
3280 3722 3418 3778 unde
3459 3724 3571 3777 tol-

1980 3811 2154 3868 leret?
2194 3811 2278 3869 Me
2316 3811 2585 3868 hominem
2623 3814 2876 3870 miserum
2915 3823 2970 3868 et
3012 3815 3276 3870 infirmum
3312 3814 3567 3870 monuisti

1976 3918 2083 3959 nec
2103 3903 2371 3959 sacculum
2396 3914 2610 3975 portare
2640 3922 2654 3959 :
2688 3914 2742 3959 tu
2772 3905 2991 3975 portasti
3011 3906 3232 3971 loculos,
3262 3915 3316 3963 et
3334 3914 3450 3962 erat
3473 3906 3569 3960 ubi

1981 3995 2151 4051 furem
2183 3995 2456 4065 patereris.
2498 3995 2553 4052 Si
2587 4011 2691 4051 non
2729 4005 3001 4066 portares,
3047 4013 3150 4053 nec
3178 3997 3266 4053 ille
3304 3997 3573 4053 inveniret

1983 4086 2123 4155 quod
2146 4087 2397 4142 auferret.
2418 4072 2576 4154 Quid
2602 4097 2807 4155 restat,
2838 4088 2938 4144 nisi
2968 4089 3109 4159 ιιιιηιι
3139 4089 3224 4144 hic
3248 4088 3387 4143 dicat
3409 4088 3565 4155 mihi,

1986 4177 2223 4249 intelligo
2252 4179 2394 4249 quod
2428 4179 2579 4234 audis
2601 4218 2617 4244 ,
2670 4178 2843 4257 Nolite
2867 4189 3069 4250 portare
3107 4164 3383 4236 sacculum:
3425 4179 3569 4247 Quid

1982 4281 2065 4326 est
2091 4270 2371 4326 sacculus?
2401 4272 2628 4327 Pecunia
2652 4273 2831 4328 clausa
2853 4314 2867 4335 ,
2904 4273 2955 4328 id
2985 4282 3086 4339 est,
3114 4274 3322 4330 occulta
3345 4274 3565 4344 sapien-

1983 4363 2074 4419 tia.
2103 4362 2238 4431 Quid
2258 4372 2359 4429 est,
2394 4362 2569 4419 Nolite
2589 4374 2789 4433 portare
2809 4366 3105 4420 saccutum?
3129 4364 3306 4421 Nolite
3329 4364 3444 4421 ﬁeri
3471 4380 3567 4422 sa-

1984 4456 2192 4526 pientes
2238 4470 2405 4526 penes
2446 4457 2818 4527 vosmetipsos.
2873 4456 3113 4527 Accipite
3156 4455 3413 4526 Spiritum
3439 4471 3571 4512 san-

1983 4557 2149 4604 ctum.
2197 4547 2338 4602 Fons
2378 4549 2432 4603 in
2472 4557 2524 4604 te
2558 4548 2714 4604 debet
2752 4562 2911 4616 esse,
2959 4564 3065 4604 non
3099 4549 3379 4614 sacculus;
3424 4548 3570 4605 unde

1982 4648 2267 4708 erogatur,
2314 4654 2419 4693 non
2460 4640 2550 4694 ubi
2596 4638 2914 4694 includatur.
2965 4639 3078 4695 Hoc
3104 4651 3189 4695 est
3227 4656 3384 4710 pera.
3423 4640 3566 4710 quod

1984 4738 2065 4786 est
2099 4729 2360 4785 sacculus.

2054 4821 2278 4878 CAPUT
2308 4821 2394 4875 Vl.
2432 4852 2506 4862 —
2547 4822 2600 4878 7.
2629 4820 2710 4876 De
2730 4823 3081 4877 calceamentis
3126 4840 3228 4877 non
3274 4814 3568 4881 induendas.

1985 4915 2352 4970 Calceatuenta
2373 4913 2497 4982 quid
2543 4913 2699 4969 sunt?
2735 4914 3104 4971 Calceamenta
3130 4915 3321 4983 quibus
3344 4914 3570 4980 utimur,

1985 5006 2128 5060 coria
2169 5016 2498 5059 mortuorum
2546 5013 2705 5071 sunt,
2746 5004 2898 5060 nobis
2930 5006 3161 5076 tegmina
3204 5004 3422 5077 pedum.
3464 5004 3576 5061 Per

1987 5098 2089 5153 hoc
2114 5113 2241 5168 ergo
2275 5097 2526 5167 jubcmur
2566 5097 2871 5173 renuntiare
2900 5098 3123 5152 mortuis
3157 5098 3426 5166 operibus.
3456 5095 3574 5152 llnc

1989 5191 2041 5245 in
2069 5189 2233 5260 figura
2272 5188 2480 5260 Moyses
2512 5188 2896 5244 admonebatur
2915 5228 2932 5255 ,
2971 5189 3182 5260 quando
3214 5189 3467 5244 Dominus
3493 5188 3568 5242 lo.

1987 5296 2156 5352 quens
2197 5289 2289 5346 ait,
2333 5280 2484 5335 Solve
2523 5282 2859 5335 calceamenta
2897 5279 2961 5334 de
2994 5280 3203 5351 pedibus
3250 5281 3349 5334 tuis
3376 5296 3397 5334 :
3430 5280 3573 5333 locus

1987 5374 2120 5427 enim
2159 5373 2225 5427 in.
2250 5390 2347 5443 quo
2374 5381 2478 5428 stas
2511 5382 2648 5427 terra
2682 5383 2857 5427 sancta
2881 5381 2953 5426 est
2977 5370 3170 5442 (Exod.
3203 5388 3297 5439 ιιι,
3324 5370 3402 5444 5).
3433 5370 3572 5440 Quid

1990 5473 2098 5520 tam
2135 5473 2275 5521 terra
2317 5472 2535 5532 saneta,
2561 5479 2721 5535 quam
2763 5464 2855 5520 Dei
2895 5463 3170 5520 Ecclesia?
3221 5463 3275 5519 In
3319 5464 3405 5519 illa
3444 5478 3576 5533 ergo

1989 5564 2196 5611 stemus
2222 5595 2236 5620 ,
2264 5556 2624 5610 calceamenta
2653 5555 2943 5620 solvamus,
2975 5553 3027 5609 id
3056 5564 3165 5612 est.
3191 5557 3415 5609 mortuis
3439 5568 3573 5623 ope-

1990 5644 2137 5701 ribus
2156 5645 2532 5701 renuutiemus.
2567 5643 2699 5700 Nam
2728 5643 2797 5699 de
2824 5644 2907 5700 his
2931 5642 3338 5712 calceamentis,
3367 5643 3569 5712 quibus

1991 5735 2209 5791 calceati
2233 5736 2565 5791 ambul-auius
2591 5779 2603 5804 ,
2638 5735 2943 5792 consolatur
2971 5751 3055 5791 me
3083 5737 3219 5790 idem
3251 5736 3361 5803 ipse
3385 5736 3569 5792 Domi-
