3934 6184
256 357 352 407 ult

255 469 298 521 si
324 476 424 539 quo
449 465 633 526 minus,
662 462 794 515 forte
816 459 957 513 enim
980 470 1085 511 non
1108 464 1188 509 est
1222 455 1329 509 illic
1360 454 1495 506 tilius
1519 452 1681 521 pacis,
1713 447 1840 500 nihil

260 537 489 628 perdidit
515 555 602 626 qui
633 554 906 617 salutavit;
938 551 1005 603 ad
1032 566 1151 614 vos,
1183 547 1373 617 inquit,
1406 550 1692 598 revertetur.
1731 537 1840 592 lte-

260 659 496 704 vertetur
536 645 601 700 ad
650 656 738 709 te,
773 659 889 714 qua:
928 658 1033 696 non
1073 639 1318 695 discessit
1359 652 1389 690 a
1428 647 1500 690 te.
1541 631 1655 688 Hoc
1697 629 1840 685 enim

259 739 436 794 dicere
469 736 631 789 voluit
663 753 676 789 :
707 734 822 788 Tibi
855 733 1073 803 prodest
1116 728 1257 800 quod
1306 723 1630 781 auuuntiasti
1655 763 1669 787 ,
1709 719 1842 776 nihil

158 820 165 823 ⁷
259 831 309 887 ei
334 828 531 902 profuit
559 830 646 898 qui
678 843 781 881 non
812 826 1045 895 suscepit
1080 840 1093 876 :
1132 837 1235 877 non
1266 820 1385 890 quia
1419 819 1508 872 ille
1545 815 1716 870 inanis
1753 828 1842 868 re-

260 922 474 985 mansit,
503 919 622 975 ideo
643 928 697 973 tu
715 918 986 988 perdidisti
1016 914 1346 975 mercedem;
1369 908 1605 965 redditur
1630 907 1722 961 tibi
1748 912 1844 975 pro

261 1012 532 1066 voluntate
560 1017 670 1076 tua,
703 1008 941 1065 redditur
989 1008 1081 1061 tibi
1132 1021 1227 1075 pro
1269 1004 1527 1058 eharitate
1552 1014 1709 1070 quam
1741 999 1844 1052 im-

265 1100 514 1171 pendisti,
530 1098 714 1155 reddet
738 1100 830 1153 tibi
848 1099 935 1168 qui
961 1107 1011 1151 te
1027 1110 1271 1150 securum
1298 1092 1420 1148 fecit
1435 1106 1562 1145 voce
1584 1089 1841 1159 angelica,

265 1194 383 1249 Pax
409 1195 460 1248 in
500 1205 631 1248 terra
657 1192 937 1247 lmninibus
974 1191 1115 1243 home
1152 1187 1420 1242 voluntatis
1462 1183 1611 1257 (Luc.
1640 1198 1699 1245 ιι,
1734 1180 1841 1248 14).

765 1326 992 1384 SERMO
1028 1323 1116 1380 Cll
1154 1328 1167 1345 ‘
1199 1321 1293 1395 (η).

267 1467 342 1520 De
368 1464 523 1520 verbis
560 1458 819 1535 Evangelii
862 1462 1037 1528 Luc-a3,
1070 1463 1168 1532 Qui
1209 1479 1304 1518 vos
1332 1462 1551 1532 spernit,
1585 1470 1670 1514 me
1699 1474 1848 1528 sper-

761 1556 854 1609 nit.
885 1555 1013 1627 L'ap.
1049 1573 1101 1621 ς,
1144 1556 1177 1623 ᾖ
1203 1595 1215 1608 .
1249 1555 1335 1611 16.

333 1661 556 1724 CAPUT
607 1664 884 1722 PRIMUM.
921 1682 988 1707 -'—-
1020 1668 1069 1721 -l.
1129 1665 1421 1720 Pastoribus
1495 1663 1661 1716 debita
1708 1670 1847 1714 retie-

264 1761 444 1814 reutia.
488 1758 761 1813 Pastorum
785 1761 983 1814 solatia.
1017 1757 1273 1813 Dominus
1301 1768 1482 1812 noster
1505 1758 1661 1811 .lesus
1689 1755 1846 1810 Chri-

264 1860 378 1904 stus
427 1849 566 1920 quod
619 1842 892 1917 discipulis
942 1848 1052 1902 suis
1108 1848 1421 1918 lbquebalu’r
1466 1848 1555 1901 illo
1610 1856 1850 1915 tempore

268 1939 602 1994 scribebatur
621 1979 635 2001 ,
668 1947 722 1992 et
751 1938 903 1992 nobis
931 1938 997 1991 ad
1025 1937 1344 1991 audiendum
1389 1937 1690 2007 parabatur.
1738 1939 1849 1988 A‘u-

267 2029 493 2083 diviums
520 2044 648 2098 ergo
672 2029 832 2084 verba
861 2028 996 2098 ejus.
1018 2028 1153 2097 Quid
1175 2029 1317 2083 enim
1346 2029 1500 2085 nobis
1527 2029 1807 2098 prodeSset
1833 2068 1848 2091 ,

266 2120 313 2176 si
350 2120 655 2186 videretur,
703 2130 757 2175 et
803 2135 905 2175 non
956 2118 1261 2174 audiretur?
1304 2119 1412 2175 Nec
1453 2120 1612 2174 modo
1654 2120 1850 2191 aliquid

265 2212 434 2278 obest,
462 2212 582 2283 quia
604 2230 708 2268 non
731 2212 958 2280 videtur,
985 2221 1039 2266 et
1060 2224 1233 2266 tamen
1259 2211 1489 2265 auditur.
1521 2211 1660 2274 Dicit
1678 2226 1804 2281 ergo
1834 2228 1846 2263 :

271 2305 371 2372 Qui
415 2319 501 2357 ros
542 2304 752 2375 spernit,
783 2319 860 2355 me
885 2306 1092 2373 spernit.
1125 2302 1179 2355 Si
1218 2302 1346 2355 solis
1374 2300 1644 2371 Apostolis
1668 2299 1799 2355 dixit
1833 2340 1850 2364 ,

268 2394 368 2461 Qui
408 2412 495 2448 vos
535 2396 746 2466 spernit,
800 2410 880 2448 me
923 2394 1153 2464 spernit;
1185 2394 1419 2464 spernite
1446 2408 1563 2448 nos.
1592 2392 1648 2449 Si
1674 2404 1850 2448 autem

265 2500 443 2540 sermo
469 2485 583 2556 ejus
615 2486 850 2553 pervenit
879 2484 943 2538 ad
973 2500 1091 2550 nos,
1114 2493 1170 2537 et
1193 2484 1400 2539 vocavit
1428 2498 1526 2537 nos
1549 2526 1563 2547 ,
1593 2492 1648 2540 et
1672 2485 1724 2541 in
1757 2498 1850 2539 co-

266 2592 381 2631 rum
407 2576 526 2631 loco
549 2576 823 2630 constituit
851 2592 947 2629 nos
976 2578 992 2607 ¹
1016 2593 1030 2639 ;
1064 2575 1237 2631 videte
1263 2591 1330 2630 ne
1352 2576 1615 2645 spei-natis
1639 2591 1756 2639 nos,
1788 2592 1853 2633 ne

265 2668 332 2723 ad
378 2669 543 2724 illum
572 2667 843 2736 perveniat
888 2666 1075 2736 injuria
1106 2682 1266 2736 quam
1309 2666 1464 2721 nobis
1506 2666 1756 2722 feceritis.
1796 2667 1851 2723 Si

265 2759 407 2814 enim
440 2774 538 2812 nos
571 2774 678 2812 non
710 2757 940 2821 timetis;
983 2757 1127 2811 illum
1177 2758 1361 2813 timete
1401 2758 1491 2828 qui
1538 2758 1708 2825 dixit,
1754 2760 1855 2824 Qui

266 2866 353 2904 vos
397 2850 619 2920 spernit,
667 2865 746 2903 me
782 2850 993 2920 spernit.
1037 2847 1173 2916 Quid
1221 2858 1399 2903 autem
1442 2863 1541 2904 nos
1586 2850 1855 2920 loquimur

267 2941 440 3011 vobis,
468 2943 557 3014 qui
597 2943 773 3012 sperni
806 2942 1054 2997 llOllllllttS
1079 2957 1110 2996 a
1136 2942 1286 2997 vobis
1306 2982 1320 3007 ,
1353 2943 1450 2996 nisi
1480 2951 1539 2997 ut
1564 2942 1634 2999 de
1662 2944 1856 3000 vestris

268 3036 421 3089 bouis
471 3035 709 3090 moribus
731 3016 1111 3104 'gaudeamus?
1144 3033 1507 3090 l’ericulorum
1550 3044 1851 3091 nostrorum

266 3126 374 3181 sint
413 3126 621 3192 solatia,
659 3133 833 3180 vestra
872 3123 1007 3180 bona
1042 3139 1222 3194 opera.
1261 3125 1426 3178 Vivite
1455 3125 1611 3191 bene,
1642 3140 1709 3181 ne
1736 3141 1853 3180 mo-

267 3216 475 3273 riamini
504 3218 661 3272 male.

337 3308 394 3362 2.
427 3305 571 3363 Mors
596 3323 829 3378 quamam
855 3324 968 3362 vere
993 3310 1120 3362 bona
1149 3309 1225 3362 vel
1250 3308 1389 3361 mala
1429 3309 1514 3362 sit.
1557 3308 1665 3364 Nec
1694 3309 1745 3363 in
1774 3309 1856 3364 bis

269 3397 446 3453 verbis
467 3413 585 3468 qua:
603 3397 735 3463 dixi,
768 3397 939 3452 Vivite
961 3397 1116 3458 bene.
1151 3413 1217 3452 ne
1252 3398 1551 3452 moriamiui
1581 3400 1738 3464 male,
1772 3409 1856 3453 at-

271 3489 501 3545 tendatis
526 3504 620 3544 eos
645 3490 733 3558 qui
762 3488 897 3543 forte
934 3489 1072 3543 male
1113 3489 1400 3556 vixerunt,
1448 3500 1502 3545 et
1545 3494 1597 3545 in
1651 3493 1857 3548 lectulis

269 3579 382 3643 suis
421 3580 616 3635 mortui
658 3587 816 3646 sunt;
844 3589 898 3634 et
923 3589 1038 3635 acta
1076 3588 1156 3635 est
1184 3594 1374 3649 pompa
1404 3579 1604 3637 funeris
1628 3598 1816 3638 eorum
1838 3625 1854 3648 ,

270 3682 327 3728 et
352 3672 508 3742 positi
552 3678 677 3726 sunt
725 3671 775 3725 in
826 3671 1073 3741 pretiosis
1119 3672 1481 3742 sareophagis,
1514 3674 1567 3728 in
1598 3674 1858 3744 sepulcris

270 3764 627 3834 pulcherrime
654 3772 708 3818 et
733 3764 1112 3834 Operosissisne
1154 3763 1423 3821 fabricatis
1447 3783 1459 3817 :
1490 3775 1544 3821 et
1568 3768 1690 3838 quia
1719 3766 1857 3824 forte

270 3857 400 3912 dicit
425 3857 524 3911 sibi
556 3857 917 3927 unusquisque
937 3866 1198 3923 vestrum,
1234 3856 1439 3913 Vellem
1464 3859 1542 3914 sic
1570 3860 1726 3925 mori,
1759 3876 1856 3929 pu-

272 3948 396 4003 tetis
424 3963 510 4003 me
558 3962 673 4002 rem
713 3962 904 4001 vanam
948 3946 1128 4002 dicere
1176 3948 1439 4011 voluisse;
1465 3951 1717 4021 quoniam
1744 3948 1873 4019 dixi,

271 4038 407 4093 velle
432 4052 518 4092 me
545 4048 604 4092 ut
629 4038 763 4093 bene
795 4038 1005 4105 vivatis,
1034 4053 1102 4093 ne
1128 4038 1267 4094 male
1292 4039 1614 4095 moriamini.

342 4127 568 4185 CAPUT
591 4127 657 4185 ll.
687 4158 760 4169 —
797 4128 989 4184 Contra
1020 4128 1154 4184 forte
1182 4130 1415 4185 occurrit
1449 4130 1660 4201 aliquis,
1687 4131 1776 4202 qui
1802 4142 1859 4186 et

265 4219 405 4276 bene
447 4220 612 4285 vixit,
654 4227 709 4275 et
746 4219 1035 4275 secundum
1076 4221 1378 4289 Opinionem
1419 4221 1692 4277 hominum
1722 4223 1859 4278 male

269 4318 353 4364 est
392 4319 631 4364 mortuus
659 4326 673 4360 :
704 4308 840 4364 forte
867 4325 896 4363 a
923 4311 1072 4363 ruina
1101 4319 1183 4364 est
1212 4322 1452 4368 mortuus
1475 4354 1491 4381 ,
1520 4329 1553 4369 a
1586 4314 1860 4385 naufragio

270 4408 516 4458 mortuus
529 4408 633 4464 est,
652 4413 684 4453 a
698 4398 882 4454 bestiis
909 4408 1151 4453 mortuus
1169 4410 1271 4461 est;
1286 4409 1341 4456 et
1354 4402 1482 4459 dicit
1494 4407 1861 4478 unusquisque

269 4492 503 4548 carnalis
544 4491 595 4544 in
640 4490 803 4547 corde
838 4504 957 4559 suo,
1003 4491 1138 4559 Quid
1168 4502 1250 4547 est
1292 4494 1427 4550 bene
1475 4497 1694 4553 vivere?
1721 4499 1861 4556 Ecce

272 4584 364 4640 ille
391 4584 468 4639 sic
493 4581 644 4649 vixit,
667 4591 722 4638 et
754 4583 832 4637 sic
857 4592 941 4637 est
963 4592 1224 4639 mortuus.
1258 4585 1446 4641 Redite
1467 4602 1600 4658 ergo
1624 4589 1693 4644 ad
1719 4605 1815 4647 cor
1843 4610 1858 4648 :

270 4680 331 4729 et
376 4674 420 4728 si
462 4670 644 4727 fideles
669 4673 819 4739 estis,
852 4672 1128 4728 invenietis
1157 4674 1226 4728 ibi
1253 4674 1522 4730 Christum
1541 4694 1557 4742 ;
1577 4677 1690 4749 ipse
1709 4679 1862 4736 vobis

279 4765 514 4837 loquitur
546 4763 638 4818 ibi.
666 4763 779 4836 Ego
807 4764 949 4819 enim
980 4763 1152 4819 clamo
1192 4781 1207 4819 :
1247 4766 1338 4821 ille
1381 4782 1509 4823 vero
1548 4768 1604 4824 in
1650 4769 1862 4828 silentio

276 4857 399 4929 plus
410 4857 583 4913 docet.
605 4856 715 4927 Ego
734 4857 921 4929 loquor
943 4870 1040 4926 per
1063 4872 1253 4913 sonum
1279 4860 1542 4917 sermonis
1565 4879 1579 4916 :
1608 4861 1700 4918 ille
1719 4863 1863 4922 intus

278 4948 511 5019 loquitur
534 4963 629 5018 per
660 4949 902 5002 timorem
938 4948 1292 5018 cogitationis.
1335 4951 1476 5024 Ergo
1518 4953 1634 5026 ipse
1661 4954 1864 5013 inserat

277 5056 330 5095 in
361 5037 523 5095 corde
547 5047 724 5094 vestro
746 5039 962 5095 verbum
983 5054 1160 5095 meum
1191 5060 1205 5095 :
1234 5045 1483 5112 quoniam
1506 5044 1684 5103 dicere
1700 5062 1863 5104 ausus

278 5147 419 5198 sum,
452 5133 594 5189 Bene
618 5132 808 5199 vivite,
845 5147 913 5187 ne
936 5132 1075 5188 male
1102 5120 1421 5193 moriamini.
1449 5138 1585 5196 Ecce
1611 5141 1859 5211 Quoniam

280 5223 411 5280 tides
432 5233 514 5280 est
539 5225 589 5283 in
613 5225 864 5285 cordibus
883 5226 1095 5293 vestris,
1119 5234 1175 5282 et
1192 5226 1265 5283 ibi
1288 5238 1374 5284 est
1396 5230 1657 5298 Christus,
1676 5243 1730 5290 et
1748 5235 1863 5305 ipse

281 5316 440 5373 habet
460 5317 655 5374 docere
674 5317 814 5393 quod
835 5332 934 5387 ego
959 5319 1116 5388 cupio
1141 5335 1446 5388 personare.

349 5407 403 5463 3.
428 5404 609 5461 Divitis
633 5417 680 5462 et
706 5405 896 5463 Lazari
919 5408 1174 5467 contraria
1198 5426 1311 5466 sors
1336 5422 1449 5481 post
1483 5424 1710 5472 mortem.
1752 5418 1860 5476 Re-

341 5542 360 5603 s
386 5539 571 5603 Aliquot
592 5548 720 5602 nam,
738 5549 783 5593 et
803 5541 854 5593 in
873 5554 931 5593 eo
952 5542 1058 5595 loco
1076 5556 1162 5595 nos
1180 5544 1436 5598 constituit.

342 5602 371 5670 ‘.
407 5602 689 5653 necensims
714 5604 780 5670 ad
812 5613 916 5653 tres
944 5606 1027 5654 bn.
1054 5615 1108 5657 et
1127 5616 1334 5670 quatuor
1352 5608 1415 5660 cl.
1438 5608 1501 5660 ad
1529 5622 1575 5662 ι.
1600 5612 1679 5663 cb.
1724 5611 1759 5664 ί
1800 5613 1859 5667 is.

276 5671 330 5722 ι.
352 5657 416 5722 _lr.
434 5672 499 5722 ru.
525 5674 571 5720 p.
606 5676 695 5710 rm.
720 5664 798 5713 vd.
826 5674 927 5713 Am.
953 5670 1026 5715 Er:
1051 5657 1160 5716 Par:
1177 5657 1284 5722 Lor.

343 5720 420 5782 (ο)
443 5719 655 5778 Aliunde
678 5726 850 5774 Verbis
869 5728 1055 5777 Domini
1073 5726 1150 5776 Ἦ.

1490 337 1551 392 δ.
1595 310 1967 389 secessui
2002 318 2299 382 ertscort

3423 318 3531 376 liii

1949 440 2244 497 eordamiul
2291 440 2343 494 in
2381 438 2667 508 Evangelio
2702 436 2920 492 divitem
2958 436 3126 503 illum,
3158 446 3214 490 ct
3243 451 3532 507 pauperem

1951 537 2098 590 illum
2132 553 2143 587 :
2173 534 2388 589 divitem
2436 532 2673 586 indutum
2719 544 2949 601 purpura
2977 539 3032 584 et
3061 530 3238 601 bysso,
3273 540 3325 584 et
3350 531 3528 600 quoti-

1949 627 2122 682 dianis
2148 627 2318 695 epulis
2354 625 2678 695 saginatum:
2711 636 2994 693 pauperem
3022 637 3147 677 vero
3175 622 3319 676 illum
3348 624 3532 691 jacen-

1950 728 2055 774 tcm
2100 730 2224 773 ante
2262 717 2477 786 jauuam
2516 715 2712 781 divitis,
2746 715 3086 776 esurientem,
3138 723 3194 767 et
3235 713 3301 768 de
3347 728 3534 767 mensa

1949 812 2065 880 ejus
2090 811 2254 864 micas
2282 809 2674 878 requirentem,
2712 806 2974 861 ulceribus
3002 806 3238 876 plenum,
3262 821 3290 859 a
3311 807 3537 859 canibus

1951 902 2189 956 linctnm.
2218 899 2590 954 Recordamini
2617 913 2744 966 ergo
2778 916 2791 952 :
2817 897 2957 952 unde
2992 897 3346 952 recordamini
3375 938 3389 961 ,
3431 897 3539 950 nisi

1949 994 2070 1063 quia
2100 993 2170 1047 ibi
2195 1001 2277 1047 est
2305 991 2548 1046 Christus
2580 991 2635 1044 in
2674 988 2926 1044 cordibus
2963 989 3195 1045 vestris?
3219 989 3538 1044 Dicitetnihi

1950 1082 2076 1153 quid
2134 1083 2303 1151 ipsum
2357 1082 2499 1136 intus
2552 1080 3040 1148 interrogaveritis,
3096 1089 3150 1134 et
3201 1080 3540 1149 responderit

1950 1173 2119 1228 vobis.
2141 1172 2389 1242 Sequitur
2415 1172 2555 1226 enim
2582 1211 2597 1235 ,
2638 1181 2692 1224 et
2729 1170 2856 1224 dicit
2888 1189 2902 1223 :
2936 1169 3155 1241 Contigit
3181 1171 3309 1224 mori
3332 1172 3541 1241 inopem

1950 1261 2117 1328 illum,
2150 1274 2196 1318 et
2229 1263 2420 1335 auferri
2448 1264 2510 1317 ab
2537 1261 2744 1332 Angelis
2764 1263 2817 1314 in
2845 1262 3010 1315 sinum
3036 1261 3270 1316 Abrahae.
3302 1260 3543 1315 Mortam

1952 1364 2022 1409 est
2052 1365 2217 1408 autent
2241 1363 2288 1406 et
2311 1352 2468 1417 dives,
2500 1361 2545 1406 et
2570 1352 2795 1419 sepultus
2824 1361 2897 1406 est
2919 1351 2973 1405 in
2993 1344 3265 1424 infernum.
3288 1350 3415 1406 Cum
3448 1370 3542 1405 an-

1953 1457 2050 1500 tem
2087 1447 2141 1499 in
2170 1446 2427 1499 tormentis
2453 1454 2601 1511 esset,
2631 1445 2807 1498 levavit
2836 1444 3007 1499 oculos
3032 1461 3170 1509 suos,
3203 1455 3249 1499 et
3275 1446 3398 1499 vidit
3431 1445 3542 1499 La-

1951 1554 2130 1592 zarum
2155 1538 2540 1605 requiescentem
2566 1536 2618 1589 in
2643 1538 2756 1589 sinu
2799 1534 3034 1589 Abrahae.
3081 1533 3223 1589 Tunc
3260 1538 3495 1591 clamavit
3528 1582 3541 1601 ,

1948 1630 2126 1684 dicens
2148 1644 2167 1683 :
2198 1627 2354 1682 Pater
2378 1626 2633 1681 Abraham
2656 1669 2671 1695 ,
2707 1626 2942 1680 miserere
2966 1626 3082 1691 mei,
3114 1637 3161 1680 et
3203 1628 3344 1680 mitte
3371 1627 3543 1682 Laza—

1952 1737 2067 1775 rum
2087 1761 2104 1787 ,
2145 1729 2202 1773 ut
2237 1720 2451 1791 intingat
2487 1717 2698 1789 digitum
2722 1733 2872 1771 suum
2896 1718 2952 1771 in
2987 1733 3192 1786 aquam,
3230 1728 3276 1771 et
3305 1718 3461 1772 stillet
3488 1720 3542 1771 in

1954 1813 2179 1882 linguam
2204 1826 2387 1877 meam,
2412 1809 2532 1881 quia
2560 1809 2756 1861 crucior
2783 1808 2836 1861 in
2873 1810 2967 1861 liae
3011 1809 3240 1878 ﬂamma.
3262 1807 3541 1877 Superbus

1956 1901 2242 1975 temporis,
2289 1901 2562 1956 mendicus
2601 1897 2815 1954 inferni.
2860 1899 3069 1969 Pauper
3108 1900 3252 1954 enim
3297 1901 3385 1955 ille
3415 1917 3540 1968 pcr-

1954 1992 2201 2047 veniebat
2244 1991 2310 2044 ad
2359 1991 2548 2044 miram
2580 1992 2596 2021 ¹
2632 2008 2645 2043 :
2675 1990 2761 2044 ille
2787 2005 2914 2044 vero
2954 2005 3056 2044 non
3086 1990 3427 2061 perveniebat
3471 1992 3540 2044 ad

1951 2091 2176 2151 guttam.
2208 2082 2284 2135 De
2312 2068 2519 2136 duobus
2544 2094 2672 2151 ergo
2716 2080 2863 2144 istis,
2912 2079 3072 2135 dicite
3116 2080 3279 2147 mihi»,
3310 2082 3429 2151 quis
3459 2094 3543 2136 est

1956 2173 2092 2227 bene
2114 2181 2373 2238 mortuus,
2396 2180 2447 2227 et
2467 2172 2585 2242 quis
2604 2180 2689 2226 est
2708 2171 2847 2226 male
2864 2173 3141 2226 mortuast
3166 2158 3339 2227 Nolite
3357 2173 3543 2227 oculos

1954 2263 2303 2333 interrogare,
2340 2261 2405 2315 ad
2445 2277 2536 2318 cor
2566 2261 2751 2318 redite.
2782 2262 2839 2317 Si
2870 2262 3011 2317 enim
3038 2263 3221 2317 oculos
3244 2264 3543 2333 intermga-

1955 2353 2138 2407 veritis
2162 2395 2177 2419 ,
2217 2353 2348 2408 falsa
2379 2352 2528 2406 vobis
2554 2352 2895 2422 reSpondent.
2927 2353 3148 2408 Multum
3175 2355 3317 2409 enim
3356 2355 3545 2425 splen-

1956 2442 2079 2497 dida
2126 2452 2282 2508 sunt,
2326 2451 2382 2497 et
2420 2442 2745 2497 saeculariter
2772 2441 2965 2507 fucata,
3006 2459 3125 2514 qua:
3152 2443 3227 2499 illi
3248 2443 3393 2499 diviti
3423 2461 3546 2500 ttio-

1959 2533 2119 2587 rienti
2175 2532 2411 2586 exhiberi
2464 2540 2769 2603 potuerunt.
2828 2532 2959 2601 Qua:
3004 2543 3287 2603 potuerunt
3333 2537 3545 2606 agmina

1959 2624 2316 2693 plangentium
2374 2638 2494 2679 esse
2544 2638 2819 2678 servorum
2876 2633 2929 2679 et
3003 2625 3363 2680 ancillarum?
3424 2645 3547 2696 qua:

1956 2726 2155 2784 pompa
2174 2713 2485 2769 clientium?
2511 2714 2598 2783 qui
2620 2714 2875 2783 splendor
2892 2712 3131 2770 funeris?
3151 2715 3290 2785 quod
3317 2718 3546 2786 pretium

1957 2806 2280 2876 sepultum?
2324 2804 2495 2861 Credo
2537 2822 2659 2859 eum
2706 2807 3033 2861 aromatibus
3081 2808 3352 2863 obrutum.
3403 2808 3546 2874 Quid

1958 2910 2086 2967 ergo
2106 2895 2299 2950 dicturi
2325 2910 2529 2960 sumus,
2559 2896 2770 2963 fratres,
2803 2896 2938 2951 bene
2966 2898 3125 2951 istum
3155 2904 3442 2963 mortuum,
3479 2914 3551 2952 an

1959 2990 2098 3043 male
2129 2989 2438 3043 mortuum?
2461 2987 2519 3044 Si
2548 2989 2730 3043 oculos
2760 2990 3132 3059 interrogatis,
3171 2990 3372 3058 optimc
3400 3005 3548 3045 mor-

1959 3088 2082 3134 tuus
2115 3091 2198 3135 est
2235 3097 2249 3132 :
2289 3080 2334 3134 si
2372 3080 2683 3150 magistrum
2732 3088 2966 3134 vestrum
3005 3078 3308 3135 interiorem
3366 3081 3550 3150 requi-

1961 3172 2099 3237 ritis,
2131 3173 2363 3242 pessime
2392 3182 2634 3227 mortuus
2660 3182 2762 3227 est.

2033 3264 2257 3319 CAPUT
2286 3263 2539 3318 lll.——4.
2589 3260 2731 3317 Mors
2785 3264 2918 3317 unde
2958 3268 3090 3318 mut.
3143 3268 3335 3322 censeri
3384 3268 3548 3322 debet.

1960 3355 2013 3409 Si
2046 3335 2171 3425 ergo
2196 3357 2272 3409 sic
2300 3355 2599 3408 moriuntur
2628 3356 2841 3424 superbi
2881 3371 3059 3409 rerum
3090 3370 3302 3411 suarum
3325 3372 3554 3414 conser-

1963 3455 2191 3510 vatores,
2215 3456 2270 3500 et
2296 3445 2422 3499 nihil
2448 3445 2572 3500 inde
2594 3447 2914 3515 pauperibus
2933 3447 3215 3517 largientes
3239 3467 3252 3503 :
3277 3451 3556 3520 quomodo

1963 3537 2260 3591 moriuntur
2282 3537 2371 3608 qui
2399 3537 2613 3608 rapiunt
2639 3552 2727 3593 res
2752 3538 2990 3593 alienas?
3017 3537 3210 3595 Verum
3240 3556 3370 3612 ergo
3401 3542 3513 3597 dixi
3534 3586 3550 3609 ,

1964 3627 2139 3683 Vivite
2179 3629 2347 3695 bene,
2379 3643 2448 3683 ne
2473 3630 2611 3684 male
2637 3629 2935 3684 moriamini
2957 3674 2971 3697 ,
3013 3646 3080 3686 ne
3110 3634 3375 3702 quomodo
3403 3634 3555 3690 dives

1962 3719 2052 3775 ille
2078 3719 2398 3774 moriamini.
2427 3718 2544 3775 Non
2572 3720 2762 3791 probat
2786 3721 2975 3774 tnalam
3006 3732 3256 3790 mortem,
3286 3725 3387 3779 nisi
3418 3735 3555 3780 tem-

1960 3826 2059 3881 pus
2086 3819 2207 3881 post
2232 3822 2479 3866 mortem.
2511 3812 2552 3866 E
2570 3822 2755 3866 contra
2777 3811 3032 3868 attendite
3060 3813 3205 3868 illum
3229 3830 3515 3885 pauperem
3536 3836 3554 3873 :

1962 3904 2126 3959 nolite
2146 3904 2332 3971 oculis,
2355 3919 2476 3959 nam
2498 3905 2777 3971 errabitis;
2813 3904 2944 3960 fides
2964 3906 3219 3974 attendat,
3243 3922 3336 3962 eor
3355 3908 3553 3964 videat.

1964 3994 2282 4050 Coustltuite
2303 3995 2450 4050 ilhun
2470 4004 2595 4050 ante
2616 3995 2804 4050 oculos
2824 4004 3028 4050 vestros
3042 3995 3310 4065 jacentem
3332 3998 3386 4053 in
3411 4008 3552 4056 terra

1970 4085 2288 4150 ulcerosum,
2315 4086 2593 4141 venientes
2612 4100 2770 4141 canes
2798 4086 3057 4155 lingeutcs
3084 4087 3258 4142 ulcera
3282 4089 3421 4159 ejus.
3445 4090 3553 4145 Sed

1962 4192 2087 4232 cum
2118 4177 2277 4232 talem
2317 4177 2463 4231 illum
2508 4179 2770 4232 revocatis
2793 4186 2918 4233 ante
2945 4178 3129 4233 oculos
3156 4189 3362 4235 vestros
3381 4223 3395 4242 ,
3424 4197 3554 4236 eou-

1965 4268 2113 4323 tinuo
2151 4269 2445 4338 eXSpuitis,
2503 4268 2687 4324 faciem
2733 4271 3007 4338 avertitis,
3063 4286 3221 4327 nares
3268 4273 3549 4330 obturatis.

1963 4357 2152 4413 Cordis
2192 4358 2360 4413 oculis
2406 4358 2597 4414 videte.
2641 4357 2880 4414 Mortuus
2913 4371 3014 4425 est,
3051 4371 3104 4415 et
3140 4362 3349 4418 ablatus
3374 4376 3457 4419 est
3486 4367 3557 4419 ab

1964 4450 2183 4520 Angelis
2222 4451 2272 4505 in
2314 4452 2486 4504 sinunt
2530 4451 2775 4505 Abrahan
2815 4451 3034 4508 Familia
3068 4454 3246 4511 divitis
3273 4457 3557 4513 videbatur

1965 4541 2219 4612 plangens
2263 4559 2276 4594 :
2322 4542 2507 4609 Angcli
2555 4558 2659 4596 non
2709 4542 3022 4599 videbantur
3064 4547 3374 4614 gaudentes.
3415 4549 3554 4619 Quid

1964 4649 2092 4705 ergo
2121 4635 2393 4705 respondit
2428 4634 2574 4689 diviti
2617 4635 2922 4691 Abraham?
2954 4637 3237 4709 Hementa,
3272 4642 3351 4711 ﬁli
3378 4685 3393 4709 ,
3435 4647 3556 4715 quia

1966 4728 2231 4799 percepisti
2272 4729 2402 4782 bona
2446 4730 2499 4783 in
2539 4730 2638 4783 vita
2679 4739 2767 4784 tua
2809 4730 2958 4803 (Luc.
3005 4748 3117 4800 va,
3164 4734 3379 4809 19-25).
3408 4737 3553 4794 Nihil

1965 4817 2162 4872 bonum
2193 4820 2405 4889 putasti,
2440 4820 2542 4875 nisi
2569 4821 2706 4891 quod
2736 4821 2789 4875 in
2821 4822 2920 4877 ista
2951 4824 3055 4879 vita
3097 4826 3344 4882 habuisti.
3379 4832 3543 4884 Acce-

1965 4910 2089 4980 pisti
2122 4928 2137 4964 :
2177 4910 2272 4966 sed
2313 4911 2638 4967 transierunt
2666 4912 2783 4969 dies
2813 4931 2826 4967 :
2865 4923 2921 4970 et
2961 4925 3127 4972 totum
3157 4919 3468 4988 perdidisti,
3496 4928 3554 4975 et

1967 5000 2296 5072 torquendus
2323 5002 2374 5057 in
2403 5003 2585 5059 inferis
2611 5006 2933 5060 remansisti.

2036 5091 2263 5149 CAPUT
2292 5093 2534 5149 lV.——'5.
2573 5093 2822 5151 Hortatur
2845 5098 2914 5151 ad
2957 5099 3088 5154 bona
3122 5117 3293 5171 opera.
3344 5102 3556 5175 Oppor-

1967 5190 2150 5239 tunum
2176 5199 2305 5257 ergo
2328 5194 2429 5251 est,
2459 5186 2666 5254 fratres,
2691 5197 2749 5243 ut
2768 5187 2882 5245 lucc
2903 5190 3054 5246 vobis
3072 5192 3334 5249 dicantur.
3363 5205 3549 5252 Atten-

1965 5275 2076 5331 dite
2101 5292 2381 5349 pauperes,
2409 5279 2522 5334 sive
2543 5280 2801 5349 iacentes,
2832 5283 2944 5338 sive
2969 5285 3302 5343 ambulantes
3331 5305 3346 5343 :
3378 5300 3551 5346 atten-

1968 5366 2076 5421 dite
2107 5382 2385 5437 pauperes,
2418 5366 2575 5426 facite
2603 5382 2761 5439 Opera
2792 5371 2946 5426 bona.
2976 5371 3075 5442 Qui
3113 5374 3318 5443 soletis,
3349 5378 3503 5437 facile
3533 5400 3548 5422 ν

1969 5467 2023 5513 ct
2048 5458 2141 5533 qui
2168 5472 2274 5514 non
2305 5459 2510 5526 soletis,
2541 5459 2717 5516 tacite.
2740 5459 2957 5517 Crescat
2978 5480 3237 5522 numerus
3260 5467 3397 5524 bene
3426 5486 3554 5541 ope-

1967 5551 2198 5605 rantium
2229 5570 2245 5606 :
2274 5552 2525 5623 quoniam
2545 5554 2816 5610 crescitet
2841 5554 3072 5611 ﬁdelium
3102 5574 3373 5615 utnnerus.
3397 5562 3550 5631 Quod

1967 5644 2314 5793 alligatas?
2345 5683 2641 5748 ρεηεηὶεὺαι
2663 5684 2729 5738 ad
2761 5686 2967 5747 micam:
2997 5693 3383 5753 repugnantem
3408 5694 3552 5746 editis
