3934 6184
287 247 400 303 615

276 374 475 441 facitis,
505 384 762 449 quantum
803 376 998 434 bonum
1030 381 1097 434 sit
1126 382 1358 438 nondum
1389 383 1574 441 videtis
1606 404 1620 440 :
1648 388 1770 457 quia
1813 398 1869 442 et

273 468 582 523 rusticanus
618 470 833 540 quando
872 474 1119 541 seminat,
1164 489 1397 547 segetem
1437 495 1542 534 non
1570 480 1732 548 videt,
1772 484 1865 539 sed

273 572 451 618 terra!
462 562 657 617 credit.
684 563 725 616 Τ
732 582 761 618 ιι
792 566 899 619 Deo
924 582 1086 635 quare
1108 585 1212 624 non
1233 570 1445 627 credis?
1465 572 1654 628 Veniet
1676 576 1868 632 messis

273 665 484 709 nostra.
510 654 643 709 Puta
666 656 788 725 quia
815 658 973 713 modo
996 660 1296 717 laborantes
1319 664 1544 733 agimus,
1570 666 1867 724 laborantes

268 761 565 816 operantur
589 750 876 818 recepturi,
909 750 1047 807 sicut
1073 753 1323 822 scriptum
1353 765 1437 810 est
1465 775 1477 809 :
1509 757 1695 813 Enntes
1727 758 1865 814 ibant

266 847 318 891 et
347 837 555 906 flebant,
575 838 834 909 jactautes
857 842 1049 895 semina
1068 859 1160 896 sua
1173 859 1192 907 ,'
1216 847 1462 901 venientes
1485 856 1650 903 autem
1671 851 1865 905 venient

266 944 389 982 cum
440 928 816 997 exsultatione,
869 942 1126 1002 portantes
1184 935 1468 1008 manipulos
1517 953 1634 992 suos
1687 937 1858 1011 (Psal.

269 1032 441 1084 cxsv,
466 1016 544 1087 6).

796 1132 1022 1189 SERMO
1056 1134 1165 1190 ειη
1195 1135 1330 1207 '(a).

260 1233 337 1290 D.
378 1240 533 1293 verbis
562 1222 827 1311 Evangelii
866 1242 1047 1311 Luae,
1084 1247 1148 1300 Et
1175 1248 1366 1304 mulier
1390 1251 1628 1319 quaedam
1654 1222 1857 1312 Martha

348 1330 561 1383 nomine
580 1333 785 1399 excepit
814 1333 961 1388 illum
989 1337 1040 1389 in
1069 1336 1285 1392 domum
1314 1355 1482 1395 suam.
1508 1353 1602 1397 etc.
1636 1345 1762 1413 Cap.
1791 1364 1848 1408 χ.

363 1421 434 1487 y.
469 1421 634 1475 53-42
662 1420 757 1492 φ).

340 1529 563 1585 CAPUT
601 1531 885 1587 PRIMUM.
912 1532 970 1573 -ὲ-
1007 1536 1055 1589 l.
1092 1535 1272 1593 Unitas
1296 1544 1688 1600 commendatur.
1722 1547 1852 1603 Ver-

261 1617 335 1670 ha
384 1620 586 1673 Domini
631 1623 795 1676 nostri
833 1622 959 1678 Jesu
997 1626 1223 1696 Christi,
1249 1646 1367 1700 qua:
1397 1634 1552 1689 modo
1582 1652 1645 1691 ex
1673 1637 1851 1693 Evan-

254 1714 405 1781 gelio
432 1714 647 1768 recitata
678 1725 819 1782 sunt,
850 1717 1136 1774 adtnoneut
1164 1735 1279 1788 nos,
1313 1738 1431 1779 esse
1457 1742 1616 1781 unum
1649 1729 1847 1801 aliquid

255 1818 371 1869 quo
409 1802 704 1866 tendamus,
751 1807 962 1875 quando
999 1808 1050 1862 in
1093 1809 1249 1880 hujus
1291 1815 1472 1869 saeculi
1516 1818 1851 1878 multitudine

257 1892 590 1949 laboramus.
638 1894 930 1951 Tendimus
971 1909 1149 1955 autem
1194 1901 1368 1960 adhuc
1407 1909 1846 1981 peregrinantes,

257 1984 500 2038 umidum
530 1996 840 2054 manentes;
871 1989 1045 2045 adhuc
1069 1992 1121 2046 in
1149 1994 1227 2047 via
1249 2035 1264 2060 ,
1292 1999 1523 2052 nondum
1551 2000 1603 2055 in
1638 2005 1803 2072 patria
1830 2023 1845 2072 ;

254 2075 437 2130 adhuc
472 2076 860 2142 desiderando,
917 2081 1149 2137 nondum
1191 2084 1434 2142 fruendo.
1478 2089 1679 2147 Tamen
1728 2103 1845 2149 ten,

254 2166 467 2225 damus.
492 2177 546 2222 et
570 2169 688 2224 sine
705 2169 908 2239 pigritia
929 2182 982 2225 et
999 2172 1113 2227 sine
1133 2174 1525 2235 intermissione
1546 2183 1840 2252 tendamus,

256 2265 321 2307 ut
346 2257 628 2323 aliquando
657 2262 937 2328 pervenire
967 2262 1253 2320 valeamus.

332 2349 386 2401 9..
418 2349 643 2403 Christus
679 2352 984 2422 pascendum
1018 2370 1073 2409 se
1108 2357 1326 2427 prcbere
1348 2359 1606 2430 dignatur.
1646 2363 1844 2420 Martha

251 2455 313 2496 et
344 2444 502 2497 Maria
527 2443 645 2497 dua:
685 2458 896 2499 sorores
924 2456 1095 2512 erant,
1124 2449 1295 2504 ambae
1318 2465 1422 2506 non
1451 2454 1619 2510 solum
1664 2472 1842 2524 carne,

249 2533 351 2586 sed
380 2534 540 2587 etiam
578 2534 833 2605 religione
859 2551 1158 2605 germanae;
1190 2540 1361 2595 ambae
1401 2543 1623 2600 Domino
1659 2549 1839 2603 cohae-

250 2634 437 2679 serunt
459 2665 474 2687 ,
504 2625 675 2679 anilia:
702 2626 928 2680 Domino
958 2628 1008 2682 in
1039 2644 1201 2684 carne
1233 2636 1482 2701 praesenti
1512 2640 1846 2695 concorditer

250 2717 574 2771 servierunt.
608 2717 853 2788 Suscepit
879 2734 1002 2774 eum
1033 2719 1254 2786 Martha,
1281 2725 1419 2779 sicut
1443 2727 1616 2783 solent
1645 2733 1841 2803 suscipi

253 2807 541 2877 peregrini.
559 2806 664 2864 Sed
691 2817 869 2864 tamen
896 2814 1130 2881 suscepit
1152 2813 1341 2868 famula
1372 2818 1672 2886 Dominum,
1701 2838 1841 2893 aegra

249 2898 626 2961 Salvatorem,
681 2910 925 2955 creatura
985 2902 1314 2959 Creatorem.
1368 2908 1609 2980 Suscepit
1663 2925 1840 2971 autem

247 2991 454 3060 Spiritu
486 2991 776 3059 pascentia,
819 2995 871 3048 in
915 3008 1082 3050 carne
1122 3000 1460 3064 pascendum.
1496 3002 1672 3059 Voluit
1697 3011 1838 3063 enim

252 3084 515 3138 Dominus
561 3084 783 3139 formam
827 3088 967 3141 servi
1012 3088 1274 3159 accipere,
1323 3101 1377 3146 et
1416 3106 1629 3165 accepta
1669 3096 1836 3157 lorum

250 3177 397 3229 scrri
440 3177 492 3229 in
535 3176 621 3230 illa
664 3178 806 3246 pasci
847 3193 876 3232 a
921 3180 1112 3244 servis,
1152 3180 1476 3250 dignatione,
1515 3202 1617 3242 non
1653 3193 1835 3247 condi-

255 3267 420 3320 tione.
451 3267 581 3322 Nam
621 3277 675 3323 et
713 3269 810 3323 ista
840 3269 1075 3341 dignatio
1107 3273 1234 3339 fuit,
1264 3291 1323 3330 se
1352 3278 1587 3345 prtcbere
1615 3297 1836 3351 pascen-

251 3360 401 3413 dum.
450 3360 689 3416 Habebat
721 3376 958 3427 carnem,
1007 3363 1058 3417 in
1102 3380 1204 3434 qua
1252 3368 1477 3424 esuriret
1513 3373 1746 3441 quidem,
1783 3387 1836 3433 et

250 3453 423 3507 sitiret
453 3470 467 3505 :
500 3453 593 3507 sed
632 3454 848 3509 nescitis
892 3456 1015 3525 quia
1049 3456 1100 3510 in
1143 3471 1326 3513 eremo
1366 3462 1617 3518 esurienti
1646 3467 1831 3538 Angeli

251 3544 625 3601 ministrabant
656 3545 866 3615 (Matth.
893 3562 965 3614 tv,
998 3546 1127 3619 ll)?
1147 3550 1283 3620 Ergo
1309 3553 1447 3622 quod
1476 3557 1618 3624 pasci
1644 3558 1833 3631 voluit,

251 3637 488 3702 pascenti
519 3637 779 3706 pra-stitit.
811 3638 947 3707 Quid
977 3649 1153 3695 autem
1179 3641 1387 3707 mirum,
1423 3644 1466 3698 si
1492 3654 1545 3699 et
1568 3645 1635 3702 de
1649 3660 1832 3706 saneto

251 3726 365 3779 Elia
405 3727 649 3794 prmstitit
690 3727 884 3792 vidum,
924 3743 1083 3798 quem
1128 3730 1272 3800 prius
1308 3746 1469 3787 corvo
1501 3735 1831 3796 ministrante

255 3817 509 3886 pascelntt
534 3817 623 3887 (Ill
641 3818 763 3890 Reg.
782 3836 909 3887 xvn,
936 3821 1028 3891 6)?
1051 3821 1314 3893 Numquid
1333 3825 1594 3893 pascendo
1619 3829 1830 3886 defece-

248 3918 354 3974 rat,
392 3909 604 3978 quando
644 3910 710 3964 ad
745 3910 955 3966 viduam
993 3914 1273 3970 mittebat?
1308 3914 1668 3990 Nequaquam.
1711 3922 1826 3980 Non

250 3999 514 4068 pascendo
555 3999 856 4068 defecerat,
894 4000 1105 4072 quando
1143 4002 1207 4059 ad
1244 4006 1452 4062 viduam
1491 4011 1731 4067 mittebat
1758 4016 1773 4045 ¹
1808 4032 1822 4068 :

248 4090 341 4143 sed
387 4090 689 4161 religiosam
736 4092 979 4159 viduam,
1026 4106 1123 4162 per
1169 4096 1478 4167 obsequium
1533 4102 1822 4159 exbibitum

247 4192 403 4232 servo
426 4196 545 4245 suo,
577 4181 890 4237 benedicere
911 4183 1246 4252 disponebat.
1275 4186 1364 4243 Sic
1391 4203 1518 4260 ergo
1551 4203 1824 4263 susceptus

245 4283 334 4325 est
380 4273 648 4337 Dominus,
698 4283 944 4344 tanquam
991 4276 1208 4347 hospes,
1257 4280 1343 4349 qui
1391 4279 1443 4335 in
1473 4295 1565 4337 sua
1611 4285 1822 4356 propria

243 4363 426 4421 wit-init.
475 4370 533 4418 et
577 4365 657 4418 sui
678 4380 800 4419 eum
854 4381 958 4421 non
1005 4381 1323 4435 receperunt
1367 4387 1381 4424 :
1427 4372 1520 4426 sed
1565 4372 1823 4445 quatquot

240 4466 562 4525 recep'runt
592 4470 736 4521 eum,
762 4456 911 4511 dedit
936 4459 1015 4514 eis
1056 4468 1365 4528 potestatem
1407 4465 1543 4519 lilios
1584 4466 1675 4522 Dei
1705 4467 1820 4523 lien"

239 4541 422 4611 (Joan.
453 4560 501 4611 ι,
542 4548 664 4616 ll);
708 4546 963 4618 adoptans
1005 4564 1220 4616 servos,
1263 4560 1317 4606 et
1358 4551 1547 4610 fratres
1588 4555 1814 4625 faciens;

242 4634 512 4691 redimens
561 4638 828 4707 captivos,
874 4648 929 4694 et
970 4640 1168 4694 faciens
1207 4641 1530 4699 coluercdes.
1584 4645 1661 4702 Ne
1701 4650 1819 4717 quis

245 4734 422 4780 tamen
448 4735 683 4783 vestrum
724 4727 942 4784 forsitan
981 4730 1123 4785 dicat
1150 4749 1163 4785 :
1195 4731 1240 4786 0
1264 4732 1404 4788 beati
1430 4736 1518 4804 qui
1547 4735 1814 4792 Christum

245 4816 511 4885 suscipere
554 4819 607 4872 in
635 4818 850 4874 domum
891 4822 1155 4890 prepriam
1187 4827 1529 4880 meruerunt!
1569 4825 1684 4881 Noli
1716 4828 1815 4883 do-

246 4906 393 4970 lere.
442 4909 548 4962 noli
590 4924 924 4965 murmurare
972 4913 1094 4982 quia
1142 4915 1468 4983 temporibus
1515 4928 1673 4973 natus
1717 4936 1813 4989 es,

244 4998 455 5069 quando
487 5002 596 5069 jam
626 5001 906 5057 Dominum
934 5016 1040 5059 non
1068 5005 1220 5060 vides
1261 5007 1313 5060 in
1342 5023 1502 5063 carne
1533 5028 1546 5063 :
1578 5027 1682 5066 non
1723 5013 1814 5070 tibi

245 5087 458 5143 abstulit
665 5090 1046 5160 dignationem.
1077 5092 1206 5148 Cum
1242 5097 1361 5160 nni,
1396 5097 1559 5167 inquit
1582 5141 1594 5163 ,
1625 5116 1688 5155 ea:
1718 5104 1814 5156 mi-

244 5180 390 5237 uiuis
415 5181 536 5236 meis
563 5180 767 5249 fecistis,
799 5183 923 5236 mihi
947 5184 1135 5254 fecistis
1160 5182 1369 5257 (Matth.
1399 5203 1527 5254 xxv,
1558 5189 1671 5262 to).
1736 5175 1740 5179 ’

307 5313 331 5385 ξ
349 5310 488 5385 istud,
516 5324 829 5385 nequaquam.
856 5322 956 5366 n‘on
977 5316 1216 5380 pascendo
1238 5316 1494 5384 defecerat,
1525 5331 1617 5373 etc.
1637 5357 1653 5385 ,
1676 5326 1814 5376 abest

243 5379 274 5418 a
292 5372 634 5438 sinceriosibus
653 5372 759 5438 illas.
977 5372 988 5380 '
1298 5372 1310 5383 '
1384 5429 1393 5438 ,

310 5435 326 5449 ⁸
349 5436 627 5505 necensitus
647 5436 705 5505 ad
726 5439 1101 5505 mnueseodices
1112 5442 1316 5505 scriptos
1333 5435 1393 5494 et'
1410 5456 1617 5496 excussos
1638 5450 1688 5496 in
1711 5460 1816 5498 seru

246 5503 382 5563 mone
405 5496 698 5563 precedenti
718 5499 862 5563 modo
874 5499 1070 5563 desigua
1079 5508 1176 5552 tos.
1190 5496 1223 5548 .’
1414 5550 1427 5563 ,
1670 5528 1673 5531 ·

305 5555 375 5616 (a)
396 5555 537 5616 Alias,
559 5557 624 5607 de
646 5561 816 5608 verbis
835 5555 1016 5611 Domitii
1038 5562 1113 5611 20.

404 5605 535 5688 tuter
553 5605 1342 5688 seruit—mesi‘nvrogidiiitndicuto,
1356 5638 1466 5688 cap.
1489 5627 1538 5684 9,
1554 5630 1722 5679 titulus
1744 5632 1812 5681 in-

255 5659 1793 5745 uata'ma'aagas;remansuramn‘ua‘tit‘
1816 5712 1823 5715 -

1738 274 1970 333 SERMO
2006 279 2135 335 (Illi.

3443 304 3549 361 GH

2052 394 2275 451 CAPUT
2306 398 2366 453 ll.
2396 430 2463 440 -—-
2493 402 2547 457 5.
2575 400 2793 460 Mart/ue
2829 417 2875 460 ct
2906 408 3084 465 Maria“
3119 411 3331 482 officium
3361 428 3556 471 utrums

1975 501 2071 554 que
2109 485 2292 542 bonum
2332 505 2353 543 :
2390 492 2568 548 melius
2606 506 2773 551 tamen
2810 499 3009 555 Marica.
3056 502 3182 557 ﬂare
3217 503 3283 558 de
3327 505 3556 562 Domina

1976 580 2240 647 pascendo
2267 582 2317 636 in
2341 599 2519 652 carne,
2550 586 2642 642 sed
2671 601 2917 657 pascente
2946 594 2996 647 in
3026 594 3231 662 spiritu,
3263 612 3428 667 pauca
3455 615 3553 667 pro

1975 677 2214 739 tempore
2241 672 2533 731 dixerimus
2564 696 2576 732 :
2608 682 2879 737 veniamus
2916 684 2980 738 ad
3018 701 3228 740 causam
3251 728 3264 752 ,
3296 704 3452 758 quam
3481 692 3548 746 de

1971 759 2172 816 unitate
2192 765 2461 833 proposui.
2486 767 2686 822 Martha
2718 771 2994 827 Dominum
3021 790 3237 839 pascere
3258 778 3549 848 disponens

1969 856 2025 902 et
2040 864 2365 920 prarparans,
2388 854 2527 910 circa
2549 858 2766 912 multum
2790 861 3138 918 ministerium
3155 868 3545 936 occupabatur:

1967 938 2130 994 Maria
2157 957 2309 997 soror
2335 945 2449 1013 ejus
2478 948 2620 1015 pasci
2649 964 2677 1001 a
2711 950 2934 1006 Domino
2963 955 3129 1023 magis
3164 957 3341 1027 elegit.
3376 960 3539 1016 Dese«

1966 1029 2073 1083 ruit
2107 1031 2334 1100 quodam
2368 1036 2525 1089 modo
2550 1053 2790 1093 sororem
2821 1057 2970 1096 suam
2998 1045 3136 1098 circa
3171 1048 3394 1102 multum
3435 1050 3540 1103 tui-

1964 1121 2241 1178 nisterittm
2262 1124 2609 1193 laborantem,
2638 1140 2691 1184 ct
2716 1132 2853 1187 sedit
2882 1134 2992 1202 ipsa
3019 1136 3084 1190 ad
3114 1138 3272 1206 pedes
3302 1140 3536 1202 Domini.

1962 1217 2017 1262 et
2057 1224 2250 1267 vacans
2296 1214 2543 1271 audiebat
2579 1220 2798 1275 verbum
2847 1223 2981 1291 ejus.
3027 1227 3185 1281 Auris
3229 1228 3535 1285 fidelissima

1962 1299 2200 1357 audierat
2232 1322 2245 1358 :
2284 1304 2485 1372 νησαίας,
2510 1319 2557 1363 et
2580 1310 2759 1377 videte,
2782 1317 3016 1381 quoniam
3042 1333 3132 1386 ego
3155 1336 3265 1373 sum
3287 1319 3541 1377 Dominus

1963 1390 2150 1477 (Paul;
2166 1411 2287 1461 xcv,
2323 1398 2428 1467 ll).
2460 1399 2548 1453 Illa
2578 1402 2905 1469 turbabantur,
2936 1406 3031 1460 ista
3062 1409 3371 1477 epulabatur
3399 1429 3412 1465 :
3444 1412 3532 1465 illa

1960 1472 2499 1557 multa’dispouebat,
2541 1492 2637 1544 ista
2682 1508 2842 1548 unum
2884 1472 3191 1565 aspiciebat.
3240 1499 3529 1572 Utrumquv

1958 1573 2188 1631 ofﬁcium
2235 1578 2429 1634 bonum
2463 1599 2475 1636 :
2507 1582 2601 1637 sed
2646 1592 2818 1640 tamen
2858 1587 2999 1656 quod
3043 1588 3112 1643 sit
3149 1591 3368 1657 melius,
3401 1595 3532 1662 quid

1957 1683 2055 1722 nos
2074 1668 2344 1725 dicamus?
2368 1672 2631 1728 Habemus
2652 1692 2807 1744 quem
2833 1678 3243 1749 interrogemus,
3269 1683 3537 1750 patienter

1954 1759 2249 1815 audiamus.
2285 1762 2418 1828 Quid
2456 1765 2526 1818 sit
2568 1767 2774 1833 melius,
2814 1768 2923 1836 jam
2962 1784 3082 1824 cum
3126 1771 3388 1842 legeretur
3429 1790 3529 1828 au-

1953 1849 2208 1916 divimus,
2258 1862 2312 1906 et
2357 1869 2442 1908 me
2490 1870 2942 1912 commemorante
2988 1859 3180 1915 iterum
3229 1862 3528 1919 audiamus.

1953 1940 2253 2013 [interpellat
2302 1944 2502 1999 Martha
2560 1947 2826 2017 hospitem
2855 1991 2869 2013 ,
2922 1950 2990 2005 ad
3032 1951 3264 2019 judicem
3313 1954 3530 2023 deponit

1954 2035 2358 2103 postulationem
2398 2037 2598 2106 piarum
2642 2039 2998 2108 querelarum,
3041 2042 3182 2110 quod
3220 2057 3336 2096 eam
3376 2058 3535 2098 soror

1950 2125 2263 2190 deseruerit,
2293 2137 2346 2182 et
2383 2128 2460 2183 sic
2491 2128 2821 2185 laborantem
2852 2132 2903 2184 in
2944 2132 3239 2186 ministerio
3275 2132 3533 2201 adjuvare

1952 2218 2260 2287 neglexerit.
2307 2218 2424 2273 Non
2472 2219 2829 2289 respondente
2876 2221 2993 2283 illa,
3037 2222 3130 2277 sed
3171 2231 3347 2279 tamen
3386 2239 3525 2293 prte-

1949 2318 2120 2373 sente,
2146 2307 2351 2377 judicat
2376 2309 2651 2365 Dominus.
2676 2310 2836 2384 Maria
2857 2327 3071 2366 causam
3098 2325 3246 2367 suam
3277 2326 3528 2383 tanquam

1949 2401 2115 2453 otiosa
2140 2398 2300 2467 judici
2332 2400 2515 2454 maluit
2541 2401 2872 2469 committere
2891 2443 2907 2467 ,
2941 2417 3041 2456 nec
3071 2402 3122 2456 iu
3153 2402 3529 2472 respondendo

1951 2487 2111 2541 voluit
2140 2488 2401 2544 laborare.
2432 2488 2486 2546 Si
2522 2490 2663 2547 enim
2694 2500 2904 2560 pararet
2941 2490 3279 2560 respondenti
3316 2507 3524 2548 sermo-

1949 2592 2109 2643 nem,
2168 2579 2463 2635 remitterct
2512 2580 2759 2634 audiendi
2814 2580 3180 2635 intentionem.
3236 2581 3529 2652 Respondit

1947 2684 2075 2740 ergo
2127 2670 2409 2737 Dominus,
2453 2672 2542 2742 qui
2584 2673 2634 2727 in
2684 2672 2845 2726 \‘erho
2898 2687 3001 2726 non
3052 2672 3354 2738 laborabat,
3400 2676 3525 2745 quia

1948 2759 2176 2816 Verbum
2213 2772 2347 2817 crat.
2381 2762 2518 2832 Quid
2543 2779 2671 2834 ergo
2697 2764 2873 2818 dixit?
2902 2764 3124 2827 illartha,
3159 2763 3383 2831 Martha,
3413 2766 3517 2820 lte-

1947 2853 2131 2921 petitio
2178 2854 2405 2909 nominis
2451 2854 2698 2911 indicium
2752 2864 2835 2910 est
2878 2855 3198 2915 dilectionis.
3248 2866 3339 2909 aut
3383 2857 3528 2912 forte

1944 2945 2220 3002 movenda:
2269 2947 2575 3002 intentionis
2621 2965 2634 3003 :
2686 2955 2747 3002 ut
2794 2948 3005 3002 audiret
3049 2945 3299 3001 attentius
3348 2950 3385 3014 ¹,
3437 2949 3520 3001 ins

1942 3045 2127 3091 vocata
2172 3045 2275 3102 est,
2323 3036 2548 3103 Martha,
2588 3036 2813 3101 Hart/ta,
2860 3039 2980 3094 audi
3017 3057 3029 3093 :
3060 3038 3139 3094 Tu
3182 3033 3313 3095 circa
3356 3041 3516 3094 multa

1942 3143 1993 3181 es
2039 3137 2320 3195 occupatu,
2361 3145 2516 3182 unum
2555 3139 2721 3182 autem
2767 3146 2894 3200 opus
2937 3139 3058 3184 est:
3097 3130 3146 3185 id
3190 3142 3302 3195 est,
3353 3149 3516 3185 unum

1943 3221 2298 3275 necessarium
2349 3229 2449 3277 est.
2500 3219 2616 3276 Non
2655 3237 2819 3276 unum
2874 3238 3008 3290 opus
3055 3225 3204 3294 quasi
3250 3225 3514 3297 singulare

1938 3325 2072 3380 opus
2106 3329 2119 3365 :
2151 3310 2245 3365 sed
2272 3325 2404 3380 Opus
2441 3319 2541 3375 est.
2576 3311 2807 3380 expedit,
2841 3312 3197 3367 necessarium
3228 3322 3341 3379 est;
3371 3315 3509 3383 quod

1940 3417 2100 3457 unum
2133 3401 2233 3456 hoc
2258 3402 2491 3470 elegerat
2512 3400 2673 3455 Maria
2698 3402 2741 3454 ³.

2006 3493 2230 3547 CAPUT
2259 3490 2471 3547 ιιι-4.
2493 3490 2663 3545 Unum
2683 3492 3034 3546 necessarium.
3063 3490 3236 3547 Unum
3264 3492 3509 3563 cogitate,

1939 3583 2128 3637 fratres
2155 3583 2278 3646 mei,
2307 3590 2362 3636 et
2387 3581 2558 3637 videte
2586 3582 2636 3634 in
2677 3582 2787 3651 ipsa
2818 3582 3148 3635 multitudine
3184 3582 3226 3636 si
3257 3582 3535 3647 delectat,.

1935 3673 2036 3727 nisi
2059 3687 2245 3726 unum.
2277 3672 2414 3727 Ecce
2437 3672 2543 3725 Deo
2570 3670 2796 3741 propitio
2819 3686 2975 3741 quam
3011 3672 3160 3726 multi
3187 3674 3316 3727 estis
3347 3691 3359 3726 :
3392 3675 3512 3744 quis

1934 3778 2031 3820 vos
2081 3762 2264 3829 ferret,
2317 3763 2420 3818 nisi
2469 3778 2629 3817 uuutn
2676 3762 2972 3832 saperetis?
3021 3762 3171 3819 Unde
3222 3763 3274 3818 in
3331 3765 3512 3820 multis

1931 3855 2082 3927 quies
2115 3854 2254 3908 ista?
2299 3854 2372 3909 Da
2418 3870 2602 3921 unum,
2642 3863 2699 3909 et
2736 3854 2959 3924 popttlus
3000 3863 3083 3908 est
3116 3873 3128 3909 :
3159 3855 3282 3910 tolle
3320 3872 3508 3920 unum,

1929 3956 1984 4003 et
2030 3945 2180 4001 turba
2222 3953 2322 4000 est.
2375 3943 2512 4010 Quid
2554 3953 2638 3999 est
2677 3945 2819 3999 enim
2860 3944 3031 4012 turba,
3083 3945 3181 4018 nisi
3228 3946 3510 4001 multitudo

1932 4036 2179 4092 turbata?
2231 4034 2338 4091 Sed
2397 4034 2578 4089 audite
2629 4034 2940 4104 Apostolum
2998 4052 3012 4089 :
3074 4034 3290 4090 Obsecro
3339 4047 3506 4090 autem

1929 4143 2033 4192 vos,
2061 4127 2259 4197 fratres.
2303 4125 2621 4181 Multitudini
2661 4125 2869 4180 dicebat
2912 4143 2926 4179 :
2971 4126 3065 4181 sed
3112 4142 3297 4182 omnes
3342 4143 3506 4183 unum

1926 4219 2100 4274 facere
2140 4218 2370 4274 volebat.
2421 4217 2635 4273 Obsecro
2674 4227 2838 4271 autem
2887 4234 3005 4284 vos,
3047 4219 3259 4288 fratres,
3297 4229 3350 4272 ut
3400 4220 3502 4273 idi-

1926 4325 2072 4379 psum
2102 4308 2279 4361 dicatis
2322 4323 2524 4372 omnes,
2573 4317 2618 4361 et
2645 4324 2744 4361 non
2781 4308 2882 4361 sint
2920 4308 2973 4362 in
3021 4308 3156 4362 vobis
3192 4309 3503 4375 schismata;

1910 4398 2032 4451 ‘sitis
2084 4407 2253 4450 autem
2302 4397 2510 4468 perfecti
2555 4397 2607 4450 in
2662 4396 2834 4450 eodem
2888 4413 3037 4452 sensu
3059 4442 3074 4463 ,
3125 4409 3173 4452 et
3220 4399 3272 4453 in
3326 4401 3501 4455 eadem

1921 4489 2128 4543 scicntia
2152 4488 2207 4556 (ι
2232 4487 2347 4543 Cor.
2377 4505 2413 4556 t,
2441 4488 2550 4562 10).
2582 4488 2649 4543 ΕΙ.
2684 4489 2788 4544 alio
2818 4489 2970 4546 loco:
3005 4490 3298 4561 Unanimes,
3342 4510 3501 4548 unum

1921 4580 2214 4646 seruientes,
2262 4578 2389 4633 nihil
2433 4596 2522 4651 per
2561 4580 2943 4644 contentionem,
2984 4598 3140 4652 neque
3175 4600 3264 4654 per
3299 4584 3500 4639 inanem

1921 4671 2135 4741 gloriam
2176 4669 2428 4742 (Philipp.
2478 4687 2536 4738 ιι,
2571 4673 2626 4738 2,
2667 4671 2745 4743 5).
2790 4672 2856 4727 Et
2888 4672 3143 4728 Dominus
3182 4673 3248 4728 ad
3288 4673 3497 4728 Patrem
3565 4735 3583 4767 ι,

1921 4762 1988 4818 de
2030 4763 2184 4819 suis:
2232 4760 2297 4817 Ut
2344 4763 2443 4815 sint
2489 4778 2678 4825 unum,
2726 4763 2852 4816 sicut
2896 4772 2944 4816 et
2986 4778 3077 4817 nos
3121 4780 3277 4818 ununt
3323 4780 3500 4820 sumus

1925 4852 2110 4926 (Joan.
2165 4869 2315 4921 xvn,
2370 4850 2493 4926 22).
2553 4854 2619 4909 Et
2671 4853 2724 4908 in
2780 4853 2998 4909 Actibus
3053 4855 3425 4924 Apostolorum
3477 4872 3496 4909 :

1923 4943 2261 4999 Multitudinis
2297 4954 2464 4998 autem
2502 4943 2809 4997 credentium
2845 4952 2950 4998 erat
2986 4944 3157 4997 anima
3195 4960 3295 4997 una
3324 4954 3370 4998 et
3407 4960 3499 4998 cor

1920 5053 2075 5090 unum
2128 5034 2276 5108 (Act.
2334 5049 2409 5099 tv,
2460 5034 2589 5106 52).
2646 5034 2785 5106 Ergo
2833 5035 3164 5106 magnificam
3212 5036 3495 5092 Dominum

1921 5142 2149 5197 mecum,
2197 5135 2252 5183 et
2288 5127 2580 5183 exaltemus
2626 5131 2819 5183 nomen
2862 5127 2977 5198 eius
3022 5128 3074 5182 in
3118 5144 3278 5184 unum
3320 5127 3490 5202 (Psal.

1920 5235 2114 5286 χχχιιι,
2143 5216 2218 5291 ι).
2245 5218 2374 5286 Quia
2414 5233 2572 5273 unum
2613 5226 2696 5274 est
2730 5220 3121 5287 necessarium,
3163 5234 3322 5274 unum
3363 5220 3494 5275 illud

1917 5323 2204 5379 supernum
2225 5348 2244 5374 ,
2275 5322 2435 5362 unum
2464 5307 2552 5364 ubi
2581 5306 2740 5363 Pater
2762 5317 2816 5364 et
2844 5307 3013 5365 Filius
3038 5316 3092 5363 et
3117 5307 3343 5378 Spiritus
3370 5324 3493 5365 san-

1917 5411 2034 5455 ctus
2062 5410 2186 5473 sunt
2210 5415 2389 5454 unum.
2416 5398 2601 5455 Videte
2632 5398 2785 5454 nobis
2823 5399 3182 5455 commendari
3213 5399 3486 5455 unitatem.

1982 5511 2318 5574 {Suspicamur
2339 5508 2621 5573 legendum,
2643 5516 2726 5560 aut
2746 5511 2870 5574 forte
2890 5510 3135 5563 mouenda:
3156 5508 3415 5574 inlaudati,
3436 5519 3489 5565 ut

1915 5570 2359 5620 audiret‘attentius.

1980 5633 2001 5663 ³
2026 5637 2099 5680 Er.
2122 5632 2413 5697 Lugd._\'en.
2437 5637 2547 5680 Lor.
2581 5632 2955 5697 jmtefmmnt
2990 5631 3234 5697 vacillant,
3269 5633 3377 5697 hoc,
3412 5632 3493 5686 le-

1917 5692 2878 5760 gem:qwdmelegcratltm
2940 5699 2996 5747 δι.
