3934 6184
376 360 487 419 615

370 485 527 540 Certe
553 478 784 536 Trinitas
809 485 892 531 est
920 473 1058 528 Dens
1099 477 1298 524 noster.
1332 465 1491 521 Pater
1523 477 1624 516 non
1657 470 1739 514 est
1770 459 1954 525 Filius,

375 578 542 633 Filius
569 590 671 629 non
703 579 784 624 est
809 568 967 622 Pater
987 610 1001 634 ,
1034 562 1261 634 Spiritus
1289 567 1502 614 sanctus
1533 570 1630 610 nec
1657 554 1814 608 Pater
1842 560 1922 605 est
1942 591 1959 618 ,

373 684 472 724 nec
500 665 682 730 Filius,
716 660 810 716 sed
836 658 1114 712 amborum
1141 653 1371 723 Spiritus
1402 669 1413 704 :
1442 659 1497 704 et
1526 657 1704 700 tamen
1731 642 1958 716 ista.tria

375 776 479 815 non
505 767 612 811 tres
652 754 748 819 dii,
788 767 892 804 non
937 757 1047 803 tres
1081 746 1492 814 euinipotentes,
1525 737 1618 792 sed
1661 749 1796 789 unus
1824 734 1964 787 Deus

373 851 740 918 omnipotens,
794 844 904 913 ipsa
939 839 1170 896 Trinitas
1213 852 1349 892 unus
1391 834 1530 888 Deus
1572 847 1585 884 :
1630 828 1756 900 quia
1802 839 1963 880 unum

374 939 732 998 necessarium
758 944 859 990 est.
887 933 965 987 Ad
993 933 1092 985 hoc
1120 946 1280 984 unum
1313 943 1417 981 non
1452 940 1547 978 nos
1575 919 1834 993 perducit,
1863 916 1964 970 nisi

374 1033 523 1089 multi
552 1029 840 1083 habeamus
875 1041 967 1079 eor
997 1037 1178 1076 unum.
1551 1030 1554 1036 '

445 1119 672 1177 CAPUT
714 1118 800 1172 IV.
837 1145 907 1156 —-
946 1116 997 1170 5.
1041 1113 1239 1166 Bonum
1285 1108 1537 1169 Mart/tte,
1585 1102 1967 1158 ministerium:

375 1217 552 1271 melior
591 1229 708 1284 pars
740 1209 938 1263 Marica.
975 1207 1116 1260 Bona
1164 1213 1286 1256 sunt
1327 1198 1615 1254 ministeria
1654 1196 1794 1249 circa
1835 1208 1967 1262 pau-

380 1321 566 1377 peres,
599 1312 653 1357 et
693 1301 922 1355 maxime
955 1299 1092 1350 circa
1139 1302 1350 1348 sanctos
1381 1290 1468 1343 Dei
1513 1285 1729 1342 servitia
1767 1283 1964 1348 debita,

380 1394 640 1464 obsequia
690 1390 957 1460 religiosa.
1009 1384 1320 1442 Reddantur
1364 1381 1541 1440 enim,
1590 1392 1696 1432 non
1742 1375 1967 1439 dantur,

381 1488 592 1542 dicente
620 1480 894 1552 Apostolo,
928 1479 987 1532 Si
1013 1494 1102 1531 nos
1128 1474 1262 1529 vobis
1283 1471 1568 1542 spiritualia
1594 1466 1967 1542 seminaqimas,

380 1592 620 1648 magnum
647 1584 717 1627 est
744 1573 786 1626 si
816 1569 1040 1623 carnalia
1062 1575 1220 1620 vestra
1245 1575 1485 1616 metamus
1513 1558 1562 1631 (I
1588 1559 1704 1636 Cor.
1736 1572 1817 1618 Ix,
1848 1551 1972 1625 il)?

382 1669 528 1722 Bona
556 1672 712 1729 sunt,
741 1661 1094 1716 exhortamur
1131 1655 1196 1710 ad
1237 1655 1370 1718 bzec,
1401 1661 1454 1706 et
1481 1651 1533 1704 in
1555 1649 1720 1703 verbo
1763 1645 1973 1701 Domini

382 1759 709 1814 aedificamus
743 1770 856 1818 vos,
887 1751 1048 1805 nolite
1072 1749 1204 1819 pigri
1226 1761 1347 1802 esse
1371 1747 1436 1798 ad
1459 1739 1826 1811 suscipiendos
1854 1753 1975 1792 san-

384 1859 518 1905 etos.
552 1845 848 1914 Aliquando
888 1841 1206 1901 nescientes,
1240 1833 1576 1904 suscipiendo
1605 1847 1738 1900 quos
1768 1828 1975 1884 nescie-

386 1941 536 2007 bant,
568 1938 800 2008 Angelos
830 1939 1181 2001 susceperunt
1212 1927 1395 2000 (Hebr.
1424 1941 1537 1988 xm,
1563 1923 1644 1992 2).
1681 1921 1822 1974 Bona
1853 1925 1977 1972 sunt

389 2033 503 2086 haec
534 2049 548 2085 :
579 2028 767 2084 melius
793 2035 874 2080 est
904 2035 1077 2078 tamen
1105 2019 1245 2091 quod
1275 2016 1437 2086 elegit
1468 2014 1648 2068 Maria.
1675 2010 1803 2065 Illud
1831 2009 1975 2063 enim

389 2123 549 2177 habet
591 2135 652 2174 ex
696 2117 1013 2173 necessitate
1053 2110 1454 2180 occupationem
1489 2124 1502 2159 :
1535 2104 1674 2159 istud
1705 2110 1882 2156 autem
1913 2115 1978 2155 ex

386 2213 645 2268 charitatc
697 2208 1032 2265 suavitatem.
1068 2203 1192 2257 Vult
1239 2201 1398 2255 homo
1443 2209 1727 2252 occurrere
1769 2191 1980 2262 quando

391 2304 688 2366 ministrat;
735 2307 793 2355 et
818 2295 1101 2368 aliquando
1140 2306 1246 2347 non
1285 2295 1463 2360 potest
1495 2305 1508 2340 :
1552 2284 1809 2354 (ιιιίιεινίιιιι⁵
1837 2278 1981 2351 quod

392 2398 576 2460 deest,
611 2401 824 2464 paratur
850 2388 988 2460 quod
1027 2385 1207 2449 adest;
1239 2380 1558 2438 distenditur
1586 2377 1814 2431 animus.
1847 2371 1980 2426 Nam

393 2490 437 2543 si
478 2485 680 2541 Martha
726 2483 790 2536 ad
819 2483 904 2536 illa
935 2478 1226 2540 sufticeret,
1273 2470 1594 2542 adjutorium
1642 2465 1842 2520 sororis
1877 2478 1982 2516 non

398 2588 658 2652 posceret.
702 2575 861 2630 Multa
913 2580 1068 2635 sunt,
1118 2568 1326 2622 diversa
1371 2571 1528 2625 sunt,
1576 2559 1697 2628 quia
1752 2555 1982 2610 carnalia

395 2682 537 2734 sunt,
578 2669 698 2738 quia
738 2663 1047 2734 temporalia
1085 2666 1207 2714 sunt
1242 2674 1255 2710 :
1290 2655 1388 2712 etsi
1432 2654 1568 2707 bona
1607 2657 1750 2714 sunt,
1794 2643 1987 2700 transi-

397 2733 533 2816 toria
571 2733 711 2812 sunt.
751 2733 969 2809 Martha?
998 2760 1175 2804 autem
1217 2745 1341 2816 quid
1379 2745 1450 2796 ait
1489 2737 1784 2796 Dominus?
1817 2733 1986 2789 Maria

397 2854 649 2909 meliorem
679 2857 871 2918 partem
897 2842 1063 2913 elegit.
1092 2838 1206 2893 Non
1239 2845 1293 2890 tu
1323 2833 1536 2896 malam,
1567 2829 1661 2884 sed
1689 2828 1774 2882 illa
1803 2825 1987 2880 melio-

399 2966 535 3006 rem.
567 2945 700 3000 Audi
732 2941 872 2997 unde
902 2936 1175 2992 meliorem
1213 2950 1225 2984 :
1259 2930 1383 2994 Quae
1408 2945 1506 2980 non
1529 2924 1788 2993 auferetur
1815 2920 1878 2972 ab
1905 2935 1983 2972 ea.

399 3046 441 3097 Λ
476 3051 529 3097 te
565 3037 836 3094 auferetur
869 3025 1151 3099 aliquando
1187 3037 1322 3078 onus
1363 3015 1693 3074 necessitatis
1733 3028 1746 3065 :
1791 3020 1987 3065 arterna

402 3143 488 3188 est
507 3128 733 3186 dulcedo
755 3122 1010 3180 veritatis.
1035 3117 1150 3172 Non
1171 3113 1445 3169 auferetur
1465 3110 1532 3164 ab
1553 3124 1613 3161 ea
1639 3103 1782 3175 quod
1807 3103 1986 3171 elegit.

402 3224 516 3280 Non
572 3220 838 3280 aufertur,
885 3211 978 3268 sed
1033 3221 1206 3263 tamen
1261 3213 1500 3273 augetur.
1549 3198 1606 3255 In
1662 3198 1759 3251 hac
1814 3205 1997 3249 autem

405 3317 508 3369 vita
542 3319 782 3380 augetur,
814 3305 866 3358 in
895 3303 997 3356 alia
1026 3301 1129 3353 vita
1156 3295 1478 3366 perficietur,
1547 3303 1814 3357 nunquam
1846 3285 1992 3338 aufe-

407 3415 573 3460 retur.

477 3490 702 3550 CAPUT
729 3488 878 3543 V.—
895 3485 946 3540 6.
970 3479 1190 3537 Martiae
1211 3475 1539 3531 ministerium
1565 3470 1633 3524 ad
1656 3469 1836 3523 Maria:
1852 3467 1994 3538 quie-

409 3597 507 3642 tem
536 3582 711 3638 tendit.
753 3579 1019 3634 Caeterum
1065 3581 1120 3626 tu
1161 3567 1398 3632 Martha,
1437 3578 1567 3634 pace
1605 3571 1695 3616 tua
1731 3559 1994 3623 dixerim,

405 3679 463 3735 in
500 3679 640 3734 bono
680 3668 973 3728 ministerio
1021 3662 1332 3726 benedicta,
1395 3671 1494 3729 pro
1534 3656 1635 3710 isto
1679 3652 1861 3706 labore
1909 3658 1999 3702 tuo

411 3767 713 3828 mercedem
745 3761 967 3834 qumis,
1001 3758 1254 3828 quietem.
1287 3750 1440 3806 Modo
1473 3754 1728 3816 occupata
1763 3757 1822 3798 es
1859 3741 1998 3795 circa

412 3863 639 3918 multum
668 3852 1050 3914 ministerium,
1089 3858 1305 3917 pascere
1348 3841 1430 3895 vis
1462 3838 1704 3894 mortalia
1737 3847 1960 3903 corpora
1981 3871 1997 3898 ,

415 3956 538 4010 licet
589 3956 893 4006 sanctorum
950 3960 963 3994 :
1017 3935 1271 4006 numquid
1318 3949 1439 3988 cum
1487 3931 1698 3984 veneris
1748 3925 1813 3980 ad
1858 3924 2002 3978 illam

421 4045 645 4118 patriam
678 4082 694 4108 ,
771 4035 1008 4092 invenies
1076 4027 1452 4101 peregrinum,
1525 4035 1683 4092 quem
1746 4016 2003 4085 suscipias

422 4133 685 4206 hospitio?
725 4128 966 4184 invenies
1004 4122 1356 4182 esurientem,
1397 4114 1480 4170 cui
1521 4127 1711 4184 panem
1757 4106 2004 4178 frangas?

421 4230 683 4283 sitientem
702 4265 717 4289 ,
748 4220 830 4275 cui
856 4227 1033 4288 potum
1060 4212 1297 4284 porrigas
1317 4209 1340 4263 ?
1358 4222 1556 4278 mgrum
1574 4247 1586 4269 ,
1611 4217 1766 4274 quem
1784 4199 2006 4255 visites?

423 4319 742 4388 litigantem,
775 4326 931 4381 quem
967 4301 1298 4359 concordes?
1326 4307 1591 4352 mortuum
1613 4335 1626 4357 ,
1656 4308 1811 4363 quem
1849 4305 2005 4360 sepe-

425 4379 557 4464 lias?
586 4403 774 4459 Omnia
793 4379 912 4452 ista
952 4395 1023 4449 ibi
1063 4409 1165 4446 non
1207 4399 1361 4444 erunt
1399 4406 1412 4440 ι
1453 4385 1546 4439 sed
1585 4384 1710 4453 quid
1760 4381 1827 4434 ibi
1871 4379 2009 4433 erit?

426 4496 577 4566 Quod
621 4493 783 4548 Maria
831 4486 990 4556 elegit
1035 4501 1049 4535 :
1099 4481 1170 4535 ibi
1210 4493 1522 4548 pascetnur,
1567 4491 1668 4528 non
1708 4486 2005 4544 pascemus.

435 4590 556 4644 Ideo
579 4586 681 4639 hoc
708 4582 776 4635 ibi
807 4580 907 4633 erit
939 4577 1152 4645 plenum
1191 4582 1348 4640 atque
1386 4567 1708 4637 perfectum,
1748 4564 1888 4634 quod
1927 4562 2011 4616 hic

437 4677 592 4749 elegit
618 4673 777 4729 Maria
807 4688 819 4724 :
849 4669 916 4724 de
945 4667 1031 4721 illa
1068 4678 1248 4718 mensa
1289 4661 1566 4729 cpnlenta,
1605 4657 1673 4710 de
1712 4655 1874 4708 verbo
1907 4655 2010 4707 Do-

439 4747 562 4828 mini
590 4767 757 4822 micas
783 4759 1080 4830 colligebat.
1109 4755 1239 4810 Nam
1265 4753 1422 4806 vultis
1449 4765 1603 4804 nosse
1630 4748 1755 4818 quid
1789 4747 1857 4800 ibi
1889 4747 2012 4800 erit?

440 4861 690 4920 Dominus
707 4857 819 4926 ipse
838 4853 963 4906 dicit
979 4849 1045 4903 de
1061 4846 1230 4902 servis
1245 4844 1354 4898 suis
1376 4860 1388 4895 :
1410 4842 1565 4894 Amen
1592 4839 1702 4892 dico
1718 4837 1871 4901 vobis,
1896 4839 2015 4909 quia

441 4951 582 5025 faciet
620 4964 703 5002 eos
729 4915 1056 5003 recumbere,
1100 4945 1147 4990 et
1184 4933 1448 4997 transibit,
1485 4941 1530 4984 et
1570 4915 1882 4982 ministrabit
1912 4928 2015 5009 illis

442 4999 579 5025 ...ν---
623 4999 665 5002 --
1046 4999 1054 5003 ,

438 5045 585 5116 (an.
612 5057 710 5103 ιιι,
728 5036 840 5108 '57).
858 5031 1160 5088 Recumbere
1179 5026 1303 5097 quid
1323 5035 1424 5090 est,
1444 5023 1542 5076 nisi
1564 5021 1776 5076 vacare?
1796 4999 2014 5075 Recum-

439 5112 548 5192 bere
577 5131 701 5204 quid
725 5138 825 5193 est,
846 5125 944 5180 nisi
968 5117 1338 5191 requiescere?
1357 5115 1490 5184 Quid
1508 5124 1622 5178 est,
1650 5112 1905 5167 Transibit
1925 5153 1940 5178 ,
1970 5120 2017 5164 et

441 5203 740 5282 ministrabit
774 5218 916 5274 illis?
951 5214 1103 5270 Prius
1137 5212 1360 5275 transit,
1399 5216 1454 5262 ct
1488 5209 1564 5261 sic
1594 5205 1877 5259 ministrat.
1911 5203 2017 5259 Sed

441 5319 564 5375 ubi?
607 5315 663 5370 In
709 5314 799 5367 illo
836 5305 1077 5363 convivio
1116 5314 1382 5371 superno,
1420 5297 1488 5352 de
1521 5311 1626 5367 quo
1662 5295 1790 5350 dicit
1819 5312 1831 5348 :
1862 5294 2020 5348 Amen

444 5415 556 5467 dico
586 5408 720 5464 vobis
741 5447 756 5470 ,
780 5402 923 5457 multi
952 5399 1012 5452 ab
1033 5397 1220 5450 oriente
1249 5403 1293 5445 et
1315 5390 1567 5444 occidente
1598 5389 1822 5452 venient,
1857 5394 1900 5438 et
1937 5401 2019 5438 re-

446 5502 676 5558 rumbent
703 5511 815 5550 cum
837 5490 1113 5554 Abraham,
1127 5494 1171 5540 et
1192 5482 1362 5548 Isaac,
1381 5492 1428 5535 et
1444 5478 1605 5534 Iacob
1627 5480 1678 5532 in
1697 5494 1847 5548 regno
1867 5477 2021 5531 caelo-

446 5610 557 5649 rum
575 5587 788 5660 (Matth.
803 5599 917 5649 vm,
940 5581 998 5637 ti
1013 5581 1052 5652 ).
1068 5579 1142 5635 lbi
1158 5576 1414 5634 Dominus
1434 5574 1617 5644 pascit,
1631 5570 1722 5625 sed
1744 5570 1889 5640 prius
1905 5569 2024 5623 hinc

452 5682 656 5740 transit.
671 5679 802 5736 Nam
823 5685 878 5731 ut
911 5667 1400 5734 noveritis,Pascha
1413 5665 1690 5721 Transitus
1706 5664 2025 5733 interpreta-

457 5791 555 5832 tur.
590 5772 739 5826 \‘enit
762 5765 1048 5830 Dominus,
1072 5763 1194 5819 fecit
1215 5760 1418 5827 divina,
1448 5773 1636 5830 passus
1662 5765 1744 5812 est
1769 5756 2018 5810 humana.

1610 322 1670 401 si
1712 341 2069 398 .xtrcttsruu
2112 336 2408 394 EPISCOPl

3543 323 3648 378 (‘16

2069 455 2337 526 Numquid
2376 453 2546 508 adhuc.
2594 450 2938 519 conspuitur?
2975 445 3226 516 numquid
3263 444 3436 499 adhuc
3475 461 3642 514 expa—

2073 547 2288 630 matur?
2326 542 2577 613 numquid
2619 542 2790 594 adhuc
2825 539 2994 609 spinis
3032 539 3356 592 coronatur?
3395 537 3650 604 nunnjnid

2072 642 2245 696 adhuc
2275 638 2607 710 ﬂagellatur?
2638 635 2889 705 numquid
2912 633 3087 688 adhuc
3112 631 3474 701 crucifigitur?
3497 646 3654 684 nam-

2071 733 2197 804 quid
2223 731 2395 785 adhuc
2421 731 2598 784 lancea
2633 725 2979 783 vulneratur?
3013 724 3297 778 'l'ransivit.
3341 721 3579 791 Denique
3604 731 3665 775 et

2079 822 2434 892 Evangelinm
2469 823 2544 874 sic
2570 818 2838 888 loquitur,
2875 816 3089 886 quando
3115 815 3320 869 Pascha
3363 813 3488 868 fecit
3528 829 3654 866 cum

2075 916 2350 985 discipulis
2384 915 2514 968 suis.
2557 912 2690 980 Quid
2729 911 2856 965 dicit
2894 907 3282 977 Evangelium?
3325 907 3450 959 Cum
3493 915 3666 958 autem

2074 1011 2285 1065 venisset
2316 1009 2440 1062 hora
2459 1048 2473 1074 ,
2503 1017 2554 1059 ut
2579 1005 2729 1058 Jesns
2759 1004 2991 1057 transiret
3022 1001 3084 1055 de
3108 1001 3203 1055 hoc
3229 999 3415 1053 mundo
3444 1000 3512 1051 ad
3555 996 3666 1051 Pa-

2075 1109 2201 1153 trem
2229 1101 2246 1169 (
2277 1097 2432 1151 Joan.
2474 1112 2583 1160 xm,
2620 1095 2697 1165 1).
2740 1095 2879 1164 Ergo
2914 1093 3002 1146 ille
3046 1091 3317 1156 transivit,
3347 1100 3404 1143 ut
3439 1097 3665 1158 paScat:

2075 1205 2174 1247 nos
2203 1204 2510 1260 sequantur,
2532 1198 2587 1241 ut
2619 1200 2917 1256 pascantur.

2591 1319 2820 1375 διεηιιυ
2860 1317 2968 1373 CIV
2999 1323 3015 1339 ·
3043 1316 3145 1388 (η).
3231 1393 3239 1400 1

2079 1455 2276 1511 Rursus
2322 1454 2372 1506 in
2417 1451 2546 1505 illud
2597 1449 2856 1520 Evangelii
2899 1448 3083 1512 Lttrw,
3135 1447 3216 1500 ubi
3262 1447 3325 1499 de
3366 1445 3571 1499 Martha
3615 1456 3673 1500 et

2485 1541 2673 1596 Maria.
2704 1541 2830 1611 Cap.
2860 1557 2922 1605 Χ,
2971 1541 3003 1610 ᾗ
3030 1579 3044 1591 .
3077 1537 3264 1594 ὅθι-42.

2150 1658 2376 1715 CAPUT
2421 1657 2708 1714 PRIMUM.
2734 1685 2805 1697 -—
2839 1657 2889 1710 1.
2923 1654 3146 1709 Martha:
3185 1665 3230 1709 et
3271 1655 3451 1710 Maria:
3486 1657 3668 1725 ofﬁcia

2080 1763 2520 1823 compararantur.
2554 1751 2807 1807 Sanctum
2839 1748 3182 1819 Evangelinm
3209 1763 3330 1804 cum
3362 1750 3633 1819 legeretur
3656 1789 3674 1811 .

2081 1831 2378 1902 audivimus
2412 1860 2440 1898 a
2479 1844 2674 1898 femina
2712 1833 2958 1912 religiosa
2992 1849 3294 1910 snseeptmn
3323 1854 3445 1895 esse
3487 1841 3681 1895 Domi‘

2082 1955 2208 1994 num
2243 1935 2471 2007 h05pitio
2491 1976 2506 2002 ,
2531 1950 2698 2004 eaque
2720 1933 2920 1996 Martha
2947 1935 3253 1989 vocabatur.
3285 1931 3495 1988 Etcum
3521 1942 3680 1988 esset

2085 2029 2198 2098 ipsa
2238 2035 2492 2097 occupata
2529 2027 2583 2080 in
2615 2041 2744 2080 cura
2784 2023 3115 2080 ministrandi
3136 2065 3152 2089 ,
3179 2037 3333 2079 soror
3361 2025 3478 2092 ejus
3503 2025 3679 2078 Maria

2084 2118 2302 2174 sedebat
2331 2117 2396 2171 ad
2423 2117 2587 2188 pedes
2617 2117 2861 2183 Domini,
2904 2127 2958 2170 et
2991 2115 3235 2170 audiebat
3273 2115 3490 2171 verbum
3525 2119 3678 2184 ejus.

2087 2209 2386 2264 Laborabat
2429 2208 2554 2274 illa,
2602 2206 2823 2262 vacabat
2867 2207 2965 2261 ista
3016 2225 3030 2260 :
3088 2206 3171 2260 illa
3224 2206 3506 2276 erogabat,
3556 2207 3686 2259 ha~c

2087 2302 2426 2373 implebatur.
2461 2301 2836 2357 Verumtamen
2865 2293 3067 2353 Martha
3095 2299 3340 2352 laborans
3365 2298 3588 2352 multum
3620 2299 3682 2351 iu

2088 2395 2176 2450 illa
2200 2394 2544 2464 occupatione
2577 2402 2632 2448 et
2666 2392 2880 2463 negotio
2914 2390 3252 2446 ministrandi
3272 2433 3287 2456 ,
3319 2391 3688 2460 interpellavit

2091 2487 2372 2541 Dominum
2388 2527 2406 2553 ,
2438 2494 2492 2539 et
2516 2483 2582 2538 de
2604 2499 2788 2539 sorore
2813 2499 2906 2538 sua
2927 2492 3215 2552 conquesta
3241 2490 3353 2546 est,
3382 2480 3523 2550 quod
3555 2497 3684 2535 eam

2091 2578 2420 2634 laborantem
2444 2592 2549 2632 non
2578 2576 2872 2645 adjuvaret.
2901 2575 3155 2629 Dominus
3182 2583 3357 2628 autem
3386 2589 3479 2643 pro
3513 2573 3686 2626 Maria

2090 2669 2365 2742 respondit
2390 2668 2645 2734 Marthae;
2672 2677 2727 2722 et
2757 2669 2868 2737 ipse
2899 2667 3017 2735 ejus
3043 2667 3212 2720 factas
3239 2675 3322 2720 est
3349 2666 3642 2720 advocatus
3664 2708 3687 2732 ,

2091 2763 2179 2832 qui
2209 2760 2373 2830 judex
2418 2759 2590 2814 fuerat
2630 2757 3016 2827 interpellatus.
3045 2755 3251 2809 Martha
3271 2798 3285 2820 ,
3315 2757 3512 2825 inquit,
3539 2756 3690 2809 circa

2091 2852 2252 2906 multa
2273 2868 2324 2906 es
2345 2859 2612 2920 occupata,
2633 2849 2836 2919 quando
2853 2865 3010 2902 unum
3030 2855 3101 2901 est
3127 2849 3482 2902 necessariam.
3507 2847 3692 2901 Maria

2094 2941 2352 2995 meliorem
2373 2951 2564 3012 partem
2592 2940 2756 3009 elegit,
2779 2954 2892 3008 qua?
2915 2954 3013 2991 non
3040 2942 3298 3010 auferetur
3321 2937 3384 2991 ab
3403 2954 3483 2992 ea.
3511 2938 3690 2992 Audi-

2092 3034 2266 3088 vimus
2312 3033 2454 3086 enim
2507 3040 2562 3086 et
2612 3030 3089 3099 interpellatiOnem
3149 3029 3566 3098 interpellantis,
3623 3041 3693 3085 et.

2094 3123 2414 3180 sententiam
2455 3121 2672 3192 judicis.
2714 3121 2844 3190 Qum
2883 3121 3144 3176 sententia
3185 3121 3542 3190 interpellanti
3588 3137 3689 3176 re-

2096 3214 2335 3284 spondit,
2367 3219 2670 3281 susccptam
2695 3210 2950 3266 defendit.
2974 3210 3104 3264 El‘nl
3123 3211 3263 3266 enim
3287 3210 3448 3264 Maria
3477 3211 3688 3266 intenta

2097 3304 2362 3360 dulcedini
2393 3303 2540 3358 verbi
2567 3303 2799 3358 Domini.
2830 3301 3035 3356 lntenta
3057 3302 3389 3358 cratMartha
3411 3304 3691 3373 quomodo

2099 3406 2341 3468 pasceret
2362 3396 2641 3450 Dominum
2672 3413 2685 3448 :
2719 3397 2918 3450 intenta
2952 3395 3110 3449 Maria
3141 3396 3408 3466 quomodo
3435 3412 3689 3466 pascere-

2101 3500 2185 3543 tur
2217 3505 2245 3541 ιι
2270 3487 2526 3542 Domino.
2563 3489 2605 3541 Α
2636 3486 2837 3541 Martha
2865 3487 3166 3541 convivium
3203 3488 3425 3544 Domino
3454 3490 3688 3557 paraba-

2102 3595 2207 3646 tur,
2239 3581 2290 3633 in
2324 3578 2476 3648 cujus
2499 3579 2742 3632 convivio
2768 3577 2929 3632 Maria
2959 3578 3066 3647 jam
3101 3579 3505 3645 jucundabatur.
3542 3580 3684 3634 Cum

2102 3687 2228 3743 ergo
2250 3671 2414 3726 Maria
2440 3670 2673 3724 suaviter
2696 3669 2903 3724 audiret
2943 3670 3163 3723 verbum
3195 3669 3561 3726 dulcissimum
3581 3713 3595 3733 ,
3627 3682 3694 3727 et

2103 3760 2264 3817 Corde
2294 3759 2650 3818 intentissimo
2681 3769 3008 3828 pascrretur,
3039 3760 3372 3830 interpellate
3400 3761 3622 3815 Domino
3655 3780 3691 3816 a

2105 3867 2291 3906 sorore
2327 3865 2454 3914 sua,
2485 3849 2753 3919 quomodo
2783 3858 3026 3918 putamus
3052 3865 3167 3903 eam
3198 3849 3463 3914 timuisse,
3503 3867 3570 3905 ne
3597 3851 3692 3905 di-

2105 3953 2250 3998 ceret
2285 3943 2335 3997 ei
2372 3941 2629 3996 Dominus
2649 3982 2664 4006 ,
2693 3940 2891 4012 Surge,
2931 3949 2986 3996 et
3013 3941 3204 4010 adjuva
3235 3957 3473 3997 sororem
3505 3944 3694 3997 tuam?

2107 4036 2238 4091 Mira
2273 4036 2413 4090 enim
2445 4034 2704 4090 suavitate
2738 4033 3020 4088 tenebatur
3053 4051 3066 4086 :
3098 4049 3216 4103 quae
3251 4034 3488 4103 profecto
3516 4036 3697 4105 major

2108 4137 2193 4184 est
2213 4127 2405 4182 mentis
2431 4140 2589 4196 quam
2609 4125 2826 4179 ventris.
2855 4125 3113 4178 Excusata
3133 4135 3214 4179 est
3230 4167 3243 4190 ,
3267 4126 3401 4180 sedit
3425 4129 3694 4182 securior.

2109 4217 2385 4287 Quomodo
2408 4228 2584 4272 autem
2609 4216 2896 4270 excusata?
2922 4216 3270 4271 Attendamus
3289 4258 3301 4282 ,
3325 4218 3694 4288 inspiciamus,

2113 4318 2502 4380 perscrutemur
2528 4308 2666 4378 quod
2695 4322 3003 4377 possumus;
3033 4315 3092 4360 ut
3118 4321 3394 4375 poscimur
3420 4319 3476 4362 et
3501 4323 3621 4362 nos.

2180 4400 2234 4452 ‘2.
2273 4399 2609 4453 Ministerium
2643 4397 2864 4451 Mart/ta:
2897 4414 2997 4451 non
3030 4398 3381 4468 reprehensum
3409 4415 3442 4451 a
3470 4399 3694 4456 Christo.

2117 4491 2255 4557 Quid
2308 4490 2489 4544 enim?
2545 4498 2790 4557 putamus
2842 4487 3221 4557 reprehensum
3271 4504 3392 4543 esse
3448 4491 3698 4545 ministe-

2117 4583 2253 4634 rium
2285 4581 2500 4634 Martha:
2522 4621 2538 4645 ,
2569 4595 2725 4644 quam
2755 4595 2881 4633 cura
2911 4578 3284 4648 ltosmtalitatis
3309 4592 3700 4648 occupaverat.

2117 4688 2236 4743 qua:
2275 4674 2442 4741 ipsum
2484 4670 2760 4724 Dominum
2805 4669 3034 4738 hospitio
3073 4670 3382 4737 receperat?
3416 4670 3703 4738 Quomodo

2118 4774 2262 4821 recte
2289 4761 2802 4831 reprehendelmtnr,
2828 4779 2945 4829 qna.-
2974 4769 3119 4815 tanto
3147 4761 3354 4828 hospite
3379 4763 3703 4818 laztabatur?

2120 4857 2232 4911 Hoc
2251 4856 2296 4910 si
2322 4870 2503 4909 verum
2532 4862 2646 4918 est,
2671 4854 2937 4907 dimittant
2959 4853 3200 4908 homines
3219 4855 3365 4924 quod
3394 4858 3708 4912 ministrant

2119 4947 2430 5018 egentibus;
2467 4946 2664 5014 eligant
2704 4946 2802 4998 sibi
2850 4955 3050 5013 partem
3095 4945 3370 5000 meliorem
3396 4986 3410 5009 ,
3436 4963 3560 5015 qua:
3598 4964 3706 5002 non

2120 5042 2388 5096 auferetur
2416 5039 2483 5093 ab
2507 5040 2618 5101 eis;
2653 5049 2840 5092 vacent
2861 5038 3042 5101 verbo.
3071 5037 3276 5093 inhient
3301 5038 3562 5094 doctrinae
3588 5041 3710 5094 dul-

2121 5130 2325 5196 cedini;
2345 5137 2671 5198 occupentur
2685 5127 2824 5181 circa
2842 5127 3114 5182 scientiam
3132 5129 3452 5191 salutarem;
3473 5130 3612 5185 nihil
3631 5131 3715 5186 eis

2121 5240 2263 5279 cura:
2283 5225 2374 5281 sit.
2406 5223 2523 5292 quis
2545 5223 2854 5292 peregrinus
2883 5221 2933 5274 in
2959 5221 3075 5275 vico
3099 5221 3188 5286 sit,
3219 5221 3338 5291 quis
3364 5231 3522 5291 egeat
3548 5239 3710 5292 pane.

2124 5316 2243 5386 quis
2278 5314 2621 5376 indumento,
2653 5311 2772 5380 quis
2810 5309 3136 5377 visitandus,
3169 5311 3290 5380 quis
3327 5311 3710 5374 redimendus,

2127 5409 2242 5478 quis
2259 5403 2592 5474 sepeliendus
2608 5421 2620 5456 :
2638 5411 2822 5456 vacent
2835 5417 2994 5470 opera
3010 5401 3408 5471 misericordias,
3433 5404 3523 5458 uni
3541 5405 3713 5458 inste-

2132 5509 2216 5553 tur
2249 5496 2503 5551 scientiw.
2534 5493 2588 5548 Si
2616 5494 2804 5546 melior
2832 5507 2952 5560 pars
2982 5503 3064 5546 est
3083 5533 3098 5558 ,
3121 5507 3218 5547 cur
3253 5507 3361 5547 non
3391 5509 3582 5549 omnes
3613 5495 3718 5550 hoc

2195 5635 2209 5651 °
2251 5597 2538 5680 aeeeusitus
2563 5626 2620 5676 ad
2659 5633 2763 5675 tres
2805 5625 2887 5672 bu.
2915 5632 2965 5674 et
2995 5633 3200 5688 quatuor
3221 5623 3282 5676 cl.
3308 5624 3367 5675 ad
3387 5637 3436 5679 α.
3469 5625 3548 5678 ch.
3587 5623 3622 5677 f.
3663 5627 3724 5676 ιε.

2133 5710 2182 5760 g.
2206 5693 2267 5760 ir.
2292 5706 2365 5760 m_._
2383 5703 2429 5753 p.
2453 5703 2542 5760 rm.
2567 5688 2784 5760 vdent;
2797 5691 3016 5760 ιΞι-..Ριιιλζ
3031 5693 3134 5736 Lov.

2197 5757 2268 5818 (τι)
2304 5746 2450 5814 Alias,
2474 5751 2538 5799 de
2565 5749 2732 5798 Verbis
2755 5748 2936 5796 Domini
2960 5746 3034 5797 ᾗ.
