3852 6182
475 396 573 435 nus
629 388 839 448 petere,
891 387 1156 444 quaerere,
1207 371 1452 440 pulsa-re,
1499 368 1667 423 donec
1725 368 2042 438 accipiamus

475 469 612 538 quod
636 469 883 540 petimus,
908 462 1050 534 quod
1071 462 1357 533 quaerimus
1373 501 1390 528 ,
1428 460 1568 529 quod
1596 459 1886 529 pulsamus,
1919 473 2044 512 usus

473 559 718 626 exemplo
751 572 783 610 a
810 553 1120 610 contrario:
1173 552 1310 606 sicut
1356 551 1422 606 de
1465 551 1557 606 illo
1596 550 1772 621 judice
1813 551 1900 620 qui
1946 565 2043 604 nec

476 652 640 703 Deum
669 645 903 711 timebat,
952 659 1052 700 nec
1076 643 1317 698 homines
1364 641 1722 709 rcvcrebatur,
1769 650 1822 697 et
1869 651 2044 696 tamen

475 755 589 795 eum
620 753 740 793 eum
770 734 1012 809 quaxlam
1040 735 1193 790 vidua
1217 734 1573 804 interpellaret
1599 733 1854 803 quotidie,
1885 733 2042 788 tzudio

377 815 380 820 ’
473 829 637 883 victus
664 827 811 882 dedit
834 826 974 896 quod
1001 824 1259 882 beneﬁcio
1282 840 1387 878 non
1436 824 1606 894 potuit
1650 824 1841 878 invitus
1889 822 2037 892 (Luc.

472 915 796 988 svnt,l-8).
846 917 1096 971 Dominus
1135 924 1313 970 autem
1371 924 1551 969 noster
1599 914 1754 968 Jesus
1799 913 2039 968 Christus

469 1012 606 1065 inter
633 1025 730 1066 nos
757 1010 967 1079 petitor,
995 1024 1114 1062 cum
1147 1007 1300 1062 Patre
1340 1006 1525 1072 dator,
1575 1020 1680 1060 nou
1719 1006 1899 1074 utique
1941 1018 2038 1057 nos

471 1112 673 1156 tantum
726 1100 1025 1154 hortaretur
1062 1108 1119 1153 ut
1164 1107 1463 1168 peteremus
1490 1136 1504 1159 ,
1545 1095 1645 1149 nisi
1691 1094 1815 1150 dare
1857 1094 2032 1147 vellet.

470 1193 763 1248 Erubescat
783 1191 1010 1246 humana
1039 1190 1242 1261 pigritia
1275 1207 1289 1242 :
1319 1189 1436 1260 plus
1465 1187 1574 1242 vult
1597 1188 1686 1242 ille
1703 1187 1851 1252 dare,
1878 1201 2035 1256 quam

467 1292 567 1330 nos
591 1276 869 1344 accipere:
917 1274 1036 1342 plus
1073 1273 1182 1327 vult
1207 1273 1295 1327 ille
1341 1271 1614 1335 misereri,
1660 1285 1818 1341 quam
1866 1284 1962 1323 nos
2003 1283 2035 1323 a

465 1365 676 1420 miseria
701 1364 910 1418 liberari
939 1383 951 1416 :
980 1371 1034 1417 et
1059 1363 1239 1433 utique
1265 1363 1310 1417 si
1345 1364 1452 1417 nun
1495 1359 1698 1416 liberati
1745 1357 2030 1422 fuerimus,

468 1470 564 1508 nos
594 1454 769 1508 miseri
797 1451 1200 1507 remanehiinus.
1224 1452 1352 1506 Nam
1371 1451 1456 1506 ille
1485 1449 1624 1520 quod
1646 1465 1741 1506 nos
1770 1449 2031 1516 hortatur,

471 1551 684 1610 propter
714 1558 811 1598 nos
837 1542 1094 1596 hortatur.

534 1631 759 1688 CAPUT
797 1631 1013 1686 ll.—2.
1059 1633 1260 1686 Amicus
1306 1632 1368 1685 de
1412 1632 1491 1684 via
1549 1631 1747 1686 ueniens
1801 1629 2031 1700 reﬁcien-

463 1724 578 1775 slus.
623 1721 969 1790 Evigilcmus,
1007 1731 1070 1776 et
1105 1721 1332 1776 hortanti
1371 1721 1678 1785 credamus,
1717 1721 2031 1790 promitten-

355 1834 358 1836 τ
463 1811 501 1866 ti
534 1811 908 1878 obsequemur,
945 1822 998 1864 et
1022 1809 1099 1864 ad
1137 1810 1346 1864 dantem
1389 1809 1727 1879 gaudeamus.
1771 1809 2033 1864 Fortassis

465 1900 608 1955 enim
635 1908 691 1955 et
718 1899 869 1955 nobis
903 1900 1186 1970 aliquando
1209 1900 1351 1956 venit
1375 1901 1576 1955 amicus
1601 1900 1668 1956 de
1689 1901 1771 1954 via
1791 1941 1807 1967 ,
1839 1907 1893 1954 et
1923 1915 2027 1954 non

463 1992 760 2046 invenimus
801 1991 949 2061 quod
988 1990 1038 2046 ei
1078 2005 1466 2061 apponeremus
1505 2007 1520 2054 ;
1566 2001 1621 2046 et
1662 1991 2029 2046 necessitatem

455 2085 602 2154 passi
626 2099 828 2150 sumus,
857 2094 910 2140 et
933 2085 1232 2154 accepimus
1251 2093 1304 2138 et
1334 2083 1484 2138 nobis
1507 2094 1560 2139 ct
1586 2083 1680 2137 illi.
1705 2083 1850 2138 Fieri
1887 2084 2028 2138 enim

460 2191 566 2232 non
597 2183 789 2245 potest,
811 2175 913 2230 nisi
942 2183 998 2229 ut
1023 2174 1215 2245 aliquis
1243 2189 1430 2244 passus
1476 2173 1634 2228 fuerit
1674 2173 1901 2228 amicum
1928 2173 2030 2226 ali-

453 2266 583 2337 quid
608 2267 1016 2338 interrogantem
1039 2307 1054 2330 .
1082 2267 1223 2338 quod
1244 2264 1566 2336 respondere
1589 2279 1694 2320 non
1722 2264 1886 2335 possit
1913 2281 1925 2316 :
1976 2272 2030 2318 et

458 2370 583 2415 tunc
606 2375 666 2416 se
689 2359 889 2415 invenit
915 2375 1018 2412 non
1044 2357 1238 2414 habere
1253 2399 1266 2423 ,
1310 2355 1525 2428 quando
1547 2365 1856 2412 coactusest
1879 2354 2026 2409 dare.

460 2450 724 2505 Venittibi
741 2449 942 2504 amicus
955 2449 1022 2503 de
1049 2449 1164 2514 via,
1195 2448 1247 2502 id
1279 2457 1398 2517 est,
1418 2445 1487 2502 de
1507 2448 1614 2502 vita
1643 2445 1797 2517 hujus
1823 2445 2025 2513 srcculi,

457 2539 510 2592 iu
536 2553 638 2608 qua
686 2553 872 2594 omnes
895 2537 1039 2593 velut
1088 2537 1348 2608 peregrini
1389 2547 1697 2604 transeunt,
1748 2551 1847 2591 nec
1890 2535 2028 2590 ullus

454 2630 605 2700 quasi
645 2643 921 2699 possessor
952 2638 1133 2684 manet
1147 2649 1168 2696 Δ;
1219 2629 1313 2684 sed
1351 2629 1504 2683 omni
1543 2628 1743 2683 homini
1776 2627 1972 2684 dicitur
2009 2647 2024 2683 :

456 2719 690 2790 Defectus
717 2736 767 2773 es
787 2760 803 2782 ,
833 2720 992 2773 transi
1010 2736 1031 2786 ;
1077 2735 1170 2791 age
1191 2720 1311 2783 iter,
1345 2718 1411 2772 da
1431 2718 1818 2773 venturoiocum
1831 2715 2022 2790 (Eccli.

455 2824 591 2864 xm
611 2850 626 2876 ,
657 2807 782 2883 33).
819 2812 923 2864 Aut
957 2811 1092 2864 forte
1112 2810 1178 2864 de
1200 2810 1283 2864 via
1324 2810 1458 2863 mala
1480 2852 1494 2871 ,
1537 2808 1640 2863 hoc
1670 2819 1780 2872 est,
1804 2807 1876 2863 de
1919 2809 2024 2865 vita

453 2899 592 2954 mala
615 2943 631 2966 ,
665 2899 918 2971 fatigatus
946 2901 1124 2955 nescio
1151 2902 1271 2970 quis
1310 2902 1513 2955 amicus
1547 2910 1700 2968 tuus,
1743 2917 1847 2955 non
1869 2901 2021 2958 inve-

453 2992 606 3046 niens
629 2992 900 3046 veritatem
921 3033 936 3057 ,
973 3006 1073 3061 qua
1105 2991 1283 3046 audita
1306 3000 1360 3046 et
1380 3003 1626 3062 percepta
1672 2993 1856 3048 beatus
1900 2993 2018 3057 ﬁat,

451 3081 546 3135 sed
580 3079 809 3136 lassatus
853 3081 908 3135 in
941 3083 1086 3136 omni
1113 3081 1398 3151 cupiditate
1425 3092 1478 3138 et
1520 3093 1754 3153 egestate
1805 3084 2015 3148 somnii,

451 3171 595 3226 venit
621 3171 687 3224 ad
719 3180 788 3234 te,
827 3181 1071 3242 tanquam
1100 3172 1164 3227 ad
1193 3173 1537 3227 christianum
1559 3215 1574 3239 ,
1604 3185 1655 3228 et
1679 3175 1840 3229 dicit:
1883 3174 2021 3230 Red-

450 3262 519 3317 de
543 3261 671 3316 mihi
693 3261 950 3318 rationem
976 3304 992 3330 ,
1041 3261 1124 3318 {ac
1153 3277 1238 3318 me
1277 3261 1654 3318 Christianum.
1691 3263 1755 3318 Et
1791 3265 2018 3320 interro-

448 3361 539 3419 gat
565 3352 704 3421 quod
734 3351 870 3407 forte
895 3363 950 3408 tu
990 3367 1085 3423 per
1127 3351 1511 3422 simplicitatem
1557 3352 1674 3407 ﬁdei
1704 3354 1976 3409 nesciebas
2005 3373 2018 3409 :

450 3452 503 3494 et
530 3458 632 3494 non
663 3450 744 3495 est
775 3442 913 3496 unde
940 3441 1145 3497 reﬁcias
1173 3442 1490 3497 esurientem
1511 3485 1525 3510 ,
1556 3455 1610 3497 et
1639 3453 1689 3498 te
1721 3441 2020 3500 admonitus

448 3532 654 3586 invenis
683 3531 1032 3604 indigentem;
1056 3541 1240 3589 etcum
1264 3533 1340 3588 vis
1361 3533 1553 3589 docere
1571 3576 1586 3602 ,
1619 3537 1821 3606 cogeris
1848 3535 2018 3593 disce-

447 3637 507 3677 re
539 3641 551 3676 :
583 3630 638 3677 ct
675 3621 802 3677 dum
831 3623 1100 3680 erubescis
1127 3639 1257 3680 eum
1307 3625 1399 3696 qui
1443 3625 1826 3696 interrogavit,
1876 3629 2018 3698 quod

447 3712 719 3780 quaerebat
746 3729 850 3768 non
874 3714 925 3767 in
955 3722 1007 3770 te
1041 3713 1338 3782 inveniens,
1371 3717 1710 3786 compelleris
1739 3733 1978 3788 qumrere
1999 3762 2012 3785 ,

448 3811 506 3857 ut
531 3804 783 3858 merearis
808 3803 1061 3859 invenire.

518 3898 572 3950 3.
610 3897 814 3953 Amicus
833 3898 966 3954 alius
990 3901 1153 3954 media
1180 3911 1322 3957 nocte
1359 3904 1702 3976 interpellatus
1726 3915 1780 3960 ut
1811 3908 1894 3962 det
1919 3918 2018 3964 tres

446 4005 621 4058 panes.
658 3989 728 4044 Et
751 3989 844 4044 ubi
898 3993 1142 4062 quaeras?
1180 3992 1314 4060 Ubi,
1371 3995 1470 4050 nisi
1501 3996 1553 4051 in
1603 3996 1881 4054 dominicis
1925 3999 2016 4054 Li-

446 4076 600 4131 bris?
633 4079 896 4135 Fortassis
921 4081 1060 4152 quod
1088 4083 1175 4138 ille
1207 4084 1584 4156 interrogavit,
1610 4087 1662 4141 in
1690 4088 1825 4142 libro
1875 4091 2017 4160 posi-

447 4179 555 4223 tum
575 4180 676 4236 est,
705 4171 799 4225 sed
826 4172 1107 4228 obscurum
1134 4183 1234 4229 est.
1264 4175 1422 4232 Forte
1444 4177 1572 4231 dixit
1608 4177 1708 4232 hoc
1733 4180 2016 4249 Apostolus

445 4261 499 4314 in
525 4261 760 4330 Epistula
785 4277 898 4317 sua.
924 4263 1012 4318 Sic
1035 4264 1200 4328 dixit,
1229 4275 1288 4319 ut
1307 4267 1480 4336 legere
1501 4268 1691 4337 possis,
1720 4270 2014 4340 intelligere

449 4365 549 4405 non
576 4353 748 4422 possis
774 4369 790 4407 :
816 4355 1043 4410 transire
1072 4370 1174 4410 non
1203 4360 1543 4424 permitteris.
1571 4359 1734 4430 Urget
1763 4362 1902 4415 enim
1935 4363 2015 4416 in-

445 4450 777 4510 tcrrogntor;
821 4442 993 4511 ipsum
1045 4443 1298 4512 Paulum,
1349 4455 1440 4501 aut
1483 4447 1723 4510 Petrum.
1775 4461 1866 4505 aut
1914 4453 2012 4506 ali-

443 4544 600 4598 quem
626 4530 941 4602 .prOphetam
974 4533 1300 4603 interrogare.
1325 4550 1428 4589 non
1458 4536 1666 4593 sineris.
1717 4539 1833 4594 iam
1871 4544 2010 4597 enim

446 4619 728 4688 requiescit
752 4619 948 4677 familia
972 4621 1072 4678 ista
1121 4639 1241 4677 cum
1295 4623 1518 4679 Domino
1568 4639 1698 4694 suo,
1742 4638 1795 4683 et
1835 4633 2012 4686 szeculi

437 4709 603 4780 hujus
629 4711 920 4782 ignorantia
950 4713 1118 4769 valida
1143 4724 1243 4779 est,
1272 4714 1372 4769 hoc
1399 4725 1475 4772 est
1500 4756 1515 4783 ,
1557 4732 1660 4772 nox
1707 4720 1906 4788 media,
1958 4734 2013 4778 et

445 4813 594 4871 urget
618 4804 821 4859 amicus
840 4805 1096 4862 esuriens.
1130 4805 1243 4863 Tibi
1276 4807 1409 4863 forte
1456 4809 1746 4866 sufﬁciebat
1788 4813 2011 4883 simplex

443 4893 596 4960 ﬁdes,
627 4895 700 4950 illi
724 4911 828 4952 non
849 4896 1062 4952 sufﬁcit.
1092 4897 1352 4969 Numquid
1380 4900 1702 4958 deserendus
1727 4905 2012 4960 esttnum-

442 4986 566 5055 quid
597 4985 663 5041 de
685 4986 847 5044 domo
867 4989 1223 5058 projiciendus
1243 5001 1323 5046 est
1343 4992 1366 5045 ?

509 5076 740 5133 CAPUT
791 5078 881 5133 111.
920 5109 996 5124 -—
1041 5079 1184 5151 Ergo
1231 5081 1296 5136 ad
1347 5084 1515 5152 ipsum
1562 5084 1840 5142 Dominum
1873 5129 1888 5153 ,
1943 5089 2007 5145 ad

443 5166 617 5236 ipsum
669 5184 790 5224 cum
850 5184 956 5240 quo
1015 5170 1209 5226 familia
1271 5173 1599 5242 requiescit,
1651 5176 1797 5244 pulsa
1845 5193 2006 5233 orau-

442 5255 551 5324 do,
606 5265 770 5328 pete,
825 5259 982 5314 insta.
1047 5260 1160 5315 Non
1227 5264 1493 5330 quomodo
1549 5266 1750 5321 amicus
1815 5269 1902 5323 ille
1955 5271 2006 5326 in

443 5346 789 5402 similitudine
838 5349 1068 5418 positus,
1117 5350 1272 5405 taedio
1313 5353 1482 5407 victus
1522 5367 1698 5425 surget
1742 5368 1794 5413 et
1841 5359 2004 5416 dabit.

446 5434 582 5490 Dare
621 5437 734 5491 vult
782 5456 796 5490 :
846 5446 901 5492 tu
949 5438 1165 5507 pulsans
1203 5441 1433 5495 nondum
1468 5447 1714 5513 accepisti
1751 5463 1766 5511 ;
1818 5449 1962 5517 pulsa
1987 5494 2001 5518 ,

447 5524 576 5613 dare
618 5527 745 5582 vnit.
795 5528 862 5583 Et
901 5529 1038 5599 quod
1081 5530 1207 5586 dare
1246 5531 1388 5599 vult,
1429 5532 1640 5601 diﬁ‘ert,
1687 5547 1742 5593 ut
1782 5543 2006 5613 amplius

451 5612 718 5671 desideres
744 5619 978 5686 dilatum,
1003 5635 1071 5676 ne
1096 5621 1310 5678 vilescat
1327 5624 1431 5683 cito
1451 5625 1652 5682 datum.

1697 257 1751 312 s.
1795 244 2157 312 AUCUSTIM
2195 255 2490 310 Episcopi
3555 273 3638 333 ego

2219 363 2272 416 Δ.
2322 363 2446 416 Tres
2506 379 2660 431 partes
2695 364 2818 415 dati.
2879 361 3007 418 Cum
3065 375 3230 423 autem
3278 379 3544 440 perveneris
3587 385 3640 438 ad

2149 460 2256 505 tres
2287 465 2470 519 palles,
2499 451 2600 506 hoc
2628 463 2737 517 est,
2765 452 2830 507 ad
2857 454 3031 508 cibum
3061 467 3113 510 ct
3159 460 3514 531 intelligentiam
3542 470 3635 527 ’1⁵τὶ-

2146 543 2360 608 uitatis,
2409 543 2572 598 habes
2605 542 2820 598 ctunde
2846 545 2990 598 vivus
3013 585 3027 610 ,
3085 556 3137 600 et
3161 550 3291 605 unde
3334 567 3516 622 pascas.
3554 560 3640 618 Nec

2153 634 2494 703 peregrinum
2533 635 2828 689 venientem
2869 635 2936 690 de
2970 637 3051 690 via
3072 639 3378 708 reformides,
3415 648 3496 702 sed
3527 654 3639 706 erci-

2145 723 2338 792 piendo
2365 723 2534 778 civem
2585 723 2929 779 domesticum
2953 724 3113 780 iacias
3141 745 3154 781 :
3183 745 3274 783 nec
3310 733 3476 788 timeas
3497 752 3552 792 ne
3591 743 3640 795 ﬁ-

2143 814 2278 867 nias.
2321 813 2435 867 Non
2468 815 2618 883 panis
2643 814 2730 869 ille
2758 815 3000 880 ﬁnietur,
3043 817 3134 872 sed
3178 819 3490 891 indigentiam
3529 837 3640 884 tuam

2141 903 2310 958 ﬁniet.
2339 903 2496 958 Panis
2519 915 2635 972 est,
2687 918 2741 960 et
2788 908 2940 977 patris
2978 916 3078 974 est,
3121 921 3174 964 et
3215 915 3353 982 panis
3384 928 3498 972 est:
3535 923 3642 977 Deus

2141 992 2317 1058 Pater,
2351 995 2491 1050 Deus
2515 996 2702 1064 Filius,
2749 998 2888 1052 Deus
2923 998 3146 1068 Spiritus
3171 1013 3388 1059 sanctus.
3435 1007 3641 1066 Etenim

2136 1084 2318 1154 Pater,
2342 1095 2637 1142 ceteternus
2667 1089 2849 1152 Filius,
2893 1101 3184 1146 comteruus
3207 1093 3421 1162 Spiritus
3452 1111 3640 1156 sanctus.

2140 1172 2590 1232 lncommutabilis
2619 1179 2791 1246 Pater,
2826 1180 3263 1238 incommutabilis
3292 1185 3460 1253 Filius,
3479 1191 3642 1246 incon»

2137 1265 2408 1320 mutabilis
2434 1266 2660 1335 Spiritus
2697 1279 2930 1324 sanctus.
2963 1270 3182 1326 Crcatur
3205 1283 3256 1328 et
3295 1275 3466 1345 Pater,
3497 1291 3542 1334 et
3573 1282 3640 1335 Fi-

2137 1352 2262 1420 lius,
2292 1364 2346 1410 et
2369 1354 2594 1426 Spiritus
2622 1367 2856 1412 sanctus.
2885 1360 3070 1415 l‘astor
3099 1374 3152 1416 et
3174 1365 3289 1417 vitae
3309 1366 3467 1434 dator,
3488 1380 3534 1423 et
3568 1371 3642 1424 1’;ιο

2139 1452 2242 1512 ter,
2272 1453 2326 1499 et
2373 1443 2567 1513 Filius,
2600 1456 2655 1501 et
2699 1448 2928 1517 Spiritus
2967 1460 3198 1506 sanctus.
3246 1451 3393 1509 Cibus
3433 1467 3482 1511 et
3526 1464 3642 1528 pztnis

2137 1543 2386 1601 aeternus,
2404 1545 2458 1590 et
2478 1535 2657 1603 Pater,
2673 1547 2725 1592 et
2746 1537 2933 1606 Filius,
2953 1549 3007 1595 et
3033 1541 3260 1610 Spiritus
3281 1556 3492 1600 sanctus.
3507 1548 3641 1613 Dim,

2135 1631 2192 1678 et
2212 1622 2349 1678 doce
2373 1641 2387 1690 ;
2421 1625 2559 1692 vive,
2577 1636 2634 1680 et
2651 1641 2825 1696 pasce.
2845 1629 2982 1684 Deus
3005 1632 3100 1700 qui
3121 1633 3208 1686 tibi
3229 1633 3330 1698 dat,
3353 1635 3472 1689 nihil
3494 1639 3644 1693 melius

2134 1727 2292 1782 quam
2312 1727 2370 1767 se
2401 1713 2491 1768 tibi
2515 1715 2624 1770 dat.
2652 1719 2848 1786 Avare,
2867 1720 2992 1788 quid
3018 1721 3162 1774 aliud
3189 1725 3479 1791 quaerebas?
3500 1729 3585 1781 Aut
3609 1731 3642 1781 si

2134 1803 2272 1858 aliud
2303 1814 2470 1873 petas,
2499 1806 2627 1877 quid
2657 1808 2750 1862 tibi
2777 1809 3005 1876 sufﬁcit,
3033 1814 3122 1866 cui
3167 1813 3302 1869 Deus
3342 1832 3436 1869 non
3459 1817 3643 1872 suilirit?

2203 1893 2422 1951 CAPUT
2461 1899 2631 1953 lV.-—
2654 1900 2708 1955 ὅ.
2749 1898 2926 1968 Fides,
2975 1919 3094 1973 spes
3116 1944 3131 1968 ,
3158 1905 3373 1960 dictitas
3400 1948 3415 1974 ,
3457 1906 3537 1962 Dei
3572 1911 3643 1962 do-

2133 2001 2220 2038 na.
2267 1985 2372 2042 Sed
2419 2003 2552 2058 opus
2603 1994 2686 2046 est
2735 2002 2791 2046 ut
2843 1991 3045 2050 habeas
3093 1996 3430 2066 citaritatem,
3491 2000 3648 2054 habeas

2134 2077 2324 2145 ﬁdem,
2356 2079 2551 2135 habeas
2570 2096 2717 2151 spem
2759 2101 2773 2136 :
2803 2093 2860 2138 ut
2879 2083 3044 2154 possit
3074 2087 3166 2141 tibi
3209 2087 3358 2143 dulce
3400 2104 3506 2144 esse
3533 2092 3646 2159 quod

2131 2165 2309 2223 datur.
2351 2167 2422 2225 Et
2441 2169 2554 2225 bare
2581 2171 2692 2242 ipsa
2723 2173 2818 2226 tria
2840 2182 3001 2242 sunt,
3038 2175 3207 2243 ﬁdes,
3253 2193 3399 2248 spes,
3439 2180 3642 2234 claritas.

2137 2256 2203 2311 Et
2229 2256 2342 2314 haec
2361 2259 2475 2330 ipsa
2494 2260 2633 2316 dona
2663 2262 2758 2316 Dei
2786 2273 2929 2318 sunt.
2958 2265 3094 2320 Nam
3120 2268 3270 2322 ﬁdem
3309 2270 3374 2324 ab
3398 2269 3499 2338 ipso
3521 2284 3642 2322 acce-

2131 2348 2306 2416 pintus
2353 2365 2367 2402 :
2416 2350 2561 2404 Sicut
2603 2350 2773 2420 Deus,
2821 2354 3018 2424 inquit,
3066 2357 3328 2427 unicuique
3368 2362 3554 2429 partitus
3589 2369 3645 2411 est

2132 2452 2417 2492 mensuram
2446 2439 2564 2509 ﬁdei
2595 2440 2772 2511 (Rom.
2799 2459 2893 2511 xu,
2920 2446 2998 2516 ὅ).
3030 2447 3101 2501 Et
3119 2464 3264 2517 spem
3288 2449 3352 2503 ab
3385 2450 3487 2518 ipso
3525 2464 3644 2503 aene-

2137 2526 2332 2594 pimus,
2364 2530 2447 2581 cui
2475 2529 2668 2585 dicitur
2695 2549 2709 2585 :
2739 2531 2804 2585 In
2825 2550 2923 2602 quo
2949 2551 3092 2606 spem
3137 2537 3312 2592 dedisti
3356 2540 3466 2592 mihi
3506 2537 3642 2608 (Prol.

2130 2629 2320 2680 cxvnt,
2347 2617 2458 2689 49).
2485 2619 2552 2673 Et
2574 2618 2881 2678 cbaritatem
2905 2625 2972 2678 ab
2994 2626 3116 2694 ipso
3134 2630 3424 2698 accepimus
3444 2670 3458 2692 ,
3483 2630 3540 2684 de
3563 2644 3644 2698 quo

2127 2704 2320 2761 dicitur
2351 2726 2368 2763 ;
2389 2707 2620 2765 Charitas
2644 2709 2740 2766 Dei
2758 2711 2946 2780 dilusa
2971 2727 3046 2770 est
3073 2717 3127 2771 in
3145 2720 3370 2773 cordibus
3389 2720 3548 2774 nostris
3577 2735 3645 2788 per

2128 2795 2376 2866 Spiritum
2427 2812 2683 2869 sanctum,
2713 2804 2798 2874 qui
2823 2805 2971 2859 datus
3015 2821 3094 2862 est
3137 2812 3275 2864 nobis
3317 2809 3477 2882 (ﬁent.
3508 2826 3550 2876 ν,
3582 2813 3642 2881 5).

2129 2887 2236 2943 Sed
2259 2891 2374 2944 haec
2400 2893 2580 2946 itidem
2611 2895 2708 2948 tria
2732 2896 3117 2966 aliquantulum
3142 2912 3263 2957 sunt
3302 2904 3525 2969 diversa;
3572 2903 3644 2956 sed

2127 2981 2306 3034 omnia
2329 2981 2424 3037 Dei
2452 2983 2611 3038 dona.
2639 2984 2849 3041 Manent
2893 2989 3036 3044 enim
3069 2993 3166 3045 tria
3194 2996 3318 3059 hac,
3368 2993 3498 3062 ﬁdes,
3535 3009 3640 3055 tim.

2124 3069 2343 3125 Charitas
2363 3089 2384 3125 :
2413 3075 2575 3145 major
2624 3085 2788 3130 autem
2840 3081 3020 3132 horum
3078 3083 3294 3137 diurnas
3332 3084 3372 3155 (1
3408 3081 3512 3138 Cor.
3555 3098 3641 3144 sui,

2127 3161 2246 3231 l3).
2278 3160 2334 3214 lu
2363 3163 2468 3218 illis
2488 3167 2709 3234 panibus
2738 3180 2944 3223 nonest
2972 3171 3152 3227 dictus
3171 3174 3357 3243 aliquis
3383 3174 3516 3244 panis
3559 3188 3644 3225 tua-

2119 3251 2207 3320 jor
2229 3253 2345 3308 aliis
2373 3273 2385 3308 :
2417 3256 2510 3310 sed
2548 3259 2855 3328 simpliciter
2877 3263 3030 3330 petiti
3053 3304 3069 3329 ,
3111 3275 3164 3320 et
3205 3267 3309 3320 dati
3361 3275 3459 3322 tres
3496 3279 3640 3335 palles.

2194 3343 2246 3396 6.
2288 3341 2407 3396 Tria
2431 3346 2602 3399 eadem
2650 3365 2826 3403 rursus
2859 3351 3168 3422 signiﬁcata.
3235 3355 3404 3424 Panis,
3444 3357 3640 3408 etaritur.

2125 3429 2308 3495 Piscis,
2332 3433 2478 3500 ﬁdes.
2535 3436 2671 3491 Ecce
2696 3439 2799 3492 alia
2826 3441 2922 3494 tria
2956 3459 2968 3493 :
3003 3442 3133 3508 Quis
3165 3457 3232 3500 cst
3259 3457 3489 3513 vestrum,
3521 3462 3548 3497 ιι
3569 3462 3642 3513 quo

2122 3527 2240 3596 petit
2263 3527 2400 3596 [ilius
2418 3544 2537 3582 suus
2563 3546 2762 3599 partem,
2795 3537 3038 3606 numquid
3075 3538 3294 3609 lapidem
3334 3541 3530 3609 porriget
3574 3539 3643 3589 ei!

2122 3619 2221 3671 Aut
2260 3621 2369 3708 quis
2397 3631 2468 3674 est
2493 3634 2703 3677 vestrum
2723 3668 2736 3690 ,
2766 3645 2796 3678 ιι
2815 3645 2911 3697 quo
2933 3631 3058 3698 petit
3081 3635 3270 3703 piscem
3286 3675 3298 3697 ,
3321 3632 3540 3702 numquid
3554 3643 3638 3684 ser-

2124 3721 2319 3779 pentent
2345 3715 2571 3784 porriget
2599 3717 2688 3769 ei?
2715 3719 2814 3770 Aut
2847 3736 2878 3771 a
2923 3735 3025 3792 quo
3078 3725 3204 3792 petit
3230 3740 3405 3788 buunt,
3447 3722 3644 3790 numquid

2121 3802 2342 3873 porriget
2377 3805 2422 3858 ei
2469 3807 2778 3875 scorpionem
2799 3810 2824 3861 Ζ)
2863 3810 2918 3864 Si
2937 3827 3058 3882 ergo
3102 3830 3188 3867 eos
3208 3856 3223 3880 ,
3257 3831 3366 3868 cunt
3387 3815 3484 3868 sitis
3519 3814 3640 3875 mali.

2124 3893 2280 3946 nostis
2321 3893 2452 3948 bona
2478 3897 2598 3949 data
2627 3898 2749 3952 dare
2765 3901 2890 3968 ﬁliis
2917 3905 3131 3969 uestris;
3165 3916 3350 3975 quanto
3378 3906 3523 3976 inagis
3564 3902 3646 3956 1's-

2121 3997 2194 4040 ter
2218 3997 2376 4042 uester
2401 3990 2486 4060 qui
2537 3991 2589 4044 in
2613 3993 2749 4046 cretis
2789 4005 2880 4060 est,
2928 3995 3070 4050 dabit
3107 3997 3240 4051 bona
3282 3998 3534 4067 petentibus
3566 3995 3642 4047 se?

2120 4077 2244 4134 Tria
2270 4095 2397 4150 ergo
2423 4096 2606 4138 rursus
2647 4085 2743 4137 ista
2772 4086 3196 4157 consideremus,
3228 4105 3295 4145 ne
3321 4084 3461 4144 torte
3481 4088 3540 4141 ibi
3561 4087 3642 4138 sint

2118 4168 2207 4222 ilia
2232 4169 2366 4236 tria,
2395 4171 2545 4235 ﬁdes,
2589 4188 2731 4242 spes,
2758 4173 2987 4230 Charitas
3010 4193 3031 4230 :
3057 4179 3232 4248 major
3265 4190 3435 4234 autem
3483 4179 3637 4230 borum

2119 4259 2370 4315 charitas.
2401 4262 2545 4316 l’one
2580 4278 2707 4333 ergo
2737 4264 2833 4319 tria
2853 4305 2870 4333 ,
2913 4280 3147 4336 panem,
3195 4269 3427 4340 piscem,
3471 4281 3637 4322 ovain:

2123 4349 2292 4419 major
2317 4353 2506 4406 horum
2529 4354 2698 4422 panis.
2729 4353 2852 4410 Ideo
2872 4355 3006 4412 bene
3035 4374 3227 4427 panem
3254 4360 3565 4429 intelligimus
3601 4356 3641 4406 in

2118 4443 2200 4497 his
2228 4443 2394 4499 tribus
2421 4445 2752 4501 charitatcm.
2782 4447 3064 4517 PrOptcrea
3096 4454 3216 4521 puni
3260 4453 3473 4522 lapidem
3503 4463 3638 4518 oppu-

2116 4535 2254 4603 suit,
2287 4537 2407 4605 quia
2436 4536 2630 4590 duritia
2667 4541 2930 4594 contraria
2958 4553 3041 4596 est
3063 4543 3328 4598 citat-itali.
3370 4544 3553 4598 Pisceui
3590 4541 3639 4588 ii-

2116 4626 2234 4680 detn
2257 4627 2610 4698 intelligimus.
2646 4630 2784 4684 Dixit
2808 4632 3021 4700 quidam
3046 4646 3283 4702 sanctus,
3311 4646 3362 4690 et
3390 4651 3479 4689 nos
3494 4633 3638 4686 dicere

2115 4715 2375 4771 delectat:
2399 4717 2565 4772 Piscis
2595 4720 2784 4788 bonus,
2814 4721 2893 4790 pia
2922 4731 3004 4776 est
3051 4722 3206 4778 ﬁdes.
3241 4724 3378 4780 Vivit
3423 4725 3544 4777 inter
3562 4719 3639 4772 ﬁu-

2113 4817 2252 4874 ctus,
2279 4823 2378 4862 nec
2395 4809 2651 4880 Imitgitur
2675 4821 2765 4866 aut
2806 4812 3027 4867 solvitur
3051 4813 3319 4871 ﬂuctibus.
3359 4815 3490 4870 Vivit
3531 4813 3639 4866 inter

2115 4899 2432 4954 tentationes
2461 4909 2904 4974 tempestatesque
2932 4903 3088 4975 hujus
3123 4909 3341 4973 surculi,
3374 4908 3452 4976 pia
3496 4904 3636 4958 ﬁdes:

2113 4990 2261 5043 saevit
2304 4989 2564 5058 mundus,
2613 5000 2668 5046 et
2710 4991 2910 5063 integra
2947 5005 3044 5050 est.
3088 4994 3316 5052 Tantum
3359 4993 3636 5052 contrarium

2113 5079 2234 5133 ﬁdei
2260 5091 2560 5150 serpentem
2583 5080 2730 5136 illum
2759 5085 3002 5140 observa.
3031 5085 3086 5140 lu
3113 5087 3218 5142 ﬁde
3241 5090 3379 5144 enim
3397 5089 3639 5157 despons-

2115 5181 2163 5226 ta
2191 5184 2272 5227 est
2302 5174 2387 5228 illa
2407 5215 2422 5239 ,
2451 5175 2534 5228 cui
2563 5174 2756 5231 dicitur
2784 5177 2836 5231 in
2868 5180 3096 5234 Canticis
3135 5183 3452 5237 canticorum
3477 5198 3491 5232 :
3541 5176 3636 5232 Veni

2112 5263 2174 5316 de
2206 5261 2417 5326 Libano,
2439 5281 2622 5334 sponsa
2647 5283 2776 5334 mea,
2818 5271 3012 5323 veniens
3044 5281 3091 5323 et
3118 5274 3449 5341 pertransiens
3473 5272 3528 5322 ab
3554 5268 3635 5320 iui-

2112 5353 2179 5405 tio
2203 5353 2319 5420 ﬁdei
2347 5354 2513 5424 (Cant.
2541 5370 2594 5409 tv
2614 5357 2722 5426 ,8).
2755 5355 2875 5414 Ideo
2903 5367 2956 5414 et
2994 5360 3334 5429 desponsata,
3378 5359 3488 5428 quia
3532 5355 3635 5408 des-

2112 5450 2435 5518 ponsationis
2480 5450 2686 5504 initium
2719 5451 2848 5506 ﬁch
2899 5462 3000 5507 est.
3038 5453 3367 5509 Proutittitur
3407 5453 3535 5506 enim
3582 5448 3639 5500 ab

2111 5555 2307 5609 sponso
2336 5540 2530 5610 aliquid
2552 5583 2566 5608 ,
2595 5547 2651 5595 et
2677 5543 2933 5612 promissa
2966 5545 3063 5599 ﬁde
3106 5543 3386 5600 detinetur.
3413 5539 3638 5612 Opposuit

2111 5639 2284 5684 autem
2313 5630 2563 5688 Dominus
2589 5647 2886 5706 serpentem
2908 5637 3054 5705 pisci.
3078 5637 3346 5692 diabolum
3372 5635 3505 5690 ﬁdei.
3532 5630 3638 5685 Pro-
