3852 6182
233 257 319 314 Gil
1679 249 1912 308 SERMO
1947 249 2050 306 CV.

238 383 406 441 pterea
441 369 780 440 desponsata:
823 368 943 422 huic
977 367 1103 421 dicit
1145 365 1466 436 Apostolus,
1499 363 1808 434 Desponsavi

237 481 312 518 eos
335 463 422 516 uni
455 463 566 516 viro
597 501 614 526 ,
659 461 902 531 virginem
944 469 1135 512 castam
1161 457 1391 517 e-thibere
1423 456 1620 510 Christo
1654 471 1672 507 :
1724 465 1804 516 et.

238 553 396 608 Timeo
439 553 646 607 nesicut
675 567 880 620 serpens
909 548 1070 604 anm
1105 548 1307 602 seduxit
1353 547 1538 601 astutia
1581 562 1696 608 sua,
1740 545 1811 597 sic

239 658 276 700 et
299 645 445 699 vestri
489 660 668 699 sensus
719 650 1110 711 corrumpantur
1141 656 1174 694 a
1223 639 1452 693 castitate
1493 654 1606 710 qua
1648 647 1721 692 est
1759 638 1810 690 in

240 739 422 792 Christo
473 736 689 806 (llCor.
719 751 808 802 χι,
851 736 908 802 '2,
940 732 1117 806 3);id
1168 741 1269 796 est,
1303 746 1423 802 qua:
1469 740 1554 786 est
1605 730 1658 784 in
1709 728 1813 782 fide

237 832 442 887 Christi.
479 830 725 883 Habitare
749 828 893 883 enim
915 868 930 892 ,
959 827 1158 896 inquit,
1189 823 1441 880 Christum
1470 839 1558 892 per
1583 822 1735 891 ﬁdem
1759 823 1812 874 in

239 923 462 976 cordibus
492 921 670 974 vestris
701 918 721 993 (
750 917 944 989 Ephes.
973 933 1028 972 ιιι
1049 959 1064 983 ,
1096 917 1209 987 17).
1244 915 1493 970 Diabolus
1538 929 1666 986 ergo
1704 931 1810 969 nun

236 1021 536 1083 corrumpat
557 1011 714 1065 fidem
735 1051 751 1076 ,
785 1025 890 1065 non
915 1008 1136 1065 devoret
1163 1007 1382 1078 piscem.

295 1103 524 1160 CAPUT
592 1101 656 1156 ν.
704 1130 778 1141 —-
824 1101 879 1155 7.
938 1099 1142 1164 Ovum,
1195 1113 1330 1168 spes.
1402 1096 1592 1152 Restat
1662 1110 1807 1168 spes,

233 1211 363 1266 qum,
392 1199 656 1263 quantum
695 1189 823 1245 mihi
844 1189 1071 1255 videtur,
1114 1203 1217 1242 ovo
1269 1195 1625 1256 comparatur.
1677 1187 1812 1256 Spes

232 1286 368 1341 enim
393 1283 631 1339 nondum
660 1282 900 1353 pervenit
928 1283 993 1336 ad
1021 1296 1134 1336 rem
1169 1297 1182 1332 :
1209 1287 1265 1334 et
1293 1294 1450 1334 ovum
1479 1289 1560 1334 est
1586 1277 1808 1348 aliquid,

230 1376 324 1431 sed
350 1374 580 1430 nondum
612 1385 695 1428 est
718 1373 912 1444 pullus.
933 1370 1318 1442 Quadrupcdes
1365 1383 1495 1440 ergo
1540 1369 1678 1424 filios
1721 1382 1813 1439 pa-

228 1465 553 1530 riunt,-aves
575 1473 753 1517 autem
779 1477 932 1532 spem
973 1461 1229 1516 ﬁliorum.
1269 1460 1404 1529 Spes
1432 1474 1562 1530 ergo
1600 1459 1668 1514 ad
1711 1459 1812 1514 hoc

227 1571 322 1611 nos
381 1556 657 1619 hortatur,
710 1562 769 1607 ut
811 1552 1092 1624 praisentia
1147 1561 1552 1607 contemnamus
1579 1591 1595 1617 ,
1636 1551 1816 1606 futura

221 1658 628 1718 expectemus;
655 1660 719 1700 ea
747 1662 865 1716 qua:
910 1654 1055 1700 retro
1081 1652 1204 1699 sunt
1245 1644 1640 1709 obliviscentes,
1687 1657 1808 1698 cum

221 1738 484 1808 Apostolo
534 1738 587 1792 in
614 1736 880 1791 anteriora
924 1735 1294 1790 extemlamur.
1323 1735 1413 1790 Sic
1465 1733 1606 1789 enim
1631 1733 1807 1788 dicit:

225 1829 396 1886 Unum
439 1840 644 1894 autem,
693 1842 806 1901 quae
825 1839 958 1881 retro
1001 1827 1203 1890 oblitus,
1227 1826 1280 1879 in
1305 1841 1364 1880 ea
1386 1841 1500 1896 qua:
1540 1835 1658 1879 ante
1696 1835 1810 1878 sunt

222 1932 471 1987 extentus,
502 1919 778 1973 secundum
822 1917 1144 1981 intentionem
1181 1932 1360 1987 sequor
1377 1917 1445 1968 ad
1465 1915 1688 1986 palmam
1717 1932 1810 1970 su-

225 2027 390 2080 perna:
409 2009 687 2064 uocationis
735 2007 828 2060 Dei
847 2007 899 2060 in
927 2003 1126 2060 Christo
1155 2004 1279 2058 Jesu
1308 2002 1565 2076 (Philipp.
1593 2020 1672 2071 ιιι,
1719 2005 1806 2072 15,

230 2102 335 2172 ιι).
365 2100 506 2155 Nihil
545 2113 676 2169 ergo
715 2107 820 2152 tam
851 2096 1122 2151 inimicum
1151 2104 1234 2150 est
1267 2095 1413 2165 spei,
1456 2109 1614 2165 quam
1666 2105 1811 2150 retro
1839 2105 1846 2110 ‘

232 2193 513 2262 respicere,
572 2189 624 2244 id
653 2198 736 2243 est
754 2229 768 2252 ,
799 2187 850 2241 in
880 2187 958 2242 eis
983 2185 1163 2252 rebus,
1196 2201 1313 2256 qua:
1367 2184 1812 2254 prmterlahuntur

238 2295 289 2339 et
308 2292 601 2348 transeunt,
624 2296 773 2350 spem
815 2294 1013 2350 ponere
1043 2296 1055 2330 :
1087 2277 1180 2332 sed
1208 2278 1260 2332 in
1290 2276 1374 2332 his
1400 2293 1519 2346 qua:
1572 2278 1807 2332 nondum

239 2376 365 2430 data:
399 2383 553 2433 sunt.
587 2372 682 2427 sed
729 2372 917 2426 danda:
957 2369 1275 2440 quandoque
1325 2383 1595 2440 nunquam
1637 2379 1808 2423 trans-

245 2468 398 2520 ibunt.
423 2464 646 2532 Quando
688 2473 865 2517 autem
913 2469 1082 2517 scatet
1128 2459 1507 2515 teutationibus
1560 2459 1806 2525 mundus,

245 2560 377 2614 velut
395 2557 566 2628 pluvia
587 2554 838 2612 Sodoma:
862 2553 1116 2614 sulfurea.
1151 2551 1494 2606 metuendum
1521 2561 1604 2606 est
1628 2566 1812 2606 exent-

249 2652 378 2720 plum
413 2651 594 2704 ux.:ris
624 2647 782 2703 Loth.
812 2645 975 2700 Retro
1011 2645 1155 2699 enim
1185 2643 1449 2715 respexit;
1482 2653 1534 2697 et
1580 2642 1667 2696 ubi
1695 2657 1808 2697 res-

252 2743 414 2811 pexit,
439 2742 508 2796 ibi
535 2738 814 2796 remansit.
848 2736 902 2790 ln
932 2735 1098 2790 salem
1129 2749 1387 2789 conversa
1408 2740 1492 2788 est
1515 2731 1664 2803 (Gen.
1693 2749 1807 2800 xix,

249 2835 366 2904 26),
393 2844 445 2888 ut
473 2832 761 2904 prudentes
784 2828 1027 2884 condiret
1053 2827 1315 2895 exemplo.
1342 2826 1628 2895 Apostolus
1674 2825 1811 2879 Pau-

251 2922 396 2979 lusde
418 2924 511 2978 hac
526 2938 623 2994 spe
643 2923 714 2976 ita
743 2921 973 2990 loquitur
997 2936 1010 2970 :
1039 2917 1146 2986 Spe
1171 2917 1304 2970 enim
1327 2916 1454 2970 salui
1471 2915 1596 2986 facti
1611 2932 1808 2970 smnus.

255 3017 371 3087 Spes
393 3027 556 3070 autem
573 3031 687 3085 qua:
714 3013 928 3076 videtur,
961 3026 1060 3064 non
1082 3018 1153 3063 est
1174 3023 1286 3079 spes
1307 3023 1324 3060 :
1349 3007 1487 3078 quod
1525 3007 1658 3060 enim
1682 3006 1813 3060 videt

255 3107 370 3174 quis,
391 3106 504 3170 quid
531 3104 740 3175 sperat?
764 3102 824 3155 Si
871 3112 1037 3154 autem
1064 3097 1199 3170 quod
1226 3114 1327 3151 non
1376 3096 1598 3150 uidemus
1641 3113 1813 3166 spera-

261 3213 377 3261 ntus,
403 3212 482 3266 per
511 3195 803 3265 patientnun
840 3199 1185 3259 exspectamus
1236 3185 1417 3257 (Rom.
1447 3202 1557 3252 vnt,
1586 3186 1674 3254 24,
1694 3186 1808 3258 25).

265 3288 392 3351 Quod
433 3288 560 3341 enim
603 3285 736 3338 videt
777 3283 909 3352 quis,
945 3280 1068 3348 quid
1108 3277 1323 3348 sperat?
1358 3291 1516 3332 ovum
1565 3285 1667 3331 est.
1718 3276 1817 3330 Est

265 3395 434 3446 orum,
474 3388 525 3434 et
575 3376 752 3448 pullus
798 3373 1032 3428 nondum
1062 3378 1163 3426 est.
1214 3369 1278 3424 Et
1305 3368 1570 3423 testudine
1619 3375 1814 3422 tectum

262 3479 334 3524 est
363 3489 374 3522 :
411 3487 507 3523 non
533 3467 760 3532 videtur,
785 3465 907 3535 quia
933 3462 1209 3531 operitur:
1238 3474 1359 3513 cum
1407 3457 1654 3527 patientia
1716 3471 1813 3511 ex—

263 3558 837 3630 specteturﬂervesett,
894 3562 952 3608 ut
969 3553 1207 3608 viviscat.
1253 3549 1492 3614 Intende,
1524 3547 1816 3604 extendere

267 3652 311 3705 iu
349 3653 618 3719 anteriora,
647 3649 964 3704 obliviscere
991 3644 1276 3715 prmterita.
1307 3642 1435 3710 Quae
1465 3641 1610 3696 enim
1633 3639 1817 3694 viden-

268 3755 359 3810 tur,
387 3743 684 3817 temporalia
710 3751 854 3796 sunt.
903 3737 1022 3792 Non
1063 3736 1402 3805 respicientes,
1457 3731 1666 3802 inquit,
1706 3747 1819 3800 qua:

265 3840 484 3905 ridentur,
528 3838 616 3891 sed
642 3849 753 3906 qua:
781 3849 879 3885 non
922 3830 1173 3884 videntur.
1219 3827 1344 3891 Quae
1386 3826 1519 3878 enim
1565 3823 1811 3899 uidentur,

266 3929 534 3998 temporalia
561 3938 679 3982 sunt
706 3943 721 3992 ;
748 3939 860 3992 qua:
880 3933 1044 3975 autent
1087 3935 1189 3973 non
1221 3918 1474 3981 videntur,
1522 3914 1748 3986 attcrna(
1775 3914 1817 3968 ll

263 4019 367 4073 Cor.
413 4036 482 4083 tv.
511 4003 631 4092 18).
661 4019 716 4070 In
770 4015 858 4068 illa
889 4027 1017 4082 ergo
1045 4027 1164 4080 quin
1192 4024 1296 4062 non
1339 4007 1602 4072 videntur,
1629 4013 1816 4060 cxten-

265 4113 322 4166 de
368 4128 503 4183 spem
539 4131 552 4166 :
583 4121 864 4179 exspecta,
919 4107 1144 4159 sustine.
1189 4100 1307 4155 Noli
1349 4108 1492 4154 retro
1529 4099 1816 4167 respicere.

264 4204 362 4257 Uvo
388 4215 468 4258 tuo
491 4201 758 4271 scorpium
781 4200 928 4254 time.
958 4195 1092 4249 Vide
1119 4193 1240 4263 quia
1266 4193 1334 4246 de
1372 4189 1538 4245 cauda
1566 4189 1816 4259 percutit,

262 4310 399 4363 quam
426 4309 565 4350 retro
597 4293 769 4347 habet.
795 4291 909 4344 Non
943 4302 1070 4357 ergo
1107 4284 1347 4354 scorpius
1390 4281 1616 4351 perimat
1659 4295 1818 4334 ovum

265 4395 392 4440 tuum
411 4425 425 4450 ,
462 4385 688 4440 mundus
711 4384 811 4438 iste
831 4395 979 4450 spem
1011 4385 1154 4433 tuam
1177 4416 1193 4442 ,
1225 4383 1282 4428 ut
1310 4374 1382 4427 ita
1399 4371 1572 4427 dicam
1594 4412 1610 4438 ,
1651 4385 1816 4425 vene-

262 4495 322 4532 no
361 4495 422 4534 eo
442 4476 712 4534 contrario
736 4515 750 4540 ,
780 4489 886 4543 quo
912 4469 1156 4526 retrario.
1187 4466 1391 4534 Quanta
1445 4463 1536 4518 tibi
1588 4462 1820 4532 loquitur

261 4573 822 4641 mundus,quantapost
854 4561 1293 4629 dorsumstrepit,
1323 4555 1816 4625 utretrorespicias:

261 4663 433 4730 idest,
480 4673 538 4719 ut
576 4664 630 4717 in
672 4659 834 4714 rebus
882 4651 1236 4724 praesentibus
1281 4650 1403 4722 (nec
1437 4645 1815 4718 prmsentibus;

255 4773 351 4813 non
379 4757 516 4812 enim
546 4750 772 4810 dicenda
823 4756 948 4804 sunt
985 4742 1265 4815 praesentia
1291 4753 1560 4808 nunquam
1589 4736 1818 4806 stantia)

246 4867 391 4922 spem
419 4859 559 4902 tuan:
588 4857 757 4917 ponas
785 4858 800 4905 ;
824 4851 878 4897 et
905 4840 973 4893 ab
991 4852 1057 4892 eo
1083 4834 1222 4907 quod
1242 4831 1484 4904 promisit
1497 4829 1742 4886 Christus
1767 4837 1820 4884 et

245 4920 474 4999 nondum
496 4937 663 5001 dedit,
695 4934 788 4989 sed
813 4931 936 5003 quia
959 4927 1130 4983 lidelis
1158 4934 1239 4980 cst
1267 4923 1432 4990 dabit,
1460 4930 1670 4976 avertas
1705 4920 1818 4974 ani-

238 5049 385 5091 mum
430 5041 599 5094 tuum,
638 5035 692 5081 et
719 5023 852 5080 velis
879 5019 1215 5090 requiescere
1241 5016 1292 5068 in
1322 5013 1520 5068 mundo
1540 5021 1815 5082 pereunte.

307 5119 536 5179 CAPUT
574 5118 663 5174 Vl.
702 5143 772 5154 --
809 5113 863 5168 8.
903 5109 1083 5166 Clades
1129 5115 1174 5160 et
1228 5105 1524 5159 vastationes
1571 5100 1819 5172 quomodo

233 5214 537 5273 Christianis
581 5209 748 5263 utiles.
803 5205 926 5259 Ideo
961 5199 1105 5256 enim
1151 5197 1290 5251 Deus
1333 5193 1670 5249 felicitatibus
1714 5199 1819 5244 ter-

232 5309 386 5367 renis
411 5302 790 5360 amaritudines
816 5296 1038 5359 miscet,
1067 5300 1125 5347 ut
1152 5291 1252 5345 alia
1282 5295 1549 5357 qua‘ratur
1572 5284 1814 5348 felicitas,

231 5401 394 5470 cujus
424 5396 651 5452 dulcedo
681 5409 785 5448 non
810 5397 894 5446 est
934 5387 1092 5442 fallax
1136 5401 1149 5437 :
1186 5381 1326 5438 etde
1355 5379 1482 5451 ipsis
1509 5375 1818 5470 amaritudi-

234 5468 401 5548 nibus
437 5496 664 5545 conatur
704 5483 935 5540 mundus
961 5486 1203 5534 avertere
1230 5475 1296 5528 ab
1321 5490 1386 5528 eo
1405 5469 1548 5542 quod
1589 5468 1819 5523 intendis

236 5587 295 5639 in
325 5580 617 5644 anteriora,
649 5585 703 5633 et
726 5585 871 5631 retro
892 5579 1225 5629 convertere.
1261 5567 1335 5621 De
1353 5564 1482 5636 ipsis
1506 5560 1819 5617 amaritudi-

231 5675 399 5735 nibus
424 5715 440 5741 ,
483 5672 550 5727 de
577 5671 709 5741 ipsis
738 5663 1160 5723 tribulationibus
1191 5670 1490 5716 murmuras
1515 5695 1530 5723 ,
1561 5663 1615 5709 et
1640 5653 1772 5708 dicis
1801 5669 1815 5706 :

3397 272 3504 328 62?.

1920 361 2058 416 Ecce
2113 372 2336 432 pereunt
2382 366 2558 420 omnia
2608 367 2914 425 christianis
2970 375 3314 444 temporibus.
3361 382 3502 451 Quid

1919 455 2151 523 strepis?
2178 454 2292 510 Non
2325 455 2424 511 hoc
2448 459 2689 526 promisit
2717 462 2846 516 mihi
2885 463 3028 519 Deus
3055 507 3072 534 ,
3100 469 3243 538 quod
3269 471 3367 528 ista
3394 491 3500 531 nou

1922 544 2170 612 peribunt
2201 561 2215 597 :
2255 559 2359 598 non
2409 545 2510 601 hoc
2549 549 2676 604 mihi
2703 553 2947 618 promisit
2985 555 3248 614 Christus.
3275 561 3501 621 Amerina

1921 636 2160 704 promisit
2183 646 2447 694 mternus:
2477 641 2522 696 si
2553 642 2847 709 credidero,
2861 661 2925 700 ex
2955 651 3164 706 mortali
3191 652 3313 710 liam
3340 669 3500 714 teter-

1920 741 2040 818 nus.
2063 727 2198 796 Quid
2224 729 2442 799 strepis,
2472 745 2505 786 ο
2533 733 2730 790 munde
2758 735 3076 794 immundo?
3103 742 3229 814 quid
3260 749 3456 818 strepis
3474 748 3499 800 ?

1918 817 2055 886 Quid
2075 829 2315 876 avertere
2340 822 2588 878 conaris?
2614 823 2820 883 Tenere
2863 829 2942 882 vis
2984 833 3195 900 periens
3221 853 3237 890 :
3271 817 3400 908 quid
3430 841 3499 895 fa-

1917 922 2069 964 ceres
2091 950 2107 976 ,
2158 910 2204 966 si
2242 912 2524 967 maneres?
2547 913 2714 983 Quem
2749 933 2853 972 non
2892 919 3171 990 decipercs
3210 925 3378 984 dulcis
3401 972 3416 998 ,
3457 933 3502 984 si

1917 1013 2131 1054 amarus
2159 1001 2412 1057 alimenta
2452 1004 2468 1035 ⁸
2489 1006 2766 1061 mentiris?
2811 1009 2923 1079 Ego
2950 1011 2994 1064 si
3031 1011 3200 1070 habeo
3233 1033 3383 1088 spem
3409 1064 3424 1087 ,
3456 1025 3506 1080 si

1920 1099 2078 1146 teneo
2119 1106 2268 1184 spem
2292 1133 2308 1156 ,
2341 1109 2500 1150 ovum
2529 1111 2706 1152 meum
2735 1115 2840 1154 non
2865 1113 2948 1156 est
2973 1104 3041 1160 ab
3068 1110 3349 1179 scorpione
3377 1130 3500 1184 per-

1916 1195 2152 1237 cussum.
2195 1183 2498 1240 Benedieam
2533 1187 2804 1244 Dominum
2833 1195 2885 1247 in
2912 1197 3048 1250 omni
3074 1205 3335 1270 tempore;
3364 1183 3501 1261 sem-

1919 1288 2009 1341 per
2029 1272 2140 1327 laus
2171 1275 2280 1343 ejus
2297 1275 2350 1328 in
2377 1291 2463 1330 ore
2487 1293 2597 1332 meo
2615 1278 2783 1348 (Psal.
2805 1286 3080 1357 xxxm,2).
3097 1287 3243 1346 Felix
3261 1292 3330 1348 sit
3348 1311 3500 1350 mun—

1918 1363 2040 1430 dus,
2065 1375 2337 1455 evertatur
2355 1369 2583 1424 mundus
2603 1387 2616 1424 :
2639 1371 2941 1429 Benedicam
2959 1376 3258 1448 Dominum,
3275 1385 3362 1455 qui
3381 1385 3503 1443 fecit

1919 1454 2199 1511 mundum.
2224 1455 2522 1513 Benedicam
2541 1476 2782 1531 prorsus.
2804 1465 3106 1525 Secundum
3128 1454 3344 1529 carnem
3362 1475 3502 1533 bene

1917 1544 2007 1610 sit,
2025 1547 2317 1602 secundum
2334 1563 2549 1605 carnem
2570 1553 2708 1608 male
2723 1555 2792 1610 sit
2809 1573 2822 1609 :
2841 1555 3144 1615 Benedicam
3161 1561 3433 1620 Dominum
3450 1569 3502 1622 in

1917 1637 2056 1690 otnni
2067 1645 2312 1707 tempore;
2324 1656 2520 1712 semper
2531 1643 2642 1697 laus
2654 1647 2766 1712 ejus
2778 1647 2831 1701 in
2841 1664 2928 1702 ore
2936 1665 3064 1704 meo.
3079 1650 3209 1708 Nam
3226 1656 3269 1709 si
3287 1655 3504 1714 benedi-

1917 1739 1983 1780 co
2001 1727 2216 1797 quando
2229 1729 2363 1786 bene
2376 1741 2477 1796 est,
2495 1742 2549 1788 et
2569 1733 2878 1805 blaspheme
2893 1739 3106 1808 quando
3126 1743 3264 1800 male
3289 1755 3398 1812 est;
3423 1764 3504 1804 su-

1916 1819 2061 1888 scepi
2100 1821 2395 1891 scorpionis
2419 1825 2680 1892 aculeum,
2709 1841 3056 1898 compunctus
3085 1841 3228 1890 retro
3254 1843 3459 1908 respexi
3484 1862 3497 1902 ;

1917 1908 2057 1978 quod
2080 1909 2216 1966 absit
2241 1927 2270 1966 ιι
2296 1913 2467 1969 nobis.
2496 1913 2746 1972 Dominus
2783 1919 2918 1973 dedit
2933 1961 2954 1985 ,Α
2983 1921 3230 1980 Dominus
3258 1927 3502 1996 abstulit;

1914 2000 2043 2055 sicut
2069 1997 2287 2059 Domino
2307 2006 2530 2074 placuit,
2559 2008 2633 2061 ita
2657 2013 2848 2078 factum
2865 2021 2940 2065 est
2962 2028 2981 2067 .'
3001 2014 3067 2066 sit
3093 2030 3272 2071 nomen
3296 2017 3504 2076 Domini

1917 2089 2230 2146 benedictum
2259 2094 2412 2167 (Job.
2443 2112 2490 2160 ι,
2517 2097 2633 2168 21).

1986 2179 2216 2236 CAPUT
2248 2181 2428 2236 Vll.—
2450 2182 2502 2236 9.
2523 2185 2991 2258 Civitasetregnum
3015 2191 3066 2245 in
3093 2193 3232 2248 caelis
3259 2207 3501 2252 internum

1917 2288 2000 2328 eos
2019 2285 2244 2330 manent.
2282 2275 2457 2332 Manet
2485 2278 2670 2334 civitas
2697 2296 2813 2350 qua:
2846 2297 2942 2338 nos
2980 2287 3269 2344 carnaliter
3295 2293 3498 2360 genuit.

1920 2363 2031 2418 Deo
2057 2365 2274 2434 gratias.
2299 2365 2508 2422 Utinam
2535 2380 2587 2422 et
2617 2369 2964 2438 spiritualiter
2993 2387 3297 2446 generetur,
3328 2390 3380 2434 et
3407 2397 3502 2436 no-

1917 2453 2120 2513 biseum
2151 2464 2387 2514 transeat
2428 2459 2492 2514 ad
2523 2462 2895 2518 mternitatem.
2923 2465 2976 2520 Si
3011 2482 3113 2522 non
3160 2480 3341 2527 manet
3367 2474 3502 2528 civi-

1923 2556 2002 2603 tas
2031 2565 2149 2618 qure
2177 2565 2276 2604 nos
2304 2553 2589 2607 carnaliter
2614 2555 2795 2624 genuit
2814 2598 2827 2622 ,
2858 2568 3036 2613 manet
3063 2575 3181 2630 quae
3219 2577 3316 2618 nos
3341 2565 3500 2636 spiri-

1927 2640 2138 2695 tualiter
2165 2642 2366 2710 genuit.
2397 2641 2688 2712 ﬁdiﬁcans
2712 2643 2996 2702 Jerusalem
3043 2648 3288 2707 Dominus
3316 2652 3499 2724 (,Psal.

1923 2746 2122 2795 chvt,
2167 2730 2264 2803 2).
2316 2731 2580 2802 Numquid
2631 2734 2968 2791 dormitando
3011 2738 3293 2797 aedilicium
3347 2759 3501 2800 suum

1920 2823 2182 2892 perdidit,
2223 2833 2317 2879 aut
2361 2841 2464 2879 non
2509 2826 2858 2883 custodiendo
2887 2827 3069 2885 hostes
3095 2832 3354 2888 admisit?
3385 2835 3505 2890 Nisi

1918 2915 2167 2971 Dominus
2186 2919 2473 2972 custodierit
2507 2920 2753 2973 civitatem
2775 2961 2790 2987 ,
2819 2922 2870 2975 in
2905 2938 3088 2976 vanum
3116 2924 3288 2995 vigilat
3307 2928 3391 2992 qui
3416 2946 3504 2980 ru-

1917 3009 2072 3064 stodit
2095 3026 2206 3065 eam
2236 3009 2411 3080 (Psal.
2440 3026 2607 3066 cxxvt
2627 3055 2642 3078 ,
2667 3011 2740 3083 l).
2769 3012 2839 3069 Et
2862 3029 3019 3085 quam
3049 3016 3352 3072 civitatem?
3383 3018 3503 3074 Non

1919 3101 2120 3163 dormit,
2145 3117 2302 3170 neque
2323 3101 2634 3169 dormitabit,
2657 3104 2742 3174 qui
2765 3107 2980 3160 custodit
3000 3105 3164 3163 Israel
3185 3108 3353 3178 (Psal.
3374 3127 3499 3171 cxx.

1919 3193 1953 3248 4
1973 3190 2012 3263 ).
2045 3193 2181 3262 Quid
2221 3203 2303 3248 est
2349 3194 2510 3249 Israel
2533 3236 2548 3262 ,
2602 3196 2703 3251 nisi
2735 3213 2917 3253 semen
2959 3199 3229 3255 Abrahaa?
3257 3203 3390 3269 Quid
3420 3220 3452 3258 e
3485 3215 3504 3257 t

1919 3300 2102 3340 semen
2142 3285 2412 3341 Abrahae?
2442 3287 2540 3341 nisi
2585 3286 2870 3342 Christus?
2909 3287 2978 3343 Et
3018 3291 3195 3344 semini
3241 3302 3329 3346 tuo
3355 3333 3369 3356 ,
3423 3293 3503 3345 in-

1919 3378 2070 3446 quit,
2125 3377 2262 3445 quod
2302 3387 2378 3430 est
2413 3376 2666 3432 Christus.
2700 3379 2764 3433 Et
2794 3379 2947 3434 nobis
2973 3382 3142 3450 quid?
3195 3381 3292 3435 Vos
3338 3393 3504 3437 autem

1920 3466 2106 3520 Christi
2133 3481 2152 3520 :
2176 3483 2294 3537 ergo
2321 3483 2488 3520 semen
2531 3467 2746 3520 Abrahae
2773 3469 2890 3521 estis
2911 3509 2926 3534 ,
2974 3470 3250 3524 secundum
3279 3472 3498 3540 promis-

1919 3556 2110 3610 sionem
2123 3556 2342 3609 hwredes
2356 3553 2549 3624 (Colat.
2569 3571 2645 3621 ιιι,
2667 3555 2755 3621 16,
2768 3555 2859 3626 29)
2871 3597 2883 3609 .
2903 3555 2969 3610 In
2981 3559 3283 3623 seminetuo,
3297 3561 3464 3630 inquit
3485 3606 3500 3628 ,

1921 3643 2276 3698 benedicentur
2317 3659 2488 3698 omnes
2526 3654 2696 3714 gentes
2735 3644 2900 3715 (Cen.
2949 3661 3057 3701 xx"
3083 3689 3098 3715 ,
3149 3649 3277 3720 18).
3303 3650 3506 3706 Civitas

1923 3744 2107 3790 sancta
2127 3774 2142 3800 ,
2175 3733 2363 3788 civitas
2394 3734 2566 3788 Iidelis
2585 3775 2600 3800 ,
2632 3735 2818 3790 civitas
2847 3736 2899 3789 in
2927 3744 3066 3791 terra
3097 3740 3371 3809 peregrina
3397 3783 3411 3808 ,
3451 3743 3502 3796 in

1921 3827 2060 3882 cutio
2085 3826 2300 3880 fundata
2331 3835 2434 3880 est.
2467 3825 2513 3880 Ο
2540 3826 2708 3881 lidelis
2733 3866 2747 3890 ,
2783 3827 2887 3880 noli
2932 3843 3274 3899 corrumpere
3317 3845 3464 3901 Spem
3488 3875 3503 3897 ,

1923 3917 2031 3972 noli
2047 3917 2290 3971 amittere
2301 3916 2631 3981 charitatcm,
2647 3917 2862 3987 accinge
2876 3917 3082 3974 lumbos
3097 3928 3238 3987 tuos,
3253 3923 3502 3991 ascende,

1924 4006 2193 4078 praetende
2221 4005 2464 4061 lucernas
2493 4015 2609 4060 tuas
2627 4048 2642 4074 ,
2670 4017 2920 4077 exspecta
2955 4009 3265 4076 Dominum,
3295 4015 3506 4082 quando

1923 4100 2100 4154 veniat
2113 4113 2142 4152 a
2160 4099 2377 4168 nuptiis2
2397 4097 2547 4170 (Luc.
2561 4099 2752 4166 xtt,35,
2769 4098 2858 4168 36)
2871 4099 3025 4167 .Quid
3038 4103 3367 4171 expavescis,
3383 4107 3504 4174 quia

1927 4199 2148 4261 pereunt
2180 4206 2338 4260 regna
2369 4191 2621 4244 terrena?
2664 4189 2789 4246 Ideo
2821 4192 2914 4246 tibi
2943 4192 3162 4247 cceleste
3183 4195 3505 4264 promissum

1925 4289 2007 4336 est
2019 4324 2032 4345 ,
2049 4297 2116 4336 ne
2130 4297 2249 4336 cum
2267 4281 2494 4336 terrenis
2511 4281 2729 4351 perires.
2747 4280 2879 4336 Nam
2898 4283 2994 4336 ista
3014 4283 3243 4353 peritura
3259 4286 3506 4354 praedicta

1924 4381 2083 4437 sunt,
2115 4371 2361 4441 prmdicta
2407 4372 2646 4426 omnino.
2692 4372 2809 4426 Non
2838 4374 2982 4428 enim
3005 4389 3200 4444 negare
3230 4391 3509 4444 possumus

1925 4463 2065 4533 quod
2096 4462 2405 4532 praedictum
2435 4471 2535 4517 est.
2572 4462 2831 4518 Dominus
2859 4472 2980 4519 tuus
3007 4479 3164 4534 quem
3191 4476 3468 4536 exSpectas
3491 4510 3508 4534 ,

1909 4554 2055 4613 .dixit
2079 4555 2170 4608 tibi
2206 4574 2218 4610 :
2250 4553 2503 4626 Exsurget
2527 4571 2648 4625 gens
2674 4571 2825 4625 super
2850 4564 3068 4627 gentem,
3102 4566 3149 4610 et
3176 4573 3392 4628 regnum
3421 4575 3508 4612 su-

1926 4664 2016 4718 per
2032 4663 2237 4718 regnum
2267 4647 2456 4719 (Marc.
2485 4663 2598 4712 xm,
2631 4647 2706 4716 8).
2725 4647 2932 4702 Habent
2954 4650 3276 4704 mutationes
3302 4659 3507 4706 terrena

1925 4756 2087 4812 regna
2125 4759 2137 4794 :
2169 4741 2344 4795 veniet
2375 4741 2463 4796 ille
2487 4740 2556 4795 de
2605 4757 2712 4810 quo
2740 4741 2939 4796 dictum
2961 4750 3042 4796 est
3067 4781 3084 4807 ,
3128 4741 3195 4796 Et
3224 4745 3366 4814 regni
3395 4746 3504 4814 ejus

1924 4850 2024 4888 non
2059 4833 2155 4887 erit
2177 4832 2294 4900 ﬁnis
2316 4830 2466 4903 (Luc.
2501 4847 2538 4894 ι,
2572 4829 2683 4901 55).

1996 4925 2082 4980 l0.
2101 4923 2320 4977 Terrena
2345 4937 2498 4990 regno
2522 4921 2774 4974 wternitas
2805 4921 3086 4975 adulatorie
3112 4923 3380 4992 promissa.
3408 4923 3508 4992 Qui

1926 5016 2026 5069 hoc
2065 5012 2290 5068 terrenis
2319 5011 2496 5079 regnis
2541 5009 2924 5078 promiserunt,
2962 5026 3067 5064 non
3105 5012 3328 5067 veritate
3363 5011 3508 5068 ducti

1924 5114 2068 5169 sunt,
2090 5101 2184 5157 sed
2213 5101 2514 5156 adulatione
2546 5100 2748 5153 mentiti
2777 5108 2918 5154 sunt.
2945 5101 3104 5156 Poeta
3136 5102 3346 5157 illorum
3390 5104 3509 5173 qui-

1924 5196 2045 5252 dam
2096 5193 2300 5248 induxit
2338 5191 2524 5246 Jovem
2561 5191 2895 5261 loquentem,
2923 5199 2977 5245 et
3007 5193 3079 5246 ait
3119 5192 3186 5248 de
3225 5193 3504 5262 Romanis,

2048 5285 2129 5334 Itis
2145 5296 2242 5346 ego
2261 5296 2356 5346 nec
2373 5289 2528 5346 metas
2549 5294 2730 5346 rerum,
2754 5295 2848 5333 nec
2865 5290 3082 5346 tempora
3100 5296 3227 5346 pono
3245 5298 3257 5334 :

2047 5343 2302 5409 Imperium
2316 5345 2424 5409 sine
2447 5343 2690 5409 (inejdedi.

2385 5403 2581 5470 (Virgil.
2607 5403 2688 5456 tib.
2711 5405 2757 5468 t,
2783 5403 2967 5455 me.
2994 5417 3116 5456 vers.
3140 5404 3250 5465 sas,
3276 5405 3413 5469 279.)

1925 5492 2040 5548 Non
2069 5489 2223 5560 plane
2248 5489 2317 5544 ita
2355 5488 2642 5558 respondet
2670 5489 2885 5544 veritas.
2926 5488 3163 5559 Regnum
3197 5490 3330 5557 hoc,
3363 5492 3502 5562 quod

1990 5606 2004 5635 ι
2032 5608 2080 5652 ιιι
2103 5602 2369 5651 Fossatensi
2392 5600 2557 5650 codice
2579 5599 2786 5662 additur,
2809 5597 2992 5653 dulcia.

1988 5667 2009 5694 ⁴¹
2032 5672 2208 5712 omnes
2228 5669 2353 5723 uss,
2378 5661 2442 5711 ad
2466 5662 2672 5719 manias.

3287 5723 3366 5747 νβ.
