3934 6184
284 289 395 348 (ἴιὸ

263 407 407 462 sine
433 403 536 457 ﬁne
552 396 768 463 dedisti,
799 412 830 448 υ
850 393 943 464 qui
976 390 1105 445 nihil
1133 387 1322 443 dedisti
1347 430 1359 454 ,
1393 389 1442 442 in
1473 397 1612 443 terra
1640 397 1723 442 cst
1744 428 1758 451 ,
1795 404 1861 442 an

293 498 347 551 in
373 493 551 550 cudo?
583 489 773 558 Utique
799 485 853 540 in
881 493 1041 541 terra.
1074 480 1144 536 Et
1169 466 1214 533 si
1238 487 1383 534 esset
1407 479 1457 532 in
1486 478 1646 542 coelo,
1675 477 1869 531 Gelani

294 597 337 641 et
363 598 498 639 terra
528 578 768 635 traulent
796 573 962 647 (Lac.
991 588 1080 628 xxi
1105 611 1121 638 ,
1145 570 1258 642 55).
1290 568 1576 625 Transierit
1601 583 1722 639 qua:
1747 567 1872 623 fecit

295 679 411 746 ipse
441 674 624 737 Deus;
672 675 871 738 quanto
915 665 1072 721 citius
1107 661 1250 732 quod
1294 660 1531 716 condidit
1565 660 1872 715 lanitiulns?

282 769 456 825 Forte
479 765 525 821 si
552 761 813 820 vellemus
836 758 960 813 hinc
995 755 1264 825 exagitare
1294 751 1592 821 Virgilium,
1619 758 1676 813 et
1701 750 1866 804 insul-

292 868 426 919 tare,
457 867 625 925 quare
650 851 753 905 hoc
774 847 1008 911 dixerit;
1041 845 1095 900 in
1118 851 1274 915 parte
1298 841 1508 898 tolleret
1531 853 1631 895 nos
1652 879 1671 906 ,
1714 842 1768 894 et
1794 837 1874 894 di-

290 957 440 1005 ceret
465 944 620 1003 nobis
647 961 662 997 :
694 942 761 999 Et
784 954 886 1010 ego
915 938 1066 1002 scio;
1098 932 1605 1005 sedquidl'accrem
1639 932 1730 1001 qui
1768 930 1873 984 Βθο

296 1040 470 1098 manis
500 1036 661 1093 verba
684 1030 978 1091 vendebant
1005 1068 1020 1095 ,
1069 1027 1170 1083 nisi
1199 1025 1302 1080 hac
1329 1022 1632 1079 adulatione
1674 1019 1876 1091 aliquid

293 1128 660 1200 promitterem
690 1121 833 1193 quod
863 1120 1056 1181 lalsum
1083 1116 1244 1173 erat?
1278 1115 1351 1171 Et
1374 1122 1577 1171 tamen
1602 1120 1657 1167 et
1686 1112 1741 1165 in
1774 1111 1876 1165 boc

292 1199 481 1278 cautus
507 1218 602 1285 lui,
626 1213 842 1287 quando
867 1210 977 1266 dixi
1011 1249 1028 1274 ,
1056 1226 1076 1260 ι
1107 1205 1395 1277 Imperium
1422 1204 1539 1259 sine
1558 1203 1669 1257 line
1692 1199 1871 1267 dedi,»

291 1315 476 1370 Jovem
496 1311 733 1380 ipsorum
761 1301 966 1368 induxi,
994 1299 1085 1370 qui
1112 1299 1217 1353 hoc
1255 1296 1477 1351 diceret.
1504 1292 1620 1349 Non
1661 1307 1726 1346 ea
1759 1305 1879 1361 per,-

293 1421 424 1462 sona
449 1417 568 1459 mea
587 1398 698 1457 dixi
722 1411 836 1453 rem
864 1394 1051 1450 falsam
1072 1432 1089 1458 ,
1111 1388 1207 1446 sed
1233 1387 1350 1444 Iovi
1381 1385 1610 1454 imposui
1629 1381 1879 1441 lalsitaus

296 1508 577 1568 personam
607 1509 620 1544 :
647 1490 786 1545 sicut
816 1487 954 1541 Deus
983 1482 1148 1538 falsus
1184 1488 1334 1546 erat,
1368 1479 1439 1533 ita
1476 1474 1704 1568 mendax
1721 1480 1880 1568 vates

294 1564 429 1642 erat.
451 1584 584 1643 Nam
604 1579 768 1635 vultis
787 1588 947 1633 nosse
978 1572 1100 1644 quia
1141 1572 1239 1627 ista
1263 1582 1513 1626 rmvet-am
1533 1567 1556 1619 i
1578 1565 1699 1620 Alio
1714 1564 1838 1618 loco
1861 1603 1877 1623 ,

295 1677 505 1750 qttattdo
533 1689 638 1730 non
666 1672 857 1729 Jovem
882 1666 1112 1737 lapidem
1140 1662 1321 1719 induxi
1341 1662 1670 1731 loquentem,
1695 1654 1788 1712 sed
1814 1669 1880 1710 ea

296 1784 523 1843 persona
550 1780 667 1823 mea
692 1766 899 1821 locutus
915 1773 1068 1824 sum,
1096 1756 1243 1812 dixi:

420 1890 519 1931 Non
539 1890 624 1928 res
644 1884 861 1925 “om?
1432 1924 1481 1986 2,
1504 1934 1632 1974 nera.
1654 1919 1791 1983 ωε.)

298 2046 487 2105 Videte
518 2042 639 2113 quia
672 2037 782 2094 dixi
812 2035 1046 2107 peritura
1075 2042 1261 2101 regna.
1288 2027 1408 2082 Dixi
1435 2024 1669 2096 peritura
1694 2034 1880 2092 regna,

297 2155 405 2196 non
422 2134 580 2192 tacui.
602 2132 863 2193 Peritura,
881 2126 1104 2181 veritate
1136 2136 1242 2178 non
1271 2118 1437 2175 tacuit
1457 2133 1476 2170 :
1499 2118 1712 2185 semper
1733 2126 1884 2173 man-

297 2247 444 2296 sura,
470 2224 776 2283 adulatione
801 2217 1066 2291 promisit.
1588 2250 1593 2253 _
1646 2246 1651 2251 .

366 2316 594 2378 CAPUT
614 2313 751 2369 Vill.
778 2339 853 2352 -—-
874 2310 965 2365 ll.
992 2303 1291 2363 Constantia
1317 2302 1371 2355 in
1396 2298 1615 2371 ferendis
1643 2296 1883 2350 alternis.

301 2413 522 2468 Sursum
545 2421 650 2461 cor.
679 2400 885 2459 Gallina
908 2395 1214 2467 evangeliea.
1244 2392 1362 2447 Non
1386 2400 1515 2460 ergo
1539 2386 1821 2443 deﬁciamu
1836 2399 1884 2449 s,

300 2502 495 2556 fratres
525 2514 540 2552 :
572 2493 693 2549 linis
718 2491 823 2546 erit
847 2486 1077 2543 terrenis
1105 2482 1353 2539 omnibus
1395 2478 1593 2549 regnis.
1641 2474 1795 2531 Nune
1838 2474 1887 2527 si

303 2591 424 2647 linis
445 2595 549 2654 est,
574 2585 713 2641 Deus
736 2579 904 2637 videt.
941 2578 1107 2632 Forte
1141 2575 1283 2630 enim
1314 2570 1549 2627 nondum
1579 2578 1696 2635 est,
1726 2576 1779 2623 et
1804 2567 1888 2620 in-

303 2682 556 2745 ﬁrmitate
581 2674 833 2747 quadam,
859 2669 943 2727 vel
971 2664 1335 2724 misericordia
1351 2669 1374 2728 ',
1415 2663 1499 2718 vel
1544 2659 1757 2715 miseria
1788 2657 1891 2711 hoc

266 2786 593 2846 -optamus,
637 2775 697 2825 ut
739 2762 975 2821 nondum
991 2760 1101 2816 sit:
1132 2754 1388 2827 numquid
1433 2762 1613 2809 tamen
1636 2750 1757 2846 ideo
1782 2764 1890 2846 non

303 2840 452 2923 erit?
490 2860 679 2932 Figite
706 2869 857 2926 spem
896 2852 954 2907 in
997 2851 1202 2915 Deum,
1242 2854 1441 2901 interm
1490 2840 1887 2932 concupiscite,

305 2966 507 3012 aeterna
557 2929 884 3018 exspectate.
931 2937 1216 3001 Christiani
1273 2935 1406 2990 estis
1429 2975 1445 2999 ,
1490 2931 1718 2996 tratres,
1750 2929 1892 2985 ebri-

308 3047 467 3104 stiani
513 3056 719 3101 sumas.
766 3038 882 3092 Non
924 3033 994 3089 ad
1038 3028 1260 3086 delicias
1298 3025 1549 3083 Christus
1586 3023 1893 3078 incarnem

310 3134 587 3195 iloscendit
635 3149 649 3188 :
690 3129 981 3185 toleremus
1006 3121 1180 3193 potius
1210 3115 1488 3189 praisentia
1511 3128 1671 3185 quam
1700 3112 1891 3180 diliga-

310 3242 435 3286 mus
464 3243 477 3280 :
508 3222 854 3279 adversorum
882 3226 964 3272 est
988 3211 1273 3271 manifesta
1294 3207 1580 3280 pernicies,
1608 3218 1893 3277 prospero.-

308 3334 429 3376 rum
471 3315 604 3372 falsa
628 3309 935 3368 Nandities.
962 3305 1113 3365 Time
1142 3316 1294 3360 mare
1337 3308 1392 3356 et
1419 3296 1632 3370 quando
1672 3295 1894 3351 malacia

311 3418 399 3465 est
425 3409 467 3460 ί.
494 3403 727 3464 Omnino
756 3414 863 3454 non
910 3396 1110 3453 frustra
1154 3390 1470 3456 audiamus,
1522 3401 1732 3444 sursum
1778 3401 1893 3439 cur.

310 3499 448 3570 Quid
464 3496 808 3569 penimuscor
824 3490 878 3545 in
896 3496 1189 3553 terra,cttm
1211 3482 1482 3537 videamus
1504 3478 1623 3549 q‘uia
1643 3477 1899 3570 evertitur

312 3569 456 3653 terra
469 3590 493 3646 ἲ
504 3587 617 3644 Nos
631 3599 737 3641 non
748 3591 1037 3657 pessumas
1052 3576 1154 3633 nisi
1170 3574 1438 3631 exhortari
1457 3586 1572 3637 vos,
1588 3580 1651 3626 ut
1664 3569 1898 3625 habeatis

311 3680 454 3753 quod
483 3675 691 3742 dicati,
712 3681 776 3737 ct
792 3668 939 3742 quod
962 3682 1065 3739 pro
1084 3680 1180 3735 spe
1198 3673 1374 3721 vestra
1813 3659 1898 3753 itt-

311 3750 659 3830 sultatoribus
689 3772 746 3820 et
770 3755 1285 3832 blasphematoribus
1325 3753 1558 3809 nominis
1599 3750 1895 3807 cluistittui.

314 3864 485 3921 Nemo
507 3874 603 3917 vos
631 3850 1016 3915 murmurando
1048 3855 1253 3909 avertat
1277 3846 1345 3902 ab
1383 3844 1785 3914 exspectatione
1810 3841 1899 3896 lu-

314 3971 574 4016 turorum.
601 3950 801 4009 Omnes
839 3945 931 4018 qui
960 3950 1178 4016 propter
1219 3941 1348 3995 istas
1392 3936 1741 3993 adversitates
1782 3935 1898 3989 hla-

315 4047 599 4119 spbemant
634 4040 903 4098 Christum
937 4043 1176 4090 nostrum
1202 4071 1217 4098 ,
1245 4026 1413 4085 cauda
1438 4025 1734 4119 scorpionis
1757 4032 1898 4077 sunt.

317 4118 428 4199 Nos
456 4152 620 4195 ovum
650 4140 893 4204 nostrum
939 4125 1041 4182 sub
1068 4124 1168 4181 alis
1204 4121 1350 4176 illius
1392 4118 1601 4190 gallinae
1645 4129 1904 4186 [sinamus

317 4229 639 4303 evangelicae
656 4267 674 4294 ,
704 4239 824 4295 qua:
853 4220 1051 4275 clamat
1081 4234 1094 4269 :
1124 4213 1413 4270 Jerusalem
1432 4251 1448 4278 ,
1476 4208 1759 4265 Jerusalem
1779 4248 1795 4273 ,
1825 4206 1903 4261 illi

318 4301 477 4381 falch
502 4329 558 4377 et
604 4314 825 4389 perdita:
848 4353 864 4379 ,
909 4309 1099 4379 quoties
1142 4303 1277 4360 volui
1317 4301 1555 4372 colligere
1598 4301 1732 4369 ﬁlios
1756 4309 1899 4364 tuos,

321 4425 563 4484 ιαηςιιαηι
600 4405 792 4478 gallina
832 4398 998 4472 pullos
1025 4410 1142 4451 suos
1166 4436 1182 4460 ,
1213 4404 1263 4447 et
1296 4391 1503 4484 noluisti
1525 4389 1700 4461 (Matt.

325 4481 480 4575 si}?
506 4499 628 4555 Non
664 4494 820 4550 nobis
867 4490 1096 4553 dicatur,
1126 4485 1333 4575 Quoties
1371 4482 1537 4547 volui,
1565 4492 1611 4575 et
1655 4481 1906 4575 ποικίειίξ

328 4570 424 4649 illa
448 4589 592 4646 enim
629 4583 821 4657 gallina
841 4578 1018 4636 divina
1047 4574 1313 4646 Sapientia
1338 4581 1421 4628 est
1448 4589 1461 4624 :
1489 4570 1583 4627 sed
1625 4572 1910 4641 assumpsit

327 4697 568 4747 cantem,
598 4689 657 4736 ut
687 4676 843 4749 pullis
870 4676 1206 4742 congrueret.
1235 4665 1420 4721 Videte
1448 4663 1698 4735 gallinam
1739 4662 1907 4732 hispi-

288 4788 294 4794 ‘
328 4779 451 4834 dam
483 4771 698 4847 pluuiis,
724 4767 959 4829 dimissis
984 4763 1083 4818 alis
1102 4763 1146 4830 ',
1173 4774 1304 4815 voce
1329 4757 1513 4822 l'raem,
1537 4764 1591 4812 et
1618 4770 1831 4847 quassa,
1855 4765 1909 4811 et

327 4846 507 4938 lassa,
550 4875 605 4924 et
649 4861 900 4935 languida
950 4866 1245 4928 congruere
1273 4850 1511 4923 parvulis
1549 4848 1682 4905 suis.
1733 4846 1909 4904 Ovum

329 4978 459 5035 ergo
485 4968 753 5023 nostrum,
776 4953 829 5011 id
848 4959 952 5018 est,
971 4961 1123 5019 spem
1150 4952 1389 5001 nostram
1407 4940 1617 4997 subolis
1640 4939 1781 4994 illius
1800 4938 1911 5008 gal-

329 5057 454 5112 linze
478 5062 760 5125 ponamus.
1354 5118 1362 5124 Α

402 5122 628 5204 (ΞᾸΡυΤ
667 5139 759 5195 ix.
786 5165 860 5180 -—-
885 5134 973 5190 12.
1002 5130 1180 5187 Rome
1207 5122 1417 5183 vastatio
1439 5123 1668 5195 religioni
1690 5122 1914 5177 christia-

336 5256 413 5294 na:
429 5238 535 5294 sive
567 5229 871 5288 idololatria:
897 5220 1218 5280 restinctioni
1257 5216 1390 5288 [alio
1413 5215 1620 5270 tributa.
1655 5212 1911 5269 Animad-

336 5326 581 5384 vertistis.
597 5322 754 5385 forte,
772 5313 1043 5389 quomodo
1069 5312 1264 5383 gallina
1285 5305 1532 5362 concidat
1555 5304 1910 5374 scorpionem.

343 5420 559 5477 Utinam
587 5429 716 5487 ergo
740 5421 795 5468 ct
819 5410 951 5467 istos
973 5404 1424 5479 blasphemantes,
1449 5400 1500 5452 in
1529 5407 1666 5452 terra
1699 5405 1913 5487 reptan-

340 5524 422 5569 tes
445 5553 460 5575 ,
483 5509 552 5564 de
574 5485 817 5564 cavernis
844 5499 1167 5572 prodeuntes
1188 5535 1204 5563 ,
1233 5503 1282 5549 et
1309 5490 1443 5547 male
1472 5496 1764 5559 pungentes
1785 5527 1801 5551 ,
1829 5485 1915 5575 illa

404 5603 419 5632 ι
446 5574 578 5657 tm.,
600 5603 645 5647 et
667 5591 859 5658 quando
880 5586 1190 5700 umquam
1210 5591 1296 5635 est.
1325 5591 1421 5632 Am.
1448 5588 1499 5655 et
1534 5585 1635 5637 Er.,
1658 5583 1703 5627 et
1725 5574 1920 5647 quando

404 5656 563 5700 utilia;
583 5663 671 5700 est.
696 5663 750 5700 M.
769 5660 897 5700 Mss.
1038 5656 1105 5699 tta
1127 5653 1221 5699 est:
1248 5659 1339 5697 seu
1362 5655 1543 5700 verius,
1568 5638 1777 5691 maluae
1797 5643 1883 5688 est.

342 5638 907 5712 ωιῖὶίὲὲᾋὶΪᾶῖῦέὲᾼξ
920 5638 1105 5712 malitia
1127 5653 1221 5699 est:
1248 5659 1339 5697 seu
1362 5644 1543 5705 verius,
1568 5638 1777 5691 malacia
1797 5643 1883 5688 est.

412 5723 435 5753 ³
459 5726 596 5778 \‘en.,
621 5712 838 5765 demissis
861 5711 967 5761 alis.
1034 5719 1088 5759 Μ.
1140 5748 1145 5752 .
1632 5714 1647 5727 ·

1518 281 1581 333 S.
1625 272 1988 334 AUGUSTINI
2026 274 2328 333 EPISCOPI

3460 280 3571 336 δὶς

1980 389 2175 458 gallina
2203 388 2446 444 concidat
2473 397 2525 442 et
2553 388 2793 455 devoret,
2826 390 2881 443 in
2906 404 3100 459 corpus
3122 407 3274 446 suum
3302 394 3574 463 trajiciat,

1959 489 2032 534 et
2074 482 2124 534 in
2168 494 2329 536 ovum
2372 490 2563 536 venat.
2614 480 2730 536 Non
2771 482 3105 537 irascantur:
3135 485 3384 538 eammoti
3410 485 3575 541 vide-

1980 584 2132 638 mur;
2183 571 2277 625 sed
2332 571 2611 627 maledicta
2646 572 2943 627 maledictis
2984 588 3092 627 non
3120 573 3413 630 reddimus.
3452 576 3575 630 Ma-

1981 662 2258 717 iedicimur
2285 673 2340 718 et
2375 662 2736 717 benedicimus
2765 705 2780 731 ,
2823 664 3173 734 blnslibemati
3212 665 3578 737 deprecamur

1985 753 2027 824 (ι
2058 754 2175 808 Cor.
2207 769 2281 819 iv,
2314 755 2375 808 l2
2395 795 2407 817 ,
2440 756 2550 826 l3).
2582 755 2687 811 Sed
2713 771 2817 811 non
2843 756 2987 811 dicat
3011 757 3079 812 de
3108 757 3276 813 Roma
3300 802 3316 827 ,
3360 760 3576 814 dictum

1980 845 2155 901 estde
2177 861 2264 900 me
2288 865 2302 900 :
2326 845 2375 902 0
2394 847 2438 900 si
2466 855 2639 902 taceat
2659 847 2728 903 de
2757 848 2925 902 Itonia
2952 850 2967 881 ³
3005 867 3017 902 :
3049 850 3202 920 quasi
3244 867 3345 922 ego
3389 853 3574 906 insul-

1983 946 2122 991 tator
2143 939 2267 1005 sim,
2295 948 2349 994 ct
2373 954 2475 993 non
2510 941 2684 1008 potius
2712 940 2917 996 Domini
2949 942 3282 1011 deprecator,
3308 952 3365 998 et
3384 955 3577 999 vester

1981 1028 2740 1098 qualiscumqueexhortator.
2783 1031 2934 1085 Absit
2973 1047 3005 1086 a
3046 1048 3163 1100 me,
3203 1044 3261 1087 ut
3290 1034 3573 1089 insultent.

1982 1116 2202 1172 Avertat
2246 1117 2384 1172 Deus
2429 1134 2461 1172 a
2488 1119 2648 1174 corde
2689 1134 2809 1175 meo
2831 1162 2847 1188 ,
2874 1130 2928 1176 et
2954 1137 2984 1176 a
3008 1121 3196 1178 dolore
3222 1126 3577 1180 conscientia:

1982 1221 2136 1262 meat.
2193 1207 2267 1262 lbi
2314 1210 2515 1263 multos
2553 1209 2749 1266 fratres
2771 1227 2877 1266 non
2901 1211 3229 1269 habuimus?
3254 1232 3359 1270 non
3388 1216 3576 1271 adhuc

1970 1295 2284 1352 habemus?
2322 1299 2501 1353 Portio
2550 1302 2937 1372 peregrinantis
2986 1302 3280 1359 Jerusalem
3337 1306 3576 1361 civitatis

1984 1403 2092 1444 non
2121 1389 2191 1444 ibi
2221 1405 2410 1461 magna
2449 1391 2630 1462 degit?
2672 1408 2780 1447 non
2806 1394 2876 1448 ibi
2910 1396 3221 1465 temporalia
3260 1398 3475 1467 pertulit
3496 1399 3522 1429 ⁸
3546 1397 3577 1450 ?

1982 1478 2079 1533 sed
2100 1488 2297 1535 attenta
2335 1497 2441 1535 non
2490 1482 2736 1551 perdidit.
2763 1482 2899 1552 Quid
2942 1499 3071 1555 ergo
3119 1485 3241 1540 dico
3270 1528 3286 1551 ,
3328 1502 3452 1539 cum
3497 1482 3577 1540 de

1987 1570 2077 1625 illa
2104 1586 2209 1625 non
2238 1580 2389 1627 taceo
2410 1615 2426 1639 ,
2462 1574 2563 1628 nisi
2590 1575 2714 1643 quia
2738 1572 2928 1629 falsum
2952 1585 3036 1631 est
3073 1576 3215 1646 quod
3266 1576 3451 1632 dicunt
3497 1577 3577 1632 de

1986 1658 2201 1716 Christo
2226 1672 2410 1717 nostro
2432 1704 2448 1729 ,
2485 1664 2629 1733 qum!
2668 1665 2782 1734 ipse
2807 1665 3031 1720 Romam
3062 1667 3389 1736 perdiderit,
3420 1668 3576 1738 quod

1987 1752 2061 1808 dii
2110 1753 2301 1823 lapidei
2331 1755 2556 1809 Romani
2606 1756 2883 1811 tuebantur
2920 1766 2976 1812 et
3002 1758 3206 1827 lignei?
3248 1758 3399 1814 Adde
3441 1774 3576 1829 pre-

1989 1844 2151 1910 tium,
2180 1846 2326 1901 terei.
2359 1845 2509 1901 Adde
2529 1847 2647 1917 plus
2670 1887 2683 1909 ,
2711 1848 2946 1917 argentei
2977 1856 3027 1904 et
3054 1850 3200 1903 aurei
3232 1867 3247 1902 :
3271 1847 3424 1903 ιειυιη
3447 1866 3578 1920 gen-

1990 1937 2112 1989 tium
2138 1946 2403 2007 argentum
2425 1947 2471 1990 et
2498 1954 2698 1991 aurum.
2730 1938 2841 1992 Non
2862 1939 3016 2005 dixit,
3048 1940 3245 2010 Lapis;
3266 1956 3371 1995 non
3396 1941 3576 2009 dixit,

1986 2024 2250 2096 Lignuur;
2291 2040 2398 2081 non
2428 2027 2578 2095 dixit,
2606 2028 2766 2082 Testa
2798 2047 2812 2083 :
2841 2028 2936 2084 sed
2958 2030 3107 2100 quod
3125 2046 3223 2100 pro
3249 2046 3440 2100 magno
3468 2030 3581 2084 bit-

1989 2117 2150 2183 bent,
2176 2128 2441 2186 argentum
2468 2127 2514 2172 et
2541 2134 2735 2171 auram.
2771 2118 2972 2173 Tamen
3014 2121 3184 2189 ipsum
3214 2131 3487 2191 argentum
3516 2130 3585 2175 et

1988 2220 2176 2260 aurum
2202 2207 2376 2260 oculos
2401 2206 2597 2272 (tabem,
2628 2217 2676 2261 et
2704 2223 2806 2261 non
2834 2209 3001 2262 rident
3019 2207 3194 2279 (Paul.
3226 2226 3351 2265 cxm
3372 2253 3385 2270 .
3413 2211 3465 2273 4,
3487 2211 3579 2280 5}.

1992 2296 2073 2351 Dii
2089 2299 2231 2352 aurei
2245 2306 2297 2353 et
2309 2297 2381 2352 dii
2399 2297 2555 2369 lignei
2566 2298 2629 2352 ad
2644 2298 2868 2368 pretium
2884 2298 3124 2368 diSpares
3134 2310 3281 2354 sunt:
3296 2300 3360 2354 ad
3377 2301 3585 2355 habere

1990 2390 2173 2444 oculos
2189 2399 2363 2445 etnon
2382 2390 2580 2457 videre,
2597 2402 2750 2460 pares
2764 2398 2907 2444 sunt.
2919 2390 3056 2445 Ecce
3073 2392 3325 2461 qualibus
3347 2391 3584 2446 Romam

1992 2479 2137 2536 docti
2179 2479 2422 2536 homines
2458 2480 2766 2535 custodibus
2790 2481 3213 2544 commiserunt,
3256 2480 3588 2535 habentibus

1993 2570 2271 2636 oculos,et
2310 2586 2412 2625 non
2439 2570 2763 2625 videntibus.
2796 2570 2961 2624 Autsi
2987 2570 3208 2625 Romam
3238 2586 3453 2626 servare
3480 2585 3592 2640 po—

1997 2669 2212 2716 tuerunt
2235 2703 2248 2727 ,
2276 2672 2442 2731 quare
2484 2661 2580 2730 ipsi
2606 2671 2730 2716 ante
2774 2661 3084 2732 perierunt?
3114 2663 3393 2732 inquiunt:
3425 2663 3590 2718 Tunc

1997 2737 2153 2824 periit
2196 2754 2382 2807 Roma.
2412 2753 2610 2809 Tamen
2648 2754 2937 2823 perierunt.
2966 2753 3084 2809 Non
3114 2798 3128 2820 ,
3160 2755 3430 2824 inquiunt,
3472 2755 3589 2824 ipsi

1997 2846 2266 2917 perierunt
2290 2887 2305 2912 ,
2335 2845 2430 2901 sed
2477 2847 2758 2901 simulacra
2786 2861 2995 2901 eorum.
3026 2846 3306 2915 Quomodo
3334 2862 3461 2917 ergo
3482 2862 3591 2899 en—

1998 2937 2259 2991 stodirent
2282 2944 2419 2992 tecta
2454 2947 2628 2991 vestra
2657 2966 2673 3004 ,
2718 2938 2808 3007 qui
2856 2953 2961 2992 non
2996 2946 3281 3008 potuerunt
3312 2937 3595 2998 custodire

1998 3028 2279 3085 simulacra
2320 3029 2459 3083 sua?
2490 3028 2809 3083 Alexandria
2848 3028 2974 3083 olim
3013 3028 3143 3083 tales
3171 3028 3301 3083 deus
3328 3028 3590 3097 perdidit.

1998 3117 2484 3187 Coitstantinqiolis
2510 3132 2576 3173 ex
2611 3132 2716 3187 quo
2739 3117 2953 3173 condita
2978 3129 3061 3172 est
3098 3117 3149 3171 in
3179 3132 3418 3187 magnam
3444 3116 3595 3170 civi-

2003 3215 2194 3273 tatem,
2226 3207 2523 3277 quouiamo
2554 3206 2843 3261 eluistiano
2868 3207 3189 3277 imperatore
3219 3205 3426 3260 condita
3456 3215 3593 3269 esti,

2000 3298 2127 3352 olim
2152 3296 2442 3367 deosipsos
2471 3296 2630 3351 falsos
2660 3297 2919 3367 perdidit:
2946 3307 2999 3352 et
3027 3308 3200 3352 tamen
3229 3307 3278 3352 et
3299 3298 3464 3351 crevit
3487 3339 3499 3360 ,
3532 3308 3597 3350 et

1994 3389 2212 3454 crescit,
2230 3397 2285 3441 et
2300 3399 2495 3441 inauret.
2511 3386 2777 3455 Qtamdiu
2787 3387 2898 3440 vult
2917 3388 3075 3451 Deus,
3096 3398 3291 3442 manet.
3314 3388 3423 3441 Non
3437 3390 3599 3441 enim

2000 3480 2380 3544 otiilicivitati,
2404 3480 2524 3549 quia
2548 3481 2649 3533 hoc
2675 3479 2923 3545 dicimus,
2952 3481 3301 3535 aeternitatem
3320 3482 3597 3548 prowitti-

2003 3586 2141 3628 unus.
2159 3571 2420 3641 Carthago
2436 3573 2485 3624 in
2509 3573 2722 3626 nurnine
2735 3570 2930 3626 Christi
2958 3580 3131 3626 manci
3147 3613 3162 3635 ,
3182 3580 3239 3625 et
3258 3572 3380 3625 olim
3397 3587 3598 3626 eversa

2002 3673 2088 3718 est
2106 3661 2353 3719 Caelestis
2366 3663 2406 3728 ⁸,
2426 3663 2550 3732 quia
2571 3674 2676 3715 non
2701 3661 2793 3716 luit
2817 3663 3073 3728 catlestis,
3093 3662 3187 3716 sed
3211 3663 3494 3717 terrestris.

2074 3752 2299 3808 CAPUT
2338 3751 2408 3807 Χ.
2426 3782 2495 3792 -—
2522 3753 2610 3806 15.
2653 3749 2854 3806 Ευρνὼ
2882 3753 3032 3805 idolis
3057 3767 3159 3805 non
3189 3753 3368 3805 “inde
3396 3751 3601 3804 “Otila-

2005 3861 2124 3899 nam
2150 3844 2345 3898 cladem
2381 3842 2640 3896 accidisse.
2684 3842 2749 3895 Et
2777 3841 2904 3896 illud
2947 3842 3086 3912 quod
3129 3841 3312 3897 dicunt
3355 3856 3459 3895 non
3503 3854 3600 3916 est

2007 3952 2211 4003 verum,
2234 3937 2354 4006 quia
2370 3936 2621 3990 continuo
2639 3935 2742 3990 diis
2764 3935 2983 4006 perditis
3004 3936 3171 3991 Roma
3200 3944 3351 4008 capta
3378 3946 3480 4001 est,
3508 3939 3602 3990 af-

2007 4028 2147 4084 ﬂicta
2174 4037 2275 4083 cst.
2305 4027 2530 4083 Prorsus
2551 4044 2654 4082 non
2677 4036 2760 4082 est
2780 4043 2961 4083 verum
2984 4046 2995 4081 :
3021 4036 3144 4082 ante
3168 4030 3445 4084 sunulaera
3475 4031 3603 4099 ipsa

2004 4137 2195 4179 eversa
2220 4133 2371 4186 sunt;
2392 4132 2448 4177 et
2476 4123 2553 4177 sic
2579 4122 2701 4176 victi
2728 4132 2852 4177 sunt
2877 4123 3033 4178 Gothi
3061 4138 3181 4178 eum
3218 4124 3598 4195 [lbadagaysm

2008 4213 2348 4278 Mementote,
2398 4213 2621 4279 fratres,
2669 4224 3039 4270 mementote:
3074 4232 3178 4270 non
3225 4228 3304 4271 est
3350 4218 3597 4287 lengum,

2008 4307 2162 4377 pauci
2206 4307 2331 4361 anni
2370 4313 2495 4360 sunt
2534 4306 2647 4375 (li),
2690 4305 3061 4361 recordamini.
3113 4307 3328 4361 Eversis
3362 4309 3411 4362 in
3460 4309 3602 4364 urbe

2012 4398 2177 4451 Itonia
2207 4396 2453 4451 omnibus
2478 4396 2795 4462 simulacris,
2827 4395 3205 4467 llhadagaysus
3248 4413 3339 4451 rex
3379 4397 3600 4453 Gotho-

2012 4504 2129 4544 rum
2172 4503 2292 4544 cum
2336 4489 2530 4558 ingenti
2555 4489 2812 4553 exercitu,
2850 4490 3019 4544 multo
3044 4492 3407 4546 numerosiore
3430 4507 3600 4561 quam

2012 4580 2205 4635 Alarici
2234 4579 2346 4640 fuit,
2375 4580 2536 4634 venit.
2558 4578 2801 4650 Pagnnas
2842 4580 3002 4635 homo
3039 4589 3156 4637 erat
3180 4581 3559 4653 Rhndagaysns
3583 4604 3596 4636 :

2013 4670 2129 4726 ιογί
2155 4670 2484 4725 sacriﬁcabat
2508 4669 2763 4740 quotidie.
2792 4669 3144 4727 Nuntiabatur
3164 4672 3355 4741 ubique
3393 4671 3538 4743 quod
3567 4690 3601 4726 τι

2014 4760 2290 4816 sacriﬁciis
2327 4773 2434 4813 non
2460 4759 2741 4814 desisteret
2779 4759 3179 4832 Rbadagaysus.
3222 4758 3369 4816 Tunc
3405 4776 3602 4816 omnes

2017 4850 2136 4905 isti:
2165 4850 2304 4904 Ecce
2347 4863 2443 4903 nos
2475 4865 2580 4903 non
2615 4848 2992 4914 sacriﬁcamus,
3024 4851 3110 4905 ille
3145 4853 3421 4915 sacriﬁcat,
3454 4854 3599 4907 \itni

2079 4961 2096 4991 ί
2126 4958 2261 5018 Mlti,
2286 4957 2469 5010 dictum
2489 4964 2560 5008 est
2584 4958 2645 5008 de
2665 4969 2785 5009 meo.
2812 4958 2903 5018 sed
2925 4964 3077 5010 taceat
3102 4959 3164 5010 de
3191 4968 3346 5011 tanta.

2016 5020 2299 5135 ωὲἒιὶιιιωῑ
2323 5026 2674 5084 ttss.,tentpora
2702 5017 2915 5084 pertulit.
2938 5022 3155 5081 crudam,
3178 5022 3463 5086 temerata
3483 5037 3601 5086 ρτο-

2022 5269 2309 5375 Augustinus
2341 5266 2561 5315 meminit
2595 5265 2645 5314 in
2677 5263 2853 5338 libro}
2871 5263 2935 5334 de
2970 5266 3170 5315 civitate
3192 5268 3311 5326 Dei,
3335 5281 3438 5330 cap.
3465 5263 3604 5327 «ιξίη

2020 5335 2104 5402 "in
2128 5327 2239 5402 λῦε»
2257 5327 2365 5402 ⁰.’⁷’.
2383 5324 3104 5402 0199’tati-20,!vsvzswsl
3124 5328 3458 5402 meum:
3478 5336 3607 5402 ιςιυε

2023 5388 2103 5452 ιιο
2134 5385 2449 5461 immissis?
2479 5385 2530 5461 ir
2565 5385 3320 5461 ειξῖίειέθιξξέ..ςξ¹ίείδμίξ,υδιιιιξῗ
3335 5390 3607 5461 sidiam

2022 5448 2150 5523 quod
2181 5464 2306 5501 anno
2338 5451 2470 5524 599,.
2492 5448 2681 5498 Aurelio
2710 5449 2927 5499 antistite
2950 5448 3181 5518 contigit,
3204 5452 3367 5500 scribit
3399 5448 3609 5513 Praspur

2024 5513 2072 5560 in
2099 5512 2220 5561 libro
2240 5512 2303 5561 de
2326 5512 2540 5561 Prtedtct.
2567 5510 2616 5569 3,
2638 5521 2743 5572 cap.
2767 5508 2851 5572 58.-
2919 5569 2926 5572 _

2088 5574 2162 5635 (ὁ)
2195 5580 2375 5634 Nempe
2395 5573 2651 5622 Gott-mum
2672 5571 2784 5621 cu.u
2808 5571 3109 5681 abalafayso
3129 5571 3257 5622 duce
3275 5579 3465 5635 strages
3489 5573 3612 5622 inri-

2023 5633 2165 5688 ditin
2202 5646 2378 5683 annum
2402 5634 2508 5684 403.
2544 5634 2680 5681 trhis
2720 5645 2837 5685 vero
2866 5631 2940 5682 cla
2974 5644 3030 5681 es
3052 5644 3079 5680 a
3101 5634 3261 5684 Gothis
3293 5635 3383 5683 sub
3421 5631 3612 5693 Alarico

2028 5698 2238 5745 pertinet
2262 5695 2318 5743 ad
2342 5706 2520 5744 annum
2543 5694 2647 5745 no.
3395 5717 3403 5724 -
3578 5708 3589 5723 ι

2028 5708 2238 5758 ιιρτῑιηῑιι
2262 5708 2318 5743 au
2342 5708 2520 5744 annum
2543 5708 2647 5745 3“).
3395 5717 3403 5724 ·
3578 5708 3589 5723 ¹
