3934 6184
390 325 499 381 ΰὲτ

396 438 726 513 Scripturam
756 458 770 493 :
800 434 1040 491 Miserere
1074 433 1258 489 annua:
1297 441 1396 488 tute
1430 433 1632 503 placens
1651 420 1964 504 ωηερε-τί

392 546 532 596 xxx,
557 529 675 599 Si).
705 528 809 583 Fac
827 527 1242 597 eleemosynam,
1270 524 1501 576 miserere
1524 521 1706 576 anim
1727 530 1828 575 tute
1851 520 1967 590 pia-

393 635 510 675 cens
535 616 666 673 Dea.
707 614 968 672 Mendicat
995 622 1119 669 ante
1160 621 1212 668 te
1246 612 1423 667 anima
1452 618 1560 675 tua,
1600 609 1714 665 redi
1741 606 1808 662 ad
1834 622 1965 662 con-

388 708 664 764 scientiam
689 715 853 761 tuam.
896 703 1224 773 Quicumque
1267 701 1408 759 male
1451 700 1605 767 vivis,
1647 698 1967 769 quicumque

391 798 676 856 infideliter
711 797 867 863 vivis,
910 795 1021 851 redi
1063 792 1132 849 ad
1174 790 1549 848 conscientiam
1593 796 1771 844 tuam:
1800 794 1857 843 et
1894 785 1965 841 ibi

388 893 596 950 invenis
613 890 1003 949 mendicantem
1027 888 1258 943 animam
1279 893 1442 949 tuam,
1467 876 1672 937 iuvenis
1696 887 1963 951 egentem,

386 983 597 1041 invenis
629 995 937 1053 pauperem,
967 977 1174 1034 invenis
1193 986 1568 1041 aerumnosam,
1597 970 1803 1026 invenis
1827 967 1966 1023 forte

385 1089 487 1131 nec
511 1079 778 1145 egentem,
823 1070 919 1127 sed
958 1075 1193 1141 egestate
1236 1066 1711 1121 olnautescentem.
1759 1057 1892 1114 Nam
1918 1058 1962 1112 si

384 1164 675 1231 mendicat,
721 1162 887 1220 esurit
927 1159 1206 1232 justitiam.
1248 1155 1472 1224 Quando
1500 1152 1765 1210 inveneris
1803 1150 1961 1206 talem

381 1255 615 1311 animant
641 1263 785 1309 tuam
813 1249 980 1326 (intus
1002 1251 1056 1306 in
1078 1247 1241 1306 corde
1268 1256 1358 1303 tuo
1382 1253 1507 1302 sunt
1544 1242 1678 1316 illa),
1708 1241 1790 1297 fac
1817 1240 1964 1312 prius

382 1346 799 1419 cleemosynam,
828 1344 895 1399 da
925 1343 996 1398 illi
1023 1356 1231 1413 panem.
1256 1338 1424 1407 Quem
1452 1334 1687 1407 panem?
1704 1333 1757 1409 ξε
1781 1332 1964 1388 Phari-

382 1448 525 1492 ηας
553 1435 924 1505 interrogaret,
944 1432 1149 1488 diceret
1175 1430 1250 1485 illi
1283 1427 1539 1484 Dominus
1558 1445 1578 1482 :
1600 1424 1707 1481 Fac
1730 1424 1963 1480 eleemo-

380 1540 571 1599 synam
598 1538 724 1583 cum
749 1526 926 1581 anima
953 1531 1065 1577 tua.
1099 1521 1211 1576 Iloc
1247 1519 1389 1574 enim
1438 1517 1514 1572 illi
1552 1514 1719 1572 dixit:
1748 1513 1848 1569 sed
1872 1513 1962 1568 ille

381 1633 489 1674 non
514 1616 796 1683 intellexit,
814 1613 1029 1687 quando
1040 1611 1307 1668 enarravit
1320 1609 1424 1665 illis
1447 1607 1815 1679 eleetnosynas
1830 1618 1961 1675 quas

378 1708 663 1775 faciebant,
689 1717 745 1763 et
778 1706 1032 1776 putabant
1060 1704 1225 1759 latere
1272 1699 1570 1763 Christum;
1611 1706 1665 1752 ct
1702 1698 1777 1751 ait
1820 1695 1958 1751 illis:

379 1801 513 1857 Novi
539 1800 661 1873 quia
690 1798 892 1863 facitis;
921 1796 1195 1853 decitnatis
1222 1802 1452 1849 mentum
1479 1800 1535 1846 ct
1560 1790 1836 1852 anethum,
1861 1803 1958 1842 cu-

344 1910 349 1913 ·
380 1893 584 1948 minam
604 1898 661 1949 et
677 1898 889 1946 rutam:
920 1887 1015 1944 sed
1041 1900 1143 1957 ego
1170 1884 1302 1940 alias
1330 1882 1699 1952 eleemosynas
1723 1879 1913 1949 loquor
1941 1895 1955 1932 :

378 1982 722 2040 contemnitis
735 1978 995 2052 judicium
1022 1986 1077 2033 et
1103 1975 1440 2033 charitatem.
1469 1969 1525 2027 In
1545 1970 1745 2042 judicio
1760 1968 1957 2023 etchn-

375 2074 534 2130 ritate
556 2071 642 2129 fac
666 2071 1059 2143 eleemosynam
1085 2081 1205 2122 cum
1251 2064 1425 2118 anima
1469 2072 1580 2116 tua.
1614 2058 1751 2129 Quid
1793 2068 1873 2113 est
1905 2058 1956 2112 in

371 2162 610 2236 judicio?
636 2161 880 2234 Respice,
905 2168 961 2215 et
988 2155 1193 2221 inveni;
1218 2154 1441 2224 displice
1468 2153 1583 2216 tibi,
1606 2147 1884 2221 pronuntia
1904 2149 1955 2203 in

378 2264 452 2312 te.
473 2254 539 2310 Et
550 2252 675 2326 quid
696 2261 779 2309 est
799 2248 1065 2307 charitas?
1094 2246 1260 2317 Dilige
1285 2245 1563 2301 Dominum
1586 2242 1751 2296 Deum
1772 2239 1826 2294 in
1845 2247 1958 2293 to'o

374 2344 536 2403 corde
555 2334 666 2408 uno,
696 2352 751 2399 et
775 2350 884 2397 tota
911 2341 1087 2396 anima
1111 2345 1223 2404 tua,
1249 2345 1305 2393 et
1330 2343 1437 2391 tota
1458 2341 1637 2389 mente
1663 2340 1781 2397 tua;
1800 2331 1957 2399 dilige

376 2434 675 2505 proximum
703 2443 850 2488 tuum
880 2439 1133 2500 tanquam
1161 2438 1213 2483 te
1241 2427 1412 2496 ipsum
1441 2422 1651 2497 (Manli.
1698 2437 1833 2487 χχιι,
1862 2422 1953 2488 37,

373 2526 504 2597 59):
536 2533 593 2580 et
617 2523 787 2580 fecisti
813 2517 1230 2577 misericordiam
1256 2515 1402 2586 prius
1426 2529 1546 2569 cum
1567 2513 1741 2567 anima
1772 2521 1879 2577 tua,
1902 2512 1954 2567 in

373 2613 698 2671 conscientia
724 2620 834 2667 tua.
863 2610 1011 2665 Hanc
1035 2616 1213 2664 autem
1241 2606 1632 2675 eleemosynam
1662 2603 1705 2656 si
1734 2612 1954 2672 pra-ter-

373 2707 560 2773 mittis,
591 2705 658 2761 da
686 2702 828 2777 quod
855 2701 954 2768 vis,
984 2700 1123 2756 dona
1164 2705 1418 2770 quantum
1472 2696 1581 2759 vis;
1634 2692 1847 2749 retrahe
1886 2692 1955 2748 de

374 2796 633 2853 fructibus
649 2795 773 2862 tuis,
800 2808 907 2848 non
925 2790 1180 2856 decimas,
1207 2787 1302 2844 sed
1323 2785 1595 2851 dimidias;
1624 2799 1811 2839 novem
1835 2798 1957 2853 par-

371 2902 455 2944 tes
478 2887 568 2955 da,
596 2895 652 2942 et
687 2899 845 2940 unam
888 2882 980 2937 tibi
1021 2879 1264 2936 dimitte:
1287 2876 1418 2932 nihil
1448 2875 1599 2942 facis,
1630 2872 1841 2944 quando
1872 2883 1953 2928 te-

371 2995 492 3032 cum
518 2992 626 3032 non
647 2975 797 3042 facis,
827 2983 883 3029 et
908 2982 1088 3028 tecum
1103 2983 1305 3040 pauper
1332 2983 1413 3023 es.
1441 2966 1633 3021 Anima
1658 2974 1746 3019 tun
1774 2979 1956 3018 vesca-

372 3080 478 3133 tur,
511 3082 581 3123 ne
610 3065 750 3121 fame
791 3073 995 3135 pereat.
1032 3061 1105 3116 Da
1150 3059 1223 3113 illi
1264 3072 1477 3128 panem.
1520 3055 1696 3123 Quem
1741 3069 1950 3124 panem,

370 3158 581 3232 inquit?
608 3158 729 3229 Ipse
757 3165 930 3212 tecum
955 3151 1207 3223 loquitur.
1233 3148 1319 3204 Tu
1338 3146 1391 3203 si
1411 3146 1646 3211 audires,
1675 3153 1728 3200 et
1753 3144 1952 3199 intelli~

368 3267 546 3325 geres,
589 3258 646 3308 et
682 3246 935 3305 crederes
962 3243 1192 3299 Domino
1217 3243 1257 3307 ⁸,
1290 3239 1405 3310 ipse
1435 3238 1527 3293 tibi
1573 3236 1807 3291 diceret:
1842 3233 1952 3306 Ego

369 3362 482 3400 sum
504 3343 650 3414 panis
672 3342 837 3405 visus,
873 3335 962 3408 qui
998 3331 1230 3389 descendi
1268 3330 1331 3385 de
1356 3327 1483 3385 carie
1525 3326 1704 3399 (Joan.
1734 3342 1804 3389 vr,
1836 3327 1950 3398 41).

369 3438 559 3493 Nonne
579 3436 739 3490 istum
771 3444 959 3503 panem
983 3428 1214 3500 primum
1242 3423 1399 3478 dares
1423 3421 1615 3475 anima:
1644 3428 1768 3486 tum,
1796 3426 1852 3473 et
1870 3417 1952 3472 fa-

369 3546 522 3588 ceres
553 3543 675 3587 eutn
719 3525 813 3582 illa
851 3519 1283 3594 elemosynam?
1307 3516 1369 3587 Si.
1404 3529 1531 3586 ergo
1560 3513 1756 3578 credis,
1786 3512 1954 3567 debes

371 3625 565 3688 facere,
595 3630 653 3676 ut
679 3618 827 3689 prius
852 3628 1037 3687 pascas
1064 3613 1294 3668 animam
1325 3617 1492 3663 tuam.
1516 3604 1689 3662 Crede
1713 3605 1766 3658 in
1793 3602 1950 3658 Chri-

373 3725 545 3778 stum;
573 3721 631 3768 et
654 3707 1054 3766 mandabantur
1079 3719 1199 3774 quae
1226 3702 1366 3755 intus
1390 3707 1534 3764 sunt,
1580 3705 1639 3753 et
1677 3710 1796 3765 qua!
1824 3693 1954 3749 foris

369 3814 496 3862 sunt
519 3802 711 3859 munda
735 3809 913 3858 erunt.
943 3793 1199 3853 Conversi
1231 3792 1297 3847 ad
1323 3789 1608 3846 Dominum
1631 3789 1674 3854 ',
1707 3795 1803 3842 etc.

899 3930 1129 3991 SERMO
1164 3928 1299 3986 cvu
1332 3931 1350 3951 ο
1384 3926 1479 3999 (α).

373 4054 453 4110 De
496 4052 655 4108 teritis
699 4047 959 4120 Evangelii
999 4044 1182 4106 Lucae,
1214 4041 1348 4115 Dico
1376 4038 1558 4103 vobis,
1589 4035 1851 4091 abstinete
1885 4035 1955 4091 ab

655 4140 800 4197 omni
828 4137 1067 4193 avaritia.
1096 4134 1223 4204 Cap.
1250 4147 1343 4195 xu,
1385 4130 1419 4200 Ῡ
1445 4171 1459 4185 .
1489 4126 1670 4184 lli-2|.

437 4254 663 4313 CAPUT
713 4248 998 4308 PRIMUM.
1043 4274 1118 4288 —-
1158 4246 1209 4301 ί.
1257 4243 1572 4312 Prmcepntm
1628 4241 1691 4295 de
1734 4237 1955 4294 cavenda

369 4348 508 4402 omni
542 4344 773 4399 auaritia.
809 4340 910 4410 Qui
954 4338 1119 4393 Deum
1166 4335 1393 4399 timetis,
1441 4346 1549 4385 non
1601 4329 1784 4385 dubito
1826 4328 1953 4398 quin

366 4439 593 4496 verbum
630 4434 747 4503 eius
772 4447 893 4487 cum
925 4429 1115 4483 timore
1153 4423 1411 4482 audiatis.
1439 4430 1494 4476 et
1532 4434 1650 4475 cum
1693 4418 1956 4474 hilaritate

369 4528 607 4589 faciatis;
638 4531 698 4578 ut
721 4520 863 4591 quod
892 4515 1157 4591 promisit,
1191 4510 1352 4569 modo
1380 4511 1628 4581 speretis,
1661 4518 1781 4579 post
1811 4510 1953 4564 acci-

367 4619 546 4693 piatis.
572 4616 848 4672 Dominnm
872 4608 1031 4666 modo
1045 4605 1343 4662 audivimus
1360 4602 1754 4673 praecipientem
1772 4601 1949 4667 nobis,

368 4692 641 4767 Christum
669 4705 849 4761 Iesum
888 4702 1050 4757 lilium
1092 4697 1204 4753 Dei.
1247 4694 1504 4763 Prtecepit
1528 4692 1683 4747 nobis
1714 4692 1951 4759 Veritas,

370 4818 491 4874 qua:
518 4816 618 4857 nec
646 4797 794 4864 fallit,
819 4809 917 4850 nec
940 4791 1175 4848 fallitur:
1204 4788 1499 4852 audiamus,
1532 4786 1832 4850 timeamus,
1858 4801 1952 4839 ea.

375 4908 615 4951 veatnus.
644 4888 782 4957 Quid
810 4901 938 4959 ergo
962 4882 1249 4956 pracepit?
1277 4879 1425 4947 Dico,
1442 4878 1629 4948 inquit,
1657 4875 1813 4944 vobis,
1836 4878 1951 4932 absv

370 4988 521 5044 tineis
556 4983 620 5040 ab
659 4982 796 5039 omni
840 4978 1073 5034 avaritia.
1116 4973 1255 5042 Quid
1293 4981 1408 5035 est,
1444 4972 1508 5025 ab
1534 4970 1671 5025 omni
1703 4969 1958 5023 avaritia!

368 5076 507 5147 Quid
531 5083 635 5143 est,
651 5071 715 5128 ab
729 5070 864 5126 annui
877 5069 903 5124 t
918 5067 1093 5137 Quare
1111 5063 1331 5125 addidit,
1348 5061 1414 5116 ab
1426 5059 1561 5115 anmi
1570 5061 1596 5115 7
1611 5059 1798 5115 Posset
1813 5060 1955 5114 enim

369 5169 450 5225 sic
481 5166 693 5232 dicere,
717 5163 915 5218 Cavete
946 5158 1014 5213 ab
1046 5155 1287 5212 avaritia.
1331 5152 1593 5207 Pertinuit
1620 5148 1687 5205 ad
1712 5165 1832 5205 eum
1854 5191 1870 5218 ,
1900 5158 1958 5203 ut

432 5300 447 5328 ⁸
478 5305 576 5346 Arn.
597 5300 675 5343 Er.
700 5298 755 5342 et
774 5298 903 5350 tum,
926 5291 971 5339 et
994 5284 1217 5337 crederes
1243 5279 1511 5350 (tantitanti.

430 5362 451 5391 '
475 5341 686 5408 tanta)
705 5341 815 5408 post
832 5341 1086 5401 sermones
1105 5352 1337 5408 consueta
1361 5343 1437 5392 hic
1459 5341 1676 5408 in_editis
1692 5347 1744 5390 et
1755 5348 1864 5391 Mss.
1881 5352 1961 5408 re-

403 5402 691 5470 mséﬁt'iu'r
707 5402 920 5475 intesta.
944 5409 1032 5475 Sed
1052 5417 1152 5475 n91!
1168 5406 1309 5475 sititer
1346 5402 1724 5475 θιειῖιθέξθιξεὲξιν
1744 5403 1961 5475 intra.“

403 5437 691 5470 Ηυδθιιιιιυῐ
714 5437 920 5475 uetusta,
944 5437 1032 5460 βω
1057 5437 1152 5457 uuu
1168 5437 1301 5455 ιιιιινι
1346 5437 1496 5466 ειμι-ιν
1516 5437 1714 5451 ..ι-υνυς..
1744 5437 1889 5463 ..ι-γ.-
1912 5437 1955 5451 ..ι

370 5437 466 5531 iure
494 5477 733 5531 sermonis
752 5476 831 5534 6'7,
865 5468 1114 5535 nisidquod
1138 5467 1215 5517 hic
1245 5467 1294 5515 in
1316 5462 1480 5535 multis
1501 5461 1641 5534 libris
1656 5465 1721 5535 ita
1740 5464 1919 5535 desinit
1944 5477 1955 5535 :_

374 5524 465 5591 'i'é;
484 5524 1085 5591 'Ebrist'tttnr‘iliinn
1107 5540 1261 5588 suum,
1286 5528 1369 5592 qui
1390 5539 1500 5577 cum
1520 5537 1576 5575 eo
1597 5524 1704 5575 risit
1725 5532 1769 5575 et
1795 5531 1960 5588 regnat

369 5602 420 5653 in
444 5602 622 5652 sarcula
642 5598 944 5652 retentorum.
987 5605 1138 5646 «men.

441 5663 737 5733 igastigaurs
851 5660 908 5707 ad
930 5656 990 5705 cl.
1016 5652 1249 5733 grd'litn.
1267 5657 1498 5733 fartim.

436 5725 508 5785 ta)
544 5710 681 5781 Alias,
704 5723 766 5771 de
790 5710 1163 5784 't‘emtorc‘lllfi,
1191 5724 1241 5764 ct
1263 5716 1325 5761 de
1350 5712 1558 5763 Diversis
1582 5710 1656 5760 ΞΕ.

1620 321 1677 375 S.
1718 306 2076 375 Αυουδτικι
2121 311 2426 373 ΕΡΙΒΕΟΡΙ

3552 319 3653 377 (9.8

2076 426 2295 484 adderet
2311 471 2325 493 ,
2357 429 2419 484 ab
2446 430 2617 496 omni;
2645 439 2695 486 ct
2722 430 2953 496 diceret,
2976 429 3155 487 Cavete
3174 432 3237 485 ab
3260 430 3403 486 enati
3421 430 3646 486 milia

2141 519 2196 573 2.
2241 519 2356 588 Qua
2382 523 2641 577 occasione
2667 523 2841 578 datum
2869 539 2903 577 α
2924 521 3144 579 Christo.
3174 520 3354 590 Quare
3382 521 3483 578 hoc
3499 522 3644 578 dise-

2072 611 2161 676 rit,
2191 612 2336 666 velut
2362 614 2576 668 occasio
2605 613 2716 684 ipsa
2742 613 2883 670 unde
2910 623 3065 669 natus
3096 622 3181 670 est
3202 628 3414 682 sermo,
3436 627 3649 686 apparet

2071 699 2225 757 nobis
2271 702 2324 758 in
2365 706 2554 759 sancto
2591 704 2901 776 Evangelia.
2950 703 3311 774 interpellavit
3349 705 3493 760 enim
3531 720 3656 761 eun:

2069 791 2281 861 quidam
2307 802 2489 849 contra
2519 795 2740 851 fratrem
2763 809 2938 863 suum,
2965 795 3055 867 qui
3082 802 3247 849 totum
3272 794 3657 867 patrimonium

2068 884 2377 952 abstulerat,
2407 897 2461 943 et
2503 887 2655 944 fratri
2689 903 2787 944 suo
2829 898 3031 960 partem
3058 905 3207 944 suam
3242 905 3346 945 non
3372 888 3654 945 reddebat.

2066 975 2236 1042 Quam
2262 978 2452 1034 bonam
2478 995 2606 1052 ergo
2630 996 2845 1037 causam
2872 979 3117 1038 habuerit
3136 981 3237 1038 iste
3266 981 3654 1052 interpellatur,

2067 1070 2364 1127 advertitis.
2393 1071 2508 1129 Non
2546 1074 2689 1129 enim
2712 1088 2900 1145 rapere
2925 1073 3192 1144 qumrebat
3214 1073 3406 1138 aliena,
3435 1073 3532 1130 sed
3558 1087 3655 1129 sua

2066 1175 2096 1215 a
2123 1163 2428 1232 parentibus
2452 1163 2551 1219 sibi
2572 1164 2755 1219 relicta
2782 1163 3090 1235 quaerebat:
3114 1164 3225 1233 ipsa
3244 1162 3471 1218 Domino
3491 1163 3658 1219 inter-

2068 1254 2260 1324 pellata
2294 1263 2348 1311 et
2372 1255 2643 1325 iudicante
2686 1255 2958 1327 poscebat.
2995 1253 3239 1311 Habebat
3263 1253 3504 1325 iniquum
3542 1252 3655 1309 fra-

2068 1354 2200 1399 trem
2226 1363 2239 1399 :
2269 1344 2361 1400 sed
2393 1345 2593 1416 justum
2627 1345 2859 1417 judicent
2896 1345 3171 1400 invenerat
3200 1354 3386 1399 contra
3414 1344 3653 1414 iniquum

2065 1434 2303 1490 fratrem.
2331 1435 2555 1491 Deberet
2570 1451 2698 1507 ergo
2714 1435 2936 1506 perdere
2960 1434 3011 1490 in
3030 1443 3136 1490 tam
3163 1433 3298 1489 bona
3318 1447 3479 1490 causa
3496 1432 3652 1489 istam

2063 1523 2398 1582 occisionem
2411 1525 2448 1580 l'
2464 1526 2569 1581 Aut
2589 1525 2707 1597 quis
2728 1524 2934 1581 diceret
2966 1524 3112 1579 fratri
3139 1524 3253 1594 eius
3271 1565 3286 1588 ,
3318 1523 3503 1579 lled’de
3530 1538 3653 1595 par-

2065 1627 2170 1675 tem
2194 1634 2346 1675 suam
2378 1618 2525 1675 fratri
2549 1627 2659 1684 tuo,
2691 1618 2735 1674 si
2762 1617 3003 1673 Christus
3030 1632 3135 1672 non
3171 1616 3415 1672 diceret?
3446 1614 3544 1672 ille
3561 1616 3651 1683 jn-

2063 1710 2165 1765 dex
2196 1708 2297 1765 hoc
2319 1709 2555 1765 dicturus
2579 1717 2723 1774 erat,
2754 1723 2914 1779 quem
2949 1706 3085 1763 forte
3110 1705 3273 1763 frater
3295 1705 3456 1761 ditior
3480 1714 3538 1762 et
3562 1721 3650 1762 ra-

2065 1809 2184 1869 ptor
2204 1799 2422 1870 praemio
2444 1798 2859 1869 corrumpebat?
2876 1797 3032 1853 Miser
3051 1812 3178 1868 ergo
3202 1804 3258 1852 et
3282 1796 3516 1867 paternis
3535 1797 3648 1868 opi-

2061 1892 2162 1947 bus
2185 1891 2467 1947 destitutus
2489 1890 2580 1946 tali
2608 1905 2671 1946 ac
2698 1898 2845 1945 tanto
2866 1888 3045 1961 judice
3071 1889 3287 1943 invento
3311 1887 3541 1955 accedit,
3568 1889 3651 1942 in-

2063 1983 2326 2053 terpellat,
2353 1990 2524 2054 rogat,
2549 1996 2766 2037 musam
2786 1995 2934 2036 suam
2954 1978 3268 2036 brevissime
3290 1978 3529 2048 exponit.
3554 1974 3648 2035 Ut-

2060 2071 2185 2147 quid
2240 2074 2385 2132 enim
2425 2087 2562 2145 opus
2611 2082 2727 2129 erat
2772 2086 2985 2128 causam
3018 2085 3302 2142 perorare,
3346 2069 3561 2140 quando
3597 2069 3645 2125 ei

2061 2163 2398 2236 loquebatur,
2425 2165 2515 2235 qui
2534 2179 2629 2221 cor
2651 2170 2856 2233 poterat
2880 2171 2935 2217 et
2949 2159 3132 2216 videre
3143 2158 3179 2214 τ
3190 2156 3426 2223 Domine,
3456 2158 3643 2229 inquit,

2060 2257 2142 2312 dic
2166 2258 2313 2327 fratri
2337 2274 2446 2312 meo
2464 2299 2480 2325 ,
2516 2267 2571 2311 ut
2599 2254 2791 2311 dividat
2830 2270 3025 2309 mecum
3051 2252 3411 2307 hereditatem.
3442 2249 3568 2307 Non
3594 2251 3644 2306 ei

2058 2347 2192 2402 dixit
2233 2348 2505 2415 Dominus,
2540 2346 2728 2402 Veniat
2763 2345 2933 2400 frater
2961 2353 3102 2399 tuus.
3126 2342 3233 2399 Sed
3265 2356 3365 2398 nec
3392 2342 3558 2408 misit,
3591 2351 3646 2397 ut

2058 2437 2293 2503 adesset,
2316 2445 2408 2491 aut
2435 2452 2555 2494 cum
2578 2436 2853 2500 adfuisset,
2883 2434 3264 2504 interpellatori
3295 2432 3448 2498 dixit,
3473 2432 3642 2488 Proba

2058 2527 2199 2597 quod
2225 2528 2459 2584 dicebas.
2488 2528 2708 2584 Petebat
2726 2526 2997 2582 dimidiam
3018 2524 3400 2591 hereditatem,
3429 2523 3645 2595 petebat

2060 2618 2111 2673 in
2136 2628 2272 2673 terra
2301 2618 2572 2673 dimidiam
2598 2636 2617 2673 ε
2640 2618 2691 2673 in
2720 2617 2864 2673 calo
2891 2614 3151 2671 Dominus
3173 2614 3431 2670 olferebat
3455 2621 3641 2669 totam.

2059 2711 2185 2766 Plus
2208 2710 2459 2765 Dominus
2484 2710 2662 2775 dabat,
2693 2724 2849 2779 quam
2878 2707 2967 2761 ille
2989 2706 3306 2776 postulabat.

2126 2800 2353 2857 CAPUT
2391 2800 2455 2855 ll.
2469 2800 2604 2855 -—5.
2636 2799 2835 2853 Divisae
2858 2797 3164 2852 hereditatis
3183 2795 3413 2850 Christus
3427 2810 3538 2849 esse
3552 2809 3640 2848 na-

2059 2892 2167 2949 lens
2188 2892 2311 2960 quid
2334 2892 2529 2947 doceat.
2557 2890 2839 2946 Donatista
2865 2885 3310 2944 natantum—Dic
3334 2888 3483 2959 fratri
3511 2903 3637 2953 mea,

2057 2994 2112 3040 ut
2138 2985 2327 3040 dividat
2347 3000 2539 3039 mecum
2558 2982 2918 3038 luereditatem.
2948 2979 3119 3036 Causa
3143 2979 3308 3049 justa,
3337 2992 3499 3032 causa
3523 2977 3641 3033 bre-

2057 3076 2158 3131 vis.
2189 3075 2294 3133 Sed
2314 3074 2592 3132 audiamus
2615 3082 2671 3131 et
2693 3071 3021 3144 judicantem
3045 3078 3102 3125 et
3124 3068 3424 3125 docentem.
3453 3066 3640 3132 Homo,

2056 3169 2149 3234 ait,
2185 3166 2354 3222 Homo
2390 3182 2410 3222 :
2437 3166 2525 3237 qui
2549 3165 2692 3221 enim
2721 3177 2819 3235 pro
2847 3176 3043 3233 magno
3080 3160 3244 3217 habes
3281 3158 3438 3216 istam
3467 3156 3644 3212 luem-

2056 3257 2298 3321 ditatem,
2336 3255 2462 3328 quid
2482 3270 2541 3311 es
2565 3254 2665 3311 nisi
2694 3251 2894 3309 homo?
2923 3250 3148 3307 Volebat
3174 3250 3322 3305 illum
3349 3247 3530 3303 facere
3549 3247 3646 3301 ali.

2056 3349 2181 3419 quid
2221 3348 2343 3420 plus
2378 3361 2538 3418 quam
2578 3354 2663 3402 est
2701 3346 2881 3417 homo.
2920 3341 3057 3410 Quid
3098 3340 3215 3411 plus
3253 3338 3402 3393 illum
3431 3338 3645 3392 volebat

2057 3437 2255 3503 facere,
2279 3437 2364 3492 cui
2388 3434 2601 3491 volebat
2635 3432 2910 3488 avaritiam
2951 3428 3183 3485 tollere?
3211 3427 3347 3496 Quid
3370 3442 3495 3482 eum
3525 3425 3643 3496 plus

2056 3528 2268 3585 volebat
2294 3525 2497 3582 facere?
2523 3524 2651 3581 Dico
2676 3522 2863 3579 vobis:
2895 3519 3007 3593 Ego
3038 3520 3166 3585 dixi,
3199 3519 3275 3572 dii
3314 3519 3454 3583 estis,
3481 3525 3527 3571 et
3545 3516 3645 3586 ﬁlii

2058 3617 2303 3673 Altissimi
2324 3632 2493 3671 omnes
2522 3612 2690 3688 (Psal.
2714 3610 2924 3683 LXXXI).
2948 3610 3087 3666 Ecce
3111 3608 3252 3680 quod
3282 3622 3404 3663 eum
3431 3607 3645 3661 volebat

2058 3710 2255 3779 facere,
2282 3708 2419 3764 inter
2436 3707 2564 3765 deos
2584 3719 2865 3761 numerare
2884 3703 2972 3773 qui
2998 3700 3272 3756 avaritiam
3293 3714 3399 3753 non
3420 3697 3587 3753 habet
3603 3700 3642 3751 '.

2059 3802 2248 3869 Homo,
2277 3803 2388 3875 quis
2415 3817 2494 3854 me
2516 3798 2768 3854 constituit
2797 3796 3062 3850 divisorem
3095 3794 3224 3847 inter
3247 3791 3370 3846 vos!
3409 3791 3477 3846 Et
3504 3791 3644 3846 Pan-

2059 3895 2143 3952 lus
2169 3893 2439 3968 apostolus
2459 3905 2645 3947 servus
2674 3886 2838 3960 ipsius
2856 3929 2872 3954 ,
2907 3883 3120 3959 quando
3141 3882 3388 3947 dicebat,
3422 3881 3643 3936 Obsecro

2057 4002 2164 4051 vos,
2187 3990 2391 4055 fratres,
2415 3991 2472 4037 ut
2491 3981 2708 4051 idipsunt
2734 3977 2913 4032 dicatis
2934 3990 3106 4031 omnes
3123 4014 3141 4042 ,
3163 3983 3330 4028 etnon
3349 3971 3451 4027 sint
3470 3971 3526 4026 in
3556 3986 3645 4025 ro-

2059 4079 2133 4131 bis
2169 4076 2480 4140 schismata,
2505 4070 2718 4128 nolebat
2754 4082 2876 4128 esse
2910 4066 3135 4123 divisor.
3171 4057 3408 4133 Denique
3434 4063 3647 4117 monnit

2059 4183 2159 4225 eos
2178 4167 2265 4237 qui
2289 4164 2356 4221 ad
2386 4164 2548 4234 ipsius
2576 4176 2771 4216 nomen
2794 4156 3099 4223 currebant,
3125 4164 3180 4212 et
3205 4153 3476 4210 Christum
3503 4152 3644 4207 divi-

2058 4256 2291 4313 debant:
2331 4253 2680 4323 Unusquisque
2720 4260 2935 4306 vestrum
2964 4248 3117 4312 dicit,
3159 4244 3268 4317 Ego
3300 4261 3415 4299 sunt
3454 4241 3642 4309 Pauli,

2058 4367 2149 4423 ego
2179 4348 2389 4419 Apollo,
2428 4364 2518 4416 ego
2546 4344 2755 4416 (Iephte,
2784 4358 2876 4414 ego
2915 4340 3118 4396 Christi.
3148 4336 3351 4391 Diaisus
3385 4347 3457 4391 est
3492 4335 3646 4390 Citri-

2057 4442 2205 4497 stus?
2244 4437 2504 4509 Numquid
2531 4434 2729 4489 Paulus
2755 4449 2844 4504 pro
2871 4431 3005 4486 vobis
3033 4427 3307 4496 crucifixus
3340 4437 3411 4479 est
3429 4425 3455 4479 ἶ)
3474 4436 3565 4479 aut
3593 4427 3651 4479 in

2059 4533 2259 4586 nomine
2287 4528 2441 4583 Pauli
2470 4526 2707 4596 baptizari
2736 4523 2853 4578 estis
2881 4522 2901 4592 (
2926 4522 2945 4576 Ι
2974 4520 3093 4575 Cor.
3124 4534 3163 4586 ι,
3186 4515 3424 4588 50-13)?
3456 4515 3646 4570 Videte

2002 4632 2011 4637 ‘
2057 4636 2219 4693 ergo,
2260 4635 2417 4690 quam
2449 4617 2574 4672 mali
2601 4618 2710 4671 sint
2737 4613 3012 4675 homines,
3038 4610 3127 4682 qui
3158 4610 3340 4665 volunt
3364 4622 3486 4663 esse
3510 4607 3649 4663 divi-

2059 4727 2198 4777 sum,
2223 4710 2315 4781 qui
2342 4708 2511 4763 noluit
2544 4722 2666 4761 esse
2698 4703 2919 4759 divisor.
2954 4701 3080 4768 Quis
3109 4716 3205 4766 me,
3237 4698 3426 4770 inquit,
3450 4699 3647 4753 consti-

2059 4805 2152 4858 tuit
2171 4803 2434 4857 divisorem
2452 4800 2582 4853 inter
2600 4814 2688 4852 vos
2701 4798 2727 4850 1'
3196 4855 3203 4864 ,

2129 4893 2356 4952 CAPUT
2394 4892 2482 4949 Ill.
2509 4922 2580 4932 —
2621 4892 2674 4946 4.
2713 4888 2952 4944 Avaritia:
2987 4887 3261 4941 damnatur
3297 4884 3383 4955 qui
3424 4883 3506 4937 sei
3550 4900 3645 4938 sua

2060 4989 2245 5062 cupide
2293 4994 2479 5042 servat.
2530 4983 2714 5039 Petisti
2759 4979 3077 5037 beneficium
3114 4995 3127 5031 :
3168 4975 3289 5031 audi
3333 4974 3642 5030 consilium.

2063 5082 2175 5154 Ego
2208 5078 2319 5133 dico
2347 5076 2518 5142 vobis,
2546 5084 2712 5130 cauete
2748 5073 2811 5127 ab
2849 5071 2986 5127 omni
3019 5069 3311 5141 cupiditate.
3339 5066 3534 5130 Forte,
3567 5067 3647 5121 in-

2061 5174 2196 5244 quit,
2228 5180 2284 5225 tu
2311 5183 2527 5224 avarum
2557 5174 2612 5221 et
2635 5163 2886 5235 cupidum
2911 5160 3137 5225 diceres,
3159 5159 3203 5215 si
3231 5166 3498 5230 qumreret
3515 5158 3647 5214 alie-

2063 5280 2168 5319 na:
2201 5276 2301 5332 ego
2325 5268 2503 5316 autem
2528 5257 2670 5324 dico,
2700 5255 2890 5325 cupide
2914 5263 2969 5310 et
2991 5268 3148 5308 avare
3169 5268 3273 5307 non
3299 5260 3520 5320 appetas
3544 5263 3647 5305 nec

2064 5364 2173 5409 tua.
2203 5353 2315 5408 Hoc
2339 5359 2442 5417 est,
2462 5350 2526 5404 ab
2550 5347 2707 5403 omni.
2735 5345 2933 5411 Cavete,
2959 5344 3147 5414 inquit,
3169 5342 3233 5397 ab
3252 5341 3389 5395 omni
3410 5341 3645 5394 auaritia.

2064 5446 2308 5516 Magnum
2334 5439 2563 5513 pondus.
2595 5438 2654 5496 Si
2680 5436 2818 5493 forte
2844 5436 2945 5491 hoc
2979 5434 3185 5505 pondus
3224 5429 3450 5486 inﬁmis
3475 5430 3650 5501 impo-

2065 5539 2237 5600 nitur;
2282 5541 2499 5605 rogetur
2530 5542 2588 5587 ut
2623 5530 2711 5602 qui
2750 5530 2996 5600 imponit,
3029 5529 3166 5582 vires
3207 5525 3335 5580 dare
3376 5523 3647 5594 dignetur.

2121 5698 2136 5729 ⁸
2162 5708 2269 5755 Am.
2302 5714 2346 5755 at
2371 5712 2461 5763 Exn,
2490 5717 2579 5754 non
2603 5701 2787 5753 habent.
