3852 6182
177 343 324 408 69,

184 463 286 519 Son
313 461 458 518 enim
487 459 676 516 leviter
692 455 992 514 habendum
1027 463 1138 518 est,
1167 454 1356 509 fratres
1384 451 1514 518 mei,
1537 450 1749 522 quando

183 554 424 609 Dominus
465 559 669 612 noster,
703 547 1026 618 Redemptor
1052 553 1253 610 noster,
1281 542 1526 599 Salvator
1549 549 1747 605 noster,

178 645 256 715 qui
288 650 532 698 mortuus
555 649 758 712 estpro
779 639 956 705 nobis,
984 637 1073 708 qui
1112 635 1421 706 sanguinem
1447 647 1600 688 suum
1633 648 1752 701 pre-

178 741 296 791 tium
321 735 494 800 dedit,
522 743 579 788 ut
607 732 896 788 redimeret
923 743 1021 784 nos
1037 769 1051 796 ,
1079 727 1365 783 advocatus
1388 734 1442 780 et
1464 723 1628 794 judex
1655 737 1748 776 no-

178 839 306 891 ster;
339 842 450 880 non
496 834 580 879 est
622 824 774 888 leve,
817 821 1036 892 quando
1061 819 1219 884 dicit,
1250 816 1446 872 Cavete.
1474 814 1629 870 Novit
1664 814 1750 868 ille

176 924 418 987 quantum
451 913 578 969 mali
611 915 680 969 sit
713 932 728 968 :
773 927 872 968 nos
900 927 1004 966 non
1044 911 1318 972 novimus;
1349 908 1421 962 illi
1447 905 1746 962 credamus.

171 1011 362 1072 Cauete.
411 1008 606 1078 inquit.
635 1005 810 1072 Quid?
835 1003 1016 1059 unde?
1056 1003 1128 1056 Ab
1155 1001 1294 1055 omni
1319 999 1550 1054 auaritia.
1577 997 1746 1051 Meum

172 1115 338 1166 servo,
363 1115 475 1152 non
496 1097 728 1152 alienum
753 1096 899 1151 tolio.
923 1092 1107 1148 Cavete.
1126 1091 1187 1146 ab
1214 1090 1352 1146 omni
1374 1088 1604 1142 avaritia.
1632 1086 1747 1141 Non

172 1193 346 1247 solum
369 1204 570 1243 avarus
599 1196 680 1242 est
703 1187 795 1257 qui
830 1187 967 1256 rapit
1006 1184 1210 1248 aliena;
1239 1182 1332 1237 sed
1361 1190 1415 1237 et
1441 1180 1526 1234 ille
1557 1193 1749 1234 avarus

165 1289 242 1336 est
262 1280 358 1350 qui
384 1278 583 1348 cupide
607 1287 785 1332 servat
816 1291 932 1330 sua.
973 1274 1076 1330 Sed
1102 1274 1147 1328 si
1171 1274 1249 1328 sic
1271 1273 1514 1341 culpatur
1537 1269 1628 1341 qui
1649 1284 1746 1324 cu.-

167 1370 289 1440 pidc
315 1377 497 1425 servat
518 1382 648 1429 sua;
673 1364 940 1436 quomodo
957 1363 1240 1418 damnatur
1264 1361 1353 1431 qui
1381 1361 1520 1429 rapit
1541 1358 1747 1413 alit-na?

167 1459 370 1524 Cauete,
403 1459 587 1528 inquit,
617 1457 679 1511 ab
697 1457 800 1511 emi
815 1456 1091 1526 cupiditate
1110 1471 1130 1508 :
1152 1454 1272 1523 quia
1288 1469 1392 1506 non
1411 1453 1462 1505 in
1481 1450 1746 1504 abundan-

174 1551 241 1603 tia
263 1549 481 1603 beluinis
506 1558 578 1603 est
608 1549 706 1601 rita
727 1549 840 1618 ejus
861 1562 930 1600 ea:
948 1547 1026 1599 his
1053 1560 1164 1613 qua:
1188 1542 1254 1596 ibi
1281 1542 1445 1596 habet.
1476 1541 1632 1595 Multa
1657 1541 1745 1610 qui

176 1638 432 1700 rcumdit.
455 1646 708 1708 quantum
734 1635 861 1692 inde
883 1636 1016 1689 tollit
1038 1645 1094 1688 ut
1114 1633 1292 1688 vivat?
1316 1633 1446 1690 Cum
1469 1631 1647 1686 tuli-rit
1664 1630 1747 1684 in-

177 1729 260 1794 de,
307 1737 366 1784 et
410 1727 640 1798 quodam
690 1725 848 1780 modo
888 1724 1207 1795 cogitatione
1239 1720 1562 1794 separaverit
1603 1719 1744 1790 quod

183 1818 395 1873 sufﬁciat
423 1817 562 1872 unde
589 1817 746 1881 vivat,
771 1815 946 1872 videat
970 1823 1160 1870 caztera
1190 1813 1275 1868 cui
1303 1818 1646 1868 remaneant:
1678 1825 1745 1865 ne

187 1910 308 1965 forte
344 1925 463 1963 cum
491 1923 678 1962 servas
704 1907 844 1962 unde
873 1906 1039 1973 vivas,
1065 1905 1282 1975 colligas
1311 1902 1450 1959 unde
1477 1901 1740 1957 moriaris.

192 2001 312 2056 Ecce
331 2001 594 2065 Christus,
610 2014 737 2054 ecce
759 1997 974 2064 veritas,
1002 2011 1127 2052 ecce
1143 1996 1418 2051 severitas.
1444 1994 1642 2061 Cavete,
1663 1995 1745 2048 di-

191 2092 256 2147 cit
277 2092 461 2146 veritas
485 2110 500 2146 :
521 2089 717 2155 Cavete,
757 2089 883 2145 dicit
910 2090 1186 2144 severitas.
1213 2088 1270 2143 Si
1299 2102 1403 2141 non
1431 2102 1576 2142 amas
1604 2086 1743 2141 veri-

197 2193 365 2247 tatem,
392 2184 518 2238 time
554 2182 913 2238 severitatem.
957 2179 1079 2235 Non
1117 2182 1167 2234 in
1197 2180 1504 2234 abundantia
1529 2178 1744 2232 hominis

193 2286 256 2330 est
277 2277 366 2329 rita
383 2278 491 2346 ejus
512 2292 580 2330 ex
599 2275 677 2328 his
711 2289 823 2339 qua
849 2274 1012 2327 habet.
1049 2273 1217 2328 Crede
1247 2273 1352 2335 illi,
1385 2286 1489 2325 non
1520 2279 1572 2325 te
1593 2270 1739 2324 fallit.

193 2365 362 2420 Cmitra
401 2375 454 2419 tu
487 2366 662 2420 dicis?
684 2365 798 2420 imo
824 2364 876 2418 in
905 2364 1224 2420 abundantia
1251 2361 1483 2417 hominis
1516 2369 1601 2416 est
1637 2362 1743 2414 vita

193 2458 294 2526 ejus
313 2474 372 2512 ex
403 2458 484 2512 his
508 2473 630 2528 qua:
655 2457 831 2513 habet.
860 2455 954 2512 Ille
987 2467 1040 2512 te
1075 2472 1178 2510 non
1217 2455 1349 2509 fallit
1377 2473 1390 2508 :
1425 2462 1480 2508 tu
1507 2463 1557 2509 te
1585 2453 1740 2507 fallis.

253 2547 462 2603 CAPUT
504 2546 594 2602 IV.
643 2578 715 2588 —
752 2549 806 2604 5.
853 2547 1004 2602 Dives
1042 2546 1334 2617 imprudens
1373 2545 1460 2615 qui
1497 2559 1744 2599 reseruare

192 2639 422 2708 proponit,
445 2655 550 2693 non
593 2654 818 2709 erogare.
865 2637 945 2691 Ex
975 2637 1072 2692 hac
1101 2653 1227 2707 ergo
1265 2636 1580 2700 occasione,
1622 2634 1742 2705 quia

199 2727 533 2796 interpellator
560 2727 652 2782 ille
675 2737 878 2797 partem
895 2725 1360 2797 suam/qumrebat,
1389 2740 1496 2779 nou
1519 2724 1742 2779 alienam

191 2814 422 2872 invadere
443 2817 725 2888 cupiebat,
758 2824 878 2871 nata
911 2824 994 2872 est
1018 2817 1117 2871 ista
1142 2816 1400 2871 sententia
1426 2813 1656 2880 Domini,
1683 2823 1744 2868 ut

187 2921 282 2960 non
305 2904 525 2971 diceret,
557 2904 735 2960 Cavete
757 2905 825 2962 ab
859 2905 1101 2972 avaritia,
1129 2904 1221 2960 sed
1252 2903 1488 2970 adderet,
1518 2903 1580 2957 ab
1609 2903 1744 2958 omni

189 2999 395 3050 «urina.
426 2998 621 3052 Parum
648 2997 746 3052 fuit
777 3014 790 3050 :
819 2997 910 3052 dat
942 2997 1168 3053 alterum
1199 2996 1497 3066 exemplum
1523 2995 1591 3050 de
1615 3009 1747 3065 quo-

186 3089 294 3143 dam
325 3089 505 3155 divite,
537 3090 624 3144 cui
647 3097 982 3146 successerat
1007 3089 1174 3160 regio.
1204 3089 1346 3151 Erat.
1379 3089 1567 3159 inquit,
1597 3089 1744 3142 homo

187 3180 323 3243 dives,
349 3182 430 3235 cui
451 3189 754 3235 successerat
778 3181 936 3252 regio.
964 3180 1102 3250 Quid
1142 3188 1256 3245 est,
1280 3182 1622 3234 successerat?
1641 3180 1748 3234 Ma!

185 3287 305 3339 gnos
338 3272 538 3328 fructus
579 3272 831 3328 attulerat
872 3272 1018 3342 regio
1049 3286 1206 3342 quam
1231 3270 1550 3340 possidebat.
1577 3272 1744 3337 Quam

186 3378 385 3433 ningues
404 3362 646 3419 ﬂuctus?
675 3363 741 3419 Ut
762 3378 867 3418 non
890 3362 1154 3417 inveniret
1175 3362 1264 3417 ubi
1292 3370 1513 3430 poneret
1537 3381 1548 3415 :
1580 3361 1746 3415 factus

183 3462 257 3506 est
279 3454 444 3508 subito
455 3471 560 3525 per
578 3453 955 3509 abundantiam
975 3461 1250 3525 angustus,
1271 3467 1462 3508 avarus
1477 3453 1744 3522 antiqmts.

182 3543 309 3611 Quot
333 3548 470 3601 enim
500 3547 625 3601 anni
645 3546 756 3616 jam
782 3544 1134 3610 transierant,
1157 3553 1210 3600 et
1237 3554 1410 3600 tamen
1439 3545 1626 3599 horrea
1661 3545 1745 3598 illa

183 3636 518 3691 suﬂ'ecerant?
541 3636 768 3692 Tantum
793 3650 922 3706 ergo
944 3644 1127 3690 natum
1152 3643 1255 3700 est,
1282 3643 1340 3689 ut
1368 3635 1480 3691 loca
1505 3649 1608 3688 non
1635 3634 1746 3688 suf-

184 3724 386 3782 ﬁcerent
414 3743 534 3798 qua:
563 3725 824 3782 solebant.
862 3725 928 3780 Et
949 3723 1223 3796 quaerebat
1249 3723 1526 3780 consilium
1559 3724 1741 3788 miser,

179 3831 280 3869 non
319 3816 583 3887 quomodo
626 3825 870 3888 erogaret
911 3817 1051 3888 quod
1093 3817 1210 3887 plus
1236 3824 1416 3870 natum
1459 3824 1607 3881 erat,
1649 3814 1744 3870 sed

177 3907 428 3974 quomodo
452 3917 797 3964 reservaret:
830 3916 887 3964 et
907 3907 1187 3979 cogitando
1215 3907 1416 3962 invenit
1441 3906 1740 3961 consilium.

179 3996 333 4064 Quasi
361 4000 574 4070 sapiens
600 3999 702 4056 sibi
741 4000 886 4056 visus
917 4008 1032 4064 est,
1073 3998 1395 4054 inveniendo
1441 3997 1739 4052 consilium.

178 4087 458 4146 Prudenter
476 4091 745 4161 cogitavit,
772 4091 1042 4161 sapienter
1061 4088 1206 4145 vidit.
1229 4088 1363 4157 Quid
1385 4087 1512 4142 vidit
1536 4087 1743 4156 sapien-

176 4181 288 4234 ter?
309 4180 596 4248 Destruam,
614 4182 804 4254 inquit,
825 4183 1006 4236 horrea
1018 4191 1200 4248 vetera,
1219 4190 1267 4237 et
1285 4181 1468 4250 faciam
1488 4196 1615 4234 noua
1633 4195 1743 4232 am-

172 4271 360 4339 pliora,
399 4287 447 4327 et
482 4273 696 4345 implebo
723 4290 782 4328 ea
809 4290 828 4329 :
851 4284 897 4329 et
925 4274 1038 4328 dico
1062 4273 1247 4328 animo
1281 4288 1425 4326 mea.
1447 4270 1583 4340 Quid
1607 4269 1741 4324 dicis

174 4359 358 4416 anima:
376 4363 524 4416 tute?
564 4364 767 4430 Anima,
792 4362 944 4418 habes
970 4364 1128 4418 multa
1153 4365 1282 4418 bona
1301 4363 1354 4416 in
1391 4378 1548 4415 annos
1575 4360 1738 4428 pluri-

175 4465 281 4504 mas
309 4453 558 4522 reposita,
589 4456 840 4524 requiesce
857 4496 873 4522 ,
900 4455 1150 4510 manduca
1167 4498 1184 4523 ,
1215 4455 1349 4520 bibe,
1375 4454 1597 4521 epulare.
1631 4452 1741 4508 lioc

176 4539 303 4595 dixit
327 4545 539 4613 sapiens
559 4544 805 4601 inventor
831 4547 1035 4601 consilii
1061 4547 1249 4601 anima:
1277 4560 1405 4601 suae.

241 4632 461 4690 CAPUT
499 4635 564 4690 ν.
592 4666 661 4675 -
683 4636 738 4691 6.
769 4636 964 4690 Anima
986 4637 1344 4690 consulendum
1363 4653 1460 4690 non
1481 4645 1532 4688 ut
1562 4635 1737 4690 habeat

174 4719 325 4788 bona,
351 4725 438 4779 sed
466 4735 520 4779 ut
542 4727 654 4796 ipsa
684 4727 748 4780 sit
776 4727 925 4780 bona.
954 4725 1020 4779 Et
1046 4725 1182 4780 Deus
1218 4727 1285 4780 ad
1309 4728 1452 4781 illum
1481 4746 1499 4782 :
1527 4729 1614 4799 qui
1640 4746 1738 4786 nec

176 4825 292 4864 cum
335 4814 510 4868 stultis
549 4815 690 4885 loqui
725 4815 1059 4887 dedignatur.
1095 4817 1298 4886 Aliquis
1331 4827 1564 4872 vestrum
1600 4817 1737 4873 forte

174 4898 346 4957 dicat:
379 4905 445 4960 Et
472 4907 740 4976 quomodo
778 4908 919 4964 Dens
956 4923 1074 4963 cum
1119 4911 1280 4964 stulto
1315 4909 1518 4964 locutus
1547 4911 1666 4976 est?
1694 4909 1738 4964 Ο

175 4990 356 5049 fratres
383 4998 516 5062 mei,
545 5012 665 5052 cum
694 5000 903 5068 quantis
933 5000 1106 5055 stultis
1135 4999 1220 5053 hic
1249 4999 1497 5069 loquitur,
1527 5000 1737 5070 quando

177 5081 508 5156 Evangelinm
540 5089 834 5145 recitatur?
862 5089 1082 5157 Quando
1120 5091 1314 5145 lectum
1353 5099 1467 5152 est.
1513 5091 1601 5160 qui
1639 5105 1736 5144 au-

173 5173 318 5231 diunt
345 5188 396 5234 et
434 5199 537 5236 non
581 5181 814 5246 faciunt,
859 5183 1000 5237 stulti
1030 5197 1134 5238 non
1164 5182 1326 5238 sunt?
1352 5182 1485 5250 Quid
1515 5198 1642 5254 ergo
1665 5187 1737 5237 ait

176 5267 452 5328 Dominus?
473 5275 604 5342 Quia
638 5276 726 5330 ille
756 5276 853 5329 sibi
881 5277 1072 5331 iterum
1101 5277 1152 5330 in
1181 5276 1492 5331 inveniendo
1516 5277 1736 5331 consilio

174 5362 374 5430 sapiens
400 5365 674 5421 videbatur
700 5383 712 5420 :
743 5365 939 5430 Stulte,
968 5368 1168 5438 inquit;
1209 5369 1392 5433 Stulte,
1415 5367 1502 5438 qui
1531 5369 1623 5423 tibi
1653 5385 1735 5423 sa-

175 5451 316 5514 Piens
342 5456 571 5512 \ideris:
603 5457 796 5522 Stulte,
827 5460 915 5528 qui
957 5459 1131 5513 dixisti
1161 5460 1350 5514 anima:
1391 5467 1522 5524 tute,
1568 5459 1736 5513 [labes

175 5545 321 5598 multa
346 5549 475 5603 bona
501 5549 723 5618 reposita
743 5550 796 5603 in
830 5567 988 5604 annos
1018 5550 1258 5623 plurimos
1281 5567 1298 5604 :
1329 5551 1475 5604 hodie
1498 5551 1738 5620 repetitur

175 5653 203 5686 σι
225 5646 270 5689 te
293 5639 466 5692 anima
489 5648 594 5694 tua.
628 5640 720 5694 Cui
747 5639 923 5698 dixisti
945 5681 959 5705 ,
1007 5640 1172 5695 "abes
1198 5640 1352 5694 multa
1379 5640 1538 5703 bona;
1579 5640 1735 5694 hodie

176 5731 451 5796 repetitur,
497 5739 560 5787 ει·
587 5730 787 5786 nullum
828 5732 985 5798 habct
1023 5733 1239 5788 bonum.
1269 5731 1580 5787 Contemnat
1623 5732 1735 5785 hac.

1606 331 1861 389 SEINO‘
1877 333 2031 390 CVIII.

3322 343 3426 400 επ

1863 450 2020 512 bona.
2051 460 2110 506 ct.
2131 451 2328 522 sil‘ipsa
2353 451 2522 518 bona;
2545 461 2604 510 ut
2625 452 2840 524 quand!)
2867 453 3319 524 repetitur.,eveat
3340 472 3428 510 se-

1856 555 2004 595 cura.
2029 541 2164 608 Quid
2181 543 2321 596 enim
2345 551 2429 597 est
2456 543 2682 613 iniquius
2711 543 2957 608 homine,
2987 543 3075 613 qui
3102 543 3263 598 multa
3290 543 3427 598 bona

1859 630 2051 684 habere
2081 631 2220 697 vult,
2265 639 2320 686 et
2360 630 2529 688 bonus
2559 635 2670 702 ipse
2709 648 2830 688 esse
2875 649 2977 688 non
3008 633 3150 688 vult?
3180 631 3429 703 Indignus

1854 737 1913 776 es
1935 723 2032 790 qui
2047 722 2260 788 habeas,
2284 724 2372 792 qui
2391 740 2495 778 non
2521 725 2598 778 vis
2619 739 2739 778 esse
2758 724 2897 795 quod
2922 725 2999 778 vis
3018 723 3232 778 habere.
3258 723 3425 778 Num~

1854 813 1979 883 quid
2002 814 2142 868 enim
2170 813 2250 868 vis
2273 814 2469 870 habere
2493 815 2670 870 villam
2698 815 2928 869 Iuniam?
2954 814 3069 869 Non
3097 815 3297 882 utique,
3328 816 3422 870 sed

1857 903 2068 958 bonam.
2099 903 2360 974 Numquid
2388 919 2603 961 uxorem
2633 905 2865 960 malam?
2902 905 3016 960 Non
3035 946 3049 970 ,
3086 905 3181 961 sed
3208 905 3422 960 bonam.

1851 993 2113 1065 Numquid
2141 995 2368 1065 denique
2393 995 2626 1051 casulam
2650 995 2876 1051 malam?
2895 995 3156 1066 Numquid
3186 995 3266 1051 vel
3294 996 3425 1052 cali-

1851 1100 1968 1155 gam
1995 1085 2222 1140 malam?
2259 1086 2434 1152 Quare
2463 1087 2696 1142 animam
2733 1087 2900 1143 solam
2938 1086 3166 1142 malam?
3192 1085 3308 1142 Non
3338 1087 3425 1141 hic

1851 1174 1981 1228 dixit
2008 1175 2172 1230 stulto
2203 1175 2323 1230 huic
2349 1191 2480 1230 vana
2507 1176 2792 1247 cogitanti,
2823 1175 3010 1231 horrea
3035 1174 3337 1239 tediiicanti,
3369 1187 3422 1230 ct

1850 1273 2062 1320 vmtres
2106 1281 2393 1335 pauperum
2435 1283 2539 1320 non
2587 1267 2817 1331 videnti;
2864 1282 2967 1321 non
3013 1266 3084 1320 illi
3113 1267 3215 1328 ait,
3258 1265 3424 1320 lltulie

1848 1357 2023 1411 anima
2053 1365 2138 1411 tua
2161 1359 2396 1425 rapietur
2418 1357 2488 1413 ad
2512 1357 2806 1428 gehenwuu
2840 1375 2854 1412 :
2885 1357 3015 1412 nihil
3043 1357 3230 1412 horum
3259 1355 3421 1416 dixit;

1849 1445 1964 1513 sed,
1994 1448 2230 1516 repetitur
2264 1463 2297 1499 α
2329 1455 2394 1500 te.
2437 1446 2550 1501 Non
2589 1447 2679 1502 tibi
2715 1447 2835 1502 dico
2872 1446 3048 1500 anima
3077 1455 3162 1501 tua
3205 1459 3311 1515 quo
3355 1444 3426 1498 sit

1849 1534 1983 1590 itura
2017 1552 2030 1589 :
2073 1534 2198 1590 hinc
2234 1543 2409 1591 tamen
2443 1535 2532 1590 ubi
2560 1536 2633 1590 illi
2672 1544 2813 1590 tanta
2852 1550 3073 1600 servas,
3105 1534 3240 1588 velis
3264 1533 3423 1596 nolis,

1848 1634 1929 1679 est
1956 1625 2258 1695 migratum.
2288 1625 2426 1680 Ecce
2445 1666 2460 1689 ,
2498 1625 2678 1690 stulte,
2705 1624 2944 1694 cogitasti
2983 1624 3205 1694 implere
3232 1624 3424 1678 horrea

1849 1733 1981 1772 nova
2011 1718 2232 1787 majora,
2260 1717 2407 1787 quasi
2437 1732 2542 1772 non
2565 1716 2637 1773 sit
2662 1715 2785 1786 quid
2808 1715 2931 1771 inde
2957 1714 3064 1770 fiat.

1916 1807 2144 1864 CAPUT
2187 1807 2268 1861 Vl.
2296 1836 2368 1848 -—
2406 1810 2458 1863 7.
2506 1807 2720 1878 Signum
2765 1806 2950 1861 Christi
2989 1807 3042 1858 in
3077 1807 3242 1876 {route
3277 1804 3418 1857 intus

1849 1907 2102 1968 portantes
2147 1898 2312 1952 securi
2355 1906 2474 1951 sunt
2517 1897 2648 1952 inter
2689 1896 2870 1950 malos.
2907 1894 3012 1950 Sed
3059 1893 3286 1950 fortasse
3335 1893 3426 1948 ille

1847 1989 2080 2046 nonduin
2106 1987 2202 2043 fuit
2238 1988 2577 2044 Christianus.
2607 1987 2714 2042 Nos
2739 1984 3037 2051 audiamus,
3063 1984 3276 2048 fratres,
3300 1984 3423 2054 qui-

1845 2079 1945 2135 bus
1984 2078 2322 2134 credentibus
2364 2078 2705 2148 Evangelium
2746 2076 3018 2139 recitatur,
3046 2091 3075 2130 a
3103 2075 3292 2144 quibus
3332 2074 3422 2143 qui

1846 2169 1935 2224 illa
1972 2169 2105 2224 dixit
2147 2169 2416 2236 adorator,
2439 2169 2591 2238 cujus
2633 2168 2841 2238 signum
2886 2182 2916 2221 ιι
2960 2167 3116 2222 nobis
3158 2166 3212 2221 in
3250 2163 3426 2219 fronte

1847 2271 2106 2332 portatur,
2151 2270 2206 2316 et
2244 2261 2296 2315 in
2337 2260 2501 2314 corde
2551 2259 2795 2314 habetur.
2827 2257 3052 2312 interest
3088 2258 3230 2312 enim
3261 2257 3426 2326 pluri-

1847 2366 1990 2406 mum
2018 2351 2104 2406 ubi
2132 2349 2321 2406 habeat
2346 2350 2504 2404 homo
2527 2349 2736 2420 signum
2767 2348 2983 2412 Christi,
3012 2358 3185 2401 uuam
3209 2347 3261 2400 in
3283 2346 3427 2400 fron—

1849 2453 1919 2506 te,
1952 2457 2019 2496 an
2045 2451 2099 2496 et
2146 2441 2198 2495 in
2242 2440 2416 2496 fronte
2457 2449 2511 2498 et
2553 2440 2605 2494 in
2648 2437 2827 2494 corde.
2862 2437 3094 2493 Audistis
3117 2436 3241 2507 quid
3270 2435 3428 2493 hodie

1849 2533 2355 2588 Ezechiel‘sancms
2399 2529 2652 2601 propheta
2697 2528 3035 2600 loquebatur,
3083 2526 3430 2596 quemadmo-

1846 2622 1970 2676 dum
1998 2631 2281 2692 antequam
2312 2621 2551 2675 mitteret
2581 2620 2718 2674 Deus
2747 2619 3216 2673 exterminatorem
3245 2617 3434 2686 populi

1847 2714 2035 2783 iniqui,
2063 2713 2209 2768 misit
2230 2713 2477 2785 primitus
2505 2711 2851 2782 signatorem,
2875 2719 2930 2764 et
2955 2711 3026 2768 ait
3048 2709 3122 2764 illi
3147 2727 3160 2762 :
3198 2708 3354 2770 Vade,
3378 2718 3427 2760 ct

1847 2805 1915 2858 da
1941 2806 2137 2875 signum
2162 2805 2214 2858 in
2243 2801 2491 2874 frontibus
2515 2818 2686 2856 eorum
2705 2800 2790 2870 qui
2819 2811 3020 2870 gemunt
3049 2809 3092 2852 et
3121 2808 3323 2853 maerent
3364 2798 3427 2849 de
3475 2841 3482 2844 Α

1849 2896 2061 2966 peccatis
2085 2895 2261 2964 populi
2297 2895 2419 2958 mei,
2463 2909 2574 2962 qua:
2617 2892 2746 2961 ﬁunt
2784 2891 2836 2944 in
2880 2890 3040 2943 medio
3086 2905 3277 2943 eorum.
3308 2886 3424 2942 Non

1849 2985 2001 3050 dixit,
2042 3001 2155 3055 qutc
2183 2985 2310 3053 [iant
2339 2991 2487 3039 extra
2516 2984 2658 3053 ipsos
2690 2983 2787 3052 (a);
2816 2981 2931 3040 sed.
2963 2981 3014 3034 in
3040 2979 3201 3034 medio
3227 2995 3418 3032 eorum.

1848 3077 2078 3132 Gemunt
2107 3085 2279 3130 tamen
2324 3084 2378 3128 et
2416 3081 2686 3128 mmrent:
2727 3081 2780 3127 et
2818 3071 2938 3126 ideo
2973 3071 3161 3140 signati
3200 3079 3322 3124 sunt
3366 3069 3422 3122 in

1851 3169 2050 3232 fronte;
2084 3169 2134 3222 in
2167 3169 2340 3223 fronte
2383 3165 2649 3222 interioris
2691 3164 2940 3228 hominis,
2978 3179 3082 3216 non
3121 3161 3418 3217 exterioris.

1851 3259 1946 3314 Est
1969 3259 2111 3314 enim
2137 3259 2282 3312 frens
2309 3257 2362 3310 in
2397 3257 2549 3321 facie,
2580 3264 2662 3312 est
2690 3255 2835 3309 frons
2861 3252 2913 3308 in
2941 3252 3284 3310 conscientia.
3318 3251 3421 3305 De-

1851 3353 2008 3421 nique
2035 3350 2318 3419 aliquando
2345 3347 2558 3418 quando
2577 3347 2798 3402 interior
2823 3343 2970 3399 frons
2993 3345 3246 3414 pulsatur,
3274 3352 3424 3397 exte-

1849 3442 1958 3497 rior
1998 3441 2334 3496 obrubescit:
2364 3448 2454 3493 aut
2492 3437 2690 3507 pudore
2727 3435 3047 3501 obrubescit,
3094 3445 3184 3487 aut
3229 3435 3436 3488 timore-

1850 3531 2106 3601 pallescit.
2132 3531 2224 3584 Est
2240 3545 2366 3599 ergo
2387 3529 2534 3584 frons
2558 3527 2786 3590 hominis
2814 3525 3096 3580 interioris.
3131 3523 3204 3577 lbi
3230 3523 3430 3590 signati

1849 3633 1973 3680 sunt
2003 3624 2098 3689 illi,
2129 3638 2195 3676 ne
2237 3620 2742 3689 vastarenturzquia
2784 3617 2885 3672 etsi
2925 3623 3136 3686 peccata
3181 3629 3298 3683 qua:
3330 3613 3423 3666 lie-

1851 3718 1976 3772 bant
2000 3716 2051 3769 in
2081 3713 2256 3768 medio
2298 3727 2504 3779 eorum,
2538 3727 2640 3765 non
2671 3707 3038 3778 corrigebant;
3068 3715 3240 3758 tamen
3269 3702 3430 3758 dolc«.

1848 3808 1992 3871 bant,
2021 3814 2077 3861 et
2118 3806 2234 3875 ipso
2264 3819 2322 3859 se
2359 3803 2541 3856 dolore
2576 3799 2926 3870 separabant;
2955 3807 3004 3852 et
3029 3794 3259 3865 separati
3289 3793 3426 3859 Deo,

1847 3898 2016 3954 oculis
2046 3896 2316 3952 hominum
2361 3893 2509 3948 mixti
2551 3899 2719 3946 erant.
2749 3889 3034 3961 Signantur
3059 3886 3287 3952 occulte,
3313 3901 3432 3949 non

1847 3991 2110 4046 lzeduntur
2135 3995 2337 4058 aperte.
2364 3985 2587 4040 Mittitur
2627 3988 2808 4055 postea
2850 3990 3105 4045 vastator,
3136 3986 3191 4032 et
3228 3977 3419 4031 dicitur

1845 4081 1927 4136 ei:
1966 4078 2118 4143 Vade,
2151 4087 2310 4138 vasta,
2339 4092 2441 4129 non
2466 4089 2644 4144 parcas
2673 4071 2975 4136 minoribus,
2992 4067 3286 4138 majoribus,
3312 4084 3418 4124 mag

1845 4168 2018 4234 scalis,
2045 4167 2243 4237 feminis
2267 4184 2284 4220 :
2308 4165 2397 4219 sed
2420 4163 2488 4216 ad
2513 4180 2594 4217 eos
2617 4163 2704 4233 qui
2724 4162 2902 4215 habent
2929 4161 2980 4213 in
3011 4159 3174 4229 fronte
3195 4157 3415 4228 signum,

1845 4278 1944 4316 non
1987 4260 2360 4330 appropinques
2396 4255 2604 4324 (Ezech.
2642 4271 2713 4314 lx.
2747 4253 2882 4326 4-6).
2911 4254 3111 4321 Quanta
3160 4250 3418 4306 securitas

1846 4351 1996 4405 vobis
2021 4349 2142 4404 data
2182 4357 2284 4413 est,
2318 4345 2507 4401 fratres
2536 4347 2659 4409 mei,
2691 4345 2779 4415 qui
2816 4343 2944 4399 estis
2989 4343 3041 4396 in
3088 4341 3188 4395 hoc
3222 4339 3417 4410 popqu

1840 4448 2210 4511 gementes,et
2233 4445 2519 4493 atterentes
2545 4435 2847 4504 iniquitates
2871 4449 2988 4504 quae
3015 4431 3147 4486 ﬁunt
3167 4430 3217 4485 in
3241 4430 3435 4487 nit-dio;

1843 4542 2097 4598 vestrmn,
2125 4539 2180 4587 et
2208 4546 2311 4585 non
2343 4529 2631 4585 facientes?

1910 4621 2135 4678 CAPUT
2162 4620 2270 4676 VII.
2292 4651 2362 4660 —
2386 4619 2438 4674 8.
2475 4617 2649 4672 Omnis
2668 4616 2896 4681 avaritia,
2927 4633 2988 4670 nc
3014 4625 3258 4685 peccetur,
3284 4630 3413 4684 pra'o

1840 4713 2071 4770 ridenda.
2103 4712 2173 4768 Ut
2200 4720 2376 4766 autem
2413 4709 2716 4778 iniquitates
2749 4721 2852 4760 non
2892 4705 3117 4770 faciatis,
3147 4704 3325 4760 Cavete
3349 4703 3428 4754 ab-

1840 4805 1974 4858 omni
2004 4802 2232 4856 avaritia.
2261 4801 2390 4854 Dico
2419 4797 2566 4852 vobis
2587 4797 2760 4858 latius,
2789 4794 2911 4866 quid
2941 4804 3022 4850 est
3046 4795 3108 4847 ab
3134 4794 3268 4846 muni
3291 4810 3412 4844 aru-

1841 4895 1977 4947 ritia.
2008 4893 2063 4946 ln
2096 4891 2311 4946 libidine
2338 4902 2527 4943 avarus
2552 4893 2654 4950 est,
2672 4886 2753 4938 cui
2785 4900 2918 4938 uxor
2945 4897 3048 4936 non
3075 4881 3268 4936 sufficit
3291 4896 3404 4933 sua.

1842 4983 1908 5037 Et
1932 4983 2042 5052 ipsa
2061 4979 2356 5035 idololatria
2372 4977 2509 5031 dicta
2526 4985 2608 5030 est
2623 4974 2838 5027 avaritia
2863 4989 2874 5024 :
2901 4973 3019 5041 quia
3041 4981 3094 5026 et
3120 4971 3170 5024 in
3197 4969 3304 5039 ipsa
3323 4970 3372 5022 di
3386 5002 3408 5012 -

1843 5073 2060 5125 vinitate
2089 5082 2278 5122 avarus
2307 5074 2407 5128 est,
2439 5066 2522 5119 cui
2556 5078 2657 5116 non
2686 5060 2877 5115 sufﬁcit.
2909 5062 3045 5113 Dens
3074 5075 3206 5114 unus
3237 5071 3289 5112 et
3314 5075 3408 5112 ve-

1840 5177 1949 5216 rus.
1981 5159 2109 5227 Qua:
2145 5157 2242 5212 sibi
2288 5155 2409 5210 facit
2454 5153 2646 5208 multos
2687 5151 2836 5216 deos,
2865 5151 2963 5204 nisi
2994 5164 3148 5204 avara
3196 5148 3420 5202 anima?

1839 5253 1967 5320 Qua:
1992 5250 2089 5304 sibi
2121 5248 2245 5302 facit
2271 5257 2532 5316 martyres
2561 5245 2744 5305 falsos,
2776 5243 2875 5296 nisi
2900 5257 3055 5296 avara
3086 5241 3259 5295 anima
3290 5241 3398 5306 (ω,
3487 5223 3496 5239 ’

1840 5344 2015 5400 Cavete
2043 5342 2103 5395 ab
2125 5343 2260 5394 οηιηὶ
2287 5340 2518 5393 avaritia.
2550 5339 2682 5392 Ecce
2720 5352 2866 5390 amas
2896 5345 3000 5397 tua,
3040 5343 3094 5388 et
3134 5334 3303 5403 jactas
3333 5347 3402 5396 te,

1840 5437 1955 5506 quia
1990 5451 2092 5488 non
2130 5433 2322 5501 qua-ris
2365 5430 2568 5482 aliena:
2598 5427 2712 5480 vide
2758 5427 2880 5496 quid
2926 5425 3045 5477 mali
3098 5424 3258 5478 facias
3301 5439 3438 5488 non~

1904 5618 1917 5644 ι
1948 5620 2071 5665 uss...
2094 5606 2298 5658 .mdistis
2322 5603 2513 5670 quando
2537 5599 2765 5652 Ezechiel.

1902 5673 1972 5729 (τι)
2007 5679 2114 5720 tunc
2140 5672 2184 5719 in
2209 5668 2490 5716 Dona—tislas.

1903 5722 1972 5794 (ὁ)
2006 5734 2349 5780 mutuistarum
2373 5734 2604 5786 nmrtyrcs
2627 5722 2921 5781 indicantur,
