3852 6182
456 371 554 428 651

457 493 722 552 nuntiando
746 494 1015 551 Christum
1042 484 1330 557 dicentem,
1347 487 1527 545 Cum
1548 487 1613 541 ab
1638 485 1779 541 omni
1798 482 2030 538 avaritia.

460 588 599 642 Ecce
626 598 774 640 amas
802 594 911 649 tua,
940 597 1045 639 non
1093 581 1240 638 tollis
1280 582 1452 638 ahena
1476 597 1491 634 :
1516 577 1587 634 de
1632 577 1813 632 labore
1853 573 2037 638 habes,

454 676 526 732 de
546 675 750 746 iustitia
776 674 942 730 habes
965 690 980 728 :
1006 673 1181 729 lia-res
1195 672 1411 727 relictus
1429 684 1508 735 es,
1530 666 1746 723 donavit
1771 664 1861 720 tibi
1878 679 2040 735 quem

459 766 799 837 promeruisti
825 783 840 820 :
866 765 1147 836 navigasti,
1187 748 1515 834 periclitatus
1550 774 1630 822 es,
1655 755 1896 812 ill-andem
1932 768 2038 809 neu

456 857 649 925 fecisti,
678 855 1019 913 mendacium
1052 869 1160 911 non
1181 853 1393 924 jurasti,
1419 850 1561 922 quod
1592 849 1734 905 Deus
1758 846 1925 902 voluit
1949 859 2038 900 ac—

456 948 664 1017 quisisti
684 965 699 1002 :
723 955 779 1003 et
792 962 975 1004 servas
993 942 1185 1017 cupide
1198 952 1448 1015 tanquam
1466 942 1521 996 in
1536 941 1674 996 bona
1689 936 2036 998 conscientia,

448 1038 577 1109 quia
624 1052 731 1093 non
775 1038 939 1094 habes
979 1036 1051 1093 de
1091 1035 1253 1103 male,
1284 1043 1340 1090 et
1380 1047 1486 1088 non
1531 1029 1745 1101 (fateris.
1763 1027 1956 1085 aliena.
1982 1025 2040 1080 Si

420 1186 427 1189 _
458 1147 564 1187 non
593 1128 829 1187 audieris
855 1132 1000 1186 illum
1024 1131 1115 1202 qui
1140 1130 1292 1196 dixit,
1316 1127 1498 1185 Cavete
1537 1126 1598 1181 ab
1640 1126 1777 1180 omni
1803 1123 2036 1188 avaritia,

456 1222 576 1277 audi
598 1231 792 1293 quanta
823 1223 961 1277 mala
988 1222 1222 1277 facturus
1259 1234 1318 1275 es
1368 1227 1586 1290 propter
1606 1225 1713 1271 tua.
1745 1212 1883 1270 Ecce
1907 1226 2039 1269 eon-

457 1316 592 1385 tigit,
622 1314 770 1371 verbi
795 1315 984 1386 gratia,
1019 1323 1076 1369 ut
1102 1313 1260 1369 ﬁeres
1296 1311 1479 1383 judex.
1509 1310 1627 1365 Non
1656 1306 2038 1377 corrumperis,

455 1408 577 1477 quia
607 1420 713 1462 non
743 1408 939 1478 quaeris
969 1407 1141 1461 aliena
1166 1424 1181 1460 :
1209 1419 1368 1461 nemo
1398 1403 1491 1459 tibi
1527 1403 1618 1456 dat
1658 1401 1960 1471 praemium,
1985 1407 2041 1453 et

453 1497 602 1561 dicit,
629 1495 816 1553 Judica
842 1505 1027 1553 contra
1052 1494 1417 1552 adversarium
1439 1508 1637 1550 meum.
1667 1491 1847 1556 Absit;
1878 1490 2043 1547 homo

454 1588 545 1659 qui
590 1602 697 1644 non
741 1588 938 1660 quau-is
980 1588 1175 1653 aliena,
1207 1586 1427 1658 quando
1457 1586 1551 1640 tibi
1580 1583 1685 1639 hoc
1730 1581 2040 1654 persuaderi

455 1681 665 1748 potest?
694 1676 823 1734 Vide
852 1679 975 1749 quid
1004 1679 1129 1734 mali
1168 1679 1403 1734 facturus
1443 1676 1518 1731 sis
1564 1682 1781 1746 propter
1808 1683 1916 1728 tua.
1950 1671 2043 1728 Ille

453 1771 545 1841 qui
586 1770 698 1825 vult
742 1780 799 1826 ut
843 1772 981 1827 male
1007 1770 1234 1839 judices,
1261 1777 1317 1826 et
1354 1783 1453 1853 pro
1500 1768 1617 1837 ipso
1661 1766 1802 1822 feras
1825 1773 2042 1821 senten-

454 1860 582 1915 tiam
617 1869 802 1915 contra
846 1861 1206 1916 adversarium
1248 1861 1435 1930 ipsius,
1464 1859 1600 1914 forte
1642 1867 1832 1927 potens
1880 1856 2041 1911 homo

453 1957 556 2017 est,
583 1959 638 2007 et.
663 1960 839 2022 potest
880 1938 975 2006 tibi
1014 1951 1332 2006 calumniam
1377 1949 1570 2013 facere,
1602 1957 1659 2003 ut
1692 1947 1887 2021 perdas
1927 1955 2036 2002 tua.

453 2041 700 2097 Attendis
742 2041 1033 2113 potentiam
1076 2041 1269 2112 ipsius,
1292 2041 1494 2111 cogitas
1524 2039 1690 2102 illam,
1719 2037 1922 2109 cogitas
1949 2049 2038 2092 tua

454 2147 572 2203 qua:
599 2148 804 2199 servas,
829 2149 949 2204 qua:
974 2146 1160 2187 amas:
1189 2148 1294 2187 non
1322 2146 1442 2204 qua:
1468 2131 1771 2202 possedisti,
1799 2130 1894 2186 sed
1919 2131 2040 2201 qui-

454 2224 553 2280 bus
595 2224 736 2281 male
777 2225 1057 2282 inlicesisti.
1084 2224 1329 2281 Attendis
1376 2225 1581 2280 viscum
1625 2232 1797 2290 tuum,
1823 2233 2040 2294 prepter

452 2317 594 2388 quod
625 2317 820 2374 liberas
843 2317 1053 2373 virtutis
1079 2333 1184 2373 non
1214 2318 1378 2373 habes
1405 2332 1638 2387 pennas:
1661 2326 1715 2373 et
1743 2316 1876 2371 dicis
1902 2315 2039 2387 apud

455 2417 508 2465 te
537 2408 731 2479 ipsum,
762 2407 993 2465 Offendo
1015 2409 1284 2464 hominem
1318 2411 1499 2477 istum,
1526 2408 1752 2463 multum
1776 2417 1948 2478 potest
1973 2407 2040 2463 ad

446 2492 698 2572 ‘tempus;
726 2510 974 2571 suggeret
995 2500 1063 2556 de
1084 2516 1170 2556 me
1196 2500 1358 2569 mala,
1376 2507 1430 2555 et
1454 2501 1779 2570 proscribor,
1803 2508 1857 2555 et
1878 2499 2040 2569 perdo

452 2590 595 2660 quod
646 2591 839 2645 habeo.
868 2588 1209 2646 Iudicaturus
1255 2606 1314 2646 es
1355 2592 1515 2658 male,
1545 2605 1651 2645 non
1686 2604 1805 2645 cum
1846 2592 2041 2660 quaeris

453 2685 646 2746 aliena,
679 2682 775 2737 sed
794 2697 913 2737 cum
942 2674 1122 2737 servas
1153 2691 1259 2738 tua.

527 2771 753 2828 CAPUT
795 2771 929 2826 Vill.
956 2803 1027 2813 —
1065 2772 1118 2828 9.
1175 2772 1369 2827 Rursus
1416 2771 1479 2826 de
1517 2773 1736 2843 periculo
1779 2776 1920 2828 arari
1964 2775 2041 2829 vel

455 2881 547 2918 sua
577 2864 758 2935 cupide
794 2865 1059 2919 servantis.
1094 2863 1168 2919 Da
1214 2863 1343 2919 mihi
1393 2864 1659 2919 hominem
1708 2866 1797 2936 qui
1839 2865 2039 2921 audivit

455 2953 751 3023 Christum,
779 2955 851 3010 da
879 2955 1011 3010 mihi
1034 2956 1300 3011 hominem
1333 2956 1420 3026 qui
1447 2971 1566 3011 cum
1598 2957 1789 3013 timore
1816 2958 2036 3021 audivit,

455 3045 635 3101 Cavete
647 3046 710 3100 ab
725 3048 862 3101 omni
881 3047 1154 3117 cupiditate
1174 3062 1193 3102 :
1210 3055 1262 3101 et
1284 3063 1386 3101 non
1407 3046 1535 3101 mihi
1558 3047 1718 3112 dicat,
1748 3046 1859 3118 Ego
1882 3048 2040 3106 homo

458 3154 658 3209 pauper
695 3153 837 3202 sunt,
884 3139 1141 3209 plebeius,
1188 3140 1496 3203 mediocris,
1542 3142 2041 3212 gregalis;quando

458 3248 617 3300 spero
662 3248 753 3287 me
792 3232 1024 3303 iudicem
1056 3230 1329 3288 futurum?
1356 3233 1468 3287 Non
1501 3235 1661 3288 timeo
1687 3232 1839 3288 istam
1871 3242 2037 3291 tenta-

459 3323 678 3387 tionem,
702 3323 854 3393 cujus
899 3324 1192 3394 periculum
1241 3334 1365 3379 ante
1411 3326 1594 3379 oculos
1634 3327 1872 3395 posuisti.
1899 3326 2040 3383 Ecce

459 3413 579 3465 ilico
605 3420 655 3467 et
684 3411 900 3484 pauperi
927 3413 1051 3484 quid
1086 3413 1272 3469 timere
1298 3414 1507 3469 debeat.
1539 3413 1706 3469 Vocat
1734 3425 1783 3470 te
1812 3415 1959 3471 dives
1987 3424 2042 3473 et

462 3514 670 3574 potens,
695 3519 751 3561 ut
792 3523 887 3577 pro
933 3506 1023 3562 illo
1068 3506 1215 3564 dicas
1263 3507 1453 3564 falsum
1488 3510 1869 3566 testimonium.
1903 3510 2040 3580 Quid

461 3597 696 3651 tacturus
718 3612 779 3651 cs
805 3598 1003 3652 modo?
1026 3598 1118 3653 Dic
1138 3598 1287 3653 mihi.
1314 3598 1485 3654 Habes
1510 3601 1706 3655 bonum
1739 3603 2001 3671 peculium
2024 3620 2039 3658 :

463 3690 735 3758 laborasti,
767 3691 1060 3764 acquisisti,
1093 3694 1335 3747 servasti.
1367 3693 1539 3765 Exigit
1568 3695 1654 3749 ille
1679 3712 1692 3749 :
1722 3695 1812 3749 Dic
1840 3713 1934 3767 pro
1956 3713 2049 3754 me

462 3779 653 3837 falsum
684 3783 1066 3848 testimonium,
1095 3793 1145 3840 et
1188 3795 1388 3839 tantum
1430 3794 1483 3840 et
1523 3795 1723 3841 tantum
1754 3787 1895 3843 dono
1927 3791 2039 3846 tibi.

462 3870 540 3926 ’l‘u
575 3871 663 3941 qui
703 3889 806 3927 non
835 3875 1029 3944 qtucris
1054 3874 1227 3929 aliena
1253 3875 1438 3930 :Absit
1479 3891 1508 3930 a
1550 3894 1656 3944 mc,
1700 3879 1907 3947 inquis:
1937 3897 2040 3935 non

462 3980 644 4035 quzrro
668 3964 808 4036 quod
845 3966 972 4020 mihi
1014 3966 1181 4020 noluit
1209 3965 1347 4025 Deus
1382 3966 1530 4033 dare,
1564 3984 1670 4023 non
1693 3969 1925 4040 accipio;
1955 3988 2041 4027 re-

463 4059 595 4119 cede
632 4073 662 4112 a
698 4074 801 4114 me.
833 4057 945 4112 Non
977 4061 1055 4114 vis
1094 4059 1333 4128 accipere
1374 4058 1513 4130 quod
1563 4059 1665 4114 do?
1694 4062 1831 4131 quod
1880 4062 2044 4121 babes

468 4150 615 4205 tollo.
650 4149 790 4204 Ecce
833 4148 991 4205 modo
1022 4159 1071 4206 te
1112 4150 1295 4221 proba,
1328 4150 1486 4205 modo
1514 4160 1565 4206 te
1592 4151 1879 4224 interroga.
1908 4155 2042 4225 Quid

466 4256 553 4295 me
590 4240 857 4295 attendis?
881 4240 1027 4296 Intus
1068 4250 1118 4299 te
1146 4239 1382 4307 attende,
1416 4240 1557 4297 intus
1583 4251 1635 4297 te
1664 4240 1799 4309 vide,
1828 4243 1969 4298 intus
1997 4257 2044 4299 te

466 4331 746 4395 examina;
791 4330 919 4387 sede
964 4330 1028 4385 ad
1071 4339 1141 4394 te,
1170 4342 1222 4384 et
1260 4332 1521 4388 constitue
1562 4340 1615 4388 te
1654 4343 1778 4388 ante
1811 4344 1879 4399 te,
1910 4344 1963 4387 et
1995 4335 2047 4388 in

467 4426 749 4497 cquuleum
779 4425 1026 4496 praecepti
1061 4423 1150 4479 Dei
1181 4425 1406 4480 extende
1433 4435 1502 4490 te,
1530 4435 1585 4481 et
1615 4427 1803 4482 timore
1862 4438 2048 4498 torque

469 4529 541 4580 te,
565 4529 617 4573 ct
642 4517 749 4571 noli
777 4526 826 4570 te
854 4517 1102 4585 palpare:
1124 4516 1384 4584 responde
1406 4517 1519 4570 tibi.
1550 4517 1686 4571 Ecce
1707 4518 1753 4577 si
1781 4519 1880 4575 hoc
1899 4520 2044 4591 quis-

466 4623 626 4676 quam
659 4607 908 4671 minetur,
932 4605 1055 4676 quid
1082 4605 1280 4660 facies?
1302 4604 1456 4661 Tollo
1483 4607 1573 4662 tibi
1597 4607 1737 4677 quod
1762 4625 1883 4665 cum
1904 4621 2048 4666 tanto

468 4700 652 4755 labore
672 4698 966 4767 acquisisti,
996 4696 1095 4751 nisi
1126 4712 1219 4767 pro
1247 4712 1331 4753 me
1361 4696 1545 4753 falsum
1576 4699 1933 4756 testimonium
1962 4702 2046 4757 di-

470 4790 634 4846 xeris.
687 4790 763 4846 Da
816 4788 1241 4844 illum‘:Cavete
1283 4789 1344 4842 ab
1390 4790 1527 4847 omni
1568 4791 1798 4845 avaritia.
1828 4792 1872 4848 Ο
1898 4809 2050 4849 serve

473 4900 645 4951 meus,
677 4882 818 4939 dicet
849 4881 962 4945 tibi,
992 4896 1148 4952 quem
1180 4880 1378 4941 redemi
1405 4892 1457 4937 et
1487 4882 1707 4939 liberum
1734 4883 1857 4951 feci,
1889 4901 2048 4955 quem

470 4976 540 5031 de
591 4990 746 5032 servo
787 4972 1004 5033 fratrem
1043 4972 1311 5043 adoptavi,
1357 4988 1516 5043 quem
1559 4973 1609 5028 in
1650 4968 1881 5047 corpore
1929 4990 2051 5037 meo

474 5068 769 5123 membrum
792 5066 963 5137 posui,
991 5064 1114 5119 audi
1142 5080 1226 5121 me
1249 5064 1457 5121 :Tollat
1480 5064 1620 5136 quod
1647 5066 1940 5136 aequisisti,
1964 5083 2051 5123 me

476 5159 566 5213 tibi
598 5174 702 5215 non
745 5158 917 5217 tollet.
961 5157 1039 5214 Ne
1088 5171 1295 5228 pereas,
1338 5171 1519 5216 servas
1564 5156 1688 5212 tua?
1725 5158 1911 5214 Nonne
1960 5159 2052 5214 tibi

474 5250 605 5312 dixi.
635 5250 814 5307 Cavete
836 5250 898 5307 ab
928 5249 1066 5303 omni
1092 5247 1404 5319 cupiditate?

545 5341 772 5399 CAPUT
812 5339 903 5395 1X.
931 5370 1003 5382 ——
1027 5342 1105 5396 l0.
1131 5339 1352 5394 Avaritia
1376 5339 1489 5392 vita:
1508 5339 1655 5393 etiam
1677 5339 1788 5410 ipsa
1807 5340 2047 5395 cavenda.

480 5437 614 5490 I'Iccc
639 5432 886 5496 turbaris,
901 5448 1024 5488 cccc
1037 5433 1284 5487 ﬂuctuas:
1310 5445 1402 5484 cor
1421 5438 1562 5483 tuum
1582 5430 1732 5501 quasi
1751 5431 1899 5486 navis
1914 5440 2050 5487 tem-

543 5553 555 5581 ¹
584 5550 720 5615 illiti,
741 5548 899 5615 credo
918 5545 1021 5615 tibi,
1045 5544 1156 5615 quia
1177 5544 1587 5615 quodneumlttytto
1609 5542 1767 5615 labore
1785 5542 2050 5615 acquisiui,

478 5611 672 5676 111111111111
692 5604 898 5676 perdere
920 5604 1024 5676 11's,:
1044 5604 1247 5676 lignatio
1272 5605 1374 5676 tibi,
1402 5615 1429 5676 ._\
1438 5604 1502 5657 isi
1521 5619 1608 5669 pro
1630 5604 1903 5676 mefalsuin
1925 5606 2055 5676 leui-

480 5665 917 5729 monimu'dixeris,
943 5671 1054 5721 tollo
1073 5668 1195 5720 illud
1225 5682 1241 5718 :
1266 5669 1352 5717 sed
1375 5666 1418 5718 si
1440 5665 1530 5730 pro
1551 5680 1626 5717 me
1650 5665 1825 5729 falsum
1847 5668 2055 5719 testimo-

481 5732 615 5781 nium
638 5732 839 5787 dixeris,
868 5734 932 5782 ilo
955 5732 1092 5782 illud.
1120 5738 1303 5791 (arcte,
1330 5738 1423 5779 ulc.
1449 5732 1642 5779 lil'€\ltl:s
1667 5738 1715 5779 et
1754 5731 1946 5780 nitidius
1972 5744 2059 5781 nos

486 5806 550 5842 cx
575 5796 823 5854 tinuuscri;
841 5797 915 5842 tis.

1703 365 1760 422 S.
1802 361 2168 420 AUGUSTINI
2209 360 2512 418 EPISCOPI

3515 425 3525 437 ,
3583 374 3685 430 ἘΒΊ

2154 478 2451 547 penatibus
2465 475 2716 548 qmtitnr.
2749 472 3245 534 Dormitas-istas:
3264 477 3429 536 excita
3444 481 3681 541 dormiam

2151 578 2281 631 tem,
2309 576 2365 622 et
2388 582 2493 621 non
2528 565 2747 636 patieris
2785 574 3157 637 tempestatem
3196 569 3680 644 ipsum

2146 661 2342 725 excita,
2382 658 2474 728 qui
2511 657 2646 713 nihil
2690 657 2778 713 hic
2818 657 3017 714 habere
3038 659 3226 729 voluit,
3258 670 3313 716 et
3339 670 3495 717 totius
3520 664 3681 733 babes,

2147 749 2237 819 qui
2262 763 2431 815 usque
2456 748 2523 803 ad
2546 762 2758 804 crucem
2788 764 2885 819 pro
2930 757 2985 804 te
3026 752 3287 820 pervenit,
3314 754 3460 821 citius
3483 755 3592 810 nudi
3608 769 3681 812 at-

2146 855 2253 909 que
2292 838 2574 910 pendentis
2594 854 2720 896 ossa
2746 840 2814 895 ab
2844 840 3220 909 insulutntibns
3253 854 3515 899 tuamet-ala
3539 861 3679 905 sunt:

2145 938 2201 985 et
2222 945 2354 995 cave
2372 931 2440 985 ab
2460 931 2606 987 omni
2626 930 2868 986 avaritia.
2893 929 3083 987 Parum
3103 942 3187 987 est
3202 935 3421 989 avaritia
3443 940 3677 1006 pecuniae:

2145 1036 2275 1075 cave
2325 1023 2599 1077 avaritiam
2654 1024 2797 1076 vitae.
2829 1021 3107 1078 Homnda
3159 1026 3402 1089 avaritia.
3440 1030 3683 1086 mettum}:

2144 1111 2385 1166 avaritia.
2420 1111 2722 1182 Aliquando
2767 1111 2947 1167 homo
2970 1114 3265 1169 contemnit
3299 1114 3437 1183 quod
3463 1116 3683 1182 baltea-et

2144 1200 2311 1257 dicit:
2334 1201 2451 1257 Non
2485 1202 2609 1258 dico
2641 1202 2832 1259 falsum
2873 1204 3256 1259 testimonium.
3282 1203 3398 1261 Non
3425 1205 3554 1273 dico,
3574 1207 3684 1264 dicis

2146 1293 2313 1347 mihi?
2343 1293 2497 1350 Tollo
2525 1293 2667 1364 quod
2693 1292 2880 1349 habes.
2910 1293 3061 1350 Tolle
3084 1295 3228 1364 quod
3260 1295 3426 1351 habeo
3448 1312 3462 1350 ε
3482 1312 3577 1351 non
3598 1300 3682 1352 tot-

2146 1384 2214 1438 111
2253 1383 2397 1454 quod
2443 1384 2587 1438 intus
2632 1383 2824 1439 habeo.
2860 1383 3145 1439 Nou'eaim
3175 1400 3374 1455 pauper
3397 1398 3683 1443 remattserat

2142 1473 2237 1543 qui
2276 1472 2526 1528 dicebat:
2558 1472 2805 1528 Dominus
2843 1474 3001 1541 dedit,
3042 1473 3303 1529 Dominus.
3333 1475 3680 1540 abstulitnicat

2146 1563 2367 1618 Domine
2395 1563 2603 1634 placuit,
2630 1564 2705 1617 ita
2731 1566 2923 1635 factum
2950 1573 3059 1630 est;
3084 1580 3208 1634 ergo
3228 1566 3291 1618 sit
3320 1581 3493 1620 nomen
3513 1565 3679 1620 Domini

2146 1655 2479 1709 benedictum.
2507 1652 2695 1708 Nudus
2714 1655 2814 1708 exii
2841 1656 2903 1707 de
2928 1658 3071 1708 utero
3098 1655 3277 1709 matris
3298 1671 3437 1718 tuere,
3458 1656 3679 1710 1111111111-

2144 1744 2386 1798 vertaris:
2410 1753 2599 1801 terram
2623 1742 2767 1815 (Job.
2799 1759 2835 1803 1,
2861 1742 2973 1818 21).
3006 1744 3193 1798 Nudus
3223 1745 3371 1811 foris,
3397 1745 3528 1801 intus
3550 1747 3680 1801 vesti-

2144 1845 2251 1891 tus.
2280 1834 2467 1890 Nudus
2504 1834 2634 1889 foris
2652 1850 2683 1889 a
2710 1836 2920 1904 pannis,
2951 1845 3007 1890 et
3034 1835 3368 1904 pratribilibus
3395 1835 3593 1906 punis;
3616 1838 3677 1891 in~

2144 1936 2230 1982 tus
2255 1927 2498 1981 vestitus.
2529 1925 2719 1982 Unde?
2755 1926 3054 1987 Sacerdotes
3107 1926 3181 1981 tui
3221 1926 3488 1980 induimur
3517 1927 3679 1996 iustitia

2144 2016 2316 2084 (Psal.
2340 2032 2519 2083 ann,
2544 2016 2624 2085 9).
2651 2016 2756 2072 Sed
2779 2017 2903 2087 quid
2933 2018 2978 2071 si
2998 2017 3167 2081 dicat,
3192 2032 3312 2075 cum
3340 2019 3675 2088 contempseris

2143 2124 2206 2165 ea
2234 2126 2356 2180 qua:
2378 2109 2643 2179 possides,
2669 2109 2797 2179 quid
2824 2110 2868 2163 si
2894 2109 3038 2163 dicat
3061 2108 3302 2164 :Occido
3330 2110 3414 2164 te?
3442 2109 3681 2178 Responde

2144 2204 2240 2267 illi,
2262 2202 2309 2257 si
2334 2202 2602 2257 Christum
2627 2202 2820 2257 audisti
2848 2220 2862 2255 :
2889 2201 3117 2258 Occides
3151 2203 3273 2258 me?
3300 2203 3477 2258 Melius
3501 2212 3547 2256 ω
3566 2203 3679 2257 occi-

2144 2297 2502 2354 des‘caraem
2542 2309 2737 2359 meam,
2780 2310 2941 2365 quam
2982 2310 3082 2365 ego
3141 2311 3237 2366 per
3280 2296 3495 2365 linguam
3531 2293 3677 2346 falsam

2142 2389 2374 2442 animata
2400 2401 2591 2442 meam.
2614 2385 2749 2454 Quid
2801 2384 3036 2440 facturus
3068 2400 3144 2442 es
3181 2385 3349 2441 mihi?
3373 2384 3618 2441 Occisurus
3636 2397 3680 2437 es

2142 2477 2517 2533 carnemzexit
2545 2476 2720 2530 anima
2751 2477 2938 2543 libera,
2984 2478 3034 2531 in
3083 2477 3205 2533 line
3250 2475 3426 2532 εωιί
3459 2485 3508 2530 et
3544 2476 3676 2543 ipsam

2142 2583 2301 2638 quam
2342 2568 2661 2636 contempsit
2696 2582 2910 2621 carnem
2949 2575 3262 2636 receptura.
3292 2566 3419 2634 Quid
3442 2579 3555 2635 ergo
3575 2563 3675 2619 mihi

2142 2658 2379 2715 facturus
2405 2658 2497 2713 es?
2520 2656 2575 2712 Si
2600 2667 2778 2713 autem
2806 2657 2995 2712 falsum
3025 2659 3392 2715 testimonium
3418 2656 3580 2711 dixero
3602 2669 3677 2724 pro

2143 2757 2219 2816 te,
2244 2749 2314 2805 de
2342 2750 2516 2819 lingua
2547 2764 2663 2803 mea
2690 2748 2880 2804 occido
2904 2763 3024 2812 me;
3057 2757 3117 2803 et
3152 2765 3259 2811 non
3288 2749 3338 2803 in
3362 2762 3510 2803 carne
3531 2745 3677 2801 occido

2142 2848 2266 2889 me:
2293 2831 2365 2888 Os
2391 2833 2535 2888 enim
2582 2831 2718 2902 quod
2762 2833 3243 2898 meutitur,oc¢idit
3265 2832 3474 2889 animant
3497 2829 3674 2898 (Sani,

2145 2924 2259 2998 11).
2296 2924 2456 2979 Forte
2504 2923 2605 2977 hoc
2647 2938 2752 2978 non
2794 2922 2947 2979 dicis.
2980 2921 3150 2978 Unde
3196 2937 3299 2977 non
3343 2920 3502 2977 dicis?
3525 2917 3677 2972 Vitem

2144 3015 2258 3070 vis:
2279 3014 2398 3086 plus
2421 3015 2502 3069 vis
2530 3015 2726 3078 vivere,
2757 3028 2917 3084 quam
2948 3012 3091 3068 Deus
3135 3009 3589 3068 constituit'tCerte
3609 3021 3679 3061 cito

2144 3121 2238 3162 ves
2254 3107 2321 3161 ab
2341 3106 2489 3162 omni
2504 3105 2759 3159 avaritia?
2787 3104 2899 3163 "uc
2922 3118 3093 3175 usque
3133 3105 3269 3160 Deus
3292 3104 3450 3158 voluit
3464 3110 3522 3157 .ut
3543 3099 3675 3158 vivas,

2136 3206 2251 3267 quo
2276 3212 2446 3266 usque
2474 3196 2574 3251 iste
2597 3196 2663 3251 ad
2693 3205 2744 3251 te
2784 3194 3026 3255 accessit.
3056 3194 3232 3251 Forte
3258 3204 3308 3249 te
3332 3193 3576 3249 occisurus
3594 3198 3675 3246 est.

2148 3298 2205 3343 ut
2228 3296 2517 3358 martyrem
2548 3286 2725 3341 faciat.
2747 3285 2864 3342 Noli
2898 3284 3096 3343 habere
3137 3283 3466 3355 cupiditatem
3490 3277 3676 3336 vivendi;

2144 3388 2201 3435 et
2245 3395 2352 3434 non
2393 3378 2555 3433 habes
2602 3378 2953 3434 aeternitatem
2978 3376 3255 3435 moriendi
3277 3377 3297 3407 ⁸
3326 3374 3348 3429 1
3376 3371 3555 3429 Videtis
3584 3368 3676 3438 quia

2144 3472 2339 3540 ubique
2383 3469 2603 3525 avaritia
2651 3469 2761 3535 illa,
2789 3476 2910 3523 cunt
2959 3468 3080 3537 plus
3133 3469 3374 3525 volumus
3413 3474 3677 3534 ψιωιιορυί

2144 3572 2246 3627 est,
2280 3561 2405 3616 facit
2430 3575 2527 3619 nos
2554 3559 2807 3630 peccare?
2836 3556 3145 3615 Caveamus
3170 3560 3238 3617 ab
3256 3556 3396 3617 oraui
3420 3551 3626 3612 avaritia.
3643 3545 3679 3599 δί

2146 3655 2390 3708 volumus
2414 3652 2519 3710 frui
2550 3660 2745 3711 aeterna
2771 3650 3053 3719 sapientia.

2640 3739 2873 3799 Sillith
2905 3739 3063 3796 cvm
3091 3744 3107 3765 ν
3146 3740 3248 3813 (α).

2147 3852 2226 3909 De
2248 3855 2412 3910 verbis
2437 3852 2697 3922 Evangelii
2714 3851 2887 3918 Lucae,
2915 3866 3031 3920 cap.
3061 3864 3115 3904 ιι
3128 3867 3165 3917 1,
3188 3851 3278 3915 35,
3301 3847 3386 3915 56,
3417 3846 3521 3902 Sint
3548 3839 3677 3896 lumbi

2223 3966 2383 4023 vestri
2408 3964 2651 4030 accincti,
2678 3973 2732 4018 et
2756 3962 2989 4017 lacerum
3010 3962 3283 4027 ardentes,
3313 3970 3365 4015 et
3385 3975 3475 4013 vos
3496 3954 3674 4014 similes,

2228 4066 2345 4120 etc.,
2366 4056 2525 4125 deque
2549 4055 2707 4109 verbis
2728 4052 2924 4108 Psalmi
2945 4068 3140 4120 sum,
3179 4050 3357 4117 1215,
3385 4049 3503 4119 Quis
3525 4057 3592 4101 est
3609 4045 3680 4096 ho-

2221 4161 2312 4201 mo
2341 4145 2428 4215 qui
2458 4145 2569 4199 vult
2600 4146 2780 4208 vitam,
2811 4155 2906 4197 etc.

2219 4256 2440 4314 CAPUT
2480 4255 2764 4329 PRIMUM.
2804 4286 2875 4296 —
2914 4257 2963 4315 1.
3008 4253 3085 4308 De
3135 4253 3463 4325 exspectando
3508 4247 3679 4301 adventu

2150 4347 2374 4405 Domini.
2420 4330 2695 4409 (.‘Iiristiani
2738 4364 2894 4419 quare
2928 4348 3047 4418 {acti
3080 4364 3276 4405 sumus.
3316 4335 3683 4409 δίει-1111111ιὶ11υά

2150 4459 2255 4497 non
2276 4440 2570 4494 amandum.
2597 4439 2851 4497 Dominus
2877 4448 3057 4503 noster
3078 4438 3236 4497 Jesus
3257 4438 3485 4501 Christus
3507 4443 3554 4489 et
3573 4427 3684 4484 venit

2150 4532 2215 4586 ad
2252 4531 2511 4597 homines,
2548 4540 2604 4589 et
2649 4531 2907 4587 abscessit
2938 4530 3005 4587 ab
3029 4529 3363 4596 hominibus,
3398 4538 3445 4587 et
3479 4532 3684 4582 venturus

2151 4631 2234 4679 est
2280 4622 2346 4676 ad
2390 4621 2653 4679 homines.
2691 4622 2757 4676 Et
2798 4629 2971 4679 tamen
3026 4620 3111 4678 hic
3144 4631 3259 4679 erat
3307 4617 3506 4690 quando
3547 4609 3681 4665 venit.

2153 4726 2252 4766 nec
2290 4712 2512 4767 recessit
2546 4710 2756 4785 quando
2788 4709 3066 4776 abscessit,
3094 4720 3141 4767 et
3171 4710 3237 4775 ad
3269 4692 3361 4766 eos
3384 4713 3607 4763 venturus
3622 4705 3683 4751 est

2154 4800 2346 4873 quibus
2372 4800 2525 4866 dixit,
2558 4799 2692 4854 Ecce
2713 4817 2803 4872 ego
2820 4800 3071 4855 vobiscum
3097 4816 3211 4854 sum
3238 4814 3393 4865 usque
3414 4795 3477 4849 ad
3501 4802 3683 4849 consum-

2157 4895 2427 4949 mationem
2471 4895 2643 4948 saeculi
2666 4892 2874 4967 (Matth.
2918 4908 3109 4958 xxviii,
3150 4890 3265 4963 20).
3290 4887 3570 4948 Secundum
3599 4879 3683 4934 for-

2156 5000 2295 5039 mam
2340 4999 2467 5054 ergo
2497 4984 2663 5050 servi,
2690 4999 2847 5054 quam
2892 4984 3125 5055 suscepit
3171 4998 3267 5052 pro
3308 4980 3472 5045 nobis,
3499 4971 3683 5046 quodni"

2157 5084 2395 5144 tempore
2429 5083 2583 5129 natus
2621 5083 2722 5140 est,
2765 5082 2820 5129 et
2854 5074 3064 5137 occisus
3106 5081 3209 5140 est,
3242 5081 3296 5129 et
3341 5065 3618 5127 resurrexit.
3644 5064 3685 5110 οι

2159 5181 2263 5219 nou
2300 5165 2409 5233 jam
2468 5163 2714 5229 moritur,
2758 5178 2859 5219 nec
2907 5179 3052 5219 mors
3099 5164 3146 5217 ci
3200 5163 3337 5217 ultra
3384 5151 3686 5215 dominatum

2161 5253 2335 5327 (Rom.
2355 5270 2427 5322 vt,
2451 5254 2506 5326 9)
2528 5254 2849 5309 :secundum
2871 5254 3198 5313 divinitatem
3218 5262 3414 5313 alitem,
3433 5260 3522 5315 qua
3538 5251 3683 5307 a‘qlm-

2160 5346 2222 5401 lis
2242 5357 2325 5401 est
2348 5346 2513 5408 Patri,
2545 5346 2597 5401 in
2627 5348 2726 5403 hoc
2746 5346 2945 5405 mundo
2959 5357 3094 5411 erat,
3117 5352 3172 5399 et
3198 5342 3422 5397 mundus
3443 5351 3527 5407 per
3546 5335 3683 5401 ipsum

2160 5434 2328 5491 fartus
2352 5445 2454 5497 est,
2481 5445 2535 5491 et
2560 5434 2788 5490 mundus
2815 5452 2935 5489 cum
2962 5450 3066 5490 non
3091 5431 3336 5504 cognovit
3355 5426 3520 5499 (Joan.
3544 5439 3574 5482 I,
3596 5420 3682 5485 10)·

2225 5549 2241 5615 ξ
2268 5548 2492 5615 verbum.
2513 5546 2720 5615 occides,
2744 5548 2884 5615 abest
2904 5560 2942 5615 a_
2955 5545 3336 5615 manuscriptis.“

2224 5611 2243 5674 ξ
2269 5616 2317 5657 tn
2338 5603 2732 5674 Callicrtinotsf,
2757 5607 3084 5674 Iarrcditatcm
3104 5603 3353 5674 πιοὲἱςηάὶς
3523 5654 3544 5674 ρ
3575 5651 3609 5674 η,

2224 5672 2240 5687 ⁸
2269 5651 3345 5731 usitatas"iiiit"i‘.;.t“ei‘aaass;ei;*aa
3365 5659 3501 5731 a._cb.
3523 5654 3557 5701 r.
3575 5651 3621 5701 Es.
3642 5660 3681 5708 ε.

2167 5731 2224 5781 Ir.
2257 5745 2323 5779 tn.
2349 5746 2396 5793 ν.
2421 5732 2618 5793 1⁸111η111.
2641 5740 2692 5780 ct
2714 5732 2772 5780 ad
2810 5728 3046 5781 editiones
3068 5742 3161 5778 sm.
3188 5734 3260 5781 Er.
3286 5733 3383 5774 Par.
3407 5728 3502 5768 Lm.

2234 5792 2306 5842 ιε)
2341 5792 2481 5853 Alias,
2510 5792 2571 5842 de
2600 5795 2765 5842 \‘crliis
2788 5793 2966 5843 honuni
2990 5792 3066 5842 59.
