3852 6182
168 340 263 400 633

168 462 237 527 Μ
270 466 371 526 liae
409 464 640 524 audistis
678 462 846 523 modo
887 461 1257 533 Evangeliuut,
1289 463 1417 532 quid
1463 464 1729 519 monuerit

159 556 308 623 ια’,
331 564 521 613 cautos
557 571 661 612 nos
695 554 918 619 facietis,
946 564 1001 609 et
1022 555 1204 615 volens
1228 569 1347 615 esse
1374 556 1654 623 expeditos
1673 565 1728 609 et

162 659 357 720 tanta:
395 648 466 703 ad
505 649 866 718 exspectanda
908 647 1194 704 novissima
1221 665 1235 703 :
1261 657 1319 703 ut
1347 659 1468 717 post
1494 648 1723 705 novissi-

162 755 253 803 tua,
276 753 395 811 quat
425 748 556 795 sunt
592 740 651 795 in
678 739 779 795 hoc
799 741 996 794 mulo
1022 738 1323 804 metuenda,
1355 740 1604 797 succedat
1642 755 1726 794 re-

157 831 311 899 quies,
340 843 463 900 qua:
490 844 598 885 non
629 829 790 886 habet
816 830 997 886 ﬁnem.
1032 830 1181 888 Beati
1204 831 1295 900 qui
1318 831 1606 901 participes
1643 831 1727 887 fa-

156 921 215 974 cti
241 918 455 975 fuerim.
483 919 659 977 Erunt
694 931 869 975 autem
916 930 1040 976 tunc
1076 922 1273 986 securi,
1297 923 1386 990 qui
1417 922 1575 979 modo
1616 937 1722 977 non

155 1017 264 1062 sunt
301 1008 591 1064 securi:ct
620 1010 809 1064 iterum
856 1019 981 1069 tunc
1025 1010 1305 1075 timebunt,
1345 1012 1433 1080 qui
1463 1011 1620 1065 modo
1652 1013 1720 1065 ti-

155 1114 284 1155 tuere
330 1099 544 1157 nolunt.
586 1098 669 1153 Ad
716 1100 855 1154 banc
891 1101 1352 1171 exspectationem
1405 1109 1459 1161 ct
1504 1112 1723 1173 propter

154 1189 273 1245 hinc
295 1204 450 1260 spem
478 1189 757 1248 christiani
795 1190 916 1245 facti
944 1205 1150 1247 sumus.
1177 1190 1368 1253 Nonne
1392 1206 1515 1261 spes
1540 1204 1719 1250 nostra

149 1292 220 1336 est
243 1281 307 1338 de
334 1281 439 1337 hoc
462 1282 699 1337 seculo?
728 1281 844 1337 Non
871 1296 1112 1339 amemus
1136 1283 1409 1343 sacculum.
1430 1282 1513 1340 Ab
1537 1297 1720 1339 amore

148 1372 318 1426 seculi
348 1373 502 1440 lmjns
536 1373 712 1426 vocati
751 1388 958 1438 sumus,
985 1381 1045 1429 ut
1081 1372 1227 1429 aliud
1254 1373 1510 1431 saeculum
1532 1389 1718 1443 spere-

146 1482 261 1527 mus
296 1477 351 1523 et
386 1465 682 1536 diligamus.
714 1467 771 1522 In
796 1466 898 1521 hoc
940 1466 1206 1521 abstinere
1239 1480 1337 1521 nos
1371 1466 1626 1522 debemus
1650 1467 1718 1520 ab

146 1557 386 1617 omnibus
414 1556 609 1615 illicitis
641 1556 1107 1625 concupiscentiis,
1133 1555 1238 1611 hoc
1265 1564 1368 1621 est,
1391 1556 1601 1613 lumbos
1624 1571 1716 1612 ac-

144 1647 338 1707 cuetos
363 1646 563 1707 habere
594 1646 885 1707 debemus:
910 1655 963 1702 et
992 1646 1195 1702 fervere
1221 1655 1274 1703 et
1304 1648 1480 1703 lucere
1502 1649 1555 1702 iu
1582 1663 1713 1717 0pc-

148 1738 282 1805 ribus
300 1736 472 1801 bonis.
502 1736 605 1795 hoc
625 1746 728 1809 est,
759 1737 1007 1795 lucernas
1035 1736 1283 1793 ardentes
1321 1737 1538 1792 habere.
1573 1737 1719 1792 Dixit

149 1829 407 1897 enimipse
424 1828 684 1885 Dominus
703 1822 981 1895 discipulis
1001 1827 1112 1881 suis
1132 1827 1238 1881 alio
1263 1827 1380 1882 loco
1401 1827 1669 1896 Evangelii
1696 1846 1710 1881 :

159 1917 311 1974 Ncnto
352 1918 575 1981 accendit
599 1919 879 1981 lucernam,
911 1928 960 1975 et
993 1917 1132 1986 pauit
1160 1934 1270 1974 eam
1294 1918 1389 1972 sub
1415 1918 1603 1983 modio,
1625 1919 1714 1973 sed

155 2026 297 2078 super
315 2007 683 2073 candelabrm,
709 2017 759 2069 tu
786 2010 950 2068 luceat
978 2008 1208 2069 erunibus
1233 2009 1319 2079 qui
1337 2009 1391 2063 in
1410 2010 1558 2064 domo
1573 2022 1708 2065 sunt.

159 2098 223 2152 Et
259 2107 312 2155 ut
350 2098 656 2154 ostenderet
697 2098 838 2155 unde
876 2098 1110 2164 dicebat,
1141 2099 1368 2168 subjecit
1404 2110 1459 2155 et
1483 2102 1593 2155 ait:
1621 2101 1713 2157 Sic

160 2189 301 2242 luceat
325 2189 485 2247 lumen
513 2198 734 2244 vestrum
754 2205 926 2244 coram
954 2188 1260 2254 hominibus,
1282 2199 1337 2245 ut
1356 2190 1556 2245 videant
1583 2191 1712 2245 bona

158 2281 275 2346 facta
296 2288 471 2343 nostra,
500 2289 549 2333 et
580 2279 864 2350 gloriﬁcent
902 2278 1112 2339 Patrem
1140 2288 1354 2337 vestrum
1381 2281 1467 2349 qui
1494 2280 1548 2335 in
1572 2282 1712 2336 cortis

154 2368 413 2435 mtuam.
444 2385 498 2433 ν,
533 2370 621 2435 ts,
656 2369 766 2432 l6).

211 2459 419 2519 CAPUT
457 2460 521 2512 ll.
555 2489 628 2500 -—-
658 2461 714 2514 2.
762 2460 881 2516 Tria
926 2461 979 2515 in
1030 2460 1304 2530 Evangelia
1341 2462 1705 2514 commendata.

153 2547 260 2609 Ideo
286 2551 485 2605 lumbos
512 2560 725 2605 nostros
749 2551 1016 2607 accinctos
1043 2566 1163 2611 esse
1187 2550 1389 2618 voluit,
1433 2562 1487 2605 et
1533 2552 1708 2605 lucer-

154 2656 238 2701 nas
256 2643 510 2699 ardentes.
560 2642 696 2708 Quid
725 2653 807 2698 est
829 2683 843 2704 .
877 2643 1087 2699 lumbos
1104 2644 1412 2699 accinctos?
1441 2643 1651 2697 llerlimt
1676 2661 1707 2696 α

152 2733 288 2786 ηοω.
315 2732 446 2798 Quid
464 2741 551 2788 est
570 2732 781 2787 lucere?
800 2732 927 2802 quid
951 2742 1034 2787 est
1063 2734 1304 2789 lucernas
1338 2734 1588 2787 ardentes
1614 2733 1708 2788 lia-

152 2821 291 2881 bere!
319 2824 424 2881 Hoc
446 2833 531 2879 est
553 2863 568 2887 ,
606 2823 667 2879 Et
694 2824 777 2893 [ac
796 2824 999 2877 bonum.
1029 2823 1164 2891 Quid
1190 2830 1272 2877 cst
1302 2824 1439 2893 quod
1466 2824 1708 2891 adjunxit

150 2924 197 2969 ct
225 2916 322 2979 ait,
365 2916 429 2969 Et
454 2932 541 2971 eos
567 2917 756 2973 similes
795 2925 948 2970 estote
987 2916 1269 2972 hominibus
1306 2918 1707 2988 exspectantibus

150 3004 380 3060 dominum
414 3024 564 3063 suum
601 3006 803 3077 quando
843 3008 1008 3060 veniat
1035 3025 1066 3060 a
1093 3008 1282 3078 nuptiis
1308 3023 1327 3063 :
1357 3010 1458 3063 nisi
1482 3009 1623 3078 quod
1651 3011 1703 3063 iu

152 3095 233 3150 illo
257 3098 453 3165 psalmo
478 3099 719 3166 sequitur
737 3139 752 3163 ,
776 3096 985 3168 Inquire
1014 3114 1187 3169 pacem
1209 3140 1222 3162 ,
1265 3108 1312 3151 et
1340 3116 1540 3170 sequere
1558 3102 1706 3155 eam?

152 3186 260 3243 ﬂre
284 3191 372 3244 tria
390 3232 405 3255 ,
459 3190 563 3245 hoc.
588 3199 672 3247 est
690 3230 706 3255 ,
754 3190 1072 3244 abstinentia
1101 3207 1130 3244 a
1159 3192 1298 3246 malo
1321 3232 1335 3256 ,
1385 3202 1439 3246 ct
1465 3195 1704 3263 Operatio

152 3275 290 3342 boni,
335 3290 382 3334 et
410 3295 535 3350 spes
560 3280 761 3350 prazmii
800 3282 983 3335 :eterui
1011 3323 1026 3345 ,
1056 3292 1469 3336 commemorata
1498 3294 1620 3337 sunt
1651 3285 1701 3337 in

151 3367 343 3423 Actibus
365 3369 757 3439 Apostolorum,
789 3370 877 3424 ubi
899 3370 1153 3440 scriptum
1182 3364 1290 3435 est,
1321 3372 1451 3440 Quia
1479 3373 1704 3430 docelntt

152 3471 232 3511 eos
273 3458 456 3515 Paulus
499 3460 564 3515 d3
604 3463 938 3522 continentia,
988 3462 1052 3515 ‘de
1086 3463 1323 3532 justitia,
1376 3473 1422 3517 et
1464 3480 1553 3535 spe
1588 3466 1704 3521 vita:

152 3558 332 3607 πίθηκε
365 3551 500 3621 (Art.
548 3567 695 3614 xxiv,
728 3552 858 3622 25).
891 3552 970 3611 Ad
1023 3554 1400 3609 continentiam
1444 3558 1697 3624 pertinet,

152 3637 251 3692 Sint
271 3643 418 3696 lumbi
440 3643 594 3695 nstri
613 3643 842 3695 accincti.
876 3642 954 3696 Ad
976 3642 1232 3710 justitiam
1253 3645 1498 3713 pertinet,
1533 3645 1601 3699 Et
1621 3647 1701 3699 lu-

150 3745 293 3786 cente
328 3733 556 3787 ardattes
585 3735 629 3784 ⁸.
676 3732 757 3787 Ad
784 3733 1233 3800 exspectationem
1285 3733 1493 3788 Domini
1540 3736 1704 3803 perti-

151 3829 253 3885 net,
276 3838 381 3891 qua:
403 3832 491 3879 est
514 3838 639 3892 spes
659 3823 779 3877 vita:
806 3833 1039 3877 aeternas.
1070 3824 1230 3893 Ergo,
1258 3823 1464 3877 Declina
1488 3841 1518 3877 α
1544 3827 1695 3891 malo,

154 3907 253 3966 bare
274 3921 350 3967 est
378 3914 701 3970 continentia
726 3953 742 3980 ,
776 3915 825 3967 hi
853 3921 976 3968 sunt
1015 3914 1175 3968 lumbi
1220 3915 1480 3969 accincti:
1516 3916 1581 3969 Et
1619 3917 1701 3986 [ac

156 3999 311 4055 ισιηηιι
329 4044 344 4069 ,
370 4003 483 4059 hare
508 4014 593 4060 est
615 4004 816 4073 iustitia
836 4044 851 4069 ,
891 4004 973 4058 lue
1002 4014 1124 4059 sunt
1151 4006 1378 4060 lucernae
1409 4008 1656 4064 ardentes
1682 4027 1696 4062 :

158 4087 314 4153 Quare
337 4109 507 4163 pacem
545 4103 590 4148 et
613 4110 815 4164 sequere
842 4111 982 4159 eam,
1012 4094 1128 4149 bace
1154 4106 1236 4150 est
1267 4100 1589 4167 exspectatio
1615 4099 1700 4155 lu-

156 4181 238 4233 turi
261 4184 427 4237 stcculi
459 4200 475 4237 :
523 4199 651 4254 ergo
668 4224 682 4248 ,
715 4185 921 4240 Similes
945 4195 1100 4240 estote
1128 4187 1410 4242 hominibus
1438 4201 1701 4261 expectan-

156 4269 262 4326 tibus
282 4273 536 4328 dominum
562 4292 711 4329 suum
738 4276 944 4345 quando
967 4278 1129 4331 veniat
1155 4294 1185 4330 ιι
1208 4279 1414 4347 nuptiis.

207 4361 409 4420 CAPUT
449 4365 623 4420 llL—
648 4367 703 4420 ὃ.
732 4365 856 4420 Dies
880 4367 997 4421 boni
1037 4372 1224 4437 frustra
1266 4366 1349 4422 hic
1385 4382 1696 4438 quwrunlur.

151 4448 437 4524 Diuisione,
482 4456 625 4526 quid.
658 4457 924 4514 labentes
963 4469 1137 4513 autem
1193 4460 1290 4515 ista
1342 4471 1601 4532 prmcepta
1646 4474 1700 4518 et

150 4545 410 4613 promissa,
460 4545 588 4617 quid
614 4547 902 4616 quaerimus
945 4548 997 4601 in
1028 4558 1165 4605 terra
1194 4548 1308 4605 dies
1349 4550 1553 4617 bonos,
1608 4554 1696 4608 ubi

143 4644 221 4685 cos
246 4632 481 4690 invenire
503 4652 607 4690 non
640 4637 954 4705 possumus?
976 4636 1101 4692 Scio
1123 4638 1264 4693 enim
1292 4641 1413 4709 quia
1444 4656 1539 4696 eos
1553 4657 1699 4711 qum-

142 4723 274 4789 ritis,
320 4724 529 4794 quando
570 4734 661 4779 aut
700 4726 1002 4797 trgrotatis,
1048 4736 1139 4782 aut
1177 4730 1229 4782 iu
1275 4731 1698 4788 tribulationibus

136 4816 274 4879 estis,
302 4832 418 4885 qua:
444 4816 717 4871 abundant
744 4818 795 4873 in
825 4818 927 4874 isto
953 4820 1169 4875 sscculo.
1198 4820 1456 4886 Quoniam
1486 4825 1697 4892 quando

130 4915 251 4959 retas
276 4908 439 4977 vergit
461 4907 527 4961 ad
573 4908 764 4975 (intem,
815 4919 869 4964 et
894 4925 1053 4964 senex
1101 4912 1287 4980 plenus
1325 4920 1405 4966 cst
1439 4915 1692 4982 querelis,

128 5006 179 5051 et
201 4998 358 5052 milis
670 5000 811 5055 Inter
838 5016 1025 5055 omnes
1071 5003 1461 5069 lribulationes,
1505 5005 1696 5075 quibus

125 5089 406 5151 materitur
427 5104 596 5158 genus
642 5088 968 5156 humanum,
1018 5108 1120 5145 non
1164 5106 1408 5162 quarunt
1456 5094 1695 5151 homines

129 5178 222 5233 nisi
250 5177 362 5232 dies
403 5179 599 5239 bonos.
633 5190 689 5234 et
717 5181 876 5234 vitam
903 5182 1091 5236 volunt
1120 5183 1363 5254 longam,
1421 5200 1577 5253 quam
1611 5184 1695 5240 bic

181 5316 196 5346 ι
226 5321 274 5362 tr.
294 5320 419 5373 κει,
441 5314 631 5364 additur
655 5313 727 5364 vel
748 5315 1063 5367 admonuerit.

180 5379 194 5397 ‘
336 5375 480 5441 addit,
513 5374 565 5425 in
588 5375 806 5441 manibus
842 5377 1026 5441 vestris.
1059 5386 1170 5437 Qum
1214 5392 1277 5430 ve
1303 5381 1364 5428 ba
1412 5382 1457 5429 in
1498 5383 1695 5432 excusis

120 5438 311 5504 quidem
343 5437 500 5504 tttbliis
524 5437 737 5500 Vulgata:
760 5451 888 5504 nunc
909 5440 1073 5504 insunt
1095 5442 1323 5499 versiout,
1362 5442 1449 5490 sed
1489 5443 1551 5489 ab
1592 5444 1692 5504 ipsa

119 5499 229 5549 olim
251 5498 457 5562 aberant
471 5500 519 5548 in
542 5498 874 5562 mansa-irtus
896 5500 1054 5551 Bibliis
1091 5504 1494 5553 Gcrmaucnsihus
1517 5498 1694 5552 uosiris

118 5567 167 5610 et
185 5560 574 5624 mrbeiensilms,
598 5561 737 5624 sicuti
760 5560 934 5624 absum
955 5574 983 5611 a
1008 5570 1147 5612 textu
1172 5576 1346 5624 graeco.
1372 5565 1598 5613 Eumdem
1624 5563 1691 5612 lo-

115 5623 427 5688 wmghsque
448 5622 508 5688 ist
518 5623 559 5669 is
581 5622 746 5673 verbis
774 5622 927 5688 refert
960 5622 1249 5688 Augustinum
1270 5638 1411 5688 supra
1437 5626 1485 5673 iu
1508 5638 1691 5675 sermn-

116 5696 176 5730 ne
196 5682 279 5732 95.
302 5682 425 5750 ξιξ⁹
449 5683 497 5750 in
523 5696 755 5750 sermone
789 5684 854 5731 dc.
890 5682 1207 5746 continentia,
1231 5682 1415 5750 cap.'7;
1441 5688 1487 5735 in
1509 5695 1683 5744 ifillt‘st.

112 5742 332 5804 Evangel.
357 5742 442 5793 lib.
461 5744 511 5803 Ξ,
535 5757 639 5805 cap.
664 5742 742 5803 25,
767 5754 860 5795 etc.

1571 348 1801 407 suum)
1836 325 2013 407 cvm.

3322 361 3424 417 δδῑ

1843 461 2036 519 habere
2064 480 2167 518 non
2198 475 2434 534 possunt.
2468 465 2681 533 Quiaet
2708 468 2861 540 longa
2893 467 3123 529 immittis
3146 472 3253 529 vita
3279 482 3421 530 tanta

1836 551 2093 606 brevitate
2113 557 2492 624 constringitur
2510 556 2576 612 ad
2594 557 2831 614 universi
2860 559 3042 620 surculi
3079 560 3218 620 illius
3239 561 3417 621 latitu-

1832 642 2013 696 dinem
2033 684 2046 703 ,
2083 644 2230 712 quasi
2262 661 2364 698 una
2401 655 2547 715 gutta
2581 646 2653 702 ad
2685 647 2986 707 universum
3020 665 3164 708 mare
3194 666 3417 721 ctunpa-

1831 739 1978 787 retur
2005 733 2044 784 ⁸.
2072 733 2210 799 Quid
2253 750 2381 805 ergo
2406 744 2489 791 est
2517 736 2618 790 vita
2660 737 2889 795 hominis
2908 780 2924 801 .
2978 741 3137 801 etiam
3166 741 3250 799 illa
3297 758 3417 811 qua!

1831 822 1982 893 longa
2012 823 2242 880 dicitur?
2283 825 2519 896 Longam
2545 827 2705 885 vitam
2734 828 2950 892 dicunt,
2976 846 3095 899 qua:
3134 831 3187 891 in
3220 834 3417 893 axiculo

1829 913 1932 966 isto
1977 914 2150 969 brevis
2196 926 2323 970 est:
2365 927 2452 982 et,
2500 917 2637 977 sicut
2687 918 2823 981 dixi,
2868 919 3141 981 abundant
3186 922 3416 997 gemitus

1828 1018 1995 1074 usque
2039 1004 2106 1060 ad
2133 1007 2457 1077 decrepitam
2484 1018 2832 1066 senectutem.
2888 1011 2999 1068 Hoc
3028 1021 3197 1072 totum
3236 1015 3414 1077 modi-

1825 1108 2022 1153 cumet
2068 1099 2225 1154 breve
2272 1111 2354 1155 cst
2388 1113 2475 1155 :ct
2530 1111 2706 1156 tamen
2758 1104 3025 1173 quanon
3054 1107 3310 1174 qttzeritur
3345 1108 3415 1160 ab

1829 1187 2164 1243 hominibus?
2191 1191 2394 1256 Quanta
2416 1191 2685 1261 diligentia
2707 1234 2721 1258 ,
2750 1204 2953 1263 quanto
2983 1194 3182 1257 labore,
3204 1208 3408 1264 quanta

1824 1292 1949 1332 cura
1969 1318 1985 1343 ,
2015 1290 2207 1349 quanta
2239 1281 2526 1350 vigilantia,
2554 1293 2753 1352 quanto
2780 1300 2943 1352 opere
2968 1294 3211 1355 quasrunt
3241 1287 3411 1342 quni-

1826 1383 1920 1422 ues
1948 1378 2005 1423 ut
2041 1370 2129 1423 ditt
2158 1371 2242 1425 hic
2266 1371 2448 1427 vivant
2471 1382 2525 1427 et
2547 1376 2866 1430 senescant?
2908 1375 3090 1444 lpsuut
3119 1386 3294 1434 autem
3317 1378 3410 1435 diu

1826 1458 2007 1513 vivere
2036 1461 2157 1531 quid
2180 1471 2295 1528 est,
2344 1463 2447 1517 nisi
2470 1464 2534 1517 ad
2562 1462 2722 1525 linem
2763 1466 3016 1522 (metere?
3043 1467 3281 1523 Habuisti
3309 1467 3408 1524 he-

1822 1558 2058 1605 sternum
2102 1553 2280 1618 diem,
2328 1553 2523 1608 babrre
2552 1557 2631 1610 vis
2657 1567 2710 1611 ct
2752 1559 3045 1627 crastinum
3082 1559 3245 1615 diem.
3297 1560 3409 1615 Sed

1821 1650 1945 1692 cum
1993 1640 2091 1695 iste
2122 1644 2387 1707 transierit
2414 1654 2469 1698 et
2507 1647 2803 1714 crastinus,
2835 1649 3010 1703 minus
3041 1649 3185 1704 illum
3218 1650 3401 1704 babes.

1821 1729 1953 1785 Ideo
1969 1742 2121 1801 optas
2147 1746 2195 1789 tt:
2229 1735 2461 1790 lucescat
2491 1737 2639 1802 dies,
2669 1748 2724 1792 ut
2749 1741 3067 1810 propinquet
3095 1742 3185 1796 tibi
3213 1758 3323 1811 quo
3347 1753 3402 1797 ttt
3472 1738 3475 1739 ν

1821 1836 1924 1874 non
1947 1822 2026 1876 vis
2044 1826 2340 1892 pervenire.
2365 1826 2602 1882 Exliibes
2627 1829 2853 1898 aliquam
2870 1830 3259 1891 solemnitatem
3279 1834 3405 1889 ami-

1816 1911 1894 1965 cis
1920 1913 2058 1977 tuis,
2086 1914 2234 1969 audis
2265 1917 2333 1969 ibi
2363 1932 2396 1970 a
2421 1917 2557 1972 bene
2583 1920 2888 1987 optantibus
2917 1919 3020 1975 dici
3049 1922 3176 1986 tibi,
3208 1923 3402 1978 Multos

1815 2016 1989 2056 annos
2015 2003 2165 2058 vivas
2194 2022 2206 2057 :
2237 2006 2319 2061 vis
2349 2017 2406 2060 ut
2445 2008 2621 2062 veniat
2647 2010 2787 2078 quod
2827 2010 2901 2063 illi
2927 2011 3196 2068 dixerunt.
3227 2013 3361 2081 Quid
3378 2019 3403 2068 ’ἔ
3449 2048 3455 2055 μ

1816 2092 1887 2148 Ut
1911 2095 2127 2150 veniant
2162 2098 2285 2151 anui
2307 2107 2364 2152 et
2388 2100 2512 2152 anni
2532 2140 2546 2164 ,
2576 2109 2630 2154 et
2656 2116 2759 2154 non
2781 2102 2862 2155 vis
2891 2104 3066 2157 veniat
3089 2107 3209 2160 linis
3233 2122 3402 2159 anuo-

1814 2184 1967 2238 rum?
2007 2183 2191 2240 Studia
2240 2196 2328 2241 tua
2359 2190 2627 2242 contraria
2670 2198 2794 2243 sunt
2827 2209 2840 2244 :
2881 2192 3157 2248 ambulare
3202 2196 3312 2259 vis,
3345 2206 3402 2255 et

1814 2273 2096 2341 pervenire
2123 2291 2226 2333 non
2257 2276 2355 2329 vis.

1881 2365 2106 2421 CAPUT
2143 2366 2392 2422 lV.-—4.
2447 2368 2559 2421 Vita
2598 2370 2778 2425 adies
2825 2369 2944 2424 boni
2987 2372 3071 2426 ulti
3117 2375 3393 2442 qucremli.

1814 2455 2220 2525 Verumtamen,
2248 2468 2305 2513 ut
2327 2458 2470 2525 dixi,
2499 2461 2543 2515 si
2573 2469 2712 2515 tanta
2744 2476 2869 2516 cura
2893 2463 3027 2516 ilt"St
3058 2464 3393 2530 botn'mibns,

1811 2556 1869 2598 ut
1917 2549 2271 2616 quotitliauis,
2321 2550 2525 2619 magnis
2573 2552 2943 2620 perpetuisquc
2991 2552 3262 2609 laboribus
3292 2572 3391 2611 cu-

1810 2639 1984 2706 piant,
2020 2648 2075 2692 ut
2103 2639 2303 2693 tardius
2346 2641 2670 2707 moriantur;
2701 2651 2896 2710 quanta
2956 2659 3083 2698 cura
3133 2647 3395 2713 agetulmn

1809 2740 1924 2796 cst,
1953 2739 2010 2784 ut
2034 2746 2301 2801 nunquam
2348 2733 2679 2788 moriantur?
2719 2734 2847 2790 lude
2896 2752 3056 2790 nemo
3096 2740 3208 2794 vult.
3248 2743 3395 2809 ongi-

1812 2828 1942 2874 tare.
1982 2820 2228 2886 Quotidie
2266 2833 2578 2892 qmeruntur
2622 2825 2677 2879 in
2718 2826 2821 2879 is10
2849 2828 3046 2880 smculo
3073 2829 3188 2885 dies
3237 2831 3392 2898 boui,

1807 2909 1895 2963 ubi
1925 2924 2028 2967 non
2054 2911 2426 2966 inveniuntur:
2449 2922 2505 2967 et
2528 2930 2685 2969 nemo
2712 2916 2823 2969 vult
2852 2917 2928 2971 sic
2958 2919 3154 2986 vivere,
3186 2929 3247 2974 ut
3269 2923 3393 2976 illuc

1809 3000 2078 3068 perveniat
2100 3001 2190 3055 ubi
2221 3004 2575 3058 inveniuntur.
2605 3005 2729 3060 Ideo
2756 3007 3007 3063 admonet
3029 3010 3213 3066 eadem
3237 3013 3387 3067 Scri-

1808 3100 1958 3159 ptura
1978 3132 1991 3153 ,
2019 3101 2074 3145 ct
2114 3092 2241 3146 dicit
2268 3111 2280 3146 :
2312 3093 2440 3159 Quis
2464 3106 2534 3149 est
2563 3096 2710 3151 homo
2739 3100 2824 3167 qui
2849 3097 2956 3151 vult
2979 3101 3130 3154 vitam
3148 3142 3163 3167 ,
3198 3113 3242 3173 et
3272 3104 3395 3157 dili-

1805 3183 1876 3251 git
1904 3183 2066 3237 ridere
2091 3183 2196 3237 dies
2211 3184 2405 3241 bonos?
2428 3187 2515 3242 Sic
2540 3188 2888 3259 interrogavit
2909 3191 3201 3263 Scriptura,
3225 3208 3280 3248 ut
3298 3197 3395 3249 sci-

1808 3283 1887 3325 rct
1915 3271 2039 3342 quid
2069 3272 2140 3326 illi
2171 3277 2611 3344 responderetur:
2640 3281 2817 3334 sciens
2836 3282 2977 3351 quod
3009 3296 3194 3337 omnes
3217 3284 3393 3340 homi-

1805 3380 1901 3420 ncs
1930 3367 2089 3420 vitam
2118 3379 2447 3438 quaererent,
2495 3380 2550 3424 et
2595 3372 2709 3426 dies
2754 3373 2941 3429 bonos.
2998 3375 3100 3428 Pro
3128 3372 3412 3430 desiderio

1806 3455 2038 3525 ip‘orum
2070 3457 2449 3527 interrogavit,
2478 3468 2725 3528 tauquam
2750 3462 2847 3515 sibi
2874 3464 2941 3517 de
2966 3466 3203 3518 omnium
3227 3466 3391 3520 corde

1806 3538 2250 3613 responderetur,
2306 3547 2418 3616 Ego
2446 3549 2606 3602 volo:
2635 3551 2713 3605 sic
2754 3552 2920 3615 dixit,
2974 3555 3106 3620 Quis
3143 3564 3217 3607 est
3239 3555 3393 3609 homo

1804 3636 1890 3706 qui
1913 3637 2015 3689 vult
2036 3638 2187 3690 vitam
2206 3679 2220 3699 ,
2245 3648 2292 3690 et
2311 3638 2475 3708 diligit
2495 3640 2663 3696 ridere
2687 3643 2793 3696 dies
2825 3645 2978 3697 bonos
2995 3648 3021 3697 ἵ)
3040 3646 3388 3712 Quemadmo-

1803 3726 1926 3778 dum
1952 3727 2110 3779 etiam
2139 3728 2235 3780 ista
2255 3728 2406 3793 hora,
2431 3744 2530 3798 qua
2547 3730 2695 3785 vobis
2713 3732 2900 3801 loquor
2923 3748 3042 3788 eum
3059 3736 3280 3790 audistis
3301 3753 3388 3794 me

1803 3814 1999 3869 dixisse
2017 3856 2032 3879 ,
2067 3816 2204 3883 Quid
2240 3827 2313 3870 est
2336 3817 2486 3870 homo
2509 3820 2719 3888 quivult
2756 3823 2930 3888 vitam,
2960 3835 3004 3876 et
3033 3825 3197 3895 diligit
3222 3828 3386 3881 videre

1803 3908 1911 3962 dies
1935 3908 2088 3963 bonos
2105 3909 2129 3963 ?
2148 3922 2333 3964 omnes
2362 3912 2711 3980 respondistis
2736 3914 2786 3967 in
2811 3916 2973 3969 corde
2998 3929 3173 3972 veStro
3192 3960 3206 3981 ,
3251 3919 3380 3988 Ego.

1800 3998 1932 4052 Nam
1959 4007 2016 4053 et
2032 4014 2139 4070 ego,
2155 4001 2243 4069 qui
2272 4000 2543 4055 vobiscum
2572 4003 2761 4074 loquor
2781 4046 2794 4069 ,
2843 4004 3001 4061 vitam
3045 4009 3168 4062 volo
3193 4020 3245 4064 et
3269 4010 3387 4065 dics

1802 4091 1970 4147 bonos
2002 4109 2017 4145 :
2046 4092 2184 4161 quod
2215 4093 2449 4161 qumritis
2478 4109 2606 4157 vos,
2638 4096 2737 4151 hoc
2772 4112 2952 4166 quaero
2976 4108 3031 4154 et
3052 4115 3169 4171 ego.

1870 4183 2097 4239 CAPUT
2139 4184 2199 4237 ν.
2224 4214 2296 4223 --
2315 4185 2366 4241 5.
2403 4187 2548 4240 Idem
2569 4196 2816 4241 tractatur
2842 4203 3212 4261 argumentum.
3243 4193 3385 4261 Quo-

1802 4272 1961 4329 modo
1980 4273 2023 4328 si
2054 4288 2240 4327 aurum
2269 4275 2421 4328 nobis
2448 4278 2696 4333 omnibus
2726 4293 2867 4334 esset
2891 4283 3247 4337 necessarium
3270 4325 3283 4346 ,
3330 4294 3385 4338 et

1800 4377 1900 4432 ego
1926 4362 1993 4416 ad
2018 4378 2204 4417 aurum
2237 4379 2337 4418 una
2359 4366 2634 4420 vobiscum
2665 4370 2946 4437 pervenire
2972 4372 3157 4425 volens
3177 4415 3192 4438 ,
3222 4383 3274 4427 et
3298 4390 3382 4427 es-

1801 4461 1884 4507 set
1907 4452 2099 4507 alicubi
2129 4453 2179 4506 in
2209 4468 2338 4522 agro
2380 4464 2592 4522 vestro,
2642 4457 2694 4511 in
2740 4459 2858 4513 loco
2900 4471 3089 4516 vestra:
3138 4466 3382 4533 potestati

1801 4541 2046 4608 subdito,
2095 4552 2149 4597 et
2174 4542 2410 4600 viderem
2438 4561 2531 4600 vos
2562 4558 2860 4617 qumreutes
2884 4566 3104 4619 aurum,
3146 4563 3199 4606 et
3230 4555 3381 4609 dirco

1801 4647 1911 4685 rem
1937 4633 2102 4698 vobis,
2117 4634 2252 4701 Quid
2274 4637 2508 4705 quteritis
2523 4637 2548 4689 ?
2566 4641 2957 4707 responderetis
2979 4644 3128 4709 mihi,
3155 4646 3377 4700 Aurum.

1804 4723 1873 4777 Et
1896 4738 1994 4793 ego
2013 4726 2164 4781 vobis
2190 4726 2423 4781 dicerem
2440 4770 2455 4792 ,
2481 4730 2679 4784 Aurum
2707 4734 2970 4800 qumritis,
3003 4744 3056 4790 et
3075 4752 3173 4805 ego
3190 4754 3379 4792 anrmn

1799 4829 1980 4883 quatro
2009 4832 2022 4866 :
2053 4816 2194 4885 quod
2242 4818 2511 4885 qumritis,
2563 4828 2617 4873 et
2663 4836 2763 4889 ego
2787 4837 3003 4889 qua-ro;
3037 4826 3128 4878 sed
3174 4840 3278 4879 non
3311 4828 3380 4881 ibi

1799 4906 2033 4975 quaeritis
2056 4907 2143 4960 ubi
2183 4909 2448 4976 possimus
2477 4910 2733 4965 invenire.
2770 4914 2905 4977 Ergo
2948 4915 3126 4969 audite
3146 4932 3261 4976 me,
3293 4919 3380 4970 ubi

1802 4997 2063 5064 ινομεὶιηιιε
2108 4998 2346 5053 invenire
2394 5015 2407 5050 :
2448 4999 2600 5053 vobis
2640 5015 2743 5056 non
2786 5004 2947 5064 tollo,
3007 5005 3177 5058 locum
3231 5008 3383 5060 vobis

1799 5088 2059 5141 ostendo:
2096 5088 2204 5140 imo
2231 5103 2516 5157 sequamur
2541 5104 2726 5145 omnes
2764 5107 2884 5146 eum
2915 5094 3003 5158 qui
3035 5095 3180 5148 novit
3200 5096 3286 5149 ubi
3314 5097 3388 5152 sit

1798 5176 1939 5244 quod
1965 5181 2270 5246 quaerimus.
2304 5179 2395 5233 Sic
2434 5188 2490 5233 et
2515 5195 2653 5234 nunc
2677 5221 2691 5245 ,
2722 5181 2847 5251 quia
2876 5182 3190 5239 desideratis
3218 5187 3382 5241 vitam

1797 5274 1853 5319 et
1887 5264 2003 5319 dies
2044 5266 2238 5330 bonos,
2292 5281 2397 5322 non
2450 5284 2731 5337 possumus
2760 5271 2910 5326 vobis
2956 5272 3165 5341 dicere,
3209 5275 3381 5331 Nolite
3422 5302 3426 5307 α

1797 5356 2106 5413 desiderare
2151 5359 2311 5413 vitam
2342 5370 2396 5415 et
2420 5360 2535 5414 dies
2575 5361 2742 5416 bonos
2771 5379 2783 5415 :
2815 5363 2908 5417 sed
2962 5364 3088 5418 illud
3120 5365 3377 5426 dicimus,

1798 5447 1968 5500 Nolite
1998 5447 2083 5501 hic
2106 5463 2346 5518 quaerere
2367 5449 2417 5503 in
2449 5451 2549 5504 hoc
2577 5453 2773 5506 srcculo
2792 5453 2952 5507 vitam
2969 5455 3151 5510 etdics
3177 5457 3343 5511 bonos
3362 5501 3376 5515 .

1797 5537 1885 5590 ubi
1931 5539 2054 5593 boui
2107 5554 2227 5595 csse
2267 5556 2372 5594 non
2416 5551 2654 5610 possunt.
2706 5542 2891 5598 Nonne
2919 5544 3020 5599 vita
3065 5546 3174 5616 ipsa
3217 5550 3376 5604 morti

1862 5690 1979 5757 {sic
2001 5694 2187 5757 tnvzct
2210 5689 2418 5743 Bencd.;
2443 5697 2492 5738 at
2510 5696 2583 5738 Fr.
2608 5691 2752 5753 Lugd.
2781 5700 2848 5742 et.
2876 5701 3016 5752 \‘cn.,
3043 5694 3181 5757 quasi
3209 5695 3251 5747 si
3275 5710 3370 5748 tota

1797 5755 1927 5807 (μίξις
1949 5749 2012 5797 ad
2046 5748 2315 5799 universum
2339 5763 2469 5799 mare
2503 5748 2820 5813 comparetur.
2920 5761 2973 5803 tt.
