3852 6182
488 341 591 400 63$

483 455 671 512 siutilis
699 452 814 509 est?
865 450 987 505 Dios
1013 455 1190 502 autent
1233 444 1332 514 ipsi
1362 449 1707 512 properantes
1748 439 2052 503 transeunt:

484 545 606 615 quia
652 542 940 598 hodiernus
983 536 1100 594 dies
1143 534 1452 592 hesternum
1497 527 1724 587 exclusit
1752 545 1765 579 :
1793 522 2058 579 crastinus

485 635 606 689 ideo
633 632 899 696 nascitur,
939 635 998 682 ut
1021 624 1266 683 excludat
1309 622 1646 679 hodiernum.
1677 616 1780 688 Ipsi
1807 615 1925 671 dies
1951 627 2056 668 non

483 730 629 778 stant
659 738 673 776 :
703 729 758 775 tu
779 733 943 790 quare
968 732 1091 774 eum
1114 716 1217 771 illis
1245 715 1325 769 vis
1351 712 1528 768 stare?
1571 706 1899 766 Desiderium
1928 718 2058 773 ergo

484 821 718 869 vestrum
736 849 755 878 ,
793 825 900 881 quo
923 808 1080 864 vultis
1106 809 1265 862 vitam
1293 814 1350 862 et
1371 803 1486 860 dies
1510 803 1706 864 bonos,
1750 813 1856 854 non
1884 795 2056 851 solum

486 919 592 959 non
619 902 852 973 reprimo
873 941 890 969 ,
917 899 1011 956 sed
1033 898 1195 956 etiam
1221 894 1587 954 vehementius
1615 889 1867 948 secando.
1899 888 2057 943 Pror-

484 1010 578 1049 sus
600 992 821 1064 qumrite
843 991 1007 1045 vitam
1027 1030 1043 1057 ,
1073 986 1296 1059 qurerite
1320 985 1435 1041 dies
1460 984 1630 1039 bonos
1661 998 1674 1035 :
1705 980 1798 1036 sed
1822 978 1910 1034 ubi
1932 992 2058 1048 pos-

486 1092 611 1140 sunt
636 1080 892 1148 inveniri,
918 1080 989 1135 ibi
1012 1086 1337 1150 qmntur.

556 1172 782 1231 CAPUT
820 1170 984 1226 Vl.--
1004 1170 1060 1226 6.
1081 1167 1479 1240 Quidagendum
1507 1174 1561 1218 ut
1600 1163 1914 1218 obtinentur
1953 1158 2061 1213 dies

490 1263 626 1319 boni.
688 1261 890 1330 Vita,et
916 1261 1023 1315 dies
1057 1260 1195 1315 boni.
1246 1257 1419 1314 Vultis
1445 1255 1586 1311 enim
1632 1253 1814 1309 audire
1853 1266 2059 1305 mecum

487 1354 767 1411 consilium
804 1354 956 1422 ejus,
1005 1332 1096 1423 qui
1135 1350 1282 1406 novit
1305 1348 1393 1403 ubi
1426 1347 1535 1402 sint
1554 1345 1673 1401 dies
1698 1342 1858 1406 boni,
1889 1351 1943 1397 et
1972 1340 2060 1394 tibi

486 1446 561 1501 sit
605 1444 756 1499 vita?
779 1442 973 1499 Audite
1006 1456 1111 1498 non
1156 1456 1189 1497 a
1216 1456 1336 1506 me,
1387 1438 1481 1494 sed
1509 1451 1719 1493 mecum
1767 1434 1944 1488 simul.
1975 1432 2065 1487 Ait

487 1536 630 1591 enim
658 1534 811 1590 nobis
832 1532 1045 1606 quidam
1072 1549 1088 1587 :
1128 1530 1321 1597 Venite,
1347 1529 1476 1599 ﬁlii,
1505 1527 1680 1581 audite
1712 1541 1808 1580 me.
1840 1525 1905 1580 Et
1928 1537 2063 1579 con-

488 1638 766 1678 curramus
784 1665 801 1690 ,
829 1631 885 1678 et
910 1630 1146 1687 stemus,
1169 1630 1223 1676 ct
1258 1635 1415 1676 aures
1453 1619 1784 1687 arrigamus,
1824 1625 1879 1670 et
1904 1612 2067 1669 corde

495 1714 850 1783 intelligamus
892 1712 1101 1768 Patrem
1131 1711 1220 1781 qui
1248 1709 1409 1772 dixit,
1463 1706 1666 1772 Venite,
1712 1704 1812 1775 lilii
1837 1745 1852 1769 ,
1895 1703 2071 1758 audite

493 1823 606 1871 me;
633 1808 879 1867 timorem,
910 1806 1099 1876 inquit,
1126 1803 1329 1859 Domini
1345 1803 1529 1855 docebo
1547 1815 1651 1853 eos.
1679 1798 1744 1853 Et
1768 1811 1924 1867 quam
1952 1809 2071 1849 rem

492 1899 601 1952 vult
628 1896 843 1962 dooere,
871 1905 925 1951 et
950 1895 1037 1950 cui
1065 1895 1145 1951 rei
1171 1894 1313 1949 utilis
1332 1901 1413 1947 est
1438 1893 1598 1946 timor
1627 1888 1830 1945 Domini
1850 1928 1865 1951 ,
1892 1885 2068 1956 sequi-

494 1997 622 2043 tur:
657 1987 783 2053 Quis
821 1997 894 2041 est
929 1986 1079 2040 homo
1120 1985 1205 2055 qui
1237 1982 1343 2036 vult
1387 1983 1574 2047 vitam,
1624 1988 1671 2033 et
1711 1977 1878 2047 diligit
1904 1976 2069 2030 sidere

493 2081 600 2136 dies
617 2059 772 2134 boabs
789 2081 814 2133 .’
840 2076 1241 2148 Respondemus
1259 2088 1468 2136 omnes,
1493 2070 1601 2126 Nos
1626 2070 1889 2126 volumus.
1915 2066 2067 2134 Quod

494 2171 733 2241 sciuntur
775 2169 1071 2224 audiamus.
1107 2166 1293 2222 Cohibe
1316 2165 1540 2236 linguam
1577 2172 1718 2217 tuam
1741 2177 1775 2214 a
1812 2158 1979 2224 malo,
2022 2166 2069 2214 et

494 2260 627 2315 labia
652 2269 741 2314 tua
764 2276 826 2313 ne
844 2259 1113 2328 loquantur
1149 2255 1343 2311 dolum.
1374 2252 1530 2307 llodo
1553 2251 1638 2306 dic
1656 2292 1672 2317 ,
1697 2250 1830 2320 Ego.
1854 2245 2072 2303 iamdu-

492 2352 620 2408 dum
652 2351 864 2423 quando
898 2349 1137 2405 dicebam
1165 2389 1181 2414 ,
1214 2348 1341 2414 Quis
1372 2355 1446 2399 est
1472 2345 1621 2399 homo
1646 2341 1858 2413 quivult
1882 2340 2067 2405 vitam,

494 2452 541 2497 et
580 2442 744 2512 diligit
770 2441 936 2496 uidene
977 2440 1087 2494 dies
1126 2439 1315 2494 bonos?
1351 2451 1538 2491 omnes
1584 2431 2067 2504 respondebamns,

496 2532 629 2604 Ego.
658 2531 754 2585 Eia
773 2528 1095 2599 respondeat
1121 2528 1248 2582 mibi
1273 2526 1493 2595 aliquis,
1524 2523 1654 2593 Ego.
1688 2522 1861 2590 Ergo,
1887 2518 2075 2576 Cohibe

496 2623 720 2694 linguam
739 2630 879 2675 tuam
899 2637 931 2674 a
957 2620 1090 2674 malo
1109 2659 1124 2681 ,
1146 2629 1192 2672 et
1222 2616 1356 2672 labia
1388 2625 1475 2670 tua
1501 2633 1564 2669 ne
1592 2615 1858 2684 loquantur
1876 2613 2069 2667 dolum.

497 2711 591 2765 Dic
614 2709 805 2776 modo,
840 2710 972 2780 Ego.
1003 2708 1145 2778 Ergo
1182 2706 1296 2761 dies
1320 2707 1488 2761 bonos
1517 2712 1572 2759 ct
1592 2705 1748 2758 vitam
1779 2703 1886 2768 vis,
1924 2701 2075 2757 cohi-

497 2800 621 2854 bere
646 2796 873 2868 linguam
898 2807 1040 2851 tuam
1065 2812 1095 2849 ιι
1124 2795 1266 2850 malo
1289 2811 1393 2849 non
1413 2794 1515 2859 vis,
1544 2802 1596 2848 et
1622 2792 1755 2847 labia
1787 2804 1872 2845 tua
1901 2805 1969 2845 ne
1997 2790 2073 2843 lo-

497 2896 727 2959 quantur
751 2887 967 2942 dolum?
996 2885 1078 2940 Ad
1100 2884 1398 2941 mercedem
1428 2883 1621 2947 alacer,
1650 2880 1717 2935 ad
1742 2895 1876 2950 opus
1902 2879 2069 2948 piger.

500 2979 567 3032 Et
583 2978 667 3032 cui
695 2992 799 3032 non
828 2976 1068 3047 aperanti
1085 2974 1322 3031 redditur
1343 2973 1584 3028 merces?
1610 2971 1822 3027 Utinam
1845 2970 1896 3023 in
1912 2969 2072 3023 domo

498 3078 586 3123 tua
614 3068 697 3123 vel
725 3067 965 3137 operanti
1021 3064 1317 3120 mercedem
1377 3062 1590 3118 reddas.
1640 3061 1769 3116 Nam
1813 3060 1926 3117 scio
1950 3059 2071 3130 quia

500 3173 605 3211 non
634 3156 873 3228 operanti
913 3170 1017 3210 non
1045 3153 1240 3210 reddis.
1267 3153 1473 3220 Quare?
1509 3152 1640 3219 Quia
1664 3150 1794 3204 nihil
1834 3147 2073 3219 aperanti

500 3248 630 3302 nilnil
650 3246 835 3302 debes.
862 3244 930 3300 Et
950 3245 1093 3300 Dens
1114 3244 1384 3314 proposuit
1400 3243 1717 3298 mercedem.
1745 3241 1911 3307 Quam
1935 3255 2075 3295 mer—

498 3338 720 3395 cedem?
753 3335 919 3391 Vitam
957 3346 1003 3390 et
1026 3336 1132 3390 dies
1155 3322 1336 3400 bonos',
1382 3348 1539 3404 quam
1567 3346 1755 3387 omnes
1798 3330 2070 3386 desidera-

502 3445 654 3496 mus,
682 3439 738 3485 et
759 3428 826 3484 ad
852 3444 985 3499 quos
1016 3427 1134 3483 dies
1178 3441 1364 3481 outncs
1402 3425 1587 3482 venire
1633 3437 1907 3478 conamur.
1940 3422 2073 3477 Pro-

502 3520 717 3575 missam
764 3517 1062 3574 mercedem
1114 3515 1333 3571 daturus
1376 3524 1477 3570 est.
1529 3512 1699 3581 Quam
1740 3510 2076 3567 mercedem?

515 3607 680 3662 Vitam
709 3616 755 3662 et
778 3606 887 3661 dies
909 3607 1081 3661 bonos.
1136 3606 1205 3660 Et
1226 3604 1313 3675 qui
1343 3613 1466 3659 situt
1492 3603 1606 3659 dies
1632 3602 1789 3659 boni?
1816 3600 1932 3657 Vita
1959 3600 2077 3657 sine

503 3702 638 3761 line,
661 3698 871 3768 requies
897 3698 1014 3752 sine
1037 3697 1239 3751 labore.

570 3787 795 3845 CAPUT
815 3786 1052 3844 ιιι-7.
1071 3785 1268 3858 Lingua
1286 3785 1580 3842 cohibenda.
1610 3785 1849 3856 linguam
1875 3799 2079 3840 merce-

502 3879 624 3935 dem
653 3878 924 3949 proposuit
952 3895 967 3932 :
995 3877 1050 3933 in
1075 3886 1219 3933 tanta
1258 3876 1524 3948 proposita
1572 3876 1852 3944 mercede,
1900 3876 2077 3933 videa-

505 3985 624 4025 mus
646 3969 771 4040 quid
793 3969 967 4040 jussit.
994 3968 1112 4026 iam
1136 3969 1279 4025 enim
1299 3967 1546 4025 mercede
1565 3976 1724 4024 tantae
1747 3968 2080 4038 pollicitatio-

505 4061 589 4114 nis
612 4068 667 4114 et
691 4072 874 4115 amore
899 4059 1162 4115 mercedis
1189 4059 1420 4124 accensi,
1451 4072 1698 4130 paremus
1717 4057 1941 4128 iussioni
1960 4059 2079 4130 ejus

507 4152 652 4207 vires
669 4159 898 4217 nostras,
915 4150 1102 4216 latera,
1117 4151 1366 4207 lacertos.
1386 4149 1546 4218 Quasi
1556 4149 1805 4220 iussurus
1813 4158 1895 4204 est
1915 4163 2076 4204 onera

508 4241 726 4313 grandia
745 4256 843 4298 nos
868 4250 1101 4313 portare,
1121 4242 1257 4297 forte
1268 4240 1468 4312 aliquid
1481 4239 1683 4307 fodere,
1701 4238 1835 4296 forte
1848 4239 2077 4311 aliquam

512 4330 813 4386 machinam
856 4331 1101 4402 erigere?
1143 4329 1259 4386 Non
1287 4331 1379 4386 tibi
1400 4331 1560 4400 jussit
1582 4346 1695 4387 rem
1726 4330 2077 4397 laboriosam,

509 4423 604 4478 scd
633 4422 930 4479 membrum
955 4421 1099 4492 quod
1129 4423 1267 4477 inter
1287 4422 1464 4477 omnia
1479 4424 1714 4479 membra
1740 4423 1849 4479 cito
1875 4438 2076 4491 moves,

512 4513 686 4581 ipsum
712 4512 804 4566 tibi
828 4513 1077 4582 prmeepit
1095 4512 1345 4566 cohibere
1377 4529 1390 4564 :
1421 4510 1604 4565 Cohibe
1632 4513 1858 4583 linguam
1885 4523 2023 4567 tuum
2048 4530 2081 4567 ιι

513 4602 668 4657 malo.
700 4602 816 4657 Non
835 4611 918 4659 est
941 4602 1089 4657 labor
1113 4602 1316 4673 erigere
1339 4600 1621 4666 fabricam;
1651 4613 1705 4658 et
1726 4604 1874 4659 labor
1899 4614 1979 4659 est
2005 4614 2084 4660 tc-

512 4693 927 4771 uerelinguam?
955 4692 1139 4747 Cohibe
1157 4693 1382 4763 linguam
1407 4700 1545 4745 tuam
1568 4708 1601 4745 a
1623 4692 1775 4747 malo.
1803 4692 1917 4748 Noli
1942 4694 2081 4764 loqui

516 4784 848 4841 mendacium
874 4826 890 4851 ,
923 4783 1031 4839 noli
1057 4784 1196 4853 loqui
1233 4782 1663 4848 criminationes,
1694 4782 1797 4837 noli
1826 4783 1966 4854 loqui
1989 4800 2080 4838 ca-

515 4876 743 4933 lumnias
764 4916 781 4942 ,
810 4875 916 4931 noli
949 4873 1095 4945 loqui
1125 4873 1250 4928 falsa
1279 4872 1577 4929 testimonia
1596 4914 1611 4940 ,
1644 4872 1755 4928 noli
1803 4873 1946 4943 loqui
1971 4872 2084 4928 bla-

515 4967 781 5040 spltemias
808 4983 824 5021 :
855 4964 1039 5023 Cohibe
1074 4965 1300 5037 tinguant
1342 4973 1479 5018 tuam
1528 4980 1562 5018 a
1598 4964 1753 5019 malo.
1788 4963 1918 5019 Vide
1954 4980 2084 5035 quo-

515 5059 675 5116 modo
695 5057 958 5122 irasceris,
982 5057 1027 5112 si
1055 5056 1173 5126 quis
1198 5055 1266 5111 de
1294 5064 1346 5111 te
1364 5055 1499 5111 male
1524 5055 1789 5127 loquatur.
1810 5054 2084 5123 Quomodo

517 5150 764 5207 irasceris
798 5150 982 5215 alteri,
1031 5148 1242 5219 quando
1299 5146 1367 5204 de
1414 5156 1464 5203 te
1515 5148 1652 5204 male
1701 5146 1935 5219 loquitur
1963 5165 1979 5202 :
2009 5148 2086 5204 sic

518 5246 749 5299 irascere
778 5241 871 5297 tibi
892 5280 907 5303 ,
932 5239 1143 5310 quando
1184 5238 1251 5294 de
1277 5238 1445 5294 altero
1476 5239 1611 5296 male
1651 5238 1898 5309 loqueris.
1931 5237 2087 5293 Labia

519 5350 604 5389 tua
632 5352 693 5389 ne
717 5334 987 5403 loquantur
1010 5331 1202 5384 dolum.
1229 5331 1383 5398 Quod
1411 5339 1492 5385 est
1520 5331 1660 5385 intus
1696 5330 1748 5384 in
1773 5330 1935 5387 corde
1956 5338 2046 5386 tuo
2066 5371 2082 5395 ,

522 5427 620 5479 hoc
636 5425 844 5480 dicatur
865 5422 1009 5477 foris.
1033 5420 1145 5475 Non
1166 5419 1306 5475 aliud
1338 5429 1518 5490 pectus
1539 5427 1707 5489 tegat,
1735 5430 1787 5475 et
1813 5420 1953 5475 aliud
1983 5420 2086 5475 lin-

518 5529 619 5583 gua
644 5514 892 5584 proferat.
924 5511 1131 5587 Declina
1156 5527 1187 5563 a
1212 5511 1362 5575 malo,
1393 5520 1439 5565 et
1465 5512 1546 5582 [ac
1572 5510 1773 5565 bonum.
1803 5510 1932 5565 Nam
1955 5526 2089 5582 quo—

525 5606 683 5659 modo
703 5605 938 5659 dicturus
969 5618 1096 5659 sum
1123 5604 1193 5670 ei,
1219 5603 1359 5658 Vcsti
1401 5603 1625 5665 nmium,
1655 5603 1743 5674 qui
1787 5602 1959 5659 adhuc
1977 5604 2090 5658 vult

525 5693 752 5762 :poliarc
776 5694 1052 5749 vestitum?
1077 5693 1205 5747 Nam
1231 5694 1317 5765 qui
1347 5694 1535 5765 premit
1565 5695 1733 5750 civem
1761 5710 1933 5762 suum,
1962 5709 2089 5765 quo-

1710 322 1767 379 s.
1810 294 2179 377 iocosius.
2223 315 2517 373 El‘lSlIOPl
3585 323 3676 393 επ

2166 450 2323 506 modo
2337 450 2496 505 habet
2536 452 2804 521 suscipere
2823 451 3188 523 peregrinanti?
3206 452 3340 523 Ergo
3355 469 3444 524 per
3454 456 3677 528 ordinem,

2167 541 2316 611 prius
2343 541 2542 596 declina
2568 557 2603 595 α
2641 540 2810 605 malo,
2862 551 2912 597 et
2952 547 3035 613 fac
3073 543 3253 598 bonum
3283 559 3302 597 :
3326 546 3465 614 prius
3498 548 3685 621 adcinge

2167 630 2379 687 lumbos
2400 639 2550 709 tuos,
2576 640 2633 687 et
2655 641 2780 688 tunc
2804 632 3034 687 accende
3057 633 3343 689 lucernam.
3375 636 3567 692 Etcum
3599 639 3681 695 bac

2166 723 2386 788 feceris,
2430 737 2650 779 securus
2689 732 2934 794 exspecta
2962 724 3111 778 vitam
3134 735 3183 780 et
3212 726 3316 778 dies
3346 726 3508 782 bonos.
3531 727 3684 796 Qum

2165 828 2357 884 pacem,
2386 825 2784 885 etsequereeam
2807 829 2826 868 :
2849 824 2903 870 et
2926 823 3055 869 tunc
3082 817 3218 872 bona
3248 817 3412 871 fronte
3435 817 3569 875 dices
3597 820 3683 874 llo-

2164 902 2309 958 mino
2326 943 2342 968 ,
2372 902 2495 959 Feci
2514 903 2654 974 quod
2678 904 2910 971 iussisti,
2936 905 3098 960 redde
3119 907 3259 972 quod
3285 909 3577 976 [mrisistb

2687 995 2917 1052 εΕιιιιο
2941 997 3051 1053 CIX
3076 1007 3091 1021 -
3112 999 3211 1069 (α).

2163 1084 2242 1141 De
2259 1087 2416 1142 verbis
2441 1087 2706 1160 Evangelii
2731 1089 2910 1155 Luem,
2941 1091 3149 1147 Faciem
3169 1093 3287 1148 caeli
3307 1103 3360 1149 et
3381 1103 3524 1151 terra:
3548 1100 3685 1153 nostis

2235 1177 2457 1245 probare
2475 1219 2491 1242 ,
2520 1189 2639 1244 etc.,
2661 1179 2819 1249 detque
2858 1180 2986 1246 istis,
3006 1181 3062 1237 Si
3093 1181 3239 1236 vadis
3279 1198 3397 1239 cum
3424 1183 3684 1241 adversario

2235 1275 2327 1321 tuo
2374 1266 2441 1323 ad
2496 1268 2907 1339 principem,da
2956 1286 3172 1339 operam
3224 1270 3275 1326 in
3300 1275 3379 1328 via
3413 1276 3600 1331 liberari
3631 1279 3685 1332 ab

2236 1355 2348 1423 illo,
2370 1366 2490 1422 sta,
2510 1373 2624 1428 cup.
2656 1373 2752 1421 xu,
2799 1360 2870 1429 γ.
2900 1359 3172 1433 δσοδθμ).

2233 1444 2461 1502 CAPUT
2506 1447 2782 1504 PRIMUM.
2850 1478 2925 1491 —-
2962 1451 3016 1505 l.
3078 1450 3323 1521 Tempore
3382 1456 3686 1511 adulterina

2167 1539 2406 1593 utendam
2459 1540 2530 1593 ad
2576 1542 2933 1611 penitentiam.
2998 1541 3140 1597 Vitro
3200 1545 3471 1615 fragiliora
3523 1566 3679 1604 sum.

2169 1628 2514 1700 Evangelium
2558 1630 2891 1697 audivimus,
2917 1641 2972 1687 et
3014 1633 3067 1689 in
3106 1648 3175 1689 eo
3217 1634 3480 1691 Dominum
3504 1653 3585 1694 eos
3616 1655 3683 1694 ar-

2167 1727 2410 1789 guentem
2430 1759 2446 1784 ,
2471 1721 2561 1789 qui
2585 1720 2770 1776 faciem
2797 1723 2917 1778 οωιί
2945 1732 3142 1778 norunt
3170 1725 3419 1794 probare,
3445 1736 3496 1782 et
3513 1736 3684 1799 ternm

2169 1808 2290 1864 lidei
2330 1810 2477 1880 regni
2505 1811 2767 1866 calorum
2814 1814 3284 1884 appropinquantis
3323 1818 3545 1873 nesciunt
3568 1820 3683 1874 inve-

2168 1899 2302 1952 nire.
2345 1898 2542 1955 ludais
2564 1911 2744 1956 autem
2788 1902 2899 1958 ltoe.
2930 1904 3142 1960 dicebat
3171 1924 3185 1961 :
3224 1908 3314 1962 sed
3359 1908 3504 1963 etiam
3528 1910 3585 1965 ad
3607 1928 3682 1967 nos

2168 2005 2346 2045 sermo
2373 1992 2633 2059 pervenit.
2685 1994 2941 2049 Dominus
2963 2005 3157 2053 autem
3176 1997 3287 2067 ipse
3320 1998 3463 2055 Jesus
3478 1999 3682 2056 Christus

2170 2080 2441 2152 Evangelii
2463 2083 2541 2136 sui
2573 2083 2999 2152 praedicationem
3021 2085 3094 2141 ita
3113 2089 3274 2156 coepit
3294 2106 3308 2142 :
3332 2089 3465 2159 Agite
3486 2092 3681 2157 panitet-

2171 2172 2290 2225 tiom
2308 2190 2328 2237 ;
2348 2174 2766 2244 appropinquat-it
2788 2176 2918 2229 enim
2937 2192 3149 2249 regnum
3174 2179 3401 2233 calorum
3417 2178 3601 2248 (lauit.
3626 2197 3680 2240 Iv,

2172 2263 2283 2332 l7).
2313 2260 2569 2318 Similiter
2593 2274 2649 2319 et
2672 2264 2909 2322 Joannes
2924 2268 3168 2338 Baptista
3188 2278 3244 2325 et
3270 2272 3687 2341 przucursoripsim

2172 2353 2241 2407 ita
2271 2353 2429 2422 rmpit
2450 2369 2468 2406 :
2491 2354 2634 2424 Agite
2660 2356 3021 2425 paenitentiam;
3047 2362 3465 2431 appropinquavit
3493 2363 3604 2415 enim
3624 2379 3684 2415 re-

2173 2459 2326 2513 gnum
2355 2444 2590 2498 caelorum
2620 2444 2728 2518 (Id.
2768 2462 2858 2509 tn,
2887 2447 2965 2518 2).
2997 2448 3063 2502 Ει
3089 2450 3261 2505 tmotlo
3288 2451 3487 2521 corripit
3509 2466 3585 2507 cos
3606 2451 3688 2505 Do-

2181 2535 2390 2601 minus,
2440 2537 2527 2606 qui
2571 2537 2755 2592 nolunt
2801 2554 2959 2609 agere
3003 2542 3409 2609 pmruitentiam,
3460 2543 3689 2613 appropin-

2173 2632 2365 2692 quanto
2391 2639 2554 2694 regno
2584 2627 2861 2681 caelorum.
2893 2627 3136 2699 Regnum
3163 2631 3417 2693 catlomm,
3445 2633 3563 2687 sicut
3603 2632 3688 2701 ipe

2172 2715 2268 2780 ait,
2286 2732 2384 2768 non
2399 2716 2555 2769 veniet
2577 2732 2690 2770 cum
2709 2718 3065 2774 obamlione.
3084 2721 3167 2776 Et
3192 2722 3374 2776 iterum
3394 2723 3497 2792 ipse
3507 2723 3593 2777 ait:
3611 2721 3688 2776 Rt-

2172 2821 2326 2875 gnmn
2352 2806 2589 2859 caelorum
2614 2808 2751 2861 intra
2773 2824 2860 2863 vos
2887 2818 2959 2863 est
2987 2809 3156 2878 (Luc.
3183 2828 3313 2874 xvn,
3338 2814 3423 2878 ει),
3449 2812 3548 2883 21).
3584 2811 3686 2866 Pru-

2173 2893 2360 2949 denter
2382 2909 2510 2966 ergo
2535 2896 2759 2967 accipiat
2779 2899 3155 2969 unusquisque
3175 2901 3364 2956 monita
3392 2901 3686 2971 prmccptoris,

2176 2991 2363 3036 utnon
2408 2983 2591 3053 perdat
2617 2994 2822 3053 tempus
2851 2986 3241 3044 misericordia:
3265 2989 3558 3055 Salvatoris,
3599 3005 3688 3057 qua!

2177 3072 2336 3126 modo
2401 3073 2756 3144 impenditur,
2821 3075 3070 3145 quamdiu
3109 3079 3303 3149 generi
3349 3078 3554 3133 humano
3596 3093 3687 3147 par-

2173 3162 2335 3217 citur.
2367 3163 2447 3217 Ad
2490 3163 2590 3219 hoc
2614 3164 2757 3219 enim
2785 3167 3015 3234 parcitur
3033 3166 3248 3223 iro-nini
3267 3209 3283 3235 ,
3314 3177 3686 3229 utconvcrtatur,

2174 3262 2228 3308 et
2255 3268 2359 3307 non
2387 3253 2457 3307 sit
2483 3253 2570 3322 qui
2595 3252 2898 3311 damnetur.
2923 3254 3144 3313 Viderit
3188 3258 3324 3314 Deus
3344 3257 3535 3327 quando
3557 3255 3689 3312 veniat

2178 3341 2297 3396 linis
2317 3342 2494 3397 διερειιὶ
2519 3360 2533 3397 :
2562 3351 2842 3401 esttamen
2868 3346 3029 3402 modo
3050 3355 3275 3418 tempus
3297 3349 3429 3405 fidei.
3469 3348 3591 3404 Finis
3611 3360 3690 3401 sa:-

2175 3432 2278 3486 cnli
2306 3440 2482 3486 utrum
2502 3431 2590 3490 bic
2612 3434 2841 3502 aliquem
2867 3444 3107 3492 nostrum
3153 3438 3404 3505 inveniat,
3442 3438 3595 3493 nescio
3617 3453 3628 3489 :
3649 3442 3689 3488 et

2177 3520 2402 3576 fortasse
2425 3536 2529 3577 non
2554 3522 2811 3579 inveniet.
2851 3525 3082 3597 Tempus
3103 3529 3308 3600 cuique
3330 3539 3545 3584 nostrum
3560 3571 3574 3593 ,
3599 3542 3691 3597 pro.

2176 3611 2374 3667 simum
2399 3622 2478 3668 est
2497 3653 2513 3677 ,
2537 3614 2660 3684 quia
2700 3615 2952 3671 mortales
2973 3632 3190 3675 sumus.
3222 3619 3360 3675 inter
3384 3634 3523 3674 casus
3542 3618 3689 3671 amba-

2179 3701 2365 3758 lamus.
2413 3701 2470 3756 Si
2493 3702 2644 3758 vitrei
2686 3718 2958 3771 essemus,
2999 3706 3186 3763 minus
3226 3724 3379 3764 casus
3416 3710 3689 3764 timeamus.

2176 3791 2315 3860 Quid
2339 3791 2570 3863 fragilius
2591 3807 2717 3849 vase
2741 3793 2945 3850 vitreo?
2967 3796 3032 3850 Et
3058 3805 3243 3853 tamen
3269 3808 3495 3863 servatur
3511 3837 3526 3864 ,
3552 3807 3598 3852 et
3614 3794 3691 3849 de.

2179 3894 2261 3940 rat
2290 3899 2383 3954 per
2400 3885 2612 3941 saecula.
2651 3886 2764 3941 Etsi
2791 3886 2933 3942 enim
2962 3902 3121 3943 casus
3144 3891 3308 3947 vitreo
3334 3891 3436 3946 vasi
3460 3891 3685 3947 timentur.

2177 3982 2421 4030 senectus
2446 3974 2495 4029 ei
2517 3985 2571 4030 et
2597 3974 2759 4032 febris
2782 3991 2888 4032 non
2913 3976 3151 4034 timetur.
3180 3980 3286 4035 Nos
3304 3996 3425 4050 ergo
3450 3978 3689 4049 fragilium

2178 4072 2233 4120 et
2258 4064 2572 4121 infirmiores
2598 4081 2781 4122 sumus
2807 4084 2835 4125 ι
2859 4068 2981 4137 quia
3004 4079 3059 4122 et
3084 4085 3239 4126 casus
3282 4083 3459 4126 omnm
3495 4068 3571 4139 qui
3609 4080 3690 4119 non

2179 4162 2389 4209 cessant
2416 4155 2468 4209 in
2496 4155 2657 4211 rebus
2682 4157 2960 4222 humanis,
3009 4157 3296 4231 fragilitate
3342 4162 3510 4230 utique
3551 4165 3688 4212 nostra

2180 4245 2416 4313 quotidie
2460 4245 2841 4313 formidamus;
2871 4257 2924 4303 ct
2946 4249 2990 4302 si
3021 4249 3120 4318 ipsi
3145 4266 3300 4307 casus
3320 4268 3419 4311 non
3455 4247 3688 4306 accedam.

2181 4342 2389 4405 telitpus
2414 4335 2683 4390 ambulat:
2711 4337 2839 4391 vitat
2888 4335 3048 4391 homo
3090 4339 3287 4406 ictum,
3329 4337 3561 4414 numquid
3595 4334 3694 4388 vitat

2181 4424 2413 4480 exitum?
2456 4426 2585 4478 vitat
2624 4442 2742 4495 qua:
2790 4427 3122 4484 extrinsecus
3166 4430 3450 4495 eveniunt,
3486 4419 3692 4493 numquid

2182 4515 2320 4586 quod
2345 4516 2485 4571 intus
2513 4518 2750 4572 nascitur
2771 4516 3019 4586 pellitur?
3046 4517 3283 4590 Denique
3304 4534 3438 4574 nunc
3461 4513 3696 4573 lumbricos

2183 4606 2401 4676 gignunt
2436 4605 2688 4662 interiora
2704 4647 2722 4673 ,
2751 4621 2893 4663 nunc
2916 4606 3133 4664 morbus
3151 4608 3374 4680 quilibet
3390 4608 3549 4663 subito
3571 4614 3694 4658 occu-

2185 4704 2273 4764 pat
2304 4712 2318 4745 :
2349 4701 2618 4763 postremo
2653 4697 2986 4765 quantumvis
3015 4696 3215 4752 homini
3266 4705 3527 4767 parcatur,
3562 4688 3698 4746 novis-

2184 4789 2317 4843 sime
2345 4796 2591 4844 senectus
2608 4804 2728 4844 cum
2748 4790 2954 4844 venerit
2969 4831 2986 4849 .
3012 4805 3116 4845 non
3142 4800 3226 4845 est
3247 4807 3352 4860 quo
3374 4789 3616 4843 diduntur
3637 4781 3669 4829 ’-

2252 4880 2477 4937 CAPUT
2515 4881 2579 4935 ll.
2596 4881 2733 4935 —2.
2757 4882 2881 4948 Quis
2904 4883 2970 4937 sit
2998 4882 3316 4938 adversarius
3333 4881 3417 4936 ille
3437 4880 3514 4936 cui
3535 4887 3701 4931 court»

2186 4973 2280 5027 tire
2301 4971 2558 5044 jnbemttr.
2612 4971 2839 5027 Proinde
2879 4971 3155 5028 audiamus
3201 4972 3500 5037 Dominum,
3546 4966 3590 5020 in
3622 4976 3701 5017 no-

2189 5064 2272 5119 bis
2310 5063 2439 5132 ipsis
2467 5076 2682 5133 agamus
2720 5061 2859 5131 quod
2897 5062 3161 5131 pra-cepit.
3195 5061 3472 5117 Videamus
3503 5053 3605 5127 quis
3640 5055 3705 5104 cst

2190 5152 2278 5209 ille
2306 5152 2662 5219 adversarius,
2688 5152 2757 5208 de
2782 5169 2887 5222 quo
2908 5168 3004 5207 nos
3031 5154 3248 5219 terruit,
3273 5153 3485 5208 dicens:
3513 5147 3567 5203 Si
3593 5140 3704 5198 radis

2191 5260 2304 5298 cum
2332 5243 2618 5298 adversario
2644 5252 2728 5296 tuo
2755 5245 2822 5296 ad
2858 5244 3149 5314 principem,
3172 5244 3241 5297 da
3261 5257 3459 5313 operam
3485 5239 3532 5292 in
3560 5234 3624 5289 ria
3656 5227 3703 5282 li-

2254 5336 2268 5366 ¹
2298 5341 2422 5394 Mss,
2446 5333 2573 5395 quod
2596 5332 2866 5395 dimralur.
3670 5383 3677 5390 .

2255 5395 2275 5413 ⁶
2297 5392 2583 5445 Emendatus
2709 5409 2879 5458 onmes
2907 5396 3097 5446 codices
3128 5396 3334 5458 scriptu
3375 5401 3425 5443 et
3464 5399 3641 5440 eretum
3670 5392 3703 5427 ιιι

2193 5470 2419 5520 sermone
2444 5456 2736 5520 praecedenti
2754 5456 2902 5520 priuato
2922 5458 3217 5520 designatos.

2255 5518 2328 5639 in)
2362 5517 2499 5589 Alias,
2567 5518 2637 5589 de.
2657 5519 2823 5589 Verbis
2844 5517 3042 5567 nomini.

2279 5578 2329 5639 b)
2356 5579 2597 5639 Possidius
2626 5592 2674 5629 tn
2698 5579 2923 5636 lodicula,
2947 5592 3042 5639 cap

2279 5573 2329 5641 ὁ)
2350 5573 2597 5643 _P_ossidius
2626 5580 2674 5629 in
2698 5579 2923 5636 ludiculo,
2947 5592 3050 5643 cap.
3075 5577 3122 5636 8,
3162 5577 3292 5643 bone
3326 5575 3444 5643 forte
3474 5573 3706 5643 κιῖωοξξσξ-ηξ

2195 5634 2331 5691 uolat
2350 5638 2427 5704 liis
2449 5640 2645 5704 verbis:
2681 5660 2699 5683 α
2725 5648 2798 5704 De
2826 5634 3115 5703 evangelio.
3134 5639 3216 5688 ubi
3246 5638 3465 5704 scriptum
3492 5638 3583 5700 ςει.
3612 5634 3707 5674 (Ὀκ-

2206 5722 2227 5748 ι
2251 5700 2399 5751 corda
2420 5713 2528 5751 cum
2549 5701 2826 5753 adversario
2847 5698 3075 5761 turni-um
3097 5711 3146 5750 es
3168 5710 3277 5748 cum
3298 5698 3380 5749 illo
3395 5698 3442 5747 in
3464 5698 3545 5743 ria.
3563 5705 3583 5736 ι
