3852 6182
168 378 259 441 m
1593 355 1824 414 SERMO
1861 355 1969 414 CX.

162 498 314 558 brari
343 494 407 550 alt
434 493 564 558 illo;
588 507 652 546 ne
693 488 822 559 forte
857 479 1023 538 tradat
1060 490 1108 535 te
1149 476 1384 550 principi,
1411 485 1457 528 et
1495 472 1725 544 princeps

157 592 396 658 ministro,
418 597 468 642 et
494 581 710 639 mittaris
728 579 780 633 in
801 590 1069 635 carcerein.
1095 570 1228 627 unde
1254 585 1352 623 non
1381 568 1535 658 exies,
1566 563 1724 620 donec

158 687 310 742 soleas
347 657 676 733 novissimum
710 668 1062 742 quadrantem.
1091 662 1219 733 Quis
1244 669 1325 718 cst
1351 660 1448 714 istc
1469 657 1721 713 adversa-

159 773 288 835 rios?
312 772 369 830 Si
395 767 677 828 diabolus;
703 764 813 833 jam
853 757 1060 813 liberati
1098 768 1282 810 sumus
1308 752 1376 807 ab
1415 749 1526 806 illo.
1557 747 1725 817 Quale

160 870 368 943 pretium
410 877 511 936 pro
551 857 706 914 uobis
739 855 917 911 datum
958 858 1060 943 est,
1095 856 1151 943 ut
1186 847 1254 901 ab
1299 845 1407 943 illo.
1429 842 1722 943 redimere-

159 934 299 1018 mur?
327 934 557 1025 De'qno
594 950 722 1005 dicit
764 942 1066 1016 Apostolus,
1110 940 1334 1010 loquens
1375 935 1442 991 de
1483 934 1595 1005 ipsa
1620 948 1726 1025 rre-

160 1049 449 1120 demptiouc
472 1024 658 1098 nostra
690 1057 704 1093 :
738 1037 837 1105 Qui
856 1034 985 1089 eruit
1023 1049 1114 1120 nos
1142 1031 1205 1085 de
1234 1035 1472 1120 potestate
1500 1024 1725 1120 (curiit-a-

162 1113 343 1203 rnatu-ct
378 1130 637 1189 transtulit
688 1130 738 1182 in
785 1141 993 1197 regnum
1035 1118 1158 1176 Filii
1195 1115 1457 1173 charitatis
1481 1130 1587 1171 sate
1605 1113 1727 1187 (Co-

162 1235 265 1288 loss.
289 1248 327 1295 ι,
358 1230 472 1298 l3).
496 1221 775 1290 Redempti
796 1232 1001 1281 sumus,
1029 1211 1238 1270 diabolo
1267 1209 1680 1266 renuntiavimus
1708 1225 1723 1262 :

158 1319 411 1393 quomodo
450 1314 698 1372 dabimus
734 1325 951 1381 Operam
992 1298 1201 1363 liberari
1245 1303 1313 1358 ab
1362 1302 1476 1369 illo,
1515 1315 1583 1355 ne
1612 1313 1726 1393 tios

159 1391 341 1468 iterum
381 1407 618 1478 Captivos
656 1402 813 1458 faciat
841 1395 1182 1471 peccatores?
1208 1393 1314 1451 Sed
1357 1408 1462 1448 non
1499 1400 1582 1447 est
1610 1391 1727 1460 ipse

155 1501 485 1562 adversarius
517 1496 587 1554 de
794 1505 894 1548 nos
937 1489 1195 1547 Dominus
1236 1491 1562 1542 commonet.
1606 1481 1727 1537 Alio

156 1598 290 1654 enim
312 1594 430 1651 loco
455 1590 591 1647 alius
616 1584 937 1656 evangelista
960 1582 1039 1637 sic
1067 1578 1194 1634 illud
1220 1578 1414 1648 posuit,
1443 1582 1499 1630 ut
1522 1574 1565 1629 si
1591 1580 1728 1628 utra-

160 1705 254 1761 que
294 1684 451 1740 verba
475 1682 780 1752 iungamus,
809 1685 860 1731 et
888 1680 1115 1761 utraque
1145 1669 1305 1761 verba
1347 1665 1447 1761 sibi
1485 1664 1728 1761 Evange-

165 1755 340 1833 liorum
362 1773 587 1829 duarum
613 1778 1011 1836 comparemus,
1039 1759 1400 1816 adversarium
1431 1757 1589 1813 istum
1619 1755 1726 1810 cito

168 1867 523 1938 intelligamus.
578 1846 721 1916 ιιῒεοε
763 1856 906 1914 enim
954 1855 1039 1910 hic
1067 1852 1192 1925 quid
1221 1850 1391 1906 dixit?
1417 1846 1543 1904 Cum
1583 1847 1726 1902 vadis

170 1962 232 2013 ad
256 1958 509 2031 principem
533 1969 651 2008 cum
668 1947 955 2005 adversario
980 1954 1085 2010 tuo,
1109 1943 1176 1997 da
1196 1957 1399 2013 operam
1421 1940 1475 1995 in
1496 1940 1577 1993 via
1603 1938 1728 1993 libe-

173 2053 270 2105 rari
295 2050 351 2103 ab
375 2065 448 2103 eo.
468 2046 620 2102 Alius
648 2052 825 2098 autem
846 2036 1166 2109 evangelista
1194 2036 1295 2090 hoc
1321 2034 1494 2105 ipsum
1526 2032 1604 2088 sic
1629 2044 1724 2101 po-

177 2143 301 2197 suit:
322 2138 437 2193 Esto
476 2133 785 2192 consertum
821 2126 1110 2184 adversario
1139 2135 1224 2181 tuo
1255 2126 1353 2179 cito
1378 2139 1493 2176 cum
1519 2139 1572 2176 es
1611 2136 1726 2176 cum

180 2232 255 2287 illo
274 2233 321 2285 in
338 2230 431 2283 ria.
456 2226 663 2284 Csetera
686 2220 879 2278 similia
917 2226 1040 2274 sunt
1068 2234 1083 2271 :
1128 2215 1210 2270 Ne
1243 2219 1375 2287 forte
1409 2210 1726 2268 ademto-ius

181 2324 325 2378 tradat
359 2331 402 2376 te
427 2318 613 2392 iudici,
642 2314 808 2388 judea:
844 2312 1093 2375 ministro,
1116 2308 1342 2363 minister
1377 2307 1432 2361 in
1475 2321 1725 2360 carcerem

180 2411 363 2484 (licita.
376 2427 425 2476 v,
438 2409 555 2479 ﬁ).
576 2405 748 2462 Ambo
759 2400 1097 2473 evangelista;
1113 2398 1358 2452 similiter
1376 2397 1476 2450 hoc
1491 2395 1723 2465 explica-

180 2509 358 2559 verunt.
372 2499 516 2558 Unus
535 2496 692 2560 dixit,
710 2494 788 2549 Da
808 2508 1012 2563 operam
1036 2494 1090 2544 in
1112 2490 1191 2543 via
1219 2487 1421 2543 liberari
1433 2487 1496 2541 ab
1514 2485 1630 2540 illo:
1648 2486 1728 2539 al-

180 2593 394 2657 terdixit,
414 2589 653 2648 Consenti
674 2586 773 2643 illi.
790 2586 906 2641 Non
924 2586 1065 2640 enim
1088 2581 1290 2654 poteris
1302 2579 1512 2635 liberari
1528 2578 1596 2632 ab
1613 2577 1725 2643 illo,

179 2684 327 2739 uisiei
360 2678 712 2738 consenseris.
746 2677 838 2731 Vis
866 2674 1077 2730 liberari
1109 2672 1177 2725 ab
1202 2670 1330 2725 illo?
1353 2667 1592 2725 Consenti
1625 2667 1723 2722 illi.

179 2776 407 2848 Numquid
417 2774 659 2833 diabolus
667 2780 764 2836 est,
781 2769 864 2825 cui
877 2768 1065 2824 debeat
1076 2764 1376 2821 consentire
1385 2760 1728 2817 christianos?

232 2867 436 2925 CAPUT
488 2865 575 2921 Ill.
598 2893 670 2905 —-
711 2863 763 2918 3.
809 2858 1133 2914 Adversarius
1175 2863 1362 2917 noster,
1403 2869 1565 2909 sermo
1608 2851 1723 2908 Dei.

173 2960 457 3027 Qttrramus
501 2970 631 3027 ergo
667 2955 826 3009 istum
882 2948 1242 3005 adversarium
1266 2988 1281 3010 ,
1334 2945 1417 2999 cui
1469 2943 1727 3000 debemus

173 3052 467 3116 mscutire,
508 3062 578 3103 ne
607 3044 779 3101 tradat
818 3057 917 3097 nos
945 3038 1130 3110 indici,
1170 3046 1225 3093 et
1247 3035 1409 3105 judcx
1435 3032 1678 3089 ministro
1709 3049 1723 3085 :

175 3155 447 3211 quaeramus
472 3139 645 3200 illum,
668 3143 722 3191 et
746 3132 1142 3189 consentiamus
1168 3128 1264 3184 illi.
1287 3128 1344 3183 Si
1376 3140 1565 3197 peccas
1584 3167 1599 3191 ,
1627 3121 1721 3177 ad-

174 3235 410 3288 versarius
448 3241 572 3287 tuus
605 3242 782 3283 sermo
811 3224 901 3278 Dei
939 3232 1022 3278 est
1051 3222 1147 3294 (a).
1174 3219 1330 3294 Verbi
1356 3232 1535 3282 causa,
1567 3215 1726 3271 forsi-

176 3333 249 3378 tan
271 3322 487 3379 delectat
525 3329 577 3375 te
615 3314 865 3373 inebriari
894 3332 908 3368 :
934 3313 1063 3368 dicit
1090 3312 1205 3376 tibi,
1230 3310 1365 3364 Noli.
1399 3309 1636 3364 Delectat
1674 3317 1724 3362 te

175 3422 388 3484 spectare
410 3422 467 3469 et
491 3409 678 3483 nugari
722 3427 735 3463 :
775 3408 863 3462 ille
902 3405 1030 3460 dicit
1071 3403 1198 3466 tibi,
1224 3400 1362 3456 Noli.
1396 3398 1629 3454 Delectat
1672 3405 1725 3453 te

175 3505 429 3561 adulterari
462 3522 476 3556 :
502 3502 632 3559 dicit
657 3499 751 3555 tibi
780 3511 959 3554 sermo
987 3495 1104 3559 Dei,
1129 3492 1270 3548 Noli.
1301 3491 1356 3545 ln
1382 3490 1727 3562 quibuscum-

174 3615 260 3665 quc
283 3599 503 3669 peccatis
549 3592 781 3651 volueris
831 3590 1005 3645 facere
1041 3587 1364 3642 voluntatem
1405 3594 1567 3648 tuam,
1595 3581 1727 3638 dicit

173 3689 272 3753 tibi,
306 3687 439 3745 Noli.
476 3683 828 3743 Adversarius
856 3677 1257 3745 estgvoluntatis
1283 3685 1409 3740 tuae,
1437 3674 1608 3730 donec
1634 3674 1726 3727 ﬁat

170 3790 332 3837 auctor
375 3780 562 3836 salutis
606 3786 713 3833 tua:
754 3776 795 3828 ¹.
838 3774 883 3829 0
920 3786 1081 3843 quam
1122 3770 1293 3825 bonus
1347 3766 1723 3834 adversarius,

167 3885 311 3941 quam
334 3871 472 3926 utilis
497 3865 835 3924 adversarius
859 3864 872 3918 ι
904 3862 1019 3919 Νοιι
1044 3860 1233 3933 quaerit
1257 3867 1494 3915 nostram
1532 3855 1725 3912 volun-

168 3968 332 4025 tatem,
358 3962 455 4016 sed
477 3958 780 4013 utilitatem.
822 3951 1174 4009 Adversarius
1208 3958 1290 4006 est
1315 3947 1503 4015 nobis,
1533 3962 1723 4018 quam-

167 4050 243 4105 diu
268 4066 448 4108 stimus
476 4059 531 4107 et
550 4049 651 4121 ipsi
684 4046 859 4103 nobis.
884 4043 1144 4114 Quamdiu
1169 4053 1224 4098 tu
1250 4041 1342 4098 tibi
1372 4042 1617 4098 inimicus
1641 4054 1721 4107 es,

169 4143 415 4197 inimicum
443 4141 609 4196 babes
634 4152 936 4196 sermonem
966 4135 1100 4191 Dei:
1127 4143 1244 4189 esto
1281 4133 1372 4189 tibi
1410 4133 1633 4197 amicus,
1671 4141 1727 4187 et

163 4233 440 4288 contortius
476 4246 602 4287 cum
630 4232 767 4301 ipso.
817 4226 943 4283 Non
988 4224 1311 4280 homicidium
1339 4224 1518 4296 feceris
1541 4222 1722 4287 :audi,

160 4335 210 4379 et
230 4322 579 4380 concordasti.
617 4319 741 4376 Non
769 4324 963 4392 furtum
1004 4317 1186 4389 facias,
1231 4313 1374 4382 audi,
1406 4323 1460 4369 et
1498 4329 1725 4368 concor-

156 4414 306 4469 dasti.
350 4412 471 4467 Non
518 4410 844 4467 miraberis
873 4407 1059 4476 :audi,
1084 4416 1137 4463 et
1172 4404 1505 4462 concordasti
1527 4406 1568 4458 '.
1608 4404 1726 4458 Non

161 4506 337 4578 {slsum
373 4504 713 4559 testimonium
738 4501 879 4557 dicas
907 4515 929 4555 :
948 4499 1070 4554 audi
1089 4540 1104 4566 ,
1132 4507 1189 4554 et
1213 4497 1568 4554 concnrdasti.
1604 4494 1723 4552 Non

158 4599 476 4668 aucupium
496 4612 703 4652 uxorem
728 4594 945 4666 proximi
970 4593 1044 4646 tui
1072 4608 1091 4646 :
1118 4590 1262 4658 audi,
1293 4598 1347 4647 et
1369 4590 1722 4647 concordasti.

162 4688 275 4744 Non
299 4688 621 4757 concupiscas
647 4702 752 4741 rem
773 4684 992 4755 proximi
1014 4684 1087 4737 tui
1113 4681 1133 4756 (
1156 4681 1323 4736 Exod.
1349 4697 1442 4749 xx,
1469 4682 1555 4750 15,
1571 4681 1720 4751 etc.):

160 4779 298 4845 audi,
318 4787 374 4833 et
397 4774 751 4832 concordasti.
782 4774 839 4830 In
867 4774 947 4829 bis
977 4774 1224 4828 omnibus
1245 4787 1366 4825 cum
1390 4782 1478 4826 tuo
1499 4770 1599 4826 isto
1627 4771 1724 4825 ad-

158 4870 390 4927 versario
412 4869 747 4925 concordasti
775 4885 789 4923 :
819 4877 872 4923 et
897 4866 989 4922 tibi
1019 4865 1145 4937 quid
1172 4863 1485 4935 perdidisti?
1503 4864 1618 4919 Non
1648 4879 1729 4919 so-

160 4960 265 5016 lum
289 4958 421 5014 nibil
446 4958 722 5029 perdidisti
765 4974 779 5010 :
815 4958 910 5013 sed
939 4968 992 5013 et
1025 4966 1075 5012 te
1104 4957 1295 5027 ipsum,
1338 4955 1426 5026 qui
1467 4955 1723 5026 perieras,

161 5053 424 5110 invenisti.
451 5052 568 5119 Via,
595 5052 701 5107 vita
729 5051 828 5106 ista
857 5060 941 5107 est
972 5069 984 5104 :
1013 5050 1057 5104 si
1085 5047 1583 5105 concordaverimus
1604 5064 1725 5103 cum

160 5148 265 5211 illo,
289 5145 335 5201 si
360 5142 786 5201 consenserimus
816 5142 923 5206 illi;
955 5142 1097 5197 ﬁnita
1123 5144 1204 5196 via
1228 5141 1270 5207 ³,
1294 5157 1397 5196 non
1427 5142 1730 5199 timebimus

157 5238 401 5309 iudicem,
428 5237 751 5300 ministrum,
781 5250 1070 5292 carcerem.

220 5372 234 5399 ι
267 5366 425 5431 ιειιιεα
453 5368 624 5431 verba,
649 5366 801 5416 donec
822 5363 910 5429 fiat
943 5374 1110 5418 auctor
1131 5365 1299 5419 salutis
1338 5375 1453 5431 ttae,
1492 5374 1667 5426 absunt
1699 5389 1728 5426 a

160 5438 264 5479 ris.
289 5435 339 5477 et
358 5430 420 5477 ab
442 5429 588 5479 editis
609 5438 710 5476 Am.
737 5436 788 5478 et
810 5435 884 5476 Er.

220 5493 241 5522 ⁸
265 5495 337 5538 Er.
361 5491 595 5553 Wt,
617 5498 719 5540 Non
731 5490 918 5553 [ornem
956 5490 1140 5553 facias;
1168 5490 1293 5541 nandi
1333 5496 1380 5544 et
1411 5495 1725 5549 ooncordasti.

166 5548 592 5619 Sonm'chaberis
609 5548 759 5619 {audi
775 5558 821 5602 et
832 5548 1150 5619 cottcbrdasti.
1163 5554 1307 5619 Lugd:
1327 5563 1378 5603 et
1390 5564 1506 5619 ven.
1524 5548 1728 5619 μιωιρί-

161 5616 300 5680 cunni,
315 5620 412 5680 you
432 5610 749 5680 melitioni:
771 5612 921 5663 :audi
941 5621 986 5680 et
1002 5610 1317 5665 concorda‘sti.
1336 5617 1475 5666 Paulo
1498 5610 1604 5680 post
1628 5627 1730 5672 tres

159 5671 259 5726 Ile
284 5673 525 5725 editiones
551 5674 728 5729 ferunt.
768 5674 1104 5738 concupisces;
1129 5689 1214 5740 pro
1230 5711 1243 5734 ,
1271 5671 1591 5743 concupiscas.
1621 5690 1674 5732 Μ.

220 5734 246 5797 ξ
268 5733 453 5797 Aliquot
470 5741 599 5791 Uss,
624 5733 762 5797 ﬁnita
783 5736 894 5788 rita.

568 5772 599 5791 ..
625 5744 762 5791 tanta
783 5744 894 5788 rita.

218 5795 296 5857 (ιι)
329 5795 441 5848 \‘ide
463 5808 610 5860 supra
626 5795 856 5849 Sermone
874 5813 902 5845 ιι
923 5799 976 5856 9,
1000 5810 1104 5861 cap.
1126 5798 1170 5848 5.

3311 365 3415 426 038

1899 495 2123 553 CAPUT
2152 494 2237 552 lV.
2256 499 2388 555 -ι.
2407 497 2542 555 Ληιιὶ
2567 496 2757 555 homini
2782 501 2941 573 magis
2970 501 3234 571 decedunt,
3261 521 3412 575 quant

1828 588 2088 643 accedunt.
2148 589 2373 659 Quando
2433 590 2608 646 linitur
2664 592 2785 646 via?
2840 588 2957 649 Non
3017 593 3265 649 omnibus
3309 611 3411 650 una

1831 675 1955 734 inora
1984 682 2179 736 linitur.
2211 680 2581 755 Unusquisque
2618 683 2777 740 habet
2799 685 3006 752 borum,
3034 686 3246 756 quando
3267 686 3414 742 ﬁniat

1830 769 1991 824 viam.
2022 769 2137 839 Via,
2193 773 2299 827 vita
2345 774 2444 829 ista
2471 773 2610 830 dicta
2640 786 2721 831 est
2759 793 2774 829 :
2821 774 2982 832 ﬁnisti
3031 777 3185 832 istam
3224 778 3410 843 vitam,

1830 858 1990 916 ﬁnisti
2021 862 2184 917 viam.
2218 863 2601 931 Ambulamus;
2632 874 2686 921 et
2716 866 2888 936 ipsum
2914 863 3128 932 vivere,
3153 867 3413 924 accedere

1827 960 1928 1006 est.
1958 947 2066 1008 Nisi
2098 949 2233 1010 forte
2263 957 2457 1025 putatis
2481 957 2601 1027 quia
2629 965 2839 1027 tempus
2861 957 3084 1025 accedit,
3113 968 3167 1014 et
3192 974 3290 1014 nos
3310 969 3412 1016 sta-

1829 1044 1988 1099 mus?
2011 1043 2125 1100 Non
2151 1057 2325 1116 potest
2353 1046 2489 1103 ﬁeri.
2519 1046 2798 1117 Quomodo
2831 1046 3036 1105 accedit
3061 1062 3287 1122 tempus,
3317 1068 3410 1107 ac-

1827 1134 2069 1191 cedimus
2092 1146 2146 1190 et
2160 1153 2265 1192 nos
2295 1154 2308 1189 :
2338 1146 2394 1193 et
2422 1154 2529 1195 non
2550 1141 2673 1194 anni
2701 1140 2851 1195 nobis
2872 1141 3149 1210 accedunt,
3178 1143 3272 1198 sed
3299 1160 3416 1198 ma-

1826 1225 1909 1295 gis
1937 1225 2223 1282 decedunt.
2252 1223 2420 1284 Valde
2450 1239 2632 1285 errant
2654 1228 2918 1297 homines,
2949 1233 3160 1302 quando
3182 1231 3363 1287 dicunt
3394 1250 3410 1286 :

1829 1315 1971 1371 Puer
2008 1317 2107 1373 iste
2145 1317 2321 1374 adhuc
2360 1320 2532 1375 minus
2574 1321 2731 1391 sapit,
2773 1320 3034 1376 accedunt
3070 1322 3144 1378 illi
3173 1323 3319 1388 anui,
3357 1334 3413 1379 et

1829 1404 2060 1474 prudens
2083 1407 2203 1462 erit.
2241 1407 2623 1479 Attendequid
2651 1409 2815 1465 dicas.
2848 1410 3154 1476 Accedunt,
3185 1411 3360 1468 dixisti
3393 1430 3410 1466 :

1827 1509 1927 1566 ego
1963 1496 2187 1553 ostendo
2223 1499 2345 1568 quia
2371 1497 2654 1568 decedunt,
2697 1516 2817 1556 cum
2845 1509 2899 1556 tu
2928 1500 3092 1567 dicis,
3119 1502 3410 1559 Accedunt.

1829 1585 1897 1640 Et
1920 1586 2045 1642 audi
2070 1603 2228 1658 cpiam
2260 1587 2413 1645 facile
2443 1589 2493 1645 id
2522 1590 2710 1661 probo.
2735 1590 2985 1646 Putemus
3014 1608 3111 1649 nos
3134 1593 3299 1649 scisse
3317 1609 3413 1648 an-

1829 1689 1926 1730 nos
1956 1676 2122 1746 ipsius
2141 1692 2207 1734 ex
2233 1692 2341 1749 quo
2365 1686 2522 1733 natus
2541 1689 2624 1734 est
2654 1696 2669 1735 :
2700 1679 2847 1736 verbi
2872 1681 3061 1753 gratia,
3092 1692 3147 1738 ut
3176 1682 3310 1738 bene
3335 1682 3409 1738 illi

1828 1772 2092 1835 Optemus,
2107 1768 2375 1839 octoginta
2395 1783 2566 1825 annos
2586 1770 2820 1826 victuma
2839 1780 2941 1835 est,
2960 1779 3312 1840 perventurus
3330 1782 3413 1826 est

1827 1853 1896 1909 ad
1935 1864 2284 1914 senectutem.
2318 1857 2507 1915 Scribe
2534 1859 2798 1929 octoginta
2841 1875 3030 1916 annos.
3059 1860 3203 1916 Vixit
3246 1878 3409 1917 unum

1826 1960 2024 2001 annum
2054 1965 2068 2001 :
2093 1956 2222 2019 quot
2250 1947 2418 2005 babes
2447 1949 2500 2005 in
2531 1952 2780 2006 summa?
2808 1960 2938 2024 quot
2967 1952 3223 2009 tenebas?
3251 1953 3413 2011 Octo-

1826 2036 1990 2107 ginta.
2015 2036 2198 2095 Deduc
2227 2056 2412 2095 unum.
2451 2039 2599 2097 Vixit
2637 2041 2822 2098 decem
2853 2062 2869 2099 :
2896 2045 3224 2116 septuaginta
3253 2047 3410 2101 resti-

1830 2135 2026 2188 terunt.
2056 2128 2200 2185 Vixit
2218 2131 2400 2202 viginti
2431 2150 2446 2187 :
2476 2132 2752 2202 sexaginta
2780 2135 3104 2191 restiterunt.
3134 2136 3290 2193 Certe
3318 2154 3410 2194 ac-

1828 2217 2127 2274 cedebant:
2158 2220 2284 2290 quid
2333 2229 2415 2276 est
2461 2219 2599 2277 hoc?
2626 2221 2892 2289 Veniunt,
2946 2231 3006 2279 ut
3047 2223 3240 2280 abeant
3283 2227 3409 2282 anni

1828 2309 1995 2363 nostri
2021 2327 2034 2363 :
2067 2310 2304 2377 veniunt,
2336 2311 2571 2383 inquam,
2604 2320 2661 2367 ut
2688 2321 2832 2368 eaut.
2853 2311 2969 2368 Non
2995 2298 3137 2370 enim
3170 2312 3409 2382 veniunt.

1831 2410 1887 2456 ut
1906 2410 2049 2457 stent
2072 2403 2345 2459 nobiscum
2368 2422 2381 2459 :
2401 2402 2493 2460 sed
2513 2419 2636 2460 cum
2667 2412 2946 2461 transeunt
2968 2421 3062 2477 per
3090 2422 3207 2472 nos,
3233 2415 3413 2463 terunt

1830 2506 1949 2558 nos,
1973 2502 2028 2548 et
2053 2494 2225 2549 minus
2252 2494 2539 2566 minusque
2563 2496 2742 2552 valere
2764 2512 2865 2552 nos
2903 2497 3117 2552 faciunt.
3146 2498 3289 2554 Talis
3330 2486 3415 2555 est

1829 2585 1936 2650 via,
1962 2585 2014 2639 in
2041 2600 2143 2656 qua
2175 2586 2438 2641 venimus.
2466 2586 2602 2655 Quid
2632 2587 2817 2644 tacturi
2858 2600 3041 2644 sumus
3069 2606 3190 2646 cum
3219 2590 3416 2647 adver~

1830 2675 1973 2730 sario
1999 2676 2114 2744 illo,
2155 2676 2206 2733 id
2233 2687 2343 2745 est,
2383 2695 2501 2733 cum
2549 2693 2797 2736 sermone
2828 2680 2961 2736 Dei?
2988 2681 3260 2738 Concorda
3291 2700 3411 2740 cum

1832 2765 1943 2820 illo.
1970 2764 2155 2823 Nescis
2180 2769 2321 2823 enim
2358 2770 2568 2840 quando
2605 2772 2688 2825 via
2734 2771 2963 2827 ﬁniatur.
2991 2771 3124 2828 Cum
3155 2774 3233 2828 via
3267 2773 3412 2831 linita

1829 2854 2008 2925 fuerit,
2035 2856 2199 2927 judex
2226 2867 2410 2919 restat,
2445 2869 2499 2914 et
2527 2847 2788 2927 minister,
2820 2870 2874 2916 et
2903 2877 3105 2918 carcer.
3134 2865 3203 2917 At
3227 2864 3271 2918 si
3300 2880 3412 2920 ser-

1829 2947 2038 3003 vaveris
2065 2949 2371 3005 adversario
2409 2959 2497 3005 tuo
2525 2951 2718 3006 bonam
2749 2950 3092 3019 voluntatem,
3121 2963 3173 3009 et
3197 2970 3316 3009 cum
3347 2971 3414 3011 eo

1828 3039 2196 3105 consenseris;
2239 3055 2334 3110 pro
2365 3040 2544 3111 judice
2574 3038 2815 3099 invenies
2855 3054 3082 3115 patrem,
3113 3061 3210 3117 pro
3250 3047 3410 3102 mini-

1828 3140 1940 3186 stro
1966 3147 2108 3188 εωνο
2132 3134 2375 3204 angelum
2407 3133 2674 3191 tollentem
2721 3135 2772 3190 in
2815 3137 2989 3192 sinum
3025 3138 3280 3204 Ahraltm,
3312 3155 3409 3209 pro

1827 3238 2042 3279 carcere
2067 3224 2388 3295 paradisum.
2415 3226 2582 3293 Quam
2612 3227 2719 3282 cito
2749 3228 2799 3282 in
2828 3230 2910 3284 via
2937 3240 3123 3285 cuncta
3156 3231 3405 3299 mutasti,

1827 3315 1948 3385 quia
1978 3324 2066 3371 tuo
2091 3316 2398 3372 adversario
2424 3319 2774 3373 consensisti!

2362 3429 2593 3486 SERMO
2628 3431 2755 3487 cr
2778 3432 2874 3504 (a).

1829 3538 1907 3593 De
1924 3542 2085 3595 verbis
2106 3539 2370 3611 Evangelii
2395 3541 2567 3609 Lacte,
2589 3542 2673 3596 ubi
2699 3542 2886 3597 dicitur
2903 3543 2971 3598 de
2980 3543 3158 3600 arbore
3171 3546 3407 3614 ficulnea,

1900 3645 1988 3697 per
2015 3630 2285 3683 triennium
2313 3630 2531 3699 [mantnt
2550 3647 2652 3685 non
2666 3635 2886 3702 fererste;
2914 3649 2976 3686 ac
3002 3633 3066 3687 de
3086 3634 3297 3689 muliere
3317 3635 3411 3689 Ita-

1898 3720 2040 3775 bente
2065 3721 2234 3774 decem
2276 3729 2326 3775 et
2362 3730 2474 3776 octo
2509 3737 2672 3776 mos
2703 3723 2754 3776 in
2788 3723 3117 3791 inﬁrmitate,
3146 3741 3261 3795 cap.
3292 3742 3407 3793 xui,

1896 3812 2029 3867 6-l7
2063 3827 2299 3868 :necnon
2340 3812 2406 3869 de
2430 3813 2590 3869 verbis
2630 3813 2828 3871 Psalmi
2872 3830 2924 3871 ix
2948 3856 2963 3881 ,
3014 3816 3106 3879 20,
3150 3817 3405 3888 Exsurge.

1895 3904 2141 3970 Domine,
2160 3920 2266 3960 non
2294 3906 2582 3977 przevalcat
2611 3906 2804 3975 homo;
2827 3908 3129 3980 iudicentur
3145 3920 3334 3984 gentes
3356 3913 3408 3967 iu

1899 4002 2188 4064 conspectu
2213 4003 2305 4051 tuo
2325 3994 2420 4067 (b).

1896 4105 2124 4163 CAPUT
2176 4106 2626 4164 PRIMUM.—l.
2689 4108 2843 4164 Ficus
2880 4112 3065 4166 sterilis
3112 4130 3201 4183 per
3251 4115 3410 4169 trien-

1828 4198 1971 4251 nium
2011 4198 2131 4268 quid
2160 4198 2426 4269 signiﬁcet.
2477 4197 2553 4254 De
2591 4200 2782 4256 arbore
2826 4202 3049 4257 ﬁculnea
3087 4219 3208 4274 qua:
3247 4205 3410 4260 triens

1829 4288 1975 4343 nium
2019 4287 2248 4344 habebat
2280 4296 2336 4344 ct
2373 4286 2603 4344 fructum
2637 4306 2742 4346 non
2776 4292 3063 4357 alicrelmt,
3108 4304 3162 4349 et
3188 4295 3256 4349 de
3288 4312 3408 4351 mu-

1831 4379 1960 4435 liere
1996 4393 2117 4449 qum
2143 4378 2328 4434 decem
2368 4389 2425 4434 et
2467 4390 2589 4436 octo
2632 4394 2802 4438 annos
2842 4382 3071 4439 habebat
3107 4385 3159 4440 in
3190 4386 3411 4441 inﬁrmi—

1830 4480 1956 4537 tate,
1988 4469 2129 4541 quod
2155 4470 2411 4526 Dominus
2436 4471 2712 4529 donaverit
2734 4474 2932 4529 audite.
2957 4475 3132 4532 Arbor
3160 4477 3407 4543 ﬁculnea,

1827 4579 1994 4634 genus
2015 4564 2307 4618 humanum
2328 4572 2428 4618 est.
2459 4564 2767 4621 Triennium
2788 4575 2987 4631 autem,
3014 4568 3111 4623 tria
3137 4578 3259 4624 sunt
3278 4582 3414 4627 tem-

1830 4671 1957 4726 pora
1988 4673 2004 4711 :
2035 4671 2196 4710 unum
2222 4664 2347 4711 ante
2371 4654 2589 4727 Legem,
2621 4658 2847 4714 alterum
2871 4660 2971 4716 sub
3000 4660 3162 4733 Lege,
3191 4664 3407 4718 tertium
3448 4680 3451 4683 ·

1829 4747 1929 4801 sub
1969 4747 2158 4819 gratia.
2201 4746 2318 4803 Non
2356 4757 2436 4803 est
2481 4758 2658 4804 autem
2702 4750 3105 4821 importunum,
3151 4756 3410 4816 utarbor

1830 4836 2053 4893 ﬁculnea
2083 4837 2409 4908 intelligatur
2447 4853 2617 4907 genus
2657 4839 2966 4895 humanum.
3014 4842 3223 4899 Primus
3263 4848 3405 4901 enim

1831 4927 1993 4982 homo
2020 4927 2234 4997 quando
2262 4928 2517 4995 peccavit,
2552 4928 2692 4981 foliis
2722 4928 2963 4986 ﬁculneis
2991 4933 3237 5001 pudenda
3260 4937 3408 4991 vela-

1830 5019 1907 5072 vit
1936 5016 2085 5088 (ϐαι.
2119 5033 2194 5079 ιιι,
2217 5018 2271 5088 7)
2296 5035 2311 5070 :
2343 5016 2457 5071 lucc
2484 5017 2694 5083 velavit,
2719 5019 2857 5074 unde
2876 5022 2985 5077 nati
3006 5038 3210 5090 sumus,
3242 5039 3410 5080 mem-

1830 5111 1943 5166 bra.
1969 5109 2099 5178 Quae
2125 5110 2265 5165 enim
2290 5118 2418 5164 ante
2436 5117 2710 5179 peccatum
2743 5109 2951 5166 fuerant
2973 5114 3265 5184 glorianda,
3292 5129 3411 5187 post

1832 5209 2105 5271 peccatum
2146 5198 2390 5269 pudenda
2432 5207 2556 5254 sunt
2607 5198 2764 5256 facta.
2808 5201 3044 5273 Denique
3084 5214 3237 5261 antea
3284 5209 3409 5262 nudi
3503 5206 3506 5209 “

1833 5300 2003 5359 erant,
2031 5299 2088 5346 et
2121 5307 2226 5346 non
2268 5290 2749 5348 confundebantur.
2786 5293 2899 5350 Non
2928 5295 3069 5351 enim
3113 5307 3229 5354 erat
3272 5301 3412 5356 unde

1833 5383 2233 5448 erubescerent,
2285 5384 2500 5453 quando
2549 5393 2818 5454 peccatum
2876 5403 2980 5442 non
3028 5400 3409 5457 prtecesserat:

1835 5490 1933 5529 nec
1968 5484 2210 5542 poterant
2246 5474 2315 5530 de
2356 5474 2440 5530 sui
2479 5475 2747 5531 Creatoris
2789 5478 3040 5546 operibus
3074 5480 3410 5552 erubescere,

1897 5561 2140 5628 “collatus
2173 5577 2282 5614 cum
2312 5565 2470 5628 tribus
2511 5565 2594 5615 bu.
2637 5573 2690 5616 et
2710 5574 2916 5628 mutuor
2937 5568 3001 5619 cl.
3039 5583 3148 5620 cltm
3178 5584 3225 5622 a.
3262 5573 3340 5623 cb.
3378 5572 3411 5623 f.

1835 5623 1892 5674 fs.
1910 5638 1963 5687 gi.
1988 5624 2049 5687 ιι·ἶ
2074 5639 2143 5674 ιιι.
2166 5640 2213 5687 p.
2236 5639 2327 5675 rm.
2354 5626 2434 5675 vd.
2460 5633 2513 5676 et
2533 5641 2641 5675 cum
2664 5623 2762 5676 Αιιί.
2789 5635 2860 5677 Er.
2889 5636 2988 5680 Par.
3015 5640 3123 5682 I.ov.

1898 5685 1970 5805 (tt;
2002 5685 2143 5744 Alias,
2165 5685 2227 5736 de
2252 5688 2613 5760 verbisnomiui
2635 5690 2713 5762 512

1898 5746 1949 5796 (b
2001 5754 2281 5797 sermonem
2306 5749 2539 5798 Possidius
2555 5765 2603 5800 ιιι
2620 5751 2712 5800 Indi

1897 5746 1970 5815 (ὁ)
2001 5754 2281 5815 sermonem
2306 5749 2539 5798 Possidius
2555 5751 2603 5800 in
2620 5751 3175 5815 lndic.cap.8receusct.
3200 5777 3217 5803 α
3238 5765 3305 5808 De
3316 5769 3416 5808 mu-

1847 5826 1869 5853 ι
1890 5805 2015 5857 bere
2033 5820 2195 5869 wrva,
2210 5810 2381 5859 decem
2398 5818 2567 5862 etoeto
2578 5825 2729 5864 annos
2750 5805 2960 5867 habente
2997 5805 3043 5868 iu
3069 5805 3359 5872 inﬁrmitate
3369 5805 3396 5867 ἶ
