3934 6184
408 337 514 395 ιω

415 452 539 524 quia
569 447 817 519 operibus
841 441 1110 499 Creatoris
1147 441 1225 495 sui
1257 439 1409 495 bouis
1440 438 1637 494 nullum
1665 433 1839 488 adlmc
1876 445 1991 482 ma-

416 542 523 595 lum
553 553 687 610 opus
712 551 863 591 suum
892 533 1231 588 miscuerant.
1260 529 1502 585 Nondum
1533 528 1672 582 enim
1705 523 1995 577 manduca-

415 639 603 687 verant
629 628 694 682 de
725 626 866 696 ligno
894 624 1131 679 scientim
1162 622 1284 675 boui
1328 629 1381 676 et
1420 618 1562 681 mali,
1593 616 1733 670 unde
1768 611 1992 686 mandu—

414 736 541 776 care
579 716 828 787 prohibiti
857 723 1028 771 erant.
1068 714 1254 767 Postea
1295 726 1422 781 ergo
1448 723 1605 779 quam
1638 705 1993 759 manducare-

415 820 537 863 ruut
557 817 611 863 et
640 816 1015 876 peccaverunt,
1046 813 1224 858 natum
1258 809 1340 856 est
1366 801 1433 854 de
1463 799 1564 853 illis
1589 812 1757 868 genus
1798 795 1981 847 lnuna~

408 917 541 971 num
573 917 585 953 :
617 899 667 953 id
699 908 801 965 est,
837 898 995 952 homo
1014 896 1081 951 de
1103 892 1613 958 homiuc,ohnoxius
1643 889 1709 945 de
1737 888 1993 951 debitore,

417 992 655 1048 mortalis
680 994 746 1047 de
778 992 1021 1056 mortali,
1045 999 1293 1061 peccator
1315 988 1380 1042 de
1411 994 1709 1057 peccatore.
1736 981 1841 1037 llos
1868 996 1996 1049 ergo

415 1087 645 1156 appellat
665 1088 717 1139 in
749 1089 845 1139 hac
871 1082 1081 1149 arbore,
1109 1082 1197 1152 qui
1220 1096 1318 1152 per
1338 1094 1497 1133 omne
1536 1085 1747 1146 tempus
1773 1074 1997 1128 fructum

417 1180 545 1234 dare
572 1180 852 1235 uoluerunt
884 1194 897 1229 :
935 1185 986 1231 et
1040 1185 1255 1246 propter
1296 1172 1398 1227 hoc
1446 1169 1755 1224 imminebat
1796 1165 1999 1219 securis

415 1270 685 1326 radicibus
734 1269 941 1327 arboris
985 1265 1346 1322 infructuosa}.
1409 1259 1691 1317 lnlcrccdit
1736 1259 1957 1313 colonus
1983 1299 1995 1320 ,

415 1363 658 1419 dill'crtur
683 1361 1018 1433 supplicium,
1052 1370 1109 1413 ut
1134 1357 1446 1412 adhibeatur
1468 1354 1742 1410 auvilinm.
1775 1351 1873 1420 Qui
1900 1366 1998 1402 au-

416 1464 527 1511 tem
566 1454 845 1510 intercedit
882 1451 1121 1516 colonus,
1165 1459 1249 1506 est
1275 1449 1448 1505 omnis
1478 1455 1716 1507 sanctus,
1749 1443 1838 1515 qui
1866 1443 1999 1494 intra

421 1546 710 1602 Ecclesiam
738 1554 855 1601 orat
883 1560 979 1617 pro
1006 1544 1085 1598 eis
1110 1541 1198 1612 qui
1224 1548 1348 1597 sunt
1383 1548 1533 1595 extra
1560 1535 1874 1590 Ecclesium.
1925 1531 1992 1584 Et

418 1636 545 1708 quid
575 1636 725 1695 orat?
751 1634 984 1695 Domine,
1016 1634 1208 1687 dimitte
1226 1631 1400 1691 illam‘
1432 1640 1475 1682 et
1497 1629 1589 1681 hoc
1612 1643 1745 1679 anno
1769 1641 1787 1678 :
1818 1624 1868 1677 id
1898 1631 2001 1687 est,

424 1738 661 1798 tempore
686 1727 789 1781 isto
814 1726 912 1781 sub
930 1724 1119 1797 gratia,
1151 1739 1307 1794 parce
1331 1719 1716 1793 peccatoribus,
1744 1732 1900 1787 parce
1921 1714 2002 1768 in-

423 1821 684 1883 ﬁdelibus,
710 1834 867 1889 parce
894 1818 1184 1879 sterilibus,
1216 1830 1370 1885 parce
1400 1813 1757 1873 infructuosis.
1776 1809 2004 1865 Circinu-

423 1913 562 1985 [odio
591 1913 654 1972 ei.
684 1921 730 1964 et
758 1909 971 1964 adltibeo
1000 1909 1272 1978 cap/tinum
1309 1906 1538 1960 stercoris
1570 1922 1588 1956 :
1617 1904 1659 1957 si
1694 1902 1866 1971 fecerit
1896 1905 2007 1971 [rn-

422 2013 577 2068 ctum,
604 2001 762 2065 bene;
791 2001 868 2054 sin
894 2008 1060 2052 autem
1086 1999 1273 2060 minus,
1304 1995 1469 2059 venies
1498 2003 1542 2047 et
1567 1992 1851 2060 amputobis
1872 2006 2001 2043 eam.

437 2091 610 2147 Venies
635 2107 653 2146 :
675 2090 923 2161 quando?
952 2091 1008 2143 ln
1035 2089 1234 2157 judicio
1262 2085 1467 2152 venies,
1496 2082 1708 2153 quando
1754 2090 2006 2135 venturus

419 2199 481 2238 es
505 2183 744 2253 judicare
773 2183 921 2245 vivos
945 2189 998 2239 et
1023 2189 1280 2240 mortuos.
1313 2176 1530 2237 Interim
1562 2174 1720 2228 modo
1750 2171 2003 2242 parcitur.

420 2276 558 2345 Quid
587 2285 670 2332 est
688 2282 873 2330 autem
896 2272 1074 2331 fossa?
1095 2270 1220 2344 quid
1246 2278 1329 2325 est
1351 2266 1756 2329 circumfodere,
1784 2264 1881 2319 nisi
1910 2262 2008 2323 hu-

422 2367 700 2421 militatem
730 2376 782 2420 et
807 2364 1171 2435 ptenitentiam
1199 2360 1432 2416 docere?
1462 2359 1627 2414 Fossa
1651 2356 1794 2412 enim
1829 2354 2004 2409 lutlni~

422 2458 488 2512 lis
514 2467 652 2513 terra
680 2465 783 2515 est.
828 2454 1124 2524 Cophinum
1151 2452 1402 2508 stercoris
1422 2491 1440 2516 ,
1472 2450 1523 2503 in
1564 2449 1705 2503 bono
1749 2445 2003 2515 intelligo.

423 2548 622 2605 Sordes
650 2556 796 2614 sunt,
826 2546 921 2601 sed
950 2545 1178 2607 fructum
1208 2544 1352 2601 dant.
1386 2542 1585 2598 Sordes
1622 2539 1843 2605 cultoris
1866 2581 1880 2604 ,
1908 2538 2008 2593 do-

428 2639 570 2694 lores
594 2646 717 2692 sunt
741 2636 1054 2706 peccatoris.
1084 2634 1183 2703 Qui
1212 2642 1371 2705 agunt
1400 2631 1787 2702 pmnitentiam.
1812 2630 1863 2684 in
1892 2643 2009 2683 sor-

423 2729 582 2784 dibus
609 2737 770 2800 agunt
799 2745 811 2781 :
835 2726 878 2781 si
911 2736 1087 2780 tamen
1111 2725 1428 2794 intelligant,
1461 2732 1514 2778 cl
1535 2716 1796 2777 veraciter
1824 2727 2004 2790 agant.

427 2823 561 2879 lluic
572 2837 698 2892 ergo
712 2820 887 2875 arbori
908 2819 1102 2875 dicitur
1123 2836 1134 2871 :
1158 2818 1304 2889 Agite
1331 2815 1705 2887 paenitentiam;
1731 2812 2009 2885 appropin-

422 2915 592 2988 quavit
613 2915 744 2968 enim
767 2929 978 2985 regnum
999 2911 1241 2965 caelorum
1272 2908 1483 2982 (Matth.
1507 2923 1583 2972 ιιι,
1609 2906 1689 2976 2).

493 3004 719 3062 CAPUT
760 3003 820 3059 ll.
848 3031 922 3042 —-
959 3001 1012 3055 2.
1052 3000 1240 3054 Mulier
1268 3000 1436 3054 decem
1460 3008 1506 3052 et
1537 2990 1899 3053 octo’anuis‘in
1925 2994 2009 3047 in-

424 3098 680 3166 firmitate.
760 3092 928 3149 Ilomo
990 3108 1092 3145 non
1137 3091 1199 3145 de
1264 3107 1355 3145 suo
1381 3131 1394 3156 ,
1446 3089 1535 3143 sed
1582 3088 1643 3142 de
1693 3087 1856 3158 gratia
1914 3085 2011 3139 Dei

423 3192 604 3241 (sonus.
654 3185 790 3254 Quid
830 3184 917 3238 illa
959 3183 1149 3238 mulier
1188 3181 1371 3237 decem
1392 3189 1447 3234 et
1475 3189 1601 3234 octo.
1621 3192 1789 3248 annos
1809 3175 2012 3229 habens

425 3280 480 3334 in
523 3275 859 3333 inﬁrmitate?
889 3274 995 3330 Sex
1034 3273 1223 3329 dii-bus
1264 3272 1406 3326 Deus
1448 3268 1669 3340 perfecit
1704 3282 1863 3337 opera
1891 3281 2008 3321 sua.

424 3371 532 3426 'l‘cr
556 3370 692 3434 seni,
715 3368 901 3423 decem
929 3374 1118 3421 ctocto
1147 3362 1362 3418 faciunt.
1383 3361 1531 3428 Quod
1556 3375 1682 3430 ergo
1698 3357 2014 3428 signiﬁcavit

425 3462 713 3516 triennium
754 3461 805 3513 in
836 3459 1029 3513 arbore
1053 3499 1068 3523 ,
1097 3456 1198 3510 hoc
1223 3455 1409 3509 decem
1450 3462 1504 3507 et
1537 3461 1658 3506 octo
1687 3451 1808 3504 anni
1838 3450 1888 3503 in
1925 3448 2012 3501 illa

424 3551 670 3607 muliere.
700 3550 874 3604 Curva
912 3556 1049 3609 crat,
1092 3559 1301 3601 sursum
1340 3544 1580 3610 aspicere
1614 3556 1717 3595 non
1763 3546 1966 3610 poterat
1997 3556 2010 3591 :

423 3643 549 3713 quia
572 3641 794 3697 Summ
824 3654 933 3701 cor,
958 3637 1074 3692 sine
1095 3650 1255 3691 causa
1279 3635 1543 3689 audiebat.
1565 3631 1671 3688 Sed
1701 3632 1871 3686 erexit
1897 3646 2013 3685 eam

430 3736 704 3789 luminas.
725 3733 823 3786 Est
836 3747 965 3801 ergo
976 3744 1120 3800 spes,
1139 3728 1231 3783 sed
1253 3728 1397 3793 ﬁliis,
1407 3742 1682 3796 quousque
1706 3725 1881 3779 veniat
1901 3722 2016 3777 dies

424 3826 632 3895 judicii.
674 3823 893 3877 Multum
934 3821 1032 3876 sibi
1071 3819 1162 3874 dat
1205 3818 1384 3872 homo.
1428 3816 1494 3871 Et
1534 3815 1661 3885 quid
1707 3823 1791 3870 est
1817 3812 2016 3868 homo?

424 3917 610 3972 Justus
652 3916 813 3970 homo
843 3923 1101 3984 magnum
1147 3910 1347 3982 aliquid
1385 3919 1461 3965 est
1494 3909 1673 3964 homo.
1703 3908 1808 3963 Sed
1838 3916 2014 3962 tamen

424 4009 599 4079 justus
627 4007 806 4073 homo,
837 4005 1002 4076 gratia
1033 4004 1122 4058 Dei
1153 4010 1238 4059 est
1268 4002 1443 4072 justus
1480 4000 1659 4054 homo.
1689 3999 1840 4060 Nam,
1879 3998 2016 4065 Quid

426 4108 501 4152 est
523 4097 674 4153 Ιιοιιιο
700 4139 716 4165 ,
744 4097 840 4157 nisi
866 4094 1001 4166 quod
1025 4110 1215 4150 meumr
1241 4110 1293 4147 es
1320 4094 1430 4164 ejus
1459 4091 1629 4163 (Psal.
1662 4105 1771 4155 vin,
1800 4091 1895 4160 5)?
1927 4089 2017 4143 Vis

429 4188 611 4243 videre
652 4186 781 4257 quid
824 4195 907 4242 est
947 4184 1145 4247 homo?
1189 4183 1366 4243 Omnis
1403 4183 1553 4237 homo
1584 4180 1802 4237 mendax
1844 4177 2012 4250 (Psal.

428 4295 560 4345 cxv,
594 4278 705 4350 ll).
731 4278 1088 4343 Cantor/imus,
1119 4275 1353 4347 Exsurge
1374 4317 1390 4341 ,
1423 4274 1634 4332 Dmuine
1655 4315 1670 4338 ,
1700 4290 1803 4331 non
1821 4289 2016 4344 prtem-

432 4371 533 4426 teat
553 4370 723 4424 homo.
754 4367 892 4437 Quid
920 4376 1023 4433 est,
1050 4383 1151 4422 non
1174 4366 1439 4435 pravaleat
1462 4366 1610 4421 Ιιουιο
1628 4366 1653 4419 2
1669 4364 1855 4421 Nonne
1875 4365 2020 4433 Apo-

431 4462 556 4517 stoli
588 4460 832 4516 homines
855 4457 1043 4515 erant?
1069 4457 1253 4513 Nonne
1267 4466 1531 4528 martyres
1559 4456 1801 4513 homines
1825 4456 2017 4512 erant?

432 4553 551 4621 Ipse
574 4551 831 4612 Dominus
860 4550 1016 4609 Iesus
1049 4549 1187 4604 Deus
1225 4563 1343 4605 esse
1368 4563 1474 4603 non
1513 4548 1775 4604 desistens
1797 4589 1812 4613 ,
1857 4548 2019 4604 homo

431 4656 554 4697 esse
574 4640 822 4710 dignatus
850 4648 953 4696 est.
992 4638 1130 4706 Quid
1146 4649 1232 4694 est
1266 4654 1393 4709 ergo
1414 4680 1427 4702 ,
1456 4636 1691 4708 Exsurge
1708 4679 1724 4704 ,
1769 4638 2013 4706 Domine,

432 4751 533 4793 non
555 4735 824 4806 praedicat
848 4733 1043 4788 Inoino?
1077 4731 1133 4788 Si
1171 4731 1345 4786 omnis
1395 4731 1556 4788 homo
1591 4730 1819 4786 mendax
1859 4748 1871 4784 :
1923 4747 2018 4787 ex-

434 4827 618 4899 surge,
650 4829 865 4891 veritas,
895 4844 1000 4882 non
1025 4827 1312 4898 praevaleat
1335 4824 1556 4879 falsitas.
1584 4823 1755 4879 Homo
1790 4839 1939 4895 ergo,
1971 4826 2015 4880 si

437 4922 551 4977 vult
577 4935 698 4976 esse
730 4918 927 4993 aliquid
974 4918 1132 4982 boni,
1166 4932 1271 4971 non
1305 4917 1371 4971 sit
1415 4915 1482 4971 de
1521 4930 1620 4970 suo
1673 4916 1909 4986 proprio.
1959 4915 2018 4970 Si

433 5014 575 5075 enim
606 5011 676 5075 de
703 5027 802 5069 suo
823 5025 947 5069 e383
965 5010 1207 5075 voluerit,
1231 5007 1457 5063 mendax
1484 5008 1605 5063 crit.
1628 5005 1687 5063 Si
1712 5022 1872 5061 verax
1897 5022 2017 5062 esse

431 5102 661 5159 voluerit
682 5102 749 5167 de
774 5102 889 5170 Dei,
919 5117 1023 5162 non
1050 5100 1119 5155 de
1142 5115 1240 5156 suo
1259 5100 1380 5155 erit.

504 5195 559 5248 Ξ.
606 5191 883 5262 Propheta:
909 5202 1099 5258 votum,
1122 5200 1175 5246 ut
1201 5207 1300 5247 non
1345 5191 1614 5259 prmleat
1648 5191 1818 5255 homo.
1850 5193 2010 5260 Ergo,

434 5284 687 5354 Exsurge,
719 5282 954 5349 Domine,
981 5297 1081 5343 non
1108 5284 1372 5352 praevaleat
1392 5282 1563 5335 homo.
1590 5281 1815 5337 Tantum
1852 5282 2017 5336 valuit

430 5377 766 5433 mendacium
791 5385 917 5431 ante
938 5374 1214 5439 diluvium,
1247 5384 1303 5429 ut
1333 5382 1451 5443 post
1481 5374 1738 5430 diluvium
1767 5384 1891 5429 octo
1921 5374 2015 5429 ho-

431 5470 605 5527 mines
625 5467 1008 5524 remansissent
1035 5466 1081 5537 (Ι
1110 5463 1252 5520 Petr.
1280 5480 1356 5527 ιιι,
1389 5464 1507 5535 20).
1543 5469 1634 5519 Pet
1686 5466 1831 5535 ipsus
1874 5475 2014 5521 terra

440 5575 626 5617 rursus
647 5559 865 5630 impleta
885 5568 967 5614 est
993 5558 1297 5613 hominibus
1322 5557 1694 5623 mendacibus,
1737 5568 1792 5612 et
1816 5556 2017 5613 electus

493 5695 507 5720 ‘
538 5692 868 5757 Mss.._dimitte
889 5691 978 5757 illi.
1004 5700 1058 5743 Et
1078 5696 1147 5743 sic
1169 5694 1281 5744 alibi
1307 5702 1506 5745 veteres
1529 5694 1655 5754 libri,
1680 5696 1871 5757 quoties
1893 5695 2020 5746 hunc

429 5747 588 5802 locum
611 5747 765 5804 refert
787 5756 1094 5816 Augustinus.

1643 322 1700 378 S.
1744 309 2106 374 AUSUS'HNl
2149 312 2445 370 l‘lPlSCiHW

3582 308 3735 364 640

2105 436 2185 481 est
2221 428 2448 505 populus
2478 427 2592 483 Dei.
2624 427 2780 482 Facta
2803 433 2928 481 sunt
2960 419 3212 480 miracula
3252 422 3413 479 multa
3435 464 3451 489 ,
3478 437 3732 494 prtem-

2107 529 2223 590 gata
2249 519 2426 575 divina
2452 521 2727 593 beneﬁcia.
2763 520 2842 575 Ad
2872 528 3065 575 terram
3098 517 3466 589 promissionis
3491 515 3737 589 ιιριιάιιο

2106 621 2221 671 ctus
2242 611 2432 672 est.ah
2471 609 2836 682 iEgyptiorum
2883 611 3137 665 servitute
3172 609 3426 664 liberatus
3471 624 3484 659 :
3558 606 3738 663 Pro-

2110 702 2280 772 ιιιιυιυ
2302 703 2353 758 in
2380 703 2471 757 illo
2495 703 2707 757 excitati
2732 711 2875 761 sunt.
2913 701 3165 771 templum
3214 700 3419 769 accepit
3440 739 3458 761 .
3504 712 3697 755 sacer
3717 729 3738 740 -

2106 794 2307 857 dolium
2338 794 2567 864 accepit,
2620 795 2922 848 unctionem
2969 792 3203 862 accepit,
3242 790 3412 859 legem
3459 790 3745 858 accepit.

2106 884 2211 939 Sed
2250 886 2318 939 de
2359 884 2473 955 ipso
2512 893 2695 956 postea
2730 883 2926 938 dictum
2972 891 3085 948 est,
3130 881 3255 936 Filii
3309 880 3464 935 alieni
3494 883 3739 934 mentite

2105 986 2222 1030 sunt
2250 977 2372 1031 mihi
2398 974 2568 1047 (Psal.
2599 991 2736 1042 xvn,
2762 975 2877 1047 46).
3588 976 3597 979 ’

2176 1066 2402 1123 CAPUT
2443 1066 2526 1121 Ill.
2557 1096 2628 1107 —-
2667 1066 2744 1120 Ad
2773 1076 3065 1121 extremum
3106 1065 3299 1119 missus
3338 1072 3420 1121 est
3459 1064 3558 1118 ille
3616 1078 3742 1133 per

2110 1160 2398 1230 Prophetas
2423 1170 2546 1214 ante
2569 1156 2881 1232 promissus.
2922 1157 3041 1212 Non
3070 1158 3339 1229 prtcvalcat
3386 1159 3546 1212 homo
3571 1198 3590 1221 ,
3634 1158 3740 1211 vel

2107 1252 2227 1323 quia
2259 1252 2401 1307 Deus
2430 1251 2598 1306 factus
2623 1261 2704 1307 est
2747 1252 2927 1305 homo.
2972 1250 3077 1306 Sed
3124 1251 3283 1305 etiam
3337 1250 3453 1321 ipse
3491 1248 3741 1303 faciens

2108 1346 2287 1403 divina
2310 1354 2647 1417 contemptus
2672 1351 2770 1405 est,
2796 1350 3053 1413 prrestans
3082 1349 3188 1395 tam
3223 1341 3385 1395 multa
3431 1340 3740 1395 beneﬁcia

2112 1436 2408 1506 prehensus
2433 1444 2535 1501 est,
2563 1434 2852 1506 ﬂagellatus
2880 1442 2980 1497 est,
3010 1448 3302 1502 suSpcusus
3345 1442 3447 1487 est.
3488 1431 3743 1485 llucus-

2110 1543 2212 1597 que
2235 1526 2504 1596 praevaluit
2527 1527 2704 1587 homo,
2740 1525 2831 1579 Dei
2861 1523 3049 1579 Filium
3083 1523 3410 1593 prehendere
3433 1565 3449 1588 ,
3482 1522 3591 1579 Diti
3631 1520 3742 1574 Fi-

2112 1622 2237 1676 lium
2268 1620 2552 1690 ﬂagellarc,
2585 1619 2673 1673 Dei
2706 1616 2896 1678 Filium
2921 1616 3087 1688 spinis
3112 1631 3370 1671 coronare
3392 1657 3408 1680 ,
3457 1616 3565 1669 Dei
3628 1614 3743 1669 Fi-

2112 1714 2236 1773 lium
2268 1713 2408 1783 ligno
2431 1710 2775 1781 suspendere.
2803 1710 3030 1764 Tantum
3056 1707 3330 1779 prmvaluit
3359 1707 3533 1762 homo
3570 1725 3585 1759 :
3627 1709 3740 1763 sed

2111 1790 2403 1875 quousque,
2435 1803 2534 1859 nisi
2556 1818 2831 1875 quousque
2854 1801 3127 1871 depositus
3153 1799 3223 1857 de
3256 1799 3398 1870 ligno
3420 1843 3436 1866 ,
3490 1800 3740 1871 positas

2110 1902 2195 1955 cst
2222 1894 2273 1946 in
2294 1893 2579 1964 sepulcro?
2608 1892 2663 1947 Si
2695 1894 2762 1947 ibi
2794 1892 3153 1955 remansissvt,
3187 1876 3313 1947 vere
3352 1891 3521 1945 horno
3573 1908 3745 1961 pra:-

2112 1987 2380 2043 valuissct.
2413 1986 2515 2045 Sed
2549 1986 2819 2055 prophetia
2866 1986 2963 2040 ista
2994 1987 3152 2041 etiam
3196 1987 3364 2056 ipsum
3410 1986 3742 2039 Dominum

2110 2079 2290 2137 Jesum
2325 2080 2611 2151 alloquitur
2630 2078 2853 2135 dicens:
2884 2077 3135 2152 Exsurge,
3170 2079 3401 2146 Domine,
3437 2096 3553 2133 non
3587 2097 3744 2151 pm:-

2113 2171 2273 2227 valeat
2303 2172 2473 2226 homo.
2506 2171 2753 2235 Domine,
2799 2171 2851 2227 in
2885 2186 3045 2227 carne
3093 2171 3273 2241 venire
3316 2171 3592 2240 digitulos
3647 2186 3739 2229 cs,

2115 2264 2345 2323 Verbum
2374 2261 2719 2340 carolactus,
2742 2261 2975 2321 Verbum
3016 2277 3175 2333 super
3211 2276 3340 2328 nos,
3378 2246 3512 2315 caro
3576 2262 3744 2315 inter

2113 2371 2229 2419 nos,
2260 2356 2485 2411 Verbum
2511 2370 2635 2410 caro
2663 2355 2800 2410 inter
2822 2354 2989 2414 Deum
3020 2353 3357 2409 ctlwminem
3388 2369 3400 2405 :
3432 2353 3738 2423 virginem

2115 2448 2255 2502 unde
2285 2449 2580 2503 nasccreris
2604 2446 2898 2503 secundum
2922 2461 3134 2501 carnem
3163 2444 3363 2514 clegisti
3384 2487 3398 2509 ,
3429 2444 3738 2514 virginem

2115 2538 2495 2609 concipiendos
2530 2537 2798 2604 invenisti,
2821 2545 2976 2591 natus
3006 2535 3262 2606 virginem
3278 2535 3582 2604 reliquisti.
3619 2535 3739 2590 Sed

2116 2646 2219 2684 non
2245 2628 2617 2700 agnoscebaris
2640 2647 2653 2682 :
2676 2627 2965 2697 apparebas
2986 2669 3001 2692 ,
3045 2636 3100 2681 et
3133 2628 3353 2682 latebas.
3390 2628 3554 2699 Appa
3568 2627 3745 2683 rchat

2117 2721 2417 2786 inﬁrmitas,
2448 2719 2645 2775 latebat
2683 2728 2934 2788 potestas.
2981 2718 3091 2773 lloc
3131 2728 3303 2773 totum
3338 2717 3551 2773 factum
3622 2729 3742 2784 est,

2117 2811 2505 2882 utsanguincm
2533 2809 2800 2876 funderes,
2844 2808 2985 2880 quod
3030 2816 3114 2867 cst
3157 2810 3380 2879 pretium
3427 2820 3739 2866 nostrum.

2117 2901 2309 2957 Fecisti
2334 2909 2477 2955 tanta
2502 2901 2753 2956 miracula
2775 2941 2791 2965 ,
2818 2900 3205 2955 valetudinibus
3241 2909 3589 2971 aagrotorum
3642 2919 3743 2957 sa-

2116 2996 2333 3051 nitatem
2357 2994 2609 3058 tribuisti,
2633 2993 2884 3049 benelicia
2911 2992 3075 3049 multa
3105 2992 3390 3061 prtestitisti
3415 3034 3431 3057 ,
3476 3002 3538 3048 et
3572 3010 3748 3049 rece-

2117 3089 2235 3160 pisti
2261 3088 2394 3143 mala
2415 3102 2509 3157 pro
2524 3087 2696 3143 bonis.
2720 3086 3029 3144 Insultatum
3043 3095 3126 3140 est
3147 3086 3261 3153 tibi,
3276 3084 3327 3139 iu
3347 3085 3493 3157 ligno
3510 3103 3749 3157 pcpcno

2116 3180 2238 3235 disti
2268 3197 2280 3233 :
2310 3180 2561 3250 agitatum
2586 3187 2668 3233 est
2692 3187 2815 3232 ante
2838 3186 2887 3234 te
2907 3186 3065 3247 caput
3089 3177 3157 3232 ab
3183 3177 3375 3248 impiis,
3416 3188 3478 3233 et
3505 3179 3745 3235 dictum

2117 3281 2228 3337 est,
2253 3271 2315 3325 Si
2336 3269 2504 3325 Filius
2530 3269 2627 3324 Dei
2651 3285 2733 3337 es,
2752 3269 2995 3324 descende
3023 3269 3086 3325 de
3120 3285 3266 3325 cruce
3291 3269 3510 3340 (Matth.
3546 3288 3745 3336 xxv",

2117 3363 2228 3433 60).
2259 3362 2404 3418 Itane
2428 3371 2480 3416 tu
2504 3361 2809 3431 perdideras
2846 3362 3155 3431 potentiam.
3184 3376 3250 3416 an
3281 3361 3457 3430 potius
3486 3362 3750 3418 demon-

2118 3454 2326 3509 stt-abas
2370 3453 2698 3522 patientiam?
2716 3452 2780 3506 Et
2820 3460 2994 3506 tamen
3038 3452 3108 3506 illi
3131 3453 3539 3518 insultaverunt,
3564 3465 3747 3518 etta-

2120 3562 2241 3601 mcn
2269 3545 2341 3598 illi
2364 3544 2666 3607 irriscrunt,
2692 3551 2866 3599 tamen
2889 3542 2963 3597 illi
2992 3551 3044 3598 te
3072 3544 3248 3599 occiso
3275 3544 3421 3612 quasi
3478 3544 3749 3601 victores

2118 3635 2496 3693 discesserunt.
2517 3634 2654 3691 Ecce
2669 3634 2721 3688 in
2734 3632 3137 3707 sepalcrujaces
3156 3651 3169 3686 :
3190 3631 3440 3703 Exsurge,
3466 3632 3747 3699 Domine,

2108 3743 2221 3806 non
2247 3726 2512 3795 prwvaleat
2534 3725 2702 3779 homo.
2726 3723 2841 3779 Non
2890 3723 3175 3795 przcvaleat
3203 3723 3393 3793 impius
3420 3724 3709 3783 inimicus
3729 3769 3745 3791 ,

2121 3832 2225 3870 non
2266 3816 2547 3886 pnevaleat
2572 3830 2744 3870 ancus
2778 3813 3013 3871 Judzcus.
3045 3813 3175 3869 Cum
3205 3814 3344 3868 enim
3369 3816 3749 3888 crucifigere.

2122 3911 2217 3973 ris,
2263 3908 2606 3980 prmvaluisse
2639 3907 2740 3963 sibi
2789 3908 2932 3961 visus
2969 3917 3054 3963 est
3101 3906 3316 3963 Jttdtnus
3351 3922 3559 3962 coacus.
3628 3910 3747 3965 Ex-

2119 4017 2291 4072 surge,
2324 3998 2560 4066 Domine,
2590 4016 2687 4055 non
2715 3998 2980 4068 praevaleat
3007 3999 3175 4053 homo.
3210 3998 3429 4063 Factum
3461 4008 3584 4065 est,
3618 4019 3746 4057 orn-

2122 4092 2249 4147 nino
2276 4091 2467 4147 faczum
2510 4100 2613 4145 est.
2654 4089 2723 4146 Et
2754 4090 2877 4162 quid
2918 4098 3117 4155 restat,
3164 4090 3267 4145 nisi
3314 4098 3374 4143 ut
3412 4091 3747 4160 judicenlur

2121 4192 2289 4255 gentes
2315 4182 2367 4237 in
2394 4190 2661 4251 conspectu
2685 4181 2809 4235 tuo?
2830 4181 3139 4237 Resurrexit
3158 4181 3318 4244 enim,
3353 4180 3493 4235 sicut
3517 4186 3742 4247 nostis.

2122 4274 2360 4331 ascendit
2385 4274 2436 4326 in
2461 4271 2652 4328 coelum
2681 4289 2694 4326 :
2726 4271 2850 4331 inde
2870 4280 3127 4335 venturus
3160 4282 3244 4327 est
3269 4271 3515 4340 judicare
3572 4276 3744 4330 vivos

2121 4376 2177 4422 et
2195 4374 2454 4422 mortuos.
2536 4349 2548 4366 ’

2193 4454 2417 4512 CAPUT
2453 4452 2542 4508 ιν.
2563 4482 2634 4493 —-
2657 4454 2713 4511 4.
2754 4453 2948 4511 Judt'cii
2985 4454 3175 4514 rculurt'
3203 4455 3449 4510 certitudo
3488 4456 3740 4528 impletis

2124 4559 2195 4604 tot
2218 4550 2335 4604 aliis
2362 4548 2795 4621 pra'dictionibus.
2828 4546 2964 4603 Deus
2989 4547 3196 4613 debitor,
3225 4564 3326 4602 non
3355 4563 3418 4602 ex
3461 4551 3734 4620 acceptis,

2122 4641 2210 4695 sed
2233 4658 2296 4695 ex
2322 4641 2600 4712 promissis.
2627 4640 2721 4695 Eia
2750 4639 2911 4694 arbor
2937 4638 3282 4706 infructuosa,
3316 4656 3419 4693 non
3436 4638 3731 4708 derideas,

2123 4732 2245 4803 quia
2269 4731 2506 4802 parcitur
2543 4732 2632 4786 tibi
2667 4749 2680 4784 :
2717 4730 2877 4785 dilata
2916 4730 3249 4795 estsccuris,
3300 4731 3404 4786 noli
3452 4747 3586 4788 esse
3636 4751 3734 4789 sc-

2122 4840 2286 4891 cura;
2333 4826 2535 4885 veniet.
2572 4823 3029 4898 ctamputaberis.
3072 4820 3241 4879 Crede
3275 4824 3398 4894 quia
3450 4837 3737 4882 venturus

2122 4926 2223 4979 cst.
2256 4916 2359 4975 lsta
2402 4916 2580 4972 omnia
2622 4932 2742 4987 qum
2773 4914 2954 4980 vides,
3003 4930 3117 4970 non
3159 4924 3332 4970 erant.
3371 4914 3733 4973 Christianus

2124 5013 2484 5084 p0pulustoto
2504 5010 2634 5067 orbe
2675 5017 2936 5065 terrarum
2978 5007 3265 5079 aliquando
3309 5022 3413 5063 non
3461 5018 3607 5065 erat.
3670 5010 3731 5065 In

2123 5104 2402 5178 prophetia
2422 5103 2718 5173 legebatur,
2751 5101 2804 5156 in
2828 5110 2967 5157 terra
3009 5116 3118 5155 non
3162 5100 3439 5156 videbatur
3494 5118 3511 5155 :
3549 5102 3734 5158 modo

2124 5206 2299 5253 autem
2327 5205 2382 5252 et
2426 5196 2636 5266 legitur,
2683 5203 2737 5249 et
2773 5193 2999 5248 videtur.
3046 5178 3169 5267 Ipsa
3219 5192 3463 5249 Ecclesia
3506 5192 3592 5248 sic
3640 5205 3735 5250 est

2124 5288 2404 5359 completa.
2436 5286 2551 5341 Non
2589 5286 2638 5342 ei
2665 5284 2864 5339 dictum
2890 5293 2993 5349 est,
3015 5282 3146 5337 Vide
3173 5282 3297 5348 (ilia,
3322 5291 3376 5338 ct
3402 5281 3526 5336 audi
3549 5299 3564 5345 ;
3595 5282 3724 5345 sed,

2127 5380 2261 5435 Audi
2285 5389 2334 5435 et
2362 5378 2474 5434 vide
2500 5376 2682 5451 (Psal.
2726 5390 2868 5442 xuv,
2916 5372 3025 5446 Η).
3070 5372 3210 5429 Audi
3259 5370 3547 5443 praedicta,
3595 5371 3732 5428 vide

2126 5471 2409 5541 completa.
2459 5467 2739 5538 Quomodo
2785 5481 2949 5537 ergo,
3004 5464 3196 5520 fratres
3227 5462 3562 5528 charissimi,
3611 5479 3729 5518 non

2126 5572 2240 5618 erat
2268 5570 2422 5616 natus
2446 5559 2688 5616 Christus
2716 5558 2784 5614 de
2805 5557 3028 5628 virgine,
3061 5555 3352 5626 promissus
3378 5562 3488 5618 cst,
3534 5562 3592 5609 et
3620 5570 3728 5608 na-

2130 5665 2214 5709 tus
2242 5665 2325 5709 est
2355 5671 2368 5706 :
2401 5667 2505 5706 non
2532 5651 2730 5707 fecerat
2769 5648 3054 5715 mirabilia,
3087 5647 3347 5718 promissa
3370 5653 3518 5708 sunt.
3546 5655 3603 5699 et
3644 5646 3729 5699 [e-

2130 5748 2200 5804 cit
2233 5765 2243 5799 :
2276 5745 2509 5800 nondum
2537 5753 2651 5800 crat
2679 5758 2890 5816 passus,
2921 5742 3238 5812 promissum
3264 5749 3377 5806 est,
3409 5745 3463 5795 et
3519 5736 3727 5793 factum
