3934 6184
198 269 284 326 (ιιι

200 392 272 439 est
304 394 441 436 :non
477 388 840 433 resurrexcrat.
860 421 875 445 ,
901 377 1205 447 priedictum
1233 385 1339 441 est,
1391 386 1443 430 et
1490 376 1763 445 impletum

199 485 272 529 est
296 490 309 525 :
341 485 533 526 nomen
562 470 678 539 ejus
711 485 808 540 per
832 477 1001 523 totum
1026 469 1279 523 mundum
1309 482 1414 521 non
1439 476 1553 523 erat
1575 507 1589 531 ,
1630 482 1766 535 pric-

200 567 382 620 dictnm
416 572 521 624 est,
552 562 902 630 ctimpletum
933 569 1016 616 est
1050 577 1063 613 :
1107 560 1244 614 idola
1285 558 1457 614 deleta
1505 566 1560 613 et
1596 556 1763 611 fracta

200 671 293 711 non
312 662 488 717 erant,
517 651 828 720 [medictum
851 661 953 716 est,
983 659 1038 706 et
1058 650 1330 720 impletum
1355 658 1437 704 est
1473 667 1486 703 :
1530 647 1764 702 haeretici

199 750 557 816 immnantcs
585 743 881 798 Ecclesium
921 758 1024 796 non
1051 749 1240 806 erant,
1289 741 1600 813 pne-dictum
1647 751 1764 805 est,

199 847 242 893 et
263 835 530 906 impletum
571 842 672 888 est.
698 832 787 889 Sic
808 844 862 888 ct
889 832 1203 902 diesjudirii
1234 832 1465 887 nondum
1512 841 1621 897 cst;
1673 830 1767 886 sed

199 928 303 996 quia
331 926 621 996 prmdictus
642 935 745 990 est,
775 925 1097 994 implebitnr.
1129 926 1208 978 An
1239 924 1351 979 lieri
1370 933 1542 993 potest
1586 932 1642 977 ut
1677 920 1767 993 qui

201 1019 246 1072 in
270 1017 424 1071 tantis
451 1029 613 1070 verax
645 1015 908 1084 apparuit,
939 1014 1004 1069 de
1032 1014 1118 1069 die
1160 1013 1343 1083 judicii
1380 1013 1605 1068 mendax
1661 1011 1769 1066 sit?

201 1109 577 1164 l’mmissormn
605 1120 821 1161 suorum
850 1106 1005 1160 nobis
1025 1105 1434 1175 chirographum
1462 1104 1603 1158 fecit.
1650 1103 1767 1158 Non

200 1199 427 1254 debendi»
451 1199 629 1260 enim;
656 1197 750 1251 sed
782 1196 1141 1266 promittendo
1181 1195 1476 1251 debitorem
1529 1209 1587 1249 se
1631 1194 1767 1248 Deus

200 1289 308 1345 fecit
340 1307 354 1340 :
387 1288 443 1343 id
471 1297 585 1350 est,
615 1303 720 1341 non
757 1296 939 1339 mutuo
986 1284 1314 1354 accipiendo.
1340 1282 1454 1339 Non
1485 1297 1768 1353 possumus

197 1395 312 1449 ergo
342 1379 403 1433 ei
427 1378 605 1433 dicere
628 1418 644 1443 ,
688 1376 873 1431 Redde
893 1376 1030 1445 quod
1054 1376 1321 1444 accepisti.
1358 1375 1616 1441 Quoniam
1655 1374 1768 1445 quis

196 1474 327 1543 prior
355 1471 496 1525 dedit
516 1470 611 1532 illi,
642 1480 689 1522 et
718 1469 1016 1521 retribuetur
1053 1468 1096 1521 ci
1142 1466 1315 1538 (Rom.
1349 1482 1422 1532 XI,
1472 1463 1604 1535 55)?
1652 1464 1766 1519 Non

199 1570 470 1632 possumus
496 1561 675 1616 dicere
702 1561 771 1624 ei,
806 1558 988 1614 Redde
1017 1558 1157 1629 quod
1182 1557 1428 1628 accepisti
1454 1574 1468 1622 ;
1497 1557 1591 1611 sed
1615 1556 1769 1626 plane

198 1655 432 1717 dicimus,
467 1652 649 1707 Redde
668 1652 810 1721 quod
840 1650 1149 1721 promisisti.
1391 1674 1413 1703 ο

255 1735 482 1799 CAPUT
523 1743 586 1797 Υ.
644 1772 712 1783 -—
758 1741 810 1798 5.
864 1741 1095 1812 Regnum
1137 1740 1233 1796 Dei
1273 1741 1594 1811 promissum.
1643 1739 1770 1795 lude

200 1853 415 1908 namque
442 1845 545 1903 est,
570 1835 710 1906 quod
731 1835 992 1890 audemus
1018 1835 1254 1905 quotidie
1277 1834 1458 1890 dicere
1481 1878 1494 1898 ,
1524 1833 1769 1888 Adveniat

201 1946 395 2000 regnum
437 1938 584 1981 tuum
625 1926 835 1999 (Matth.
871 1942 954 1991 Vl,
989 1924 1079 1998 10)
1107 1943 1118 1978 :
1149 1935 1204 1980 ut
1242 1924 1553 1979 adveniente
1605 1940 1770 1995 regno

203 2024 323 2085 ejus,
349 2026 405 2073 et
433 2033 531 2072 nos
556 2033 677 2071 cum
705 2017 797 2071 illo
824 2030 1126 2086 rcgncmus.
1155 2014 1304 2082 Quod
1336 2015 1489 2069 nobis
1514 2015 1604 2070 his
1652 2031 1769 2068 ver-

204 2111 269 2162 bis
290 2109 606 2178 promissum
632 2120 711 2162 est
739 2124 753 2160 :
782 2106 927 2161 Tunc
950 2107 1112 2160 dicam
1131 2107 1252 2171 illis,
1284 2104 1481 2172 Venite,
1525 2105 1773 2160 benedicti

209 2199 367 2253 Putris
386 2200 502 2265 mei,
534 2199 774 2268 percipite
797 2212 1009 2268 regnum
1032 2198 1167 2267 quod
1188 2197 1323 2251 vobis
1344 2207 1580 2268 paratum
1602 2208 1672 2250 est
1708 2196 1770 2250 ab

204 2293 385 2360 origine
408 2292 602 2344 mundi.
634 2290 737 2346 Sed
765 2291 925 2361 plane
954 2291 998 2345 si
1043 2290 1328 2344 fecerimus
1380 2288 1522 2359 quod
1567 2286 1638 2343 ibi
1688 2302 1773 2344 sc-

205 2382 390 2449 quitnr,
433 2381 627 2436 Esurivi
657 2382 810 2446 enim,
847 2390 894 2435 et
917 2380 1123 2434 dedistis
1143 2379 1265 2434 mihi
1303 2380 1629 2444 manducare,
1667 2391 1769 2433 etc.

206 2473 431 2543 (Idan,
464 2474 551 2539 Si,
582 2473 695 2545 55).
732 2473 984 2528 Promisit
1009 2473 1249 2543 patribus
1272 2472 1495 2537 nostris;
1522 2471 1613 2526 sed
1650 2486 1774 2524 cau-

204 2567 393 2620 tionem
417 2566 557 2629 fecit,
590 2581 748 2635 quam
774 2564 1074 2634 legeremus
1094 2573 1146 2618 et
1173 2578 1290 2619 nos.
1323 2562 1379 2619 Si
1412 2562 1567 2617 faciat
1592 2564 1773 2617 nobis-

201 2671 328 2709 cuxm
352 2656 628 2720 rationem,
656 2654 744 2724 qui
768 2653 1012 2723 dignatus
1038 2662 1120 2708 est
1140 2652 1314 2708 facere
1343 2653 1641 2707 cautionem
1662 2694 1677 2717 ,
1723 2662 1776 2706 et

200 2747 362 2810 «li-cat,
384 2747 565 2817 Legite
590 2744 768 2801 debita
799 2758 949 2809 mea,
973 2744 1074 2800 hoc
1103 2752 1218 2811 est,
1248 2743 1422 2798 debita
1473 2743 1779 2814 promissio-
1814 2806 1823 2813 ν

203 2854 330 2890 ιιι-ιη
355 2852 609 2898 mearum.
636 2846 689 2890 ct
714 2844 1013 2906 computate
1033 2851 1150 2905 qua:
1191 2835 1434 2914 reddidi,
1476 2843 1777 2904 computata

204 2928 361 2982 etiam
384 2944 502 2997 qua:
527 2928 698 2981 debeo
725 2943 737 2999 ς
762 2940 887 2981 ecce
907 2940 1065 2995 quam
1105 2927 1266 2979 multa
1321 2925 1559 2990 reddidi;
1604 2924 1776 2979 modi-

204 3028 420 3073 nantes!
443 3017 583 3089 quod
603 3018 772 3073 debeo
796 3032 814 3070 ξ
847 3020 944 3087 ‘pro
973 3016 1180 3071 modico
1209 3016 1349 3087 quod
1372 3025 1558 3082 restat,
1593 3016 1780 3070 inﬁde--

207 3113 317 3165 lem
336 3127 414 3167 me
440 3110 816 3181 promissorem
841 3124 960 3164 esse
1001 3107 1285 3179 putabitis?
1321 3107 1444 3178 quid
1493 3106 1780 3177 responde-

212 3204 384 3258 bimus
419 3214 598 3258 contra
628 3201 1108 3256 manifestissimum
1150 3199 1465 3253 veritatem?
1508 3197 1645 3267 Ergo
1691 3197 1779 3267 qui

212 3293 400 3347 sterilis
426 3302 528 3359 est,
556 3300 676 3362 agat
704 3292 1069 3361 pmnitentiam
1097 3330 1111 3355 ,
1135 3297 1190 3345 et
1229 3288 1385 3343 faciat
1423 3286 1652 3343 fructum
1695 3287 1780 3343 di-

216 3398 370 3455 gnum
395 3383 734 3453 pmnitenti;c.
776 3382 875 3448 Qui
907 3392 1102 3435 curvus
1130 3390 1211 3434 est
1231 3422 1246 3444 ,
1278 3389 1469 3433 terram
1529 3378 1780 3441 intuetur,

218 3488 414 3533 terrena
435 3476 683 3532 felicitate
702 3475 931 3538 Lenitur,
963 3473 1117 3526 istam
1150 3472 1317 3525 solam
1354 3481 1502 3541 putat
1546 3485 1667 3525 esse
1708 3472 1785 3524 vi-

221 3586 325 3632 tam
351 3568 574 3628 beatam.
604 3567 690 3622 ubi
721 3565 905 3626 beatus
934 3579 1053 3620 esse
1085 3564 1284 3633 possit,
1327 3563 1485 3617 aliam
1527 3576 1634 3617 non
1669 3572 1786 3622 ore.

221 3669 298 3723 dit
321 3687 333 3723 :
354 3668 664 3739 quicumque
691 3674 799 3720 tam
821 3677 1013 3719 curvus
1042 3670 1123 3717 cst
1146 3703 1161 3728 ,
1189 3662 1420 3731 erigatur
1453 3678 1465 3713 :
1502 3659 1546 3713 si
1592 3674 1685 3729 per
1729 3675 1787 3714 se

225 3764 383 3831 ipsum
408 3779 510 3816 non
541 3770 738 3831 potest,
776 3760 987 3815 invocet
1011 3758 1199 3811 Deum.
1246 3752 1511 3823 Numquid
1550 3751 1690 3806 enim
1735 3761 1788 3805 et

227 3853 406 3907 mulier
432 3853 511 3906 illa
542 3868 640 3923 per
663 3866 721 3906 se
752 3850 917 3919 ipsam
940 3834 1115 3903 erecta
1142 3844 1265 3902 cst?
1297 3844 1387 3899 Vae
1424 3844 1498 3897 illi
1527 3851 1669 3898 esset
1689 3884 1703 3907 ,
1744 3842 1786 3896 si

227 3959 422 3997 mainnn
452 3943 537 3999 ille
564 3960 668 3997 non
700 3940 1047 4011 perrexisset.

747 4051 977 4108 salino
1015 4048 1128 4104 CXI
1158 4048 1293 4120 ·(α).

229 4165 295 4219 De
316 4168 468 4222 verbis
499 4164 759 4235 Erangelii
786 4162 969 4228 Laca’,
996 4162 1080 4215 ubi
1103 4176 1309 4231 regnum
1340 4157 1437 4211 Dei
1486 4159 1668 4211 dicitur
1714 4159 1790 4211 si-

289 4259 408 4314 mile
436 4258 700 4313 l'ermento
723 4296 738 4321 ,
783 4253 922 4324 quod
960 4260 1236 4322 acceptum
1280 4250 1471 4304 mulier
1514 4248 1792 4303 abscondit

291 4355 339 4409 in
364 4355 547 4409 farina:
576 4340 690 4408 sata
714 4352 811 4406 tria
841 4369 853 4404 :
886 4350 1042 4417 deque
1066 4365 1122 4402 eo
1142 4346 1276 4417 quod
1316 4345 1384 4399 ibi
1424 4345 1667 4414 scriptum
1698 4352 1791 4406 est,

292 4445 529 4511 Domine,
558 4444 601 4500 si
626 4443 777 4515 pauci
807 4452 931 4496 sunt
956 4440 1043 4510 qui
1064 4435 1373 4493 salvantur?
1399 4432 1526 4504 Cap.
1559 4449 1670 4500 χιιι,
1718 4433 1793 4503 Ῡ.

289 4537 463 4592 iii-24.

291 4648 515 4705 CAPUT
556 4644 836 4702 PRIMUM.
881 4671 954 4684 —-
992 4644 1042 4700 1.
1086 4634 1210 4694 Tria
1244 4648 1354 4694 sata
1395 4638 1594 4707 farinat.
1636 4633 1797 4687 Pauci

235 4742 496 4797 salvantur.
526 4737 774 4795 Solvendi
814 4736 959 4789 multi
1002 4740 1119 4788 sunt
1160 4732 1290 4786 inter
1330 4746 1412 4796 se,
1451 4728 1537 4783 sed
1580 4727 1797 4781 aliorum

235 4833 595 4905 comparatione
620 4830 787 4902 pauci.
817 4826 941 4882 Tria
973 4836 1083 4881 sata
1114 4824 1327 4887 larium,
1369 4820 1436 4875 de
1470 4818 1661 4888 quibus
1690 4817 1796 4870 Do-

233 4927 397 4980 minus
427 4923 762 4994 loquebatur,
792 4934 956 4990 genus
988 4917 1277 4971 humanum
1312 4919 1414 4967 est.
1452 4909 1688 4964 Recolite
1716 4906 1801 4961 di-

235 5015 428 5070 luvium
448 5013 627 5068 :‘unde
654 5011 835 5066 cit-teri
858 5015 1250 5078 repararentur,
1278 5012 1387 5058 tres
1409 5003 1795 5056 remanserunt.

233 5105 356 5162 Tres
376 5106 517 5161 ﬁlios
544 5103 772 5158 habebat
798 5100 931 5167 Nec,
961 5099 1027 5153 de
1051 5095 1180 5167 ipsis
1204 5100 1505 5165 reparatum
1533 5102 1617 5146 est
1634 5103 1801 5160 genus

238 5193 536 5251 humanum.
563 5194 753 5250 Mulier
779 5188 866 5247 illa
897 5198 1079 5246 sancta
1104 5202 1221 5259 qua:
1242 5183 1520 5241 abscondit
1567 5183 1803 5237 fermen-

242 5298 362 5354 tum,
383 5288 638 5359 sapientia
665 5294 768 5341 est.
800 5286 938 5340 Ecce
959 5284 1152 5338 clamat
1186 5279 1330 5334 orbis
1354 5287 1493 5331 totus
1529 5276 1580 5329 in
1616 5272 1803 5328 Eccle~

242 5381 309 5433 sia
337 5381 427 5435 Dei
460 5398 473 5434 :
506 5378 617 5451 Ego
642 5378 849 5449 cognovi
872 5377 991 5447 quin
1014 5390 1227 5443 magnus
1250 5382 1321 5426 est
1344 5370 1592 5424 Dominus
1632 5365 1800 5437 (Psal.

244 5487 450 5539 cxxxw,
475 5472 557 5542 5).
586 5473 744 5525 Certe
770 5468 921 5539 pauci
950 5475 1074 5523 sunt
1098 5466 1186 5535 qui
1222 5466 1513 5519 salvantur.
1549 5459 1807 5516 Recolitis

298 5582 312 5599 '
336 5581 622 5631 mnendatus
646 5589 722 5629 est
744 5578 803 5627 ad
840 5588 1011 5626 omnes
1052 5575 1246 5624 anticus
1287 5576 1489 5636 scriptos
1513 5576 1563 5621 ct
1599 5580 1809 5619 estos

244 5641 285 5689 in
305 5655 528 5693 sermone
566 5640 862 5699 praecedenti
899 5639 1039 5687 modo
1061 5638 1355 5699 designatos.

295 5706 363 5766 (tt)
396 5705 532 5765 Alias,
555 5698 620 5754 de
643 5701 812 5752 Verbis
833 5698 1011 5751 Dottdtti
1035 5698 1112 5748 32.

1601 261 1831 316 SEMIO
1869 258 1998 315 CXI.

3342 271 3450 327 652

1878 376 2223 443 quxstitmem
2251 391 2312 430 cx
2342 375 2628 459 iivangelio
2676 380 2828 436 nobis
2871 382 3027 433 tundo
3076 385 3398 454 propositam
3432 406 3448 443 τ

1879 464 2109 529 Domine,
2141 465 2338 520 dictum
2365 479 2465 531 est,
2494 470 2535 521 si
2565 472 2713 539 pauci
2740 482 2857 524 sum
2880 473 2965 545 qui
3004 473 3302 531 salvantur?
3340 477 3447 531 Do-

1875 555 2050 608 minus
2069 554 2135 608 ad
2164 555 2263 610 hoc
2288 556 2450 625 quid?
2476 554 2587 611 Non
2618 559 2724 628 ait,
2775 561 2890 615 Non
2939 564 3122 631 pauci,
3160 564 3252 619 sed
3298 569 3448 623 multi
3492 554 3505 563 ’

1874 651 1995 695 sunt
2018 643 2106 712 qui
2132 644 2419 698 salxantnr.
2467 647 2579 701 Non
2620 648 2727 702 hac
2775 650 2922 703 dixit.
2969 650 3073 708 Sed
3121 654 3244 724 quid
3284 656 3446 722 dixit,

1873 747 1994 786 cum
2023 733 2273 801 audisset,
2308 735 2369 790 Si
2392 739 2538 805 pauci
2567 749 2681 792 sunt
2711 740 2798 810 qui
2832 740 3132 797 salvantur?
3160 744 3452 801 Contendite

1873 823 2061 878 intrare
2103 840 2190 894 per
2233 840 2499 897 angustam
2538 839 2755 899 portam.
2823 833 3042 899 Quando
3097 836 3248 890 audis
3299 855 3447 908 ergo,

1873 911 2038 967 Pauci
2063 926 2179 968 sunt
2205 919 2289 983 qui
2311 920 2586 984 salvantur,
2628 921 2960 979 conﬁrmavit
3004 925 3259 982 Dominus
3303 930 3446 999 quod

1871 1003 2091 1058 audivit.
2148 1004 2254 1061 Per
2291 1018 2566 1079 angustam
2605 1023 2811 1078 portam
2862 1015 3010 1082 pauci
3066 1018 3279 1072 intrant.
3332 1022 3450 1074 Alio

1876 1094 1996 1148 loco
2026 1095 2139 1164 ipsc
2166 1098 2238 1150 ait
2269 1113 2283 1151 :
2314 1101 2465 1152 Arcta
2493 1102 2573 1153 ria
2597 1112 2665 1155 est
2685 1112 2730 1155 et
2750 1115 2962 1174 angusta
2987 1122 3097 1174 (late
3120 1110 3255 1161 ducit
3283 1111 3351 1162 ad
3381 1112 3453 1164 ri-

1872 1196 1991 1251 tant,
2024 1197 2069 1241 ct
2091 1189 2241 1258 pauci
2276 1193 2497 1261 suntqui
2524 1193 2870 1263 ingrediuntur
2897 1214 2985 1265 per
3012 1199 3153 1252 illam
3181 1217 3200 1253 :
3235 1201 3337 1253 lata
3356 1219 3449 1254 an-

1873 1290 1969 1359 tem
1997 1290 2046 1333 et
2069 1282 2291 1351 spatiosa
2314 1294 2387 1338 est
2407 1286 2485 1338 via
2504 1303 2615 1355 qua:
2639 1288 2775 1341 ducit
2801 1291 2869 1342 ad
2893 1291 3180 1358 interitum,
3226 1305 3270 1349 et
3306 1297 3449 1350 multi

1870 1382 1986 1425 sunt
2009 1373 2094 1439 qui
2117 1375 2374 1428 ambulant
2402 1391 2491 1445 per
2515 1377 2656 1431 illam
2685 1379 2890 1449 (Matth.
2922 1399 3015 1443 vn,
3052 1386 3137 1448 15,
3168 1387 3274 1457 li).
3314 1384 3448 1454 Quid

1870 1463 2159 1532 gaudemus
2171 1465 2235 1519 ad
2258 1467 2643 1523 multitudines?
2664 1470 2850 1525 Ambte
2870 1490 2969 1533 me,
2996 1476 3165 1542 pauci.
3187 1477 3307 1530 Scio
3326 1480 3446 1547 quia

1872 1553 2023 1607 inulti
2052 1554 2264 1622 auditis,
2294 1565 2344 1609 et
2373 1558 2520 1624 pauci
2544 1560 2825 1614 obauditis.
2866 1563 3057 1617 Arcam
3091 1566 3261 1629 video,
3289 1584 3450 1635 grana

1871 1660 2071 1712 qnmro.
2106 1646 2173 1700 Et
2191 1649 2290 1712 vix,
2312 1649 2752 1720 videntnrgruna,
2773 1656 2983 1723 quando
3003 1673 3125 1711 acra
3155 1660 3448 1714 trituratur:

1868 1735 1967 1793 sed
1988 1736 2216 1792 futurum
2235 1751 2313 1794 est
2341 1744 2706 1798 utvcntiletur.
2730 1745 2887 1799 Pauci
2915 1764 3040 1818 ergo
3067 1751 3156 1819 qui
3182 1754 3454 1808 Salvantur

1873 1827 1927 1880 in
1967 1832 2364 1897 comparatione
2413 1834 2700 1888 multorum
2763 1839 3137 1905 periturorum.
3180 1843 3309 1897 Nam
3354 1846 3451 1914 ipsi

1875 1919 2022 1985 pauci
2040 1934 2283 1989 magnam
2300 1936 2525 1976 massam
2545 1923 2728 1979 facturi
2747 1937 2887 1981 sunt.
2904 1928 3038 1983 Cum
3056 1935 3258 1986 venerit
3281 1937 3419 1989 ‘vcnti
3432 1966 3452 1978 ο

1874 2007 2011 2063 lator
2029 2008 2206 2064 ferens
2223 2013 2569 2068 ventiiabmm
2584 2016 2636 2069 in
2659 2031 2817 2070 manu
2837 2029 2951 2081 sua,
2981 2022 3254 2077 mtmdabit
3273 2040 3452 2080 aream

1875 2115 2022 2154 suam
2057 2118 2071 2156 :
2107 2102 2368 2159 frumenta
2415 2107 2667 2161 recondct
2704 2110 2757 2162 in
2799 2111 3080 2177 horreum;
3133 2115 3311 2182 paleas
3352 2131 3452 2170 att-

1877 2199 1981 2243 tem
2008 2192 2285 2246 comburat
2310 2195 2418 2263 igni
2448 2195 2868 2266 inextinguibili
2894 2200 3046 2270 (Lac.
3078 2214 3154 2267 tu,
3188 2205 3294 2275 i7).
3337 2206 3453 2262 Non

1875 2284 2162 2338 snbsannet
2191 2285 2339 2354 palea
2379 2302 2598 2356 granum
2641 2307 2654 2341 :
2686 2288 2788 2344 hoc
2826 2306 3010 2346 verum
3057 2294 3304 2363 loquitur,
3359 2313 3455 2353 nc-

1877 2377 2070 2429 minem
2099 2374 2250 2429 fallit.
2281 2378 2461 2431 l'lstote
2486 2395 2615 2446 ergo
2646 2380 2783 2455 inter
2809 2382 3003 2436 multos
3043 2384 3224 2451 multi,
3266 2389 3359 2441 sed
3399 2389 3469 2451 lth

1877 2468 2275 2536 comparatione
2334 2470 2683 2538 quorumdam
2719 2472 3008 2527 multorum
3059 2477 3230 2543 pauci.
3289 2478 3456 2533 Tanta

1878 2573 2050 2613 massa
2078 2574 2391 2627 processura
2422 2570 2505 2614 est
2534 2560 2600 2613 de
2628 2561 2728 2616 hac
2769 2579 2890 2616 area
2913 2606 2927 2628 ,
2978 2575 3035 2618 ut
3079 2567 3292 2636 impleat
3336 2570 3457 2625 hor-

1882 2666 2034 2705 reum
2063 2652 2205 2706 caali.
2235 2650 2351 2705 Non
2374 2653 2517 2707 enim
2547 2655 2844 2709 contrarius
2890 2656 3004 2709 sibi‘
3025 2669 3165 2712 esset
3203 2660 3459 2716 Dominus

1880 2739 2144 2807 Christus,
2168 2741 2257 2811 qui
2288 2740 2445 2807 dixit,
2480 2740 2635 2795 Pauci
2662 2752 2787 2797 sunt
2815 2744 2901 2814 qui
2931 2745 3127 2801 intrant
3149 2764 3244 2818 per
3268 2765 3461 2821 angus-

1881 2841 1987 2885 tam
2013 2841 2239 2900 portam,
2275 2833 2422 2885 multi
2454 2846 2545 2901 per
2569 2832 2893 2889 iatamviam
2930 2848 3153 2905 pereunt
3183 2854 3198 2891 :
3243 2851 3459 2896 contra-

1882 2924 1991 2977 rius
2019 2924 2119 2977 sibi
2144 2932 2307 2987 esset,
2337 2926 2422 2994 qui
2455 2926 2559 2979 alio
2585 2926 2701 2981 loco
2737 2926 2887 2991 dixit,
2925 2924 3079 2984 Matii
3111 2932 3174 2985 ab
3199 2934 3389 2987 oriente
3413 2945 3463 2989 et

1882 3014 2135 3069 occidente
2158 3014 2582 3087 venienttlatth.
2609 3032 2721 3083 vm,
2758 3018 2863 3088 li).
2886 3018 3030 3074 Multi
3072 3031 3218 3076 certe
3268 3025 3417 3092 pauci
3443 3042 3459 3077 :

1884 3116 1937 3161 et
1960 3107 2133 3176 trunci,
2160 3112 2215 3162 et
2242 3108 2448 3162 multi'.
2479 3108 2579 3162 Atii
2599 3120 2727 3179 ergo
2754 3110 2930 3180 pauci,
2972 3113 3057 3166 alii
3102 3114 3287 3169 mntd?
3322 3115 3459 3170 Non.

1885 3196 1990 3251 Sed
2018 3196 2119 3266 ipsi
2150 3197 2300 3266 pauci
2329 3198 2419 3267 qui
2442 3198 2593 3253 multi
2619 3216 2631 3251 τ
2658 3193 2807 3267 pauci
2839 3198 2889 3254 in
2925 3206 3323 3271 comparatione
3345 3218 3466 3275 pcr-

1884 3286 2136 3353 ditonnn,
2168 3287 2317 3341 multi
2346 3289 2398 3342 in
2424 3289 2681 3343 societate
2705 3291 3047 3358 Angelorum.
3075 3295 3266 3348 And-ite
3286 3339 3299 3360 ,
3332 3298 3480 3349 Μαι-⁸

1886 3378 2103 3432 tissimi.
2131 3377 2476 3449 Apocalypsis
2504 3378 2604 3433 hoc
2628 3379 2788 3434 habet
2820 3382 3076 3450 scriptum
3118 3402 3131 3437 :
3185 3381 3309 3438 Post
3359 3386 3466 3440 Iure

1887 3469 1989 3522 ridi
2013 3485 2075 3523 ex
2093 3470 2233 3522 omni
2255 3471 2429 3536 lingua
2454 3480 2502 3522 et
2527 3480 2674 3539 gente
2696 3480 2749 3522 et
2770 3468 2899 3524 tribu
2922 3474 3174 3529 uenientes
3201 3488 3315 3528 cum
3355 3486 3463 3531 sto-

1891 3559 1952 3618 lis
1969 3560 2098 3617 albis
2115 3573 2161 3617 et
2186 3564 2387 3633 putatis,
2420 3562 2787 3615 multitudinem
2808 3576 2957 3627 quam
2979 3564 3124 3616 nemo
3152 3565 3469 3622 dimaeraré

1891 3664 2047 3724 potest
2099 3655 2283 3724 (Apoc.
2337 3666 2407 3707 vn
2429 3693 2451 3718 ,,
2501 3650 2578 3721 9).
2631 3646 2752 3707 llaec
2795 3661 2878 3707 est
2924 3666 3095 3707 massa
3140 3660 3463 3711 sanctorum.

1890 3747 2099 3811 Quanto
2135 3742 2363 3797 clariore
2409 3757 2542 3798 voce
2582 3742 2785 3796 dictura
2824 3753 2907 3797 est
2947 3759 3069 3798 area
3115 3743 3397 3810 ventilata,
3437 3764 3468 3803 a

1894 3834 2045 3889 turba
2075 3833 2357 3900 impiorum
2387 3840 2442 3887 et
2472 3833 2730 3885 malorum
2762 3832 3116 3903 falsorumque
3154 3838 3471 3892 christiano-

1894 3935 2341 3994 rumsegrcgata,
2374 3922 2438 3976 ad
2478 3922 2627 3992 ignes
2669 3932 2899 3977 teternos
2945 3927 3206 3992 separatis
3253 3926 3337 3981 bis
3381 3931 3469 3997 qui

1895 4020 2159 4083 premunt,
2185 4028 2289 4067 non
2321 4021 2539 4082 tangunt
2582 4030 2596 4066 :
2638 4013 2829 4066 mulier
2865 4015 3007 4068 enim
3057 4015 3301 4083 quidam
3351 4015 3472 4071 tim-

1897 4106 2063 4160 briatn
2088 4104 2352 4173 tangebat,
2387 4103 2536 4156 turba
2562 4101 2827 4156 Christum
2856 4105 3131 4171 premebat
3158 4104 3311 4173 (bac.
3357 4123 3468 4173 \‘ltl,

1895 4194 1985 4261 44,
2006 4195 2098 4265 42)
2124 4213 2136 4247 :
2174 4193 2466 4264 segregans
2492 4202 2620 4262 ergo
2647 4192 2893 4248 omnibus
2911 4192 3227 4249 dariiuandis
3247 4237 3262 4260 ,
3295 4211 3468 4251 massa

1897 4297 2117 4357 purgata
2144 4293 2293 4340 stans
2316 4283 2385 4338 ad
2417 4283 2712 4347 dexteram,
2745 4284 2944 4336 Inuitum
2970 4285 3070 4338 sibi
3117 4286 3307 4339 timens
3347 4287 3476 4340 mis-

1896 4379 2004 4433 ceri
2031 4378 2309 4441 malorum,
2337 4376 2539 4430 nullum
2570 4375 2763 4429 timens
2798 4376 3019 4445 perdere
3061 4376 3356 4442 bonorum,
3386 4388 3476 4433 re-

1898 4478 2119 4540 gnatura
2171 4483 2291 4522 cum
2330 4466 2564 4533 Christo,
2611 4475 2805 4535 quanta
2873 4467 3061 4521 ﬁducia
3104 4467 3309 4523 dictura
3371 4476 3475 4535 est,

1901 4560 2013 4633 Ego
2040 4562 2246 4630 cognovi
2272 4560 2390 4629 quia
2419 4572 2630 4628 magnus
2655 4566 2730 4610 est
2756 4556 3045 4611 Dominus?

1969 4650 2195 4708 CAPUT
2234 4652 2296 4705 ll.
2322 4680 2394 4691 —
2418 4649 2475 4704 2.
2511 4648 2811 4720 Objurgatio
2831 4660 2877 4703 et
2901 4650 2969 4702 ad
3001 4650 3364 4721 elemosynam
3386 4667 3479 4706 ex-

1902 4746 2141 4799 hortatio.
2170 4743 2485 4798 Christianus
2529 4743 2661 4807 quia.
2702 4740 2757 4795 Si
2797 4752 2945 4810 ergo,
2978 4741 3166 4795 fratres
3212 4743 3337 4806 mel,
3360 4756 3483 4811 gra-

1906 4835 2219 4906 nisloqo‘or,
2263 4837 2307 4888 si
2348 4839 2642 4903 agnoscunt
2682 4829 2825 4898 quod
2853 4831 2994 4896 dico,
3040 4826 3397 4899 praedestinati
3426 4834 3480 4886 in

1903 4931 2065 4985 vitam
2089 4940 2362 4990 :eternam,
2390 4924 2639 4995 operibus
2658 4924 2960 4992 loquantur,
2990 4936 3093 4976 non
3118 4922 3355 4977 vocibus.
3376 4923 3479 4977 Co-

1905 5025 2077 5094 gimur
2130 5021 2268 5089 loqui
2319 5017 2469 5073 vobis
2515 5015 2655 5086 quod
2707 5030 2811 5070 non
2881 5015 3181 5069 debuimus.
3238 5012 3485 5068 Invenire

1907 5113 2048 5170 enim
2102 5112 2154 5166 in
2213 5108 2365 5164 vobis
2407 5106 2686 5162 debuimus
2732 5103 2872 5175 quod
2944 5103 3318 5170 laudaremus,
3379 5117 3483 5156 non

1908 5217 2149 5275 quaerere
2194 5199 2335 5271 quod
2382 5197 2807 5253 admoneremus.
2871 5194 3004 5249 Ecce
3036 5203 3212 5249 tamen
3256 5194 3487 5249 breviter

1910 5296 2050 5361 dico,
2093 5311 2198 5349 non
2244 5294 2518 5347 immorer.
2568 5289 2852 5360 Agnoscite
2901 5287 3330 5357 hospitalitatem,
3392 5300 3489 5355 per

1911 5388 2048 5443 hanc
2073 5393 2380 5456 perventum
2405 5391 2490 5438 cst
2507 5381 2573 5437 ad
2609 5383 2793 5437 Deum.
2816 5378 3053 5448 Suscipis
3082 5377 3364 5446 hospitem,
3397 5391 3488 5430 cu-

1908 5479 1995 5549 jus
2022 5488 2075 5533 et
2092 5487 2144 5532 tu
2173 5490 2234 5532 es
2269 5490 2450 5530 eomes
2500 5473 2551 5528 in
2578 5472 2660 5526 via
2690 5490 2702 5526 :
2735 5471 2856 5541 quia
2884 5483 3071 5525 omnes
3110 5468 3371 5538 peregrini
3403 5482 3491 5521 su-

1920 5585 2059 5624 mus.
2101 5568 2216 5647 Ipse
2245 5576 2328 5621 est
2380 5565 2719 5625 christianos,
2745 5563 2834 5631 qui
2872 5572 2924 5617 et
2975 5560 3026 5613 in
3066 5559 3225 5614 domo
3249 5570 3412 5615 suaet
3442 5559 3494 5613 in

1982 5686 1997 5715 ι
2022 5680 2216 5741 Quidam
2239 5688 2365 5741 Mss,
2390 5687 2433 5731 et
2457 5678 2601 5741 pauci
2622 5676 2790 5734 multi;
2816 5677 3009 5732 otnisso,
3033 5680 3096 5724 et.
