3852 6182
497 263 603 318 6-ἱό

499 379 664 443 patria
687 388 778 427 sua
808 372 1140 441 peregrinum
1175 386 1232 424 se
1261 382 1379 424 esse
1403 367 1692 438 COgnoscit.
1724 367 1897 421 Patria
1925 367 2065 421 enim

495 475 674 519 nostra
705 477 913 516 sursum
954 471 1073 525 est;
1126 459 1196 514 ibi
1247 458 1480 528 hospites
1532 473 1634 512 non
1675 458 1891 512 erimus.
1940 455 2068 510 Nam

495 555 851 622 unusquisque
873 551 978 618 hic,
1001 560 1056 606 et
1099 551 1150 606 in
1179 551 1338 604 domo
1363 565 1456 605 sua
1488 549 1681 619 hospes
1728 556 1831 604 est.
1885 547 2067 604 Sinon

491 658 572 700 est
619 643 833 711 hospes,
882 657 987 696 non
1035 643 1156 696 inde
1194 649 1444 696 transeat.
1493 639 1548 695 Si
1599 639 1915 694 transiturus
1962 649 2064 704 est,

491 738 684 803 hospes
710 742 810 787 est.
856 732 970 785 Non
1015 746 1073 786 se
1116 730 1302 798 fallat,
1355 729 1548 800 hospes
1567 740 1649 784 est
1695 728 1869 783 :vclit
1914 728 2064 793 nolit,

489 827 685 894 hospes
733 832 834 878 est.
873 823 976 878 Sed
1026 822 1239 876 dimittit
1285 821 1427 875 illam
1473 820 1688 874 domum
1743 819 1862 873 tiliis
1920 819 2062 881 suis.

489 924 686 990 hospes
706 922 1017 991 hospitibus.
1038 918 1245 984 Quare?
1281 919 1346 973 Et
1377 920 1427 972 itt
1457 918 1662 972 stabulo
1696 917 1738 970 si
1760 930 1926 981 esses,
1959 931 2062 969 non

486 1013 592 1067 alio
620 1013 866 1067 veniente
899 1010 1238 1066 discedercs?
1273 1010 1386 1064 lloc
1413 1008 1542 1063 facis
1571 1017 1626 1062 et
1669 1007 1721 1062 in
1747 1007 1905 1060 domo
1952 1016 2060 1060 tua.

419 1138 424 1144 ν
484 1103 656 1157 Cessit
680 1104 769 1157 tibi
808 1103 977 1156 locum
1012 1113 1158 1170 pater
1185 1111 1324 1167 tuus,
1369 1113 1614 1154 cessurus
1643 1112 1702 1152 cs
1741 1096 1913 1150 locum
1941 1095 2063 1148 liliis

487 1193 608 1246 tuis.
629 1193 738 1246 Nec
767 1207 1044 1246 mansurus
1063 1205 1264 1256 manes,
1292 1203 1388 1244 nec
1411 1187 1674 1243 mansuris
1701 1187 1987 1255 relinques.
2005 1183 2060 1240 Si

483 1298 671 1338 omnes
698 1283 999 1344 transimus,
1032 1281 1227 1350 aliquid
1268 1278 1408 1350 quod
1454 1279 1679 1332 transire
1735 1292 1842 1330 non
1891 1285 2063 1345 potest

482 1388 809 1442 operemur:
846 1384 901 1425 ut
943 1386 1063 1425 cum
1110 1369 1493 1433 transierimus,
1539 1377 1592 1423 ct
1630 1368 1718 1421 illo
1762 1367 2062 1420 veneriums

483 1463 623 1516 unde
645 1477 747 1516 non
781 1473 1130 1525 transeamus,
1158 1474 1320 1530 opera
1351 1469 1529 1512 nostra
1559 1457 1694 1512 bona
1727 1457 1797 1510 ibi
1827 1454 2062 1509 invenia-

482 1571 623 1609 mus.
654 1553 843 1608 Custos
868 1562 953 1608 est
981 1551 1244 1615 Christus,
1273 1549 1396 1620 quid
1425 1553 1578 1604 times
1607 1564 1674 1604 ne
1701 1549 1890 1618 perdas
1919 1546 2060 1616 quod

479 1645 704 1716 erogas?
735 1642 991 1698 Conversi
1015 1641 1081 1697 ad
1113 1640 1416 1708 Dominum,
1442 1647 1545 1694 etc.

967 1760 1019 1802 Et
1042 1761 1148 1816 post
1167 1764 1443 1802 sermonem
1461 1765 1475 1800 :

550 1859 701 1928 Quod
730 1859 876 1914 novit
913 1857 1158 1912 Charitas
1187 1865 1361 1910 vestra
1387 1896 1400 1918 ,
1430 1855 1782 1924 suggerintus.
1816 1854 1936 1907 Dies
1965 1869 2059 1906 an~

477 1951 800 2006 nivcrsarios
826 1949 1174 2004 ordinationis
1225 1947 1446 2002 domni‘
1477 1946 1621 2000 senis
1651 1945 1845 2000 Aurelii
1869 1945 2059 2000 crasti-

477 2059 578 2098 nus
626 2043 914 2107 illucescit;
966 2049 1116 2112 rogat
1135 2047 1190 2095 et
1249 2038 1499 2093 admonet
1563 2054 1655 2106 per
1707 2037 2055 2092 humilitatem

476 2150 649 2188 meam
690 2133 1015 2188 Charitatem
1062 2138 1330 2195 vestram,
1359 2139 1418 2183 nt
1455 2128 1522 2182 ad
1565 2129 1835 2183 basilicam
1878 2127 2054 2182 Fausti

474 2223 816 2281 devotissime
839 2220 1124 2278 convenire
1149 2218 1458 2290 dignemini.
1491 2219 1604 2273 Deo
1626 2219 1839 2288 gratias.

1003 2333 1227 2390 SERMO
1254 2333 1392 2388 cxu
1426 2337 1443 2356 ·
1475 2331 1570 2405 (α).

475 2451 554 2504 De
579 2451 735 2505 verbis
760 2448 1022 2518 Evangelii
1052 2445 1220 2510 Lurw,
1251 2446 1421 2500 iiomo
1465 2445 1676 2515 quidam
1709 2443 2053 2500 fecitcmnam

753 2557 1016 2611 magnam,
1047 2549 1161 2607 etc.,
1185 2557 1296 2610 cap.
1334 2555 1443 2606 xw,
1486 2539 1518 2608 ᾗ
1545 2577 1559 2590 .
1593 2538 1773 2592 1624.

837 2649 1053 2703 Ilabitus
1078 2650 1128 2702 in
1156 2648 1364 2702 basilica
1384 2647 1633 2704 Restituto
1655 2648 1752 2720 (ὸ).

543 2763 766 2818 CAPUT
816 2763 1096 2818 PRIMUM.
1136 2793 1206 2802 —
1254 2763 1305 2817 i.
1355 2761 1528 2816 Judaei
1568 2763 1637 2815 ad
1685 2778 1875 2816 canam
1921 2764 2051 2817 invi-

474 2855 586 2920 tati,
618 2870 710 2906 nos
753 2852 889 2906 ducti
912 2861 958 2906 et
983 2853 1163 2906 coacti.
1206 2851 1486 2906 Lectiones
1526 2861 1722 2906 sancta:
1767 2853 2053 2922 propositae

441 2942 455 2954 '
473 2953 616 3010 sunt,
645 2953 700 2998 et
727 2957 858 3013 quas
882 2942 1190 3007 audiamus,
1221 2951 1273 2997 et
1297 2943 1365 2996 de
1403 2943 1592 3012 quibus
1621 2943 1814 3012 aliquid
1841 2958 2051 2999 sermo-

473 3037 575 3101 nis,
604 3035 885 3105 adjuvaute
911 3034 1172 3098 Domino,
1205 3033 1554 3102 proferamus.
1585 3032 1642 3088 lu
1665 3033 1892 3088 lectione
1919 3048 2050 3104 apo-

474 3125 657 3180 stolica
687 3124 870 3195 gratia:
898 3132 1128 3194 aguntur
1149 3124 1374 3178 Domino
1411 3123 1480 3178 de
1505 3123 1607 3178 [ide
1638 3124 1883 3178 Gentium
1903 3166 1918 3190 ,
1949 3126 2050 3179 uti-

471 3232 576 3286 que
597 3217 714 3272 ideo
736 3258 750 3283 ,
773 3217 894 3286 quia
942 3218 1052 3285 ipse
1091 3214 1236 3272 fecit.
1270 3215 1326 3270 In
1355 3216 1565 3271 Psalmo
1616 3216 1847 3271 diximus
1877 3234 1890 3270 :
1917 3217 2051 3272 Dens

474 3310 736 3372 rirtutuut,
759 3317 989 3362 converte
1009 3323 1118 3372 nos,
1148 3317 1194 3361 et
1213 3307 1418 3361 ostende
1454 3308 1634 3377 faciem
1672 3318 1829 3371 tum,
1849 3315 1900 3362 et
1925 3309 2051 3362 solvi

469 3401 658 3453 erimus
677 3397 848 3471 (Psal.
880 3415 1056 3466 usus,
1087 3399 1142 3465 8,
1172 3398 1289 3470 ΞΟ).
1321 3397 1376 3453 In
1411 3399 1725 3469 Evangelio,
1752 3399 1819 3454 ad
1840 3415 2048 3456 canam

471 3491 646 3545 vocati
670 3505 854 3546 sumus
883 3507 897 3543 :
937 3491 1046 3546 imo
1086 3489 1175 3544 alii
1204 3490 1410 3556 vocati,
1439 3504 1539 3544 nos
1571 3504 1678 3545 non
1710 3493 1882 3544 vocati
1907 3531 1923 3556 ,
1953 3491 2048 3546 sed

468 3583 650 3648 ducti;
677 3596 782 3636 non
833 3581 1004 3634 solum
1047 3580 1189 3634 ducti
1223 3622 1238 3646 ,
1270 3580 1363 3636 sed
1398 3581 1556 3636 etiam
1581 3581 1770 3636 coacti.
1792 3581 1881 3636 Sic
1906 3582 2048 3636 enim

467 3671 797 3738 audivimus,
825 3673 949 3742 quia
981 3669 1148 3725 Ilomo
1178 3672 1382 3737 quidam
1409 3672 1523 3743 fecit
1559 3687 1752 3725 ewnaut
1790 3689 2043 3741 magnam.

469 3764 600 3832 Quis
629 3773 710 3819 est
752 3764 852 3818 iste
880 3763 1041 3817 homo
1063 3805 1078 3828 ,
1107 3762 1208 3816 nisi
1245 3763 1504 3817 mediator
1549 3763 1636 3816 Dei
1675 3771 1730 3818 et
1772 3763 2045 3818 hominum

469 3854 628 3908 homo
656 3853 898 3908 Christus
925 3852 1082 3908 Jesus
1113 3852 1154 3924 (Ι
1189 3851 1320 3905 Tim.
1351 3868 1408 3916 n,
1433 3851 1532 3922 5)?
1558 3852 1696 3908 Misit
1723 3863 1781 3907 ut
1804 3855 2047 3910 venirent

468 3945 693 4011 invitati,
724 3944 843 4014 quia
865 3942 995 3997 hora
1021 3943 1128 4012 jam
1154 3953 1388 4007 venerat,
1424 3951 1480 3996 ut
1506 3943 1762 3997 venirent.
1794 3943 1893 4011 Qui
1921 3955 2046 3998 sunt

467 4034 690 4100 invitati,
716 4033 815 4088 nisi
843 4047 936 4102 per
963 4033 1269 4102 praemissos
1295 4032 1462 4086 vocati
1507 4031 1837 4101 l’r0phetas?
1865 4032 2044 4101 Quan-

463 4125 575 4179 do?
609 4122 746 4178 Olim
791 4138 855 4177 ex
896 4137 1002 4192 quo
1040 4123 1320 4176 mittuntur
1363 4121 1683 4190 Propheta},
1730 4122 1950 4178 invitant
1977 4125 2043 4180 ad

463 4229 672 4270 cumam
711 4211 928 4268 Christi.
977 4212 1254 4266 Mittuntur
1294 4225 1424 4280 ergo
1471 4213 1540 4266 ad
1577 4211 1828 4281 populum
1859 4211 2040 4268 Israel.

462 4305 616 4375 Saepe
645 4305 789 4358 missi
815 4311 958 4366 sunt,
984 4317 1126 4372 saepe
1151 4310 1476 4356 vocaverunt
1497 4341 1511 4365 ,
1541 4311 1599 4357 ut
1622 4301 1691 4357 ad
1722 4303 1905 4358 horam
1927 4320 2040 4360 cte-

463 4411 545 4450 na:
565 4395 828 4449 venirent.
857 4392 935 4446 illi
961 4401 1136 4447 autem
1158 4393 1440 4446 invitantes
1465 4403 1802 4461 acceperunt,
1833 4410 2038 4450 ein-nam

462 4486 885 4556 repudiaverunt.
915 4483 1050 4551 Quid
1091 4491 1200 4546 est,
1232 4481 1514 4536 lnvitantcs
1552 4496 1902 4552 acceperunt,
1931 4501 2042 4543 cte-

465 4592 588 4631 nam
618 4574 1066 4644 repudiaverunt?
1087 4572 1381 4643 Prophetas
1403 4571 1668 4640 legerunt,
1698 4583 1751 4628 et
1771 4575 2037 4631 Christum

459 4667 790 4722 occiderunt.
835 4663 941 4719 Sed
984 4663 1196 4733 quando
1235 4660 1568 4728 occiderunt,
1600 4670 1726 4719 tunc
1748 4664 1900 4719 nobis
1923 4680 2033 4721 ete-

385 4771 390 4774 '
459 4777 582 4817 nam
628 4758 928 4815 nescientes
971 4763 1416 4827 prasparaverunt.
1473 4753 1660 4808 Parata
1701 4754 1813 4825 jam
1861 4771 2032 4823 caena,

459 4853 731 4910 immolato
760 4850 972 4906 Christo
991 4888 1008 4916 ,
1039 4856 1159 4918 post
1198 4846 1640 4902 resurrectionem
1667 4847 1862 4903 Christi
1890 4864 2036 4904 com-

459 4945 704 5002 mendata
731 4957 890 5013 quam
918 4941 1092 4996 sciunt
1119 4939 1302 4994 fideles
1327 4979 1343 5004 ,
1373 4952 1525 4992 caana
1554 4937 1783 5003 Domini,
1814 4939 2036 5009 ejusque

458 5036 702 5093 manibus
730 5045 783 5090 et
805 5049 898 5089 ore
919 5033 1145 5097 ﬁrmata,
1178 5030 1325 5085 missi
1353 5038 1477 5084 sunt
1505 5030 1745 5099 Apostoli
1766 5073 1780 5098 ,
1805 5030 1871 5086 ad
1900 5047 2035 5101 quos

459 5129 605 5184 missi
628 5128 832 5180 inierant
857 5133 982 5178 ante
1011 5121 1309 5190 Prolvhetaa.
1342 5119 1528 5174 Venite
1549 5121 1611 5174 ad
1634 5136 1861 5175 (mnam.

527 5216 749 5272 CAPUT
792 5215 852 5267 il.
873 5243 944 5254 ——-
962 5212 1016 5266 Ξ.
1044 5209 1162 5264 Tres
1187 5213 1524 5264 excusationes
1559 5211 1722 5264 t'enirc
1737 5212 2031 5266 nolentium.

521 5351 538 5381 ⁸
564 5353 630 5396 ita
653 5346 701 5394 in
727 5352 831 5392 Mss.
860 5351 910 5393 At
932 5343 1057 5405 apud
1081 5348 1210 5401 t.ov.,
1232 5340 1430 5391 domini.

517 5411 537 5427 ‘
562 5406 850 5458 Emendatus
868 5405 929 5468 ad
962 5400 1066 5454 tres
1087 5405 1168 5452 bn.
1197 5400 1249 5452 et
1270 5409 1474 5464 quatuor
1496 5400 1556 5452 cl.
1579 5402 1639 5451 ad
1660 5416 1707 5454 a.
1731 5404 1808 5452 ch.
1837 5404 1868 5453 τ.
1898 5404 1954 5453 is.
1980 5420 2030 5468 ς.

457 5474 515 5521 lr.
540 5485 603 5519 m.
629 5483 676 5531 p_.
701 5480 792 5516 rm.
809 5466 896 5531 _vd.
932 5473 983 5531 et
1005 5473 1103 5531 tim.
1132 5470 1201 5531 Er.
1229 5471 1334 5531 [ᾐδὲ
1353 5469 1460 5512 hor.

523 5533 594 5591 ta)
629 5524 767 5585 Ilias,
791 5527 855 5591 de
880 5524 1048 5591 verbis
1071 5526 1250 5591 mmini
1275 5524 1352 5572 35.

521 5586 592 5650 (ιν)
627 5593 696 5638 sic
739 5587 906 5638 titulus
947 5588 1095 5650 habet,
1140 5589 1187 5636 in
1219 5593 1405 5650 vetere
1450 5586 1616 5636 codice
1647 5588 2032 5639 cistercieasium

459 5647 635 5701 Sancus:
658 5652 814 5698 (.rueis
838 5653 883 5698 i.|
909 5647 1176 5699 Jerusdem
1199 5649 1260 5698 de
1289 5648 1427 5696 L‘rbe.

1730 255 1789 310 S.
1829 253 2190 311 AUGUSTINI
2223 255 2517 313 Ei‘lSCOi‘i
3584 291 3663 349 ωδ

2193 367 2322 421 Villa
2347 383 2532 440 erupta,
2568 374 2841 429 dominatio
2869 380 3093 447 superba.
3127 381 3484 448 Excusavcrunt
3502 399 3573 466 qui
3595 417 3662 456 ve.

2180 464 2290 518 nire
2331 465 2628 521 uoluerunt.
2676 469 2742 523 Et
2793 485 3184 536 excusavernut.
3225 464 3528 547 quomodo‘i
3558 491 3660 549 Tres

2176 551 2383 608 fuerunt
2422 560 2788 616 excusationes
2817 578 2829 614 :
2863 560 3004 615 Unus
3024 564 3175 628 dixit,
3209 566 3380 622 Villam
3412 576 3515 640 enti,
3535 595 3581 632 eo
3603 583 3660 634 vi.

2175 644 2293 697 dere
2319 645 2462 698 illaut
2486 662 2507 702 :
2529 648 2655 702 habe
2678 665 2756 703 me
2777 664 3084 707 excusatum.
3107 656 3244 711 Alius
3257 660 3392 727 dixit,
3415 663 3532 736 luga
3551 673 3662 728 boum

2175 737 2274 788 emi
2297 739 2546 808 quinque,
2574 751 2619 793 et
2639 757 2697 794 eo
2739 743 2949 810 probare
2979 744 3066 798 illa
3087 762 3106 800 :
3127 765 3241 818 rogo
3272 761 3316 804 te
3331 754 3445 808 habe
3468 773 3664 814 ntemn-

2172 837 2358 880 satum.
2385 828 2577 883 Tertius
2597 831 2741 897 dixit,
2773 831 2988 887 Uxorem
3017 836 3155 901 diui,
3183 840 3302 894 habe
3313 858 3384 894 nte
3400 861 3663 909 excusatum:

2172 917 2337 970 venire
2362 934 2460 971 non
2481 935 2702 990 possunt.
2744 922 2992 976 l‘utatnus
3019 941 3122 978 non
3152 927 3260 981 ista!
3283 941 3395 984 sunt
3428 941 3662 994 excusatio-

2172 1020 2288 1069 nes,
2320 1022 2438 1076 qna:
2484 1008 2776 1078 impediunt
2828 1027 3012 1067 omnes
3061 1015 3308 1083 homines,
3333 1021 3412 1088 qui
3446 1023 3503 1076 ad
3546 1034 3660 1082 istam

2169 1110 2377 1151 cmuam
2421 1100 2598 1154 venire
2636 1099 2973 1156 detrectant?
2997 1103 3300 1172 Quaeramus
3323 1125 3406 1164 eas
3427 1153 3441 1175 ,
3466 1112 3663 1170 discutia-

2169 1203 2308 1254 mus,
2340 1189 2668 1246 inveniamus
2700 1210 2714 1246 :
2745 1193 2837 1248 sed
2868 1202 2924 1248 ut
2947 1209 3242 1251 caveamus.
3273 1197 3322 1250 In
3365 1201 3472 1256 villa
3507 1217 3658 1275 empta,

2167 1276 2459 1334 dominatio
2499 1290 2745 1337 notatur:
2777 1299 2903 1354 ergo
2941 1286 3482 1359 superbiaeastigatnr.
3505 1293 3661 1350 Habere
3711 1314 3713 1322 ι

2167 1369 2308 1424 enim
2339 1371 2550 1430 villam.
2577 1382 2787 1438 tenere,
2813 1374 3117 1442 possidere,
3152 1375 3380 1433 homines
3402 1380 3490 1435 sibi
3521 1381 3563 1436 iu
3596 1385 3657 1438 illa

2167 1461 2393 1516 subdere
2417 1503 2430 1525 ,
2457 1463 2717 1518 domitniri
2756 1465 3002 1522 delectat.
3044 1467 3236 1523 Vitium
3284 1471 3496 1539 malum,
3519 1474 3656 1528 vitium

2166 1551 2412 1619 primum.
2443 1552 2648 1608 Primus
2672 1556 2813 1610 enim
2841 1556 3000 1612 homo
3022 1557 3278 1614 dominari
3307 1562 3470 1624 voluit.
3491 1565 3564 1632 qui
3585 1564 3655 1618 do—

2165 1643 2364 1696 minum
2394 1641 2588 1726 habege
2615 1647 2801 1700 noluit.
2823 1647 2958 1716 Quid
2982 1659 3067 1706 est
3091 1650 3358 1717 dominari,
3389 1653 3476 1707 nisi
3499 1656 3656 1722 propria

2167 1742 2424 1800 potestate
2441 1735 2708 1805 gaudere?
2729 1738 2822 1793 Est
2845 1739 3014 1810 major
3041 1750 3285 1810 potestas,
3315 1743 3382 1796 illi
3408 1744 3654 1808 subdantur,

2164 1832 2220 1876 ut
2247 1825 2342 1878 tuti
2362 1840 2480 1881 esse
2505 1828 2792 1886 valeamus.
2831 1829 3018 1886 Villam
3039 1833 3155 1899 emi,
3183 1833 3303 1890 habe
3319 1851 3389 1888 nte
3404 1847 3654 1892 mutatam.

2165 1911 2376 1968 Inventa
2404 1917 2670 1985 superbia,
2702 1921 2882 1976 venire
2911 1922 3104 1977 noluit.

2231 2002 2453 2069 CAPUI
2473 2005 2687 2062 lll.-—3.
2709 2008 2938 2080 Quinque
2948 2013 3082 2082 juga
3107 2013 3268 2076 boum,
3297 2015 3528 2071 curiositas
3543 2019 3651 2086 quin-

2159 2111 2255 2162 que
2273 2111 2522 2167 sensuum.
2538 2099 2681 2152 Alius
2699 2101 2846 2166 dixit,
2863 2101 3095 2173 Quinque
3106 2106 3230 2175 juga
3249 2105 3383 2159 boum
3401 2109 3500 2160 emi.
3515 2107 3652 2162 Nonne

2161 2184 2448 2253 sufﬁceret,
2476 2189 2646 2245 Boves
2673 2194 2775 2245 cmi
2797 2193 2821 2246 Τ
2847 2193 3060 2263 Aliquid
3093 2196 3266 2263 procul
3286 2196 3430 2251 dubio
3451 2206 3531 2260 est,
3548 2199 3653 2267 quod

2162 2291 2258 2330 nos
2297 2277 2364 2331 ad
2397 2281 2738 2348 quzerendum
2778 2291 2832 2337 et
2878 2285 3277 2355 intelligendum
3307 2286 3582 2341 obscuritate
3601 2287 3656 2339 sui

2161 2380 2412 2435 provocat
2438 2385 2451 2422 :
2481 2379 2536 2425 et
2557 2373 2675 2441 quia
2714 2372 2953 2428 clausum
2983 2385 3079 2430 est
3097 2416 3112 2439 ,
3141 2384 3198 2430 ut
3217 2376 3461 2445 pulsemus
3479 2418 3492 2443 ,
3519 2376 3656 2431 horta—

2161 2465 2263 2514 tur.
2295 2459 2537 2532 Quinque
2552 2462 2673 2533 jnga
2705 2465 2862 2520 boum
2885 2508 2898 2532 ,
2928 2481 3130 2523 sensus
3167 2469 3330 2524 carnis
3355 2469 3508 2538 hujus.
3529 2469 3654 2536 Quiu-

2158 2563 2260 2618 que
2289 2563 2634 2608 numerantur
2662 2569 2850 2611 sensus
2891 2559 3084 2614 carnis
3112 2558 3263 2630 hujus
3285 2603 3299 2624 ,
3321 2559 3446 2631 quod
3468 2559 3656 2613 omnibus

2159 2650 2344 2696 notum
2388 2650 2498 2707 est;
2536 2653 2592 2698 et
2633 2646 2720 2716 qui
2758 2645 2890 2702 forte
2927 2663 3030 2703 non
3093 2649 3386 2714 advertunt,
3418 2649 3654 2705 commoniti

2156 2731 2272 2786 sine
2313 2732 2472 2787 dubio
2509 2748 2913 2806 recognoscant.
2951 2739 3166 2796 Sensus
3215 2757 3333 2812 ergo
3359 2741 3509 2796 carnis
3539 2740 3654 2806 hujus

2157 2821 2386 2892 quinque
2417 2824 2773 2882 inveniuntur.
2821 2829 2876 2883 In
2904 2831 3088 2886 oculis
3131 2832 3271 2888 visus
3297 2841 3397 2898 est,
3420 2831 3591 2885 auditus
3619 2832 3654 2881 in

2155 2913 2394 2980 auribus,
2421 2915 2672 2971 odoratus
2695 2919 2743 2972 in
2775 2920 3007 2987 naribus,
3027 2933 3279 2991 gustatus
3299 2923 3346 2977 iu
3377 2922 3587 2984 faucibus,
3609 2930 3656 2974 ta-

2155 3011 2272 3057 ctus
2306 3003 2356 3058 in
2392 3006 2638 3061 omnibus
2671 3009 2942 3065 membris.
2978 3011 3129 3068 Allia
3166 3007 3240 3070 et“
3256 3015 3391 3083 nigra
3423 3021 3472 3067 et
3498 3027 3655 3082 quoque

2156 3094 2314 3147 modo
2337 3096 2586 3162 colorata,
2619 3098 2787 3154 lucida
2825 3110 2879 3155 et
2915 3101 3155 3158 obscura
3194 3104 3405 3159 videndo
3439 3103 3653 3159 sentimus.

2157 3183 2329 3238 Rauca
2351 3193 2404 3240 et
2425 3201 2638 3255 canora,
2663 3189 2924 3245 audiendo
2952 3204 3046 3246 seu
3069 3193 3240 3248 timus.
3270 3194 3428 3248 Suave
3445 3192 3597 3247 olentia
3618 3199 3656 3243 et

2152 3291 2311 3345 grave
2358 3279 2587 3345 olentia,
2616 3282 2888 3340 odorando
2922 3287 3211 3342 sentimus.
3249 3287 3414 3342 Dulcia
3439 3295 3485 3341 et
3505 3298 3654 3342 amara.

2152 3367 2409 3436 gustaudo
2436 3371 2710 3425 sentimus.
2755 3372 2898 3428 Dura
2923 3383 2976 3428 et
3010 3377 3202 3432 mollia
3223 3417 3237 3442 ,
3261 3376 3386 3430 leuia
3411 3383 3462 3430 et
3496 3386 3655 3441 aspera.

2153 3457 2321 3512 calida
2347 3470 2399 3513 et
2428 3458 2634 3531 frigida,
2661 3463 2839 3531 gravia
2869 3472 2923 3518 et
2950 3464 3100 3519 levia
3119 3506 3134 3530 ,
3169 3465 3414 3536 tangendo
3438 3462 3654 3519 sentimus.

2150 3548 2396 3618 Quinque
2431 3561 2586 3617 sunt,
2616 3562 2669 3607 et
2691 3552 2815 3623 juga
2854 3564 2996 3609 sunt.
3037 3556 3156 3612 Sed
3192 3557 3308 3628 quia
3338 3557 3451 3627 juga
3483 3561 3595 3616 sunt,
3619 3551 3657 3603 in

2152 3640 2318 3694 tribus
2345 3641 2604 3711 prioribus
2645 3646 2885 3698 sensibus
2923 3646 3138 3702 facilius
3178 3657 3402 3718 apparet.
3441 3646 3536 3699 Duo
3569 3649 3656 3696 Stilll

2149 3732 2309 3796 oculi,
2339 3733 2457 3788 dum
2481 3751 2637 3788 aures
2657 3777 2670 3800 ,
2696 3737 2919 3804 gemina:
2962 3753 3128 3793 nares
3160 3756 3176 3794 :
3205 3755 3327 3794 ecce
3354 3737 3442 3792 tria
3474 3737 3592 3806 juga.
3617 3730 3656 3784 in

2150 3820 2408 3891 faucibus,
2439 3824 2490 3878 id
2520 3836 2599 3880 est
2624 3867 2638 3891 ,
2668 3841 2826 3881 sensu
2862 3831 3134 3898 gustandi,
3181 3829 3450 3901 geminatio
3467 3824 3649 3897 quietiam

2149 3914 2431 3982 invenitur,
2463 3917 2585 3986 quia
2633 3919 2760 3972 nihil
2807 3921 3072 3989 gustando
3123 3924 3287 3993 sapit,
3323 3922 3413 3976 nisi
3444 3921 3588 3988 lingua
3616 3922 3654 3968 ct

2150 4007 2321 4074 palato
2353 4017 2610 4078 tangatur.
2645 4010 2892 4080 Voluptas
2921 4017 3100 4070 carnis
3138 4031 3255 4086 qum
3283 4016 3345 4069 ad
3371 4023 3540 4068 tactum
3563 4023 3652 4077 per-

2150 4099 2299 4162 tinet,
2327 4101 2584 4155 occultius
2621 4105 2940 4172 geminatur.
2985 4106 3080 4160 Est
3106 4108 3246 4162 enim
3274 4117 3324 4163 et
3351 4105 3600 4160 forinsecus
3617 4107 3656 4150 cl

2147 4190 2479 4246 intrinsecus.
2505 4192 2644 4262 Ergo
2663 4203 2716 4249 et
2758 4195 2867 4264 ipsa
2894 4199 3102 4266 gemina
3131 4207 3232 4254 est.
3256 4199 3420 4265 Quare
3446 4195 3575 4248 boum
3592 4188 3654 4243 dio

2145 4292 2340 4336 cuntur
2361 4282 2484 4354 juga
2502 4284 2526 4336 ἲ
2545 4285 2678 4351 Quia
2709 4301 2802 4355 per
2827 4301 3017 4342 sensus
3039 4289 3170 4344 istos
3203 4289 3374 4344 carnis
3400 4298 3577 4341 terrena
3593 4293 3656 4334 re-

2143 4373 2440 4442 quiruntur.
2470 4374 2638 4430 Boves
2665 4377 2808 4430 enim
2856 4386 3050 4432 terram
3096 4389 3329 4435 versant.
3375 4379 3493 4433 Sunt
3519 4381 3654 4427 autem

2145 4465 2386 4521 homines
2413 4470 2600 4522 remoti
2624 4484 2652 4521 a
2677 4468 2798 4538 iide,
2831 4473 3058 4538 terrenis
3084 4472 3269 4538 dediti,
3298 4468 3565 4526 carnalibus
3586 4475 3656 4516 oc-

2140 4556 2316 4626 cupati
2348 4575 2360 4610 :
2388 4558 2573 4612 nolunt
2599 4560 2816 4615 credere
2841 4562 3037 4632 aliquid
3059 4605 3074 4629 ,
3105 4564 3205 4618 nisi
3234 4562 3299 4617 ad
3327 4559 3456 4632 quod
3481 4556 3548 4610 sui
3569 4565 3656 4606 cor-

2141 4650 2284 4717 poris
2309 4661 2468 4703 sensu
2495 4650 2919 4721 quinquepartito
2943 4655 3278 4721 perveniunt.
3307 4652 3363 4707 In
3385 4650 3458 4707 cis
3475 4645 3657 4717 ψιίηφιθ

2125 4738 2382 4793 sensibus
2425 4741 2584 4796 totius
2629 4742 2912 4798 voluntatis
2941 4743 3039 4806 sibi
3086 4743 3298 4813 regulas
3326 4747 3524 4812 ponunt.
3550 4731 3655 4786 Non.

2141 4829 2339 4900 inquit,
2362 4831 2522 4886 credo
2557 4848 2656 4903 ego
2676 4875 2690 4897 ,
2715 4834 2814 4888 nisi
2848 4834 2986 4903 quod
3013 4835 3189 4889 video.
3223 4834 3356 4888 Ecce
3389 4826 3513 4901 quod
3535 4819 3655 4877 novi.

2138 4935 2266 4976 ecce
2306 4923 2446 4992 quod
2475 4925 2603 4979 scio.
2652 4927 2842 4980 Album
2877 4935 2991 4991 est,
3035 4927 3246 4996 nigrum
3291 4933 3396 4986 est,
3427 4913 3655 4974 rotundum

2139 5019 2242 5076 est,
2275 5013 2588 5082 quadratum
2613 5023 2715 5079 est,
2747 5015 2826 5070 sic
2864 5016 2952 5070 vel
2975 5017 3054 5071 sic
3082 5016 3377 5071 coloratum
3404 5018 3476 5066 est
3504 5025 3515 5060 :
3543 5001 3656 5059 nevi.

2139 5106 2333 5172 sentio,
2367 5115 2553 5170 teneo;
2585 5117 2772 5161 natura
2814 5107 2928 5175 ipsa
2958 5123 3042 5162 me
3068 5107 3247 5162 docet.
3277 5106 3386 5160 Non
3412 5113 3552 5169 cogor
3569 5109 3658 5147 crc-

2139 5195 2267 5251 dere
2292 5195 2432 5266 quod
2463 5196 2589 5250 mihi
2616 5213 2721 5251 non
2765 5206 2914 5266 potes
2959 5196 3262 5252 ostendere.
3292 5194 3398 5248 Vos
3426 5197 3499 5246 est
3523 5204 3535 5240 :
3559 5197 3656 5238 seu-

2140 5291 2215 5345 tio
2239 5333 2254 5357 ,
2283 5291 2402 5360 quia
2443 5305 2542 5345 vox
2573 5299 2691 5356 est;
2719 5289 2854 5346 bene
2890 5299 3088 5355 cantat,
3127 5290 3267 5344 male
3301 5291 3492 5344 cantat,
3518 5272 3656 5332 suavis

2139 5393 2242 5448 est,
2273 5397 2431 5437 rauca
2445 5392 2526 5436 est
2555 5399 2567 5436 :
2601 5383 2744 5445 novi,
2763 5383 2874 5438 scio
2893 5422 2908 5446 ,
2942 5380 3256 5451 pervcnitad
3282 5393 3379 5433 me.
3411 5374 3534 5428 Bene
3555 5365 3655 5419 0‘0"

2141 5474 2276 5529 male
2301 5473 2404 5528 olet
2437 5491 2449 5527 :
2473 5473 2604 5538 seio,
2632 5473 2824 5528 sentio.
2857 5473 2968 5528 Hoc
3001 5472 3158 5527 dulce
3187 5481 3290 5535 est,
3311 5469 3404 5521 hoc
3431 5469 3655 5517 amarum;

2205 5589 2218 5617 ¹
2246 5591 2318 5633 Er.
2345 5583 2490 5644 Lugd.
2515 5592 2633 5632 Ven.
2660 5591 2768 5632 Lov.
2794 5583 2921 5633 hunc
2956 5585 3022 5632 sic
3048 5579 3461 5644 loenm__exhibent
3484 5586 3492 5619 :
3528 5576 3651 5618 επεσ-

2141 5653 2357 5701 sarernnt
2381 5641 2462 5707 qui
2486 5645 2642 5697 t'enire
2665 5645 2929 5697 notuerunt.
2953 5644 3190 5705 (momoth
3209 5641 3234 5693 ."
3255 5641 3258 5642 ⁷
3294 5646 3345 5688 31.
