3852 6182
705 256 846 268 ,,,,,,.....

167 332 260 390 (iis
1564 328 1791 384 SEINO
1829 331 1982 384 CXII.

171 445 493 509 hocsalsum,
524 445 626 500 hoc
655 445 874 500 fatuum.
902 446 1034 514 Quid
1061 446 1189 500 mihi
1215 445 1328 514 plus
1355 444 1500 500 dicas
1528 443 1726 497 nescio.

170 535 208 588 Τ
211 534 440 604 augendo
469 535 595 589 novi
635 536 758 606 quid
785 535 976 591 durum
1013 547 1115 601 est,
1139 535 1261 601 quid
1289 536 1444 589 molle
1473 533 1576 597 sit;
1603 533 1729 602 quid

168 626 280 679 lene
300 625 386 689 sit,
417 626 548 694 quid
587 641 836 695 asperqu
867 629 964 692 sil;
985 626 1110 696 quid
1135 628 1301 681 caleat
1321 669 1336 692 ,
1367 625 1492 697 quid
1525 625 1726 695 frigeat.
1770 626 1777 631 '

166 715 290 780 Quid
313 715 436 769 mihi
465 716 585 785 plus
603 716 1060 772 demonstraturus
1079 718 1169 772 es?

229 807 446 863 CAPUT
463 807 681 862 ιιι-4.
706 798 1125 878 Impedimentum
1157 809 1293 878 ﬁdei.
1321 808 1473 864 Omna
1501 809 1730 862 nantibus

168 901 358 955 Domini
383 911 697 955 consecrata.
731 901 842 955 Tali
886 900 1262 970 impedimento
1304 901 1578 956 tenebatur
1604 915 1732 969 apo-

164 994 324 1046 stolus
353 1001 537 1047 noster
566 991 816 1053 Thomas,
849 992 934 1060 qui
958 991 1025 1045 de
1045 991 1268 1045 Domino
1289 989 1518 1056 Christo,
1552 990 1602 1044 id
1624 999 1726 1055 est,

161 1085 222 1136 de
241 1082 432 1136 Christi
476 1081 864 1136 resurrectione
893 1095 990 1135 nec
1019 1081 1147 1136 solis
1187 1081 1353 1135 oculis
1388 1081 1606 1135 credere
1633 1096 1728 1133 vo-

163 1175 268 1227 luit.
294 1173 412 1227 Nisi
437 1173 618 1226 misero
642 1213 658 1238 ,
685 1172 887 1241 inquit,
919 1172 1102 1242 digitos
1138 1188 1272 1226 meos
1311 1174 1363 1225 in
1401 1174 1653 1226 clavorum
1682 1180 1729 1224 ct

163 1264 414 1316 rulnerunt
441 1263 570 1326 loca,
601 1271 648 1315 et
663 1262 761 1314 nisi
777 1278 978 1314 manum
1004 1278 1163 1314 meam
1179 1261 1231 1314 in
1252 1263 1383 1317 latus
1403 1265 1511 1334 ejus
1527 1263 1725 1328 misero,

163 1370 254 1405 non
286 1353 503 1405 credant.
532 1352 600 1405 Et
625 1351 878 1406 Dominus
907 1351 994 1421 qui
1017 1361 1196 1421 posset
1224 1351 1340 1407 sine
1371 1353 1476 1407 ullo
1507 1354 1728 1420 vestigio

164 1441 394 1493 vulneris
430 1456 733 1509 resurgere,
765 1441 994 1496 servavit
1020 1443 1324 1508 cicatrices,
1357 1459 1474 1513 qme
1502 1459 1531 1496 a
1573 1443 1728 1498 dubi-

165 1541 304 1587 tmte
355 1542 727 1603 tangereutur.
785 1542 839 1587 ct
895 1533 1070 1588 cordis
1129 1535 1345 1588 vulnera
1393 1545 1724 1590 sanarentur.

168 1623 228 1677 Et
268 1634 438 1678 tzitnen
485 1634 770 1679 vocaturos
819 1624 884 1679 ad
939 1639 1145 1680 omnem
1197 1635 1380 1680 contra
1433 1627 1728 1682 excusatio-

171 1731 280 1767 nem
310 1715 536 1782 quinque
558 1714 798 1784 iugorum
822 1713 1009 1769 boum:
1035 1712 1178 1767 Beati
1190 1756 1205 1780 ,
1228 1715 1412 1784 inquit,
1429 1717 1515 1786 qui
1538 1734 1639 1771 non
1663 1717 1728 1770 vi-

173 1808 298 1872 deut,
323 1815 367 1859 et
389 1806 596 1860 credunt
627 1806 802 1876 (Joan.
820 1823 910 1873 xx,
925 1806 1137 1878 ’λδ-29).
1154 1807 1280 1871 Nos,
1304 1807 1492 1863 fratris
1513 1808 1636 1873 mei,
1659 1807 1726 1864 ad

174 1912 366 1951 t‘tBttztm
390 1900 576 1965 vocati,
607 1899 676 1954 ab
717 1901 834 1954 istis
861 1901 1091 1970 quinque
1125 1900 1266 1970 jugis
1291 1914 1394 1954 non
1427 1915 1609 1954 sumus
1628 1900 1726 1954 itu-

180 1991 348 2056 pediti.
371 1990 476 2043 Non
519 1992 662 2044 enim
690 1990 876 2046 faciem
903 1993 1078 2046 carnis
1104 1991 1314 2046 Domini
1340 1991 1519 2048 videre
1545 1992 1596 2046 in
1627 1993 1727 2048 hoc

177 2089 395 2146 tenqmre
437 2080 865 2149 concupivimus,
898 2091 988 2134 aut
1017 2095 1200 2136 vocem
1243 2096 1308 2134 ex
1337 2097 1430 2136 ore
1457 2082 1631 2136 carnis
1660 2082 1725 2136 il-

179 2169 268 2222 lius
300 2169 663 2237 procedentem
705 2169 926 2226 auribus
950 2169 1232 2226 admittere
1269 2171 1723 2228 desideravimus:

177 2259 356 2311 mdium
386 2259 436 2312 in
462 2259 554 2313 illo
585 2259 931 2328 temporalem
960 2261 1178 2316 odorem
1216 2262 1574 2332 qumsivimus.
1599 2263 1728 2318 Per-

177 2347 294 2404 fudit
324 2365 436 2402 cum
485 2350 725 2418 quaedam
764 2350 951 2404 mulier
1001 2351 1384 2420 pretiosissima
1423 2363 1722 2425 unguento,

174 2441 346 2494 domus
369 2441 452 2495 illa
473 2441 640 2495 otiore
657 2440 874 2509 impleta
919 2451 1000 2494 est
1028 2440 1136 2512 (Id.
1165 2459 1258 2507 xtl,
1287 2428 1341 2515 5)
1371 2463 1385 2498 :
1416 2444 1508 2499 sed
1535 2459 1631 2500 nos
1656 2445 1726 2501 ibi

175 2546 266 2584 non
311 2531 496 2584 luimus
521 2548 536 2593 ;
563 2546 691 2585 ecce
716 2545 821 2584 non
861 2530 1167 2598 olfecimus,
1195 2543 1248 2588 et
1285 2533 1570 2588 credimus.
1593 2529 1725 2590 Cte-

172 2638 282 2677 nam
315 2624 550 2678 manibus
580 2623 690 2676 suis
732 2633 1093 2678 consecratam
1121 2624 1389 2695 discipulis
1413 2624 1558 2680 dedit
1585 2644 1598 2681 :
1630 2626 1725 2682 sed

173 2728 260 2767 nos
279 2713 327 2766 in
355 2715 439 2768 illo
461 2713 704 2768 convivio
725 2729 829 2767 non
855 2714 1216 2770 discubuimus
1239 2731 1253 2781 ;
1282 2725 1336 2770 et
1364 2725 1536 2772 tamen
1559 2717 1724 2788 ipsam

168 2817 359 2858 manu
388 2804 492 2858 lide
530 2802 769 2874 quotidie
797 2804 1196 2859 manducamus.
1227 2805 1334 2861 Nec
1361 2823 1606 2877 magnum
1631 2825 1726 2879 pu-

171 2895 280 2948 tetis
300 2893 349 2948 in
373 2895 456 2948 illa
483 2908 657 2959 cmna,
689 2909 845 2964 quam
871 2895 981 2948 suis
1019 2895 1260 2950 manibus
1285 2895 1450 2960 dedit,
1481 2899 1597 2952 sine
1621 2899 1725 2955 fide

165 2983 448 3040 interfuisse
492 3003 503 3037 :
545 2985 732 3039 melior
780 2985 980 3040 exstitit
1021 2984 1151 3040 lides
1174 2995 1388 3054 postea,
1420 3004 1576 3057 quam
1601 2998 1726 3044 time

167 3075 388 3144 perﬁdia.
421 3075 538 3132 Non
562 3076 632 3130 ibi
663 3075 760 3130 fuit
780 3075 972 3130 Paulus
1000 3077 1086 3146 qui
1117 3076 1341 3132 credidit
1367 3095 1378 3132 :
1413 3079 1482 3133 ibi
1509 3078 1606 3134 fuit
1627 3080 1723 3136 Ju-

164 3166 250 3221 das
275 3167 358 3238 qui
388 3168 621 3222 tradidit.
657 3167 825 3235 Quam
856 3167 1008 3222 multi
1032 3176 1086 3223 et
1123 3168 1282 3224 modo
1311 3169 1362 3224 in
1391 3171 1502 3240 ipsa
1532 3187 1683 3228 caena
1705 3211 1722 3239 ,

163 3260 386 3336 qtiamvis
413 3259 558 3314 illam
583 3269 707 3314 tunc
727 3275 966 3314 mensam
988 3275 1094 3316 non
1121 3260 1348 3317 viderint
1367 3304 1383 3328 ,
1413 3279 1511 3319 nec
1535 3282 1722 3335 panem

161 3366 310 3418 quem
348 3352 607 3407 Dominus
642 3352 868 3422 gestavit
897 3352 952 3408 in
989 3353 1264 3419 manibus,
1292 3356 1458 3410 oculis
1498 3359 1608 3413 suis
1636 3375 1725 3416 as-

161 3445 420 3509 pexerint,
445 3444 530 3498 vel
577 3441 815 3498 faucibus
861 3444 1220 3514 gustaverint;
1251 3453 1424 3500 tamen
1461 3449 1581 3516 quia
1614 3448 1724 3518 ipsa

157 3525 237 3586 est
261 3550 374 3603 qua:
405 3548 549 3590 nunc
584 3543 912 3606 pmparatur
931 3575 945 3600 ,
970 3550 1126 3604 quam
1155 3537 1304 3591 multi
1331 3539 1488 3592 etiam
1513 3555 1650 3594 nunc
1671 3540 1724 3594 iu

155 3621 265 3690 ipsa
303 3640 452 3680 omna
471 3624 732 3694 judicium
766 3625 866 3680 sibi
896 3625 1217 3681 manducant
1242 3637 1298 3681 et
1323 3625 1508 3682 bibunt
1537 3627 1581 3697 (l
1602 3627 1720 3682 Cor.

155 3727 246 3775 xu,
266 3713 399 3782 29)?

221 3803 444 3860 CAPUT
509 3803 573 3860 γ.
597 3835 670 3845 -
689 3805 743 3861 5.
773 3799 1071 3861 Curiositate
1088 3824 1320 3861 sensuum
1350 3809 1478 3862 nillil
1503 3825 1629 3879 opus
1651 3821 1725 3865 est

151 3893 221 3944 ad
249 3895 471 3948 salutent.
499 3894 648 3950 Unde
675 3905 848 3950 autem
875 3906 1120 3970 tanquam
1141 3899 1347 3952 occasio
1373 3909 1490 3953 nata
1523 3909 1603 3955 est
1625 3901 1727 3954 Do-

153 3984 316 4050 mino,
349 3995 404 4040 ut
433 3985 504 4040 de
529 3986 628 4039 ista
653 4001 804 4041 omna
840 3987 1184 4058 loqueretur?
1226 3988 1437 4044 Dixerat
1477 4006 1611 4045 unus
1658 3991 1726 4047 de

150 4073 607 4133 decumbentibus
627 4078 704 4149 (in
731 4080 973 4134 convivio
995 4081 1135 4135 enim
1163 4090 1296 4146 erat,
1326 4098 1429 4152 quo
1460 4083 1632 4138 fuerat
1654 4085 1726 4138 iu-

151 4167 404 4237 vitntus):
444 4167 592 4223 Beati
627 4171 712 4240 qui
751 4171 1055 4225 manducant
1094 4189 1272 4242 panem
1317 4175 1368 4226 in
1407 4191 1559 4244 regno
1609 4173 1722 4228 Dei.

152 4256 308 4323 Quasi
331 4260 382 4313 in
412 4259 694 4330 longinqua
723 4261 820 4316 iste
846 4261 1166 4330 suspirabat,
1195 4273 1248 4316 et
1287 4263 1398 4332 ipse
1425 4265 1575 4333 panis
1601 4274 1726 4321 ante

155 4348 298 4402 illum
325 4351 711 4406 discumbebat.
742 4353 870 4419 Quis
892 4363 973 4408 cst
999 4355 1147 4423 panis
1177 4353 1245 4409 de
1275 4370 1438 4426 regno
1469 4356 1592 4424 Dei,
1624 4359 1725 4412 nisi

155 4440 239 4507 qui
265 4441 410 4508 dicit,
447 4441 558 4512 Ego
586 4459 696 4496 sunt
722 4445 866 4513 panis
899 4445 1069 4506 vivus,
1117 4445 1203 4517 qui
1237 4446 1299 4500 dc
1333 4447 1455 4501 caelo
1497 4449 1726 4502 descendi

158 4530 330 4594 (toan.
373 4547 447 4595 vi,
487 4533 616 4597 ll)?
659 4533 774 4588 Noli
828 4549 1014 4604 parare
1046 4523 1261 4601 fauces,
1303 4537 1395 4592 sul
1431 4553 1544 4592 cor.
1601 4538 1726 4594 lude

157 4623 515 4678 coaunendata
542 4634 625 4679 est
646 4627 742 4679 ista
765 4641 936 4682 etnon.
974 4627 1109 4682 Ecce
1136 4629 1402 4684 credimus
1442 4631 1493 4685 in
1537 4631 1723 4686 Chris-

161 4719 285 4778 tum,
332 4728 450 4768 cum
488 4713 589 4768 lide
635 4715 977 4784 accipimus‘.
1022 4717 1078 4772 in
1120 4718 1428 4788 accipiendo
1480 4723 1720 4775 novimus

161 4804 277 4870 quid
297 4806 602 4877 cegitemus.
639 4807 902 4863 Modicum
930 4809 1236 4878 accipimus,
1265 4821 1314 4865 et
1348 4812 1396 4865 iu
1437 4813 1597 4867 corde
1641 4828 1724 4868 sa-

162 4894 409 4960 ginamur.
433 4897 547 4952 Non
576 4914 704 4970 ergo
728 4900 867 4968 quod
894 4899 1121 4966 videtur,
1149 4900 1241 4955 sed
1285 4903 1424 4972 quod
1469 4903 1719 4970 creditur,

166 4987 338 5050 pascit.
361 4987 474 5043 Non
499 5005 628 5059 ergo
649 4991 806 5044 etiam
839 5005 1053 5044 sensum
1085 4992 1228 5044 illum
1257 5002 1536 5047 externum
1577 5010 1724 5064 quze-

167 5073 400 5144 sivimus;
431 5095 530 5136 nec
552 5081 802 5149 diximus,
835 5081 1168 5137 Crediderint
1197 5085 1286 5152 qui
1327 5084 1603 5140 Dominum
1641 5088 1720 5156 ip-

169 5176 272 5220 sum
293 5180 672 5240 resurgentem,
703 5171 748 5224 si
788 5187 971 5227 verum
1009 5180 1090 5226 cst
1137 5173 1275 5242 quod
1317 5175 1528 5238 dicitur,
1579 5177 1723 5232 vide-

169 5266 280 5310 nuit
297 5260 478 5326 oculis,
509 5261 750 5316 manibus
779 5261 1124 5332 palpaverunt
1149 5280 1163 5317 :
1189 5278 1285 5318 nos
1308 5279 1410 5319 non
1439 5268 1719 5335 tangimus,

169 5361 317 5414 quare
341 5351 636 5405 credimus?
664 5351 719 5406 Si
751 5352 872 5406 talia
912 5355 1265 5422 cogitaremus
1285 5396 1300 5420 ,
1349 5357 1582 5426 quinque
1618 5358 1723 5413 illis

164 5436 290 5508 iugis
314 5439 472 5497 buunt
509 5458 541 5496 a
579 5460 728 5498 cinna
775 5445 1172 5514 impodiremur.
1204 5447 1270 5503 Ut
1310 5451 1584 5516 noveritis,
1616 5450 1720 5504 fra-

167 5538 280 5594 tres,
303 5530 522 5588 istorum
548 5535 782 5604 quinque
812 5550 1062 5590 sensuum
1084 5579 1098 5600 ,
1133 5554 1235 5592 non
1277 5539 1680 5594 delectationem
1705 5581 1720 5604 ,

220 5660 442 5737 bsic-Am.
465 5667 815 5737 rt-Zr._et‘omnes
837 5670 941 5737 Mss.
982 5674 1038 5737 At_
1072 5673 1201 5737 tota,
1241 5682 1378 5732 quem
1413 5666 1511 5734 ﬁde
1547 5672 1724 5737 accipi-

159 5733 269 5771 πω.
294 5727 343 5772 Et
365 5723 503 5786 inira,
537 5724 774 5776 Modicum
795 5727 913 5787 quid
936 5723 1208 5790 accipimus.

3301 344 3401 398 646

1837 460 1954 511 qua:
1985 448 2270 513 pertundt-et
2290 458 2344 502 et
2369 451 2557 518 ingerit
2581 451 2932 519 voluptatem,
2977 453 3069 507 sed
3119 455 3400 509 curiosita-

1837 541 1941 586 tem
1964 537 2244 602 quamdam
2276 548 2506 592 notatam
2537 541 2715 603 fuisse,
2752 559 2852 594 non
2875 542 2975 606 ait,
3011 542 3241 613 Quinque
3268 543 3399 614 juga

1836 624 1980 678 boum
2002 629 2114 691 aui,
2142 644 2206 682 eo
2237 645 2454 699 pascere
2489 632 2606 696 illa;
2649 633 2738 686 sed
2763 675 2774 697 ,
2818 650 2874 686 eo
2905 635 3114 702 probare
3152 635 3260 687 illa.
3300 635 3398 702 Qui

1837 718 1944 770 vult
1977 719 2216 786 probare,
2253 737 2344 789 per
2361 722 2481 790 juga
2513 721 2665 774 boum
2694 739 2796 776 non
2828 725 2938 778 vult
2968 723 3206 778 dubitare
3226 767 3240 789 ,
3269 741 3402 793 quo-

1837 808 1994 862 modo
2015 820 2227 863 sanctus
2253 811 2484 865 Thomas
2513 828 2604 881 per
2631 813 2752 881 juga
2785 813 2951 866 uoluit
2993 813 3255 867 dubitare.
3315 813 3402 865 Vi-

1835 897 2009 962 deam,
2041 910 2270 971 tangam,
2293 902 2484 972 digitos
2510 904 2733 957 mittam.
2770 904 2930 969 Ecce,
2974 905 3168 973 inquit,
3220 905 3402 975 digitos

1834 999 1944 1044 tuos
1975 993 2109 1044 mitte
2136 1010 2222 1062 per
2248 994 2378 1046 latus
2399 1011 2582 1056 meum,
2611 1005 2656 1048 et
2684 995 2786 1047 noli
2815 1011 2917 1048 esse
2949 995 3259 1049 incredulus.
3299 993 3404 1048 Oc-

1834 1081 1973 1132 cistis
1999 1096 2114 1133 sum
2145 1091 2361 1149 propter
2383 1092 2468 1136 te:
2498 1099 2589 1151 per
2623 1084 2794 1137 locum
2837 1099 2992 1153 quem
3040 1085 3118 1137 vis
3163 1094 3398 1151 tangere,

1835 1172 2142 1238 sanguinem
2177 1170 2306 1235 fudi,
2338 1181 2392 1224 ιιι
2417 1172 2728 1226 redimerem
2761 1184 2844 1238 te;
2890 1182 2944 1228 et
2976 1173 3149 1228 adlmc
3189 1175 3399 1245 dubitas

1832 1258 1899 1313 de
1925 1275 2028 1324 me,
2064 1261 2158 1313 nisi
2193 1263 2420 1330 tetigeris
2448 1263 2566 1316 me?
2590 1263 2722 1316 Ecce
2742 1273 2795 1316 et
2825 1263 2923 1318 hoc
2950 1274 3140 1331 praesto
3159 1304 3174 1329 ,
3203 1279 3327 1317 ecce
3350 1274 3406 1316 et

1836 1350 1934 1405 hoc
1963 1353 2186 1407 exhibeo
2211 1371 2223 1407 :
2258 1363 2411 1422 tange
2449 1364 2500 1408 et
2535 1354 2721 1420 crede;
2751 1356 2920 1409 inveni
2947 1357 3119 1410 locum
3149 1355 3397 1416 vulneris.

1833 1457 1960 1495 sana
1990 1444 2177 1497 vulnus
2202 1443 2564 1498 dubitationis.

1902 1532 2126 1588 CAPUT
2167 1533 2250 1588 Vl.
2289 1565 2358 1573 —
2389 1538 2442 1589 6.
2489 1534 2648 1600 Uxor,
2693 1537 2920 1606 voluptas
2958 1537 3144 1590 carnis.
3203 1535 3399 1590 Tertius

1831 1623 1978 1688 dixit,
2014 1623 2231 1677 Uxorcm
2255 1625 2396 1678 duxi.
2419 1622 2518 1679 Ista
2539 1626 2774 1695 voluptas
2797 1639 2878 1681 cst
2901 1629 3094 1693 carnis,
3122 1643 3242 1698 qua:
3263 1629 3402 1681 ntul-

1831 1721 1914 1767 tos
1940 1713 2192 1783 impedit:
2227 1715 2423 1769 utinam
2453 1715 2600 1780 foris,
2633 1727 2683 1772 et
2714 1735 2816 1771 non
2845 1719 3002 1771 intus.
3045 1717 3178 1774 Sunt
3223 1719 3399 1771 homi-

1830 1819 1926 1856 nes
1952 1806 2038 1872 qui
2066 1805 2284 1859 dicunt:
2313 1805 2425 1859 Non
2455 1817 2537 1860 est
2583 1806 2781 1860 homini
2814 1807 2983 1870 bene,
3043 1807 3142 1862 nisi
3182 1808 3267 1862 cui
3303 1810 3400 1862 ad—

1829 1903 1952 1948 sunt
1979 1896 2152 1948 carnis
2176 1895 2400 1950 delicias.
2428 1895 2529 1965 Ipsi
2556 1906 2680 1951 sunt
2701 1913 2834 1966 quos
2875 1907 3021 1953 notat
3064 1899 3353 1969 Apostolus
3381 1941 3395 1961 .

1829 1984 2062 2040 dicentes
2095 2002 2108 2038 :
2139 1985 2500 2041 Handucemus
2533 1997 2578 2041 et
2613 1987 2871 2051 bibamus;
2904 2005 3016 2042 cras
3053 1989 3183 2043 enim
3221 1990 3403 2044 morie-

1829 2093 1943 2130 ntur
1967 2077 2011 2144 (Ι
2032 2075 2150 2131 Cor.
2179 2094 2272 2143 xv,
2293 2078 2406 2150 52).
2434 2078 2563 2144 Quis
2591 2080 2692 2134 huc
2717 2078 2838 2134 inde
2857 2079 3122 2134 surrexit?
3145 2079 3275 2148 Quis
3303 2098 3403 2136 no-

1830 2165 1933 2234 bis,
1958 2168 2098 2237 quod
2125 2167 2194 2222 ibi
2215 2169 2406 2237 agitur,
2449 2168 2622 2222 dixit?
2661 2169 2773 2222 Hoc
2812 2169 3086 2224 uobiscum
3132 2171 3398 2236 tollimus,

1829 2258 2043 2328 quodin
2075 2257 2439 2326 hocteutporc
2456 2259 2590 2312 bene
2615 2270 2696 2313 est
2735 2259 2907 2313 nobis.
2953 2260 3052 2327 Qui
3097 2261 3197 2316 hoc
3250 2261 3396 2324 dicit.

1832 2361 2049 2400 uxorem
2071 2345 2239 2410 duxit,
2263 2361 2475 2401 carnem
2503 2347 2852 2417 amplexatur,
2894 2349 3071 2404 carnis
3119 2351 3402 2418 voluptati-

1829 2435 1928 2491 bus
1951 2435 2290 2506 jucuudatur,
2316 2452 2346 2490 a
2371 2451 2522 2492 cana
2538 2448 2822 2492 excusatur
2851 2457 2864 2491 :
2895 2439 3141 2494 observet
3171 2455 3237 2494 ne
3267 2441 3404 2494 lanio

1830 2529 2080 2584 interiore
2105 2530 2376 2583 moriatur.
2401 2529 2668 2584 Attendile
2686 2529 2964 2597 Joannem,
2988 2540 3226 2585 sanctum
3248 2549 3403 2601 apos-

1831 2621 1995 2675 tolum
2023 2631 2076 2676 ct
2100 2621 2509 2690 evangelistam:
2553 2619 2728 2674 Nolite
2767 2621 2976 2690 diligere
3002 2621 3264 2684 mundam,
3313 2639 3402 2675 nec

1829 2727 1888 2764 ea
1908 2727 2021 2780 qua:
2037 2710 2087 2763 in
2110 2710 2296 2764 mundo
2321 2719 2455 2764 sunt.
2483 2709 2528 2764 0
2552 2709 2639 2780 qui
2667 2709 2732 2763 ad
2769 2723 2974 2764 cmnam
3004 2710 3211 2764 Domini
3252 2713 3398 2764 veni-

1831 2803 1917 2870 tis,
1942 2804 2095 2858 nolite
2121 2804 2328 2874 diligere
2351 2803 2612 2868 mundum,
2636 2819 2724 2856 nec
2749 2819 2809 2855 ea
2836 2818 2950 2872 qua:
2973 2803 3024 2856 in
3055 2803 3239 2856 mundo
3262 2815 3398 2857 sunt.

1829 2891 1942 2946 Non
1970 2891 2139 2956 dixit,
2173 2891 2343 2951 Nolite
2369 2891 2598 2955 habere;
2643 2892 2736 2946 sed
2757 2932 2774 2957 ,
2814 2891 2988 2945 Nolite
3021 2892 3245 2962 diligere.
3293 2893 3400 2946 lla-

1830 2981 2010 3047 buisti,
2043 2981 2344 3052 pssediSti,
2376 2981 2628 3036 dilexisti.
2657 2982 2822 3036 Amor
2841 2997 3017 3036 rerum
3047 2989 3398 3044 terrenarum,

1829 3073 2029 3126 viscum
2051 3083 2134 3128 est
2161 3073 2510 3142 spiritualium
2551 3087 2866 3142 pennarum.
2914 3072 3051 3127 Ecce
3083 3072 3399 3141 concupisti.

1830 3161 2052 3222 lia-sisti.
2101 3164 2230 3231 Quis
2294 3163 2437 3217 dabit
2487 3163 2578 3217 tibi
2631 3177 2834 3232 pennas
2897 3161 3032 3216 sicut
3094 3163 3354 3218 columlre
3379 3164 3404 3214 ?

1829 3254 2052 3322 Quando
2077 3253 2298 3317 volabis,
2328 3253 2414 3308 ubi
2438 3268 2562 3308 vere
2605 3254 2906 3324 requiescas
2948 3252 3118 3322 (Psal.
3162 3269 3266 3317 Liv,
3314 3254 3404 3320 7)?

1828 3346 2039 3414 quando
2070 3345 2182 3410 hic,
2217 3346 2303 3398 ubi
2336 3346 2471 3420 male
2525 3345 2720 3400 hazsisti
2743 3387 2756 3409 ,
2787 3361 3033 3414 perverse
3067 3347 3402 3416 requiescere

1833 3437 2063 3489 voluisti.
2096 3435 2272 3490 Nolite
2292 3437 2499 3506 diligere
2517 3437 2778 3501 mundum,
2804 3437 2925 3492 tuba
2948 3437 3124 3492 divina
3149 3437 3404 3492 cst.Con-
3462 3482 3464 3484 τ

1834 3527 1982 3579 tiuuo
2003 3527 2157 3594 hujus
2186 3527 2325 3578 tuba:
2354 3526 2564 3579 verbis‘
2601 3527 2714 3580 orbi
2751 3535 3010 3580 terrarum
3053 3535 3108 3581 et
3153 3527 3402 3579 universo

1829 3614 2021 3670 dicitur
2044 3614 2264 3678 mundo,
2297 3613 2470 3669 Nolite
2497 3614 2707 3685 diligere
2727 3615 2989 3680 mundum,
3017 3633 3106 3670 nec
3125 3633 3183 3670 ea
3201 3632 3313 3686 qua:
3342 3618 3399 3670 in

1831 3706 2016 3760 mundo
2042 3715 2177 3760 sunt.
2204 3705 2442 3775 Quisquis
2463 3705 2692 3760 dilexerit
2717 3707 2977 3771 mundum,
3006 3724 3105 3761 non
3129 3718 3200 3761 est
3233 3709 3400 3760 chari-

1829 3806 1906 3850 tas
1927 3795 2099 3849 Patris
2124 3798 2174 3848 in
2204 3795 2314 3849 illo.
2341 3796 2590 3862 Quoniam
2612 3797 2778 3850 omnia
2823 3812 2934 3864 qua:
2959 3797 3009 3850 in
3039 3797 3224 3850 mundo
3263 3807 3398 3861 sunt,

1829 3888 2228 3955 concupiscentia
2251 3886 2417 3940 carnis
2441 3897 2574 3951 sunt,
2606 3897 2652 3941 et
2680 3887 3079 3955 concupiscentia
3104 3886 3400 3951 oculorum,

1829 3990 1875 4033 et
1894 3980 2093 4033 antbitio
2122 3978 2289 4032 saeculi
2320 3976 2360 4050 (l
2384 3977 2539 4030 Joan.
2572 3993 2630 4044 ιι,
2681 3978 2748 4032 l5
2770 4019 2784 4044 ,
2815 3975 2923 4046 16).
2949 3977 3029 4031 Ab
3074 3977 3181 4030 imo
3205 3976 3363 4044 ompit
3384 4017 3401 4041 ,

1829 4086 1934 4141 quo
1962 4070 2304 4141 Evangelium
2322 4067 2639 4123 terminavit.
2667 4067 2790 4122 Inde
2807 4068 2894 4122 ille
2917 4069 3096 4136 cmpit,
3115 4069 3200 4122 ubi
3229 4068 3401 4122 Evano

1829 4161 2024 4230 gelium
2049 4159 2329 4214 terminum
2359 4157 2550 4226 posuit.
2578 4158 3012 4226 Colicupiscentia
3035 4157 3228 4223 carnis,
3264 4155 3404 4211 Uro-

1830 4267 1935 4303 rem
1993 4250 2133 4303 duxi.
2199 4248 2632 4317 Coucupisccntia
2675 4249 2968 4310 oculorum,
3016 4247 3244 4316 Quinque
3274 4249 3404 4318 juga

1832 4341 1978 4395 boum
2015 4341 2131 4393 emi.
2163 4339 2398 4395 Ambitio
2423 4339 2626 4404 surculi,
2667 4338 2851 4392 Villam
2869 4339 2985 4392 emi.

1903 4433 1956 4486 7.
2000 4430 2274 4485 Oculorum
2309 4431 2510 4483 nomine
2551 4432 2718 4484 cmteri
2745 4446 2916 4484 sensus
2957 4430 3244 4499 signi/irati.
3281 4428 3405 4484 Ideo

1831 4532 2007 4577 autem
2036 4537 2064 4574 a
2087 4531 2234 4591 parte
2263 4529 2429 4575 totum
2460 4534 2554 4589 per
2581 4521 2722 4574 solos
2763 4521 2946 4575 oculos
3003 4521 3404 4574 coiniucmorati

1831 4623 1954 4668 sunt
1980 4614 2064 4668 isti
2086 4627 2296 4679 sensus,
2321 4613 2441 4680 quia
2467 4610 2740 4665 oculorum
2769 4620 2850 4665 est
2877 4611 2924 4664 iu
2971 4613 3202 4681 quinque
3230 4613 3402 4666 sensi-

1831 4705 1928 4760 bus
1963 4705 2305 4774 principatus.
2342 4702 2630 4771 Propterea
2689 4716 2809 4756 cum
2858 4702 3067 4769 proprie
3101 4700 3166 4754 ad
3220 4700 3404 4755 oculos

1831 4795 2091 4865 pertineat
2111 4795 2270 4860 visus,
2301 4793 2471 4861 ipsum
2501 4791 2678 4846 videre
2701 4805 2794 4860 per
2818 4805 3004 4843 omnes
3027 4792 3257 4860 quinque
3281 4807 3404 4845 sen-

1829 4900 1920 4940 sus
1965 4885 2198 4940 solemus
2238 4881 2524 4951 appellare.
2566 4877 2883 4947 Quomodo?
2923 4878 3101 4932 Primo
3143 4879 3280 4946 quod
3336 4879 3405 4934 ad

1831 4977 1973 5047 ipsos
2002 4975 2185 5030 oculos
2227 4973 2488 5042 pertinet,
2535 4970 2686 5036 dicis,
2744 4969 2871 5022 ViJc
2919 4983 3077 5037 quam
3125 4967 3403 5022 candidum

1831 5077 1915 5122 est
1946 5108 1963 5132 ,
2012 5063 2226 5119 intende
2267 5069 2322 5114 et
2375 5060 2493 5113 vide
2545 5075 2701 5128 quam
2757 5057 3036 5112 candidmn
3077 5065 3158 5112 est
3180 5058 3252 5111 ἐ
3302 5057 3405 5112 hoc

1828 5157 1895 5211 ad
1947 5155 2129 5208 oculos
2175 5151 2420 5222 pertinet.
2471 5149 2604 5203 Audi
2659 5159 2712 5204 et
2758 5149 2874 5203 vide
2931 5164 3088 5218 quam
3148 5163 3402 5202 canorum

1831 5257 1930 5302 est.
1987 5241 2248 5314 Numquid
2323 5241 2620 5296 conversim
2670 5251 2818 5308 potes
2878 5239 3055 5293 dicere
3101 5256 3114 5294 :
3167 5238 3302 5292 Audi
3350 5247 3407 5292 et

1832 5338 1949 5393 vide
1975 5351 2134 5406 quam
2165 5333 2443 5388 candidum
2487 5331 2603 5385 est?
2651 5330 2761 5386 [loc
2816 5329 2955 5400 quod
2997 5329 3210 5400 dicitur,
3251 5330 3402 5397 Vide,

1833 5447 1926 5501 per
1967 5443 2153 5484 (miues
2199 5441 2387 5482 sensus
2432 5425 2598 5479 currit
2639 5441 2654 5478 :
2695 5434 3010 5478 ceterorum
3061 5429 3235 5477 autem
3279 5438 3405 5478 sen-

1896 5608 2237 5669 iManuscripti
2281 5606 2535 5669 o.uittunt_,
2575 5599 2742 5652 verbis.
2789 5600 2982 5669 Quidam
3028 5601 3136 5669 ejus
3169 5599 3282 5669 loco
3319 5602 3407 5669 ha-

1831 5674 1968 5728 bent,
1991 5682 2120 5719 ωηο.
2162 5661 2216 5716 Ᾰι
2237 5667 2530 5714 russati-usis
2556 5673 2654 5728 \ts._,
2680 5667 2828 5728 cantu
2852 5661 3072 5728 continuo
3093 5661 3237 5728 hujus
3255 5662 3404 5728 _lt_tbt_?.

1897 5738 1915 5764 ³
1940 5722 2066 5790 ιζον.,
2091 5742 2233 5792 quam
2256 5727 2463 5777 calidum
2486 5733 2588 5786 est;
2614 5724 3010 5773 dissentientibus
3032 5722 3224 5774 ett-teris
3254 5722 3410 5776 libris.
