3852 6182
399 308 503 364 θη

400 439 555 480 suum
588 421 882 493 proprietas
911 431 1017 472 non
1039 430 1134 485 per
1149 428 1208 469 se
1233 411 1483 467 recurrit.
1517 408 1736 464 intende
1778 417 1833 463 et
1875 405 1997 461 vide

402 530 560 585 quam
582 525 838 569 canorum
863 516 946 563 est
973 524 987 560 :
1015 505 1181 561 odora
1206 512 1263 559 et
1305 500 1426 557 vide
1452 515 1610 572 quam
1653 513 1816 554 suave
1849 509 1933 552 est
1980 514 1994 550 :

403 613 554 677 gusta
586 612 639 657 et
664 600 785 656 vide
810 612 967 669 quam
1004 596 1159 652 dulce
1188 602 1271 649 est
1320 612 1334 647 :
1377 602 1532 663 tange
1577 600 1633 647 et
1668 589 1787 645 vide
1838 604 1997 661 quam

408 695 566 750 molle
594 702 695 747 est.
726 689 918 760 Utique
944 688 1195 759 quoniam
1222 698 1411 741 sensus
1432 691 1578 748 sunt,
1611 681 1690 736 sic
1716 679 1891 751 potius
1918 677 2001 732 di-

406 796 653 841 ceremus
678 801 692 837 :
722 780 861 836 Audi
887 789 944 835 et
962 780 1101 834 senti
1144 791 1301 847 quam
1343 787 1602 830 canorum
1638 780 1720 827 est
1766 788 1780 825 :
1834 768 1999 823 odora

403 888 459 932 ct
483 876 799 946 sentiquam
829 887 993 927 suave
1011 878 1095 926 est
1138 879 1328 940 :gusta
1374 875 1428 923 et
1473 865 1611 922 senti
1647 878 1806 934 quam
1845 860 2002 917 dulce

404 981 487 1025 est
522 987 535 1024 :
566 979 722 1038 tange
741 977 795 1023 et
822 964 961 1022 senti
987 980 1144 1035 quam
1172 961 1402 1016 calidum
1430 968 1513 1015 est
1545 975 1558 1011 :
1587 957 1739 1028 paipa
1779 964 1832 1011 et
1858 952 1999 1010 Senti

405 1078 568 1131 quam
596 1060 719 1115 leue
748 1068 831 1114 cst
861 1076 875 1113 :
901 1056 1054 1128 palpa
1082 1062 1138 1111 et
1158 1053 1295 1110 senti
1322 1067 1481 1123 quam
1511 1051 1674 1105 molle
1705 1058 1808 1105 est.
1863 1047 2002 1102 Nihil

410 1158 626 1210 horum.
668 1152 801 1207 Nam
838 1160 893 1206 et
938 1149 1053 1219 ipse
1084 1147 1341 1202 Dominus
1391 1152 1509 1214 post
1554 1142 2001 1197 resurrectionem

411 1265 533 1302 cum
561 1245 804 1317 apparuit
827 1240 1101 1312 discipulis
1130 1239 1261 1303 suis,
1301 1249 1534 1305 cumque
1576 1242 1859 1289 cernentes
1907 1229 2005 1285 ad-

417 1342 519 1393 huc
550 1338 838 1392 titubarunt
861 1335 911 1388 in
937 1332 1061 1399 ﬁde,
1089 1338 1337 1400 putantes
1380 1341 1439 1381 se
1474 1324 1717 1396 spiritum
1764 1321 1946 1377 videre
1989 1338 2002 1374 :

421 1430 578 1498 Quid,
609 1428 797 1498 inquit,
830 1423 1107 1479 dubitatis?
1132 1430 1177 1475 et
1201 1435 1356 1491 quare
1375 1416 1702 1487 cogitationes
1730 1411 2006 1468 ascendunt

418 1525 468 1575 in
491 1539 576 1575 cor
601 1519 852 1575 vestrum?
886 1515 1062 1569 Videte
1085 1528 1263 1567 manus
1300 1527 1435 1564 meas
1470 1518 1515 1563 et
1557 1507 1707 1577 pedes
1747 1522 1901 1560 meos.
1948 1504 2010 1558 Et

422 1630 605 1683 parum
634 1621 735 1675 est,
772 1608 988 1663 Videte:
1018 1605 1266 1675 Tungite,
1297 1602 1495 1674 inquit,
1526 1610 1571 1654 et
1598 1598 1802 1669 palpate
1836 1606 1884 1650 et
1933 1595 2011 1649 vi-

423 1709 533 1761 dcte
555 1705 705 1779 (Luc.
731 1720 880 1770 xxiv,
912 1701 980 1758 '58
1007 1711 1051 1754 et
1077 1698 1190 1771 59).
1224 1696 1483 1753 intendite
1501 1704 1555 1749 et
1578 1693 1775 1759 videte,
1803 1691 2013 1762 palpate

424 1812 480 1856 et
502 1801 677 1856 videte
701 1818 714 1853 :
740 1800 792 1853 in
818 1798 947 1851 solis
972 1795 1141 1850 oculis
1168 1792 1342 1846 videte
1360 1833 1376 1855 ,
1407 1791 1460 1845 in
1487 1787 1736 1844 omnibus
1764 1784 2012 1841 sensibus

424 1893 620 1948 videte.
651 1890 784 1960 Quia
814 1889 1122 1944 interiorem
1156 1884 1277 1939 tidei
1299 1896 1514 1937 sensum
1540 1879 1832 1952 quaerebat,
1865 1884 2014 1931 exte-

428 1986 657 2041 rioribus
698 1980 943 2052 corporis
981 1978 1228 2035 sensibus
1283 1974 1579 2045 adjacebat.
1631 1971 1740 2028 Nos
1773 1969 1905 2026 nihil
1948 1969 2017 2025 ab

430 2080 544 2135 istis
566 2074 919 2134 exterioribus
943 2071 1190 2127 sensibus
1210 2070 1263 2123 in
1286 2068 1514 2124 Domino
1538 2063 1838 2134 carpsimus
1855 2103 1871 2125 ,
1925 2076 2019 2115 au-

429 2172 542 2225 ditu
566 2168 867 2224 audivimus
883 2206 899 2230 ,
927 2161 1090 2219 corde
1122 2158 1482 2215 credidimus:
1502 2167 1554 2211 et
1581 2155 1756 2227 ipsum
1777 2152 2017 2208 auditum

433 2277 537 2316 non
563 2260 629 2314 ab
655 2259 795 2313 illius
819 2270 936 2320 ore,
966 2252 1060 2311 sed
1097 2251 1165 2306 ab
1191 2265 1284 2306 ore
1313 2247 1723 2320 praedicatorum
1759 2243 1878 2313 ejus
1897 2283 1913 2309 ,
1952 2240 2021 2295 ab

431 2369 526 2405 ore
556 2350 767 2404 illorum
792 2347 883 2418 qui
902 2346 1014 2415 jam
1032 2341 1341 2408 cmuabaut,
1365 2347 1420 2394 ct
1446 2334 1859 2394 nosructuando
1890 2330 2025 2387 invio

433 2442 635 2496 labant.

503 2530 730 2587 CAPUT
773 2527 881 2584 Vll.
908 2526 1041 2581 —8.
1073 2523 1151 2577 Ad
1182 2537 1373 2577 cumam
1395 2520 1561 2575 venire
1581 2532 1726 2573 nemo
1744 2525 2019 2570 cunctetur.

434 2624 709 2679 'l‘ollnmus
733 2635 860 2689 ergo
885 2617 953 2672 de
974 2615 1151 2671 medio
1189 2611 1563 2668 excusationes
1604 2617 1862 2671 vanas,et
1908 2623 2025 2661 ma-

436 2719 547 2779 las,
575 2724 628 2769 et
655 2715 929 2768 veniamus
954 2710 1021 2765 ad
1051 2724 1291 2773 coenam,
1322 2722 1425 2777 qua
1454 2705 1772 2760 intrinsecus
1812 2703 2025 2772 sagino-

436 2824 574 2862 mur.
597 2806 711 2861 Non
738 2819 837 2860 nos
857 2802 1112 2873 impediat
1137 2798 1447 2856 extollentia
1473 2796 1761 2865 superbiae,
1790 2809 1898 2850 non
1931 2807 2028 2847 nos

436 2899 672 2962 extollat,
718 2898 798 2952 vel
843 2911 947 2951 non
1003 2908 1101 2948 nos
1149 2901 1350 2949 torreat
1382 2889 1665 2946 curiositas
1710 2888 1930 2951 illicita,
1974 2896 2030 2942 et

436 3000 640 3049 avertat
656 3007 689 3047 a
713 2990 824 3046 Deo
852 3007 866 3044 :
890 3003 995 3044 non
1026 3002 1124 3041 nos
1149 2984 1403 3055 impediat
1422 2982 1663 3051 voluptas
1683 2981 1864 3037 carnis
1881 2996 1911 3034 a
1938 2996 2031 3033 vo-

439 3086 638 3152 luptate
656 3081 854 3139 cordis.
878 3078 1198 3140 Veniamus,
1227 3086 1282 3132 et
1307 3075 1611 3144 saginemur
1627 3112 1641 3126 .
1667 3073 1732 3127 Et
1755 3072 1846 3141 qui
1872 3087 2033 3126 vene-

441 3185 583 3239 runt,
635 3173 736 3228 nisi
773 3170 1035 3234 mendici,
1070 3168 1313 3230 debiles,
1344 3165 1553 3232 claudi,
1582 3166 1751 3220 eieci?
1782 3163 1899 3219 illic
1937 3179 2034 3218 an-

443 3281 548 3322 tem
579 3283 683 3322 non
725 3273 987 3321 venerunt
1026 3262 1250 3325 divites,
1289 3260 1434 3324 sani,
1470 3259 1620 3329 quasi
1664 3258 1804 3313 bene
1847 3258 2035 3311 ambu-

442 3362 633 3424 lantes,
662 3368 718 3415 et
738 3366 893 3414 acute
917 3364 1235 3418 cernentes;
1265 3352 1492 3407 multum
1519 3349 1588 3405 de
1608 3364 1669 3405 se
1697 3364 2033 3419 praesumen-

443 3462 546 3515 tes,
578 3461 635 3507 et
663 3449 782 3504 ideo
803 3447 1215 3517 desperatinres,
1260 3452 1460 3513 quanto
1507 3440 1873 3510 superbiores.
1924 3438 2033 3494 Ve-

446 3540 865 3602 tnantmendici.
892 3540 1016 3610 quia
1042 3537 1127 3592 ille
1150 3535 1343 3590 invitat
1379 3533 1469 3604 qui
1508 3545 1724 3601 propter
1764 3544 1865 3587 nos
1908 3546 2041 3601 pau-

448 3636 731 3705 perlaetus
757 3642 860 3697 est,
890 3644 1012 3687 eum
1046 3631 1199 3685 dives
1228 3637 1407 3691 esset,
1438 3635 1498 3681 nt
1536 3625 1681 3680 illius
1723 3632 2038 3695 paupertate

448 3727 676 3783 tiiendici
702 3726 994 3782 ditaremur
1024 3722 1088 3794 (il
1110 3719 1229 3775 Cor.
1259 3734 1376 3783 vm,
1411 3719 1497 3789 9).
1535 3716 1769 3772 Veniant
1790 3715 2035 3771 debiles:

451 3821 573 3879 uuia
614 3835 721 3874 non
762 3825 848 3871 est
891 3831 1027 3886 Opus
1051 3813 1196 3867 sanis
1215 3811 1487 3875 medicus,
1522 3808 1618 3863 sed
1665 3807 1803 3862 male
1840 3804 2043 3861 baben-

452 3914 593 3967 tibus
621 3910 846 3982 (Matth.
898 3924 950 3963 ιχ
978 3948 994 3973 ,
1052 3905 1119 3961 i2
1148 3905 1191 3978 ).
1237 3903 1468 3958 Veniant
1511 3899 1686 3956 claudi
1719 3899 1810 3969 qui
1859 3898 1912 3952 ei
1960 3897 2044 3951 di-

454 4015 579 4061 cant
601 4023 615 4059 :
635 4004 894 4072 Campans
910 4015 1113 4073 gressus
1135 4011 1270 4051 meos
1290 3997 1343 4049 in
1373 3992 1564 4049 semitis
1589 3992 1688 4047 tuis
1712 3989 1896 4063 (Psal.
1926 4002 2042 4055 xvr,

453 4099 529 4169 εἰ).
558 4096 790 4152 Veniant
811 4094 939 4149 eieci
967 4090 1262 4162 quidicant
1302 4103 1315 4140 :
1360 4085 1610 4141 “Iuntina
1647 4084 1824 4137 oculos
1856 4097 2041 4148 .meos,

455 4208 517 4245 ne
544 4205 764 4257 unquam
789 4185 1103 4242 obdormiam
1121 4183 1175 4237 in
1195 4190 1356 4235 morte
1384 4178 1560 4253 (Psal.
1605 4190 1679 4231 xtl
1705 4217 1720 4243 ,
1763 4175 1842 4247 4).
1886 4173 2047 4229 Tales

457 4288 718 4338 venerunt
745 4279 810 4333 ad
842 4278 1060 4338 homin;
1094 4274 1198 4329 illis
1218 4273 1366 4342 prius
1387 4269 1642 4332 invitatis,
1674 4279 1770 4321 sua
1809 4276 2045 4320 excusa-

459 4374 603 4428 tione
629 4367 962 4440 reprobatis‘
991 4383 1005 4419 :
1035 4369 1298 4418 venerunt
1337 4360 1403 4415 ad
1447 4360 1636 4414 horam
1660 4399 1674 4423 ,
1718 4357 2051 4411 intraverunt

461 4463 531 4517 de
562 4460 753 4530 plateis
772 4466 828 4512 et
849 4455 981 4510 vicis
1018 4453 1273 4508 civitatis.
1314 4449 1381 4505 Et
1408 4448 1665 4519 respondit
1709 4461 1879 4501 servus
1899 4487 1914 4512 ,
1958 4444 2049 4515 qui

458 4551 657 4606 missus
680 4558 817 4609 erat,
850 4545 1094 4608 Domine,
1118 4543 1308 4610 factum
1341 4549 1414 4594 est
1443 4538 1712 4608 utjussisti
1730 4579 1745 4602 ,
1791 4547 1838 4591 et
1881 4535 2049 4590 adhuc

459 4644 605 4695 locus
640 4647 735 4693 est.
766 4636 885 4702 Exi,
913 4633 1100 4704 inquit,
1131 4633 1184 4685 in
1209 4632 1316 4684 uias
1340 4640 1389 4683 et
1425 4644 1586 4696 sepes,
1627 4635 1674 4679 et
1697 4641 1821 4695 quos
1849 4627 2055 4680 invene-

460 4732 530 4785 ris
558 4744 680 4800 coge
704 4727 913 4781 intrare.
954 4724 1099 4790 Quos
1139 4719 1439 4785 inveneris,
1488 4726 1546 4772 ut
1581 4716 1883 4788 dignentur,
1940 4715 2051 4771 noli

463 4828 804 4892 exspectare;
834 4830 965 4887 euge
989 4814 1211 4870 intrare.
1234 4811 1475 4883 Magnam
1512 4822 1724 4866 orenam
1744 4848 1761 4875 ,
1803 4822 2052 4878 magnam

464 4916 683 4970 domum
708 4910 911 4982 paravi,
943 4922 1050 4963 non
1089 4906 1163 4962 ibi
1208 4905 1384 4977 patior
1421 4905 1596 4960 locum
1629 4914 1840 4958 vacare.
1882 4901 2058 4958 Vene-

467 5018 590 5063 rum
617 5004 684 5061 de
712 5002 902 5076 plateis
929 5010 985 5057 et
1011 4999 1143 5056 vicis
1165 4997 1367 5055 Gentes
1413 5014 1427 5050 :
1472 4996 1688 5052 veniant
1732 4992 1802 5051 de
1840 4993 2059 5064 sepibus

471 5097 729 5161 ltzuretici,
774 5094 861 5150 hic
896 5092 1173 5149 inveniunt
1206 5102 1414 5162 pacem.
1457 5088 1590 5144 Nam
1619 5088 1711 5160 qui
1743 5096 2062 5142 construunt

469 5204 649 5260 sepes,
670 5187 958 5243 divisiones
984 5191 1246 5255 quternnt.
1278 5180 1580 5237 Trabantur
1603 5194 1634 5234 a
1658 5178 1893 5249 scpibus,
1918 5178 2062 5233 evel-

396 5312 409 5317 -
476 5284 651 5339 lantur
678 5281 746 5336 ab
771 5279 958 5351 spinis.
1005 5276 1063 5331 in
1091 5276 1307 5347 sepibus
1346 5272 1650 5338 haeserunt,
1682 5270 1800 5342 cogi
1850 5271 2056 5325 nolunt.

474 5375 776 5437 Voiuntate,
805 5371 1070 5443 inquiunt,
1098 5376 1279 5424 nostra
1305 5367 1586 5422 intremus.
1608 5364 1724 5419 Non
1749 5363 1851 5419 hoc
1876 5363 2059 5418 Domi-

474 5484 574 5524 nus
594 5465 874 5538 imperavit
899 5481 913 5519 :
943 5462 1097 5534 Cogc,
1125 5460 1329 5531 inquit,
1374 5459 1584 5513 intrare.
1628 5456 1786 5512 Foris
1821 5456 2061 5511 invenia-

472 5686 769 5808 Πιῶῑὲιηωι
792 5693 879 5735 .\:ss
902 5716 917 5744 ,
940 5680 1038 5733 illis
1061 5680 1196 5743 prius
1218 5679 1267 5730 in
1295 5674 1511 5729 vanitatis
1533 5687 1636 5727 sua?
1658 5680 1963 5727 excusatione
1991 5688 2063 5725 re-

492 5759 500 5790 l
534 5761 559 5789 (ἰ
606 5760 623 5791 ι
665 5764 699 5794 δ.

492 5759 699 5794 :rutmtts.

1638 294 1696 351 S.
1741 291 2103 350 AUGUSTINI
2146 288 2443 346 EPISCOi‘i

3573 279 3694 337 6‘8

2112 416 2197 458 tur
2220 404 2531 467 necessitas,
2566 397 2799 454 nascitur
2824 395 2967 450 intus
2988 394 3234 448 voluntas
3250 393 3348 463 (a).

2599 507 2829 566 suane
2866 504 3024 562 cxm
3054 504 3193 576 ‘(a).

2109 631 2185 686 De
2209 630 2368 684 verbis
2414 624 2676 697 Evangelii
2707 622 2892 686 Luae,
2946 618 3130 674 Facite
3172 616 3325 671 vobis
3375 614 3585 672 amicos
3632 616 3706 672 tle

2248 734 2545 774 mammona
2578 713 2887 785 iniquitatis,
2918 720 3036 776 etc.,
3065 725 3182 779 cap.
3211 723 3319 773 xvt,
3365 707 3398 777 ᾗ
3470 708 3529 764 9.

2176 812 2407 869 CAPUT
2446 807 2732 865 PRIMUM.
2760 834 2834 849 —-
2860 807 2911 860 1.
2943 802 3106 857 Amici
3131 801 3379 870 beneﬁcos
3416 816 3539 854 stus
3558 817 3709 856 rece-

2110 905 2247 976 pturi
2285 905 2338 956 in
2379 900 2558 956 caelum
2586 898 2790 969 quinam
2822 896 2943 950 sint.
2998 893 3199 947 Mininti
3241 889 3427 946 Christi
3467 893 3708 962 quinm.

2107 997 2260 1065 Quod
2287 996 2658 1059 admonemur,
2679 991 2968 1045 admouere
2995 988 3270 1042 debemus.
3296 985 3509 1040 Recens
3538 1000 3712 1039 evan-

2106 1090 2276 1160 gelica
2312 1087 2470 1142 lectio
2501 1082 2778 1139 admonuit
2824 1080 3002 1135 facere
3036 1079 3235 1133 amicos
3291 1078 3359 1133 de
3397 1091 3716 1131 mammona

2109 1180 2427 1252 iniquitatis,
2458 1186 2515 1233 ut
2544 1192 2639 1233 eos
2665 1174 2753 1246 qui
2786 1174 3006 1238 faciunt,
3042 1172 3301 1242 recipiant
3328 1180 3381 1226 et
3406 1170 3507 1240 ipsi
3553 1171 3606 1224 in
3635 1180 3721 1223 ta-

2110 1273 2396 1330 bernacula
2425 1280 2627 1327 aeterna
2643 1272 2683 1323 ¹.
2703 1270 2802 1336 Qui
2823 1277 2947 1322 sunt
2967 1267 3054 1337 qui
3073 1265 3344 1321 habebunt
3364 1264 3722 1319 tabernacula

2113 1375 2334 1431 aeterna,
2362 1363 2467 1418 nisi
2497 1361 2666 1417 sancti
2692 1360 2833 1416 Dei?
2868 1359 2937 1414 Et
2963 1358 3054 1428 qui
3073 1365 3197 1412 sunt
3214 1354 3305 1426 qui
3336 1356 3406 1409 ab
3442 1353 3577 1424 ipsis
3618 1367 3722 1407 ae-

2113 1455 2552 1528 cipiendisuntin
2570 1449 2904 1506 tabernacula
2934 1445 3374 1516 aeternamisiqui
3403 1459 3595 1501 eorum
3637 1445 3728 1496 in-

2115 1548 2365 1619 digentiae
2389 1545 2647 1608 serviunt,
2675 1554 2730 1598 et
2758 1541 2896 1611 quod
2919 1541 2998 1596 eis
3027 1552 3162 1610 opus
3182 1548 3288 1605 est,
3314 1537 3569 1592 hilariter
3586 1536 3733 1589 sui:-

2118 1641 2467 1698 ministrant!
2499 1636 2865 1694 Recordemur
2890 1649 3018 1705 ergo
3039 1677 3053 1700 ,
3082 1634 3134 1687 in
3173 1631 3461 1686 novissimo
3504 1627 3730 1699 judicio

2118 1736 2401 1790 Dominum
2428 1744 2547 1788 esse
2574 1731 2839 1785 dicturum
2870 1727 2949 1782 eis
2974 1726 3063 1796 qui
3089 1726 3304 1780 stabunt
3333 1722 3399 1777 ad
3427 1721 3730 1777 dexteram

2118 1828 2257 1898 ejus,
2286 1824 2509 1886 Esurivi,
2552 1832 2597 1876 et
2640 1820 2848 1875 dedistis
2890 1818 3015 1872 mihi
3043 1816 3349 1870 manducare
3378 1830 3396 1867 :
3436 1823 3487 1867 et
3518 1823 3728 1865 canora

2121 1937 2241 1990 quae
2268 1917 2459 1973 nostis.
2516 1914 2585 1969 Et
2612 1928 2732 1967 cum
2763 1911 2839 1966 illi
2868 1916 3167 1979 numerent
3194 1903 3405 1974 quando
3442 1902 3499 1957 ei
3554 1902 3725 1956 obse—

2122 2012 2245 2083 quia
2276 2012 2375 2065 ista
2405 2006 2778 2078 praebuissent,
2812 1999 3087 2071 respondit
3120 2014 3134 2052 :
3166 1995 3380 2063 Quando
3404 1994 3494 2047 uni
3525 2009 3593 2046 ea:
3614 1993 3717 2045 mi-

2124 2082 2274 2159 nimis
2303 2100 2426 2155 meis
2453 2098 2661 2170 fecistis,
2693 2094 2819 2148 mihi
2843 2093 3049 2165 fecistis.
3081 2089 3171 2144 Isti
3215 2087 3417 2141 minimi
3454 2096 3581 2138 sunt
3631 2082 3715 2151 qui

2125 2194 2390 2262 rccipiunt
2409 2191 2460 2245 in
2494 2185 2834 2243 tabernacula
2870 2190 3099 2236 'zeterna.
3141 2179 3255 2233 iloe
3294 2175 3427 2231 dixit
3476 2173 3708 2237 dextris,

2126 2286 2250 2355 quia
2285 2283 2522 2337 fecerunt
2552 2296 2567 2333 :
2594 2278 2697 2331 hoc
2729 2274 2861 2330 dixit
2897 2270 3128 2327 sinistris
3143 2270 3187 2335 ⁸,
3233 2268 3354 2338 quia
3400 2265 3573 2319 facere
3613 2280 3708 2317 nn-

2126 2381 2359 2435 lucrunt.
2400 2373 2507 2430 Sed
2553 2370 2722 2426 dextri
2760 2368 2849 2439 qui
2886 2367 3156 2428 fecerunt,
3199 2360 3327 2431 quid
3372 2367 3708 2427 acceperunt,

2127 2471 2216 2526 vel
2241 2468 2414 2539 potius
2442 2464 2571 2536 quid
2601 2458 2867 2529 accepturi
2891 2456 3046 2511 sunt?
3090 2452 3296 2515 Venite,
3326 2450 3533 2519 inquit,
3565 2447 3708 2499 bene-

2131 2562 2251 2618 dicti
2284 2559 2451 2614 Patris
2495 2558 2589 2610 mei
2615 2598 2629 2622 ,
2681 2553 2930 2624 possidete
2973 2554 3209 2619 paratum
3256 2542 3391 2598 vobis
3432 2555 3637 2612 regnum
3682 2555 3713 2589 a

2131 2644 2489 2709 constitutione
2507 2646 2705 2701 mundi.
2736 2640 2938 2697 Esurivi
2968 2639 3118 2701 enim,
3152 2645 3198 2690 et
3226 2632 3432 2688 dedistis
3448 2630 3569 2684 mihi
3584 2646 3715 2681 nian-

2133 2747 2338 2799 durare.
2370 2737 2587 2808 Quando
2613 2734 2699 2789 uni
2728 2749 2789 2788 ex
2815 2729 3032 2784 minimis
3056 2727 3178 2781 meis
3210 2723 3395 2795 fecistis
3418 2765 3431 2788 ,
3476 2720 3599 2774 mihi
3641 2721 3714 2788 fc-

2134 2835 2270 2889 cistis
2325 2829 2550 2904 (Matth.
2604 2841 2732 2891 xxv,
2795 2820 3005 2892 i540).
3053 2816 3251 2873 Minimi
3289 2824 3419 2884 ergo
3465 2812 3551 2882 qni
3597 2819 3719 2865 sunt

2132 2902 2376 2981 Christi?
2399 2921 2474 2975 illi
2496 2928 2620 2974 sunt
2650 2917 2738 2986 qui
2778 2913 2954 2969 omnia
2981 2925 3073 2965 sua
3103 2907 3450 2971 dimiserunt,
3478 2913 3530 2958 et
3555 2902 3718 2957 seruti

2136 3027 2257 3074 sunt
2286 3031 2432 3082 cum,
2455 3022 2507 3069 et
2528 3007 2782 3083 quidquid
2812 3005 3111 3062 habuerunt
3130 3043 3145 3068 ,
3175 2996 3497 3071 pauperibus
3539 2993 3716 3049 distri-

2140 3113 2402 3172 buerunt;
2433 3115 2493 3162 ut
2518 3094 2629 3159 Ι)ὲο
2661 3102 2778 3157 sine
2797 3097 3039 3155 saeculari
3070 3092 3329 3163 compede
3359 3086 3587 3161 expediti
3609 3102 3717 3140 scr-

2136 3198 2332 3268 virent‘,
2360 3200 2413 3255 et
2436 3198 2504 3252 ab
2527 3192 2779 3251 oneribus
2811 3186 2995 3244 ntundi
3036 3187 3311 3252 liberatos,
3344 3182 3489 3237 velut
3521 3194 3714 3250 penna-

2138 3306 2223 3350 tus
2252 3304 2461 3348 sursum
2489 3290 2744 3343 humeros
2776 3281 3041 3338 tollerent.
3073 3276 3136 3332 lii
3167 3285 3291 3330 sunt
3307 3271 3529 3329 minimi.
3549 3269 3714 3337 Quare

2141 3383 2386 3441 minimi?
2414 3363 2551 3449 Quia.
2580 3376 2809 3433 humiles
2829 3417 2843 3441 ,
2877 3371 2998 3444 quia
3026 3384 3130 3425 non
3159 3368 3282 3422 elati
3302 3410 3315 3431 ,
3350 3381 3457 3420 non
3489 3358 3708 3433 superbi.

2142 3475 2402 3547 Appende
2427 3470 2675 3528 minimos
2705 3469 2855 3534 istos,
2880 3476 2932 3520 et
2951 3474 3107 3535 grave
3134 3460 3341 3532 pondus
3371 3457 3621 3513 invenies.

2212 3565 2440 3624 CAPUT
2477 3564 2544 3619 li.
2571 3593 2642 3603 —
2663 3558 2718 3615 9...
2757 3552 3051 3612 Hammona
3071 3550 3367 3624 iniquitatis.
3398 3548 3713 3616 Elcemosyna

2145 3678 2245 3716 non
2271 3661 2335 3715 dc
2360 3657 2573 3729 rapinis,
2628 3653 2716 3709 sed
2741 3650 2802 3706 de
2819 3650 2975 3724 justi:
3025 3645 3276 3702 laboribus
3326 3645 3571 3715 facienda.
3619 3637 3713 3695 Sed

2146 3752 2270 3823 quid
2298 3762 2400 3815 est,
2428 3747 2569 3818 quod
2601 3747 2674 3799 ait
2703 3760 2795 3799 eos
2821 3758 2940 3797 esse
2969 3740 3171 3795 amicos
3198 3736 3265 3791 de
3302 3747 3597 3791 mammona
3621 3728 3713 3785 iui.

2147 3842 2402 3913 qnitalis?
2447 3837 2583 3906 Quid
2640 3843 2723 3890 est.
2775 3842 3078 3887 mammona
3121 3824 3451 3898 iniquitatis?
3496 3823 3711 3878 Primum

2148 3933 2273 4004 quill
2302 3940 2383 3987 est
2421 3924 2756 3984 mammona?
2783 3920 3018 3979 Verbum
3054 3928 3137 3976 est
3162 3919 3305 3974 enim
3332 3917 3472 3987 quod
3510 3914 3710 3969 latinum

2150 4003 2254 4078 non
2282 4033 2382 4077 est.
2417 4018 2697 4075 llebra-nm
2729 4014 2949 4071 verbum
2978 4022 3078 4077 esr,
3110 4017 3394 4080 cognatum
3419 4008 3603 4077 lingua:
3624 4003 3711 4058 Ρυ-

2150 4116 2307 4171 nicze.
2334 4112 2453 4168 ista:
2478 4112 2620 4167 enim
2652 4109 2842 4177 lingum
2870 4105 2969 4160 sibi
2997 4100 3397 4172 signiﬁcationis
3423 4098 3635 4169 quadam
3655 4091 3711 4144 vi-

2152 4211 2369 4264 cinitate
2398 4205 2688 4261 sociantur.
2722 4198 2871 4268 Quod
2901 4196 3084 4252 Punici
3119 4195 3304 4248 dicunt
3342 4205 3619 4250 mammon,
3644 4184 3710 4237 ia-

2155 4302 2265 4356 tine
2290 4300 2494 4353 lucrum
2522 4302 2761 4349 vocatur.
2787 4288 2938 4358 Quod
2970 4284 3177 4341 ilcbra:i
3205 4284 3390 4338 dicunt
3416 4290 3705 4337 mammona,

2156 4392 2319 4449 latine
2342 4389 2540 4445 divitia:
2563 4393 2838 4440 vocantur.
2863 4380 2933 4436 Ut
2952 4394 3080 4449 ergo
3100 4376 3263 4432 latine
3291 4384 3457 4430 totum
3481 4374 3706 4428 dicamus.

2159 4486 2261 4540 hoc
2289 4482 2363 4536 ait
2395 4480 2651 4535 Dominus
2692 4483 2873 4529 noster
2898 4471 3055 4527 Jesus
3094 4468 3357 4533 Christus,
3396 4463 3565 4519 Facite
3598 4457 3709 4513 vobis

2158 4576 2348 4629 amicos
2377 4572 2440 4626 de
2465 4569 2650 4624 divitiis
2676 4565 2971 4637 iniquitatis.
3001 4561 3113 4617 Hoc
3139 4559 3354 4629 quidam
3383 4556 3517 4613 male
3543 4551 3708 4608 intellio

2158 4664 2331 4738 gendo
2360 4662 2573 4732 rapiunt
2598 4673 2687 4714 res
2720 4655 2942 4721 alienas,
2969 4661 3023 4707 et
3050 4649 3246 4721 aliquid
3277 4648 3401 4703 inde
3427 4643 3708 4717 pauperibus

2162 4757 2473 4827 largiuntur,
2504 4758 2557 4808 et
2595 4758 2781 4820 putant
2820 4760 2879 4802 se
2916 4745 3092 4800 facere
3118 4742 3257 4814 quod
3288 4750 3597 4811 pratocptutn
3625 4744 3706 4788 est.

2162 4824 2354 4907 Dicunt
2378 4846 2518 4900 enim
2546 4862 2560 4897 :
2584 4842 2793 4912 Rapere
2820 4852 2909 4894 res
2944 4837 3166 4901 alienas,
3199 4846 3501 4888 mammona
3526 4837 3601 4884 est
3626 4824 3709 4879 iui-

2163 4939 2413 5012 quitatis;
2473 4948 2696 5006 erogare
2744 4930 2868 4987 inde
2912 4927 3130 4998 aliquid,
3185 4925 3419 4981 maxime
3470 4919 3710 4994 egentibus

2230 5101 2246 5131 ι
2275 5095 2443 5146 Plures
2458 5100 2589 5155 uss,
2610 5098 2658 5144 et
2677 5088 2890 5155 ipsum
2912 5086 2962 5138 in
2984 5084 3306 5139 tabernaculis
3556 5088 3601 5131 Et
3622 5089 3711 5128 mox

2166 5156 2404 5215 nonnulli,
2427 5154 2514 5218 Qui
2535 5150 2749 5218 suntqui
2772 5150 2961 5218 habent,
2986 5158 3083 5201 etc.

2230 5198 2746 5269 i'i'é's'éit‘éiis's'iét‘ﬁ
2772 5198 3009 5273 ώέξς-Ῑίόον
3026 5198 3131 5273 non
3176 5208 3305 5273 dixit
3348 5198 3712 5273 sinistris._t‘aulo

2168 5266 2287 5345 post,
2297 5266 2514 5345 melioris
2527 5266 2655 5345 notae
2676 5282 2806 5345 Mss,
2830 5266 2921 5345 sed
2945 5271 3135 5345 dextris
3156 5271 3238 5345 qui
3260 5271 3490 5345 feceratnt,
3512 5266 3587 5345 qni
3605 5275 3710 5345 affet

2169 5329 2455 5407 penulam
2470 5338 2631 5407 potius
2652 5335 2737 5400 qui
3024 5340 3150 5407 sinit.
3169 5329 3288 5383 'Hos
3310 5329 3531 5382 nimirum
3546 5329 3710 5378 dextros

2170 5398 2197 5455 'a
2222 5398 2433 5454 minimis
2453 5398 2704 5452 distinctds
2725 5398 2937 5448 ostendit
2958 5398 3263 5460 Augustinus.

2234 5490 2251 5505 '
2277 5484 2564 5534 Emendatus
2605 5482 2664 5531 ad
2707 5493 2879 5529 omnes
2913 5479 3106 5529 codices
3142 5478 3346 5539 scriptos
3389 5483 3440 5524 et
3462 5480 3642 5523 excusas
3671 5465 3705 5513 iu

2169 5559 2397 5598 sermone
2429 5544 2726 5609 [recalenti
2765 5542 2907 5591 modo
2926 5540 3223 5603 designatos.

2236 5632 2310 5739 (ἐπὶ
2336 5631 2448 5679 vide
2474 5628 2557 5677 lib.
2582 5627 2645 5676 de
2660 5626 2976 5692 _Correetione
2999 5625 3228 5676 Douatist.
3253 5635 3345 5674 seu
3370 5618 3603 5685 epistolam
3624 5611 3697 5670 185,

2212 5707 2278 5741 .2
2314 5729 2325 5739 .

2173 5707 2203 5743 η
2236 5707 2307 5818 th;
2344 5753 2473 5814 tlias,
2493 5751 2555 5800 de
2583 5750 2750 5803 verbis
2772 5742 2952 5798 Domim
2976 5747 3052 5796 55.
