3852 6182
173 303 281 360 διο

176 419 393 483 sanctis,
423 417 527 470 hoc
555 421 640 470 est
665 413 838 468 facere
865 411 1065 466 amicos
1087 407 1155 463 de
1181 415 1481 460 mammona
1510 399 1752 470 iniquita-

177 514 271 567 tis.
302 509 606 564 Intellectus
643 505 743 559 iste
783 499 1126 571 corrigendos
1160 505 1266 560 est,
1307 494 1416 548 imo
1452 491 1520 546 de
1560 489 1754 546 tabulis

175 601 348 658 cordis
371 598 535 652 vestri
564 596 782 649 omnino
805 591 1061 647 delendas
1090 597 1188 644 est.
1219 587 1354 642 Nolo
1386 585 1465 641 sic
1488 582 1752 651 intelliga-

178 697 263 749 tis.
312 694 388 746 De
426 691 587 760 justis
629 687 900 742 laboribus
938 684 1094 738 facite
1134 681 1499 749 eleemosynas
1530 693 1542 728 :
1570 691 1634 730 ex
1689 688 1754 729 eo

176 785 314 856 quod
335 792 481 838 recte
507 777 716 834 habetis
735 776 876 830 date.
905 773 1019 828 Non
1047 773 1186 826 enim
1207 766 1508 838 corrupturi
1527 765 1655 856 estis
1669 763 1756 833 ju-

176 854 347 930 dicem
372 872 667 931 Christum,
699 877 756 920 ut
786 882 890 920 non
922 878 1018 918 vos
1053 861 1233 916 audiat
1260 873 1380 914 cum
1414 854 1752 927 pauperibus,

176 966 366 1035 quibus
394 960 602 1016 tollitis.
633 958 686 1012 Si
717 958 858 1012 enim
888 952 1276 1025 deprzedareris
1303 949 1534 1018 aliquem
1563 943 1754 1000 invali-

174 1057 321 1118 dum,
350 1065 407 1113 tu
437 1053 663 1108 validior
686 1059 740 1104 et
767 1049 1053 1120 potentior,
1079 1054 1134 1102 et
1151 1045 1356 1099 veniret
1380 1050 1554 1096 tecum
1580 1038 1646 1092 ad
1672 1036 1756 1106 ju-

174 1147 346 1201 dicem
389 1143 658 1198 hominem
697 1139 984 1210 quemlibet
1028 1137 1078 1190 iu
1130 1135 1230 1189 hac
1273 1143 1434 1198 terra,
1476 1130 1756 1184 habentem

172 1234 443 1306 judicandi
483 1233 714 1301 aliquam
748 1236 1081 1299 potestatem,
1108 1226 1376 1294 velletque
1415 1231 1589 1278 tecum
1628 1236 1755 1276 cau-

173 1340 286 1378 sam
328 1324 526 1384 dicere,
557 1321 602 1374 si
635 1329 688 1374 tu
717 1318 782 1373 de
808 1317 985 1388 prteda
1011 1325 1065 1370 et
1101 1315 1416 1384 Spoliatione
1459 1313 1545 1366 illa
1587 1310 1758 1380 inopis

177 1414 342 1467 dares
369 1410 560 1480 aliquid
583 1409 772 1478 judici,
801 1416 860 1461 ut
881 1421 975 1476 pro
999 1417 1048 1460 te
1065 1405 1349 1475 judicarct,
1374 1402 1537 1474 judex
1567 1402 1656 1456 ille
1676 1401 1758 1455 vel

178 1505 271 1557 tibi
305 1502 570 1572 placeret?
599 1500 802 1567 Nempe
826 1514 921 1568 pro
946 1506 996 1552 le
1021 1496 1295 1565 judicavit,
1327 1503 1381 1549 et
1408 1503 1582 1547 tamen
1615 1500 1758 1545 tanta

173 1598 251 1650 vis
290 1605 376 1651 est
409 1593 650 1662 justitite,
681 1601 737 1646 ut
772 1600 826 1645 et
863 1589 957 1644 tibi
996 1589 1290 1659 displiceat.
1322 1586 1439 1640 Noli
1481 1585 1571 1639 tibi
1600 1584 1757 1638 talem

174 1688 395 1756 pingere
421 1685 610 1747 Deum,
642 1682 747 1734 noli
777 1681 1038 1734 collocare
1064 1679 1117 1731 in
1147 1676 1341 1746 templo
1361 1675 1534 1730 cordis
1561 1675 1632 1740 tui
1657 1673 1758 1728 tale

175 1778 396 1831 idolum.
425 1773 542 1829 Non
567 1782 651 1826 est
680 1773 799 1825 talis
819 1771 956 1825 Deus
979 1779 1120 1832 tuus,
1143 1767 1312 1838 qualis
1333 1783 1435 1820 non
1460 1765 1623 1820 debes
1640 1779 1758 1820 esse

174 1884 271 1923 nec
302 1877 378 1921 tu.
409 1865 464 1921 Si
497 1873 552 1919 tu
584 1879 688 1917 non
717 1863 794 1916 sic
814 1861 1040 1931 judices,
1059 1859 1152 1914 sed
1171 1859 1316 1929 juste
1335 1857 1572 1926 judices;
1598 1855 1756 1910 etiam

175 1959 248 2013 sic
275 1957 469 2012 melior
507 1965 588 2009 est
623 1963 674 2009 te
702 1955 840 2007 Deus
883 1961 1004 2006 tuus
1037 1968 1050 2004 :
1083 1965 1189 2004 non
1220 1959 1301 2004 est
1326 1947 1576 2012 inferior;
1605 1947 1761 2017 justi-

176 2052 275 2104 tior
306 2059 413 2113 est,
446 2047 567 2102 fons
586 2047 804 2116 justiti-.e
831 2053 930 2098 est.
963 2041 1226 2111 Quidquid
1257 2039 1378 2096 boni
1419 2039 1608 2101 fecisti,
1639 2037 1760 2092 inde

175 2142 484 2210 sumpsisti;
532 2148 587 2194 et
611 2137 862 2208 quidquid
904 2134 1028 2189 boui
1057 2132 1366 2196 eructuasti,
1397 2130 1520 2184 inde
1557 2129 1757 2184 bibisti.

177 2233 384 2287 Laudas
407 2247 522 2293 vas,
545 2231 666 2300 quia
696 2227 856 2281 habet
882 2225 1001 2279 inde
1024 2222 1240 2293 aliquid,
1270 2229 1324 2276 et
1350 2220 1618 2290 vituperas
1640 2219 1758 2272 fon-

177 2323 322 2379 tem?
367 2321 543 2377 Nolite
582 2320 720 2374 velle
765 2320 1128 2386 eleemosynas
1170 2313 1344 2367 facere
1372 2311 1439 2366 de
1485 2311 1668 2365 fenore
1708 2318 1762 2362 et

174 2418 371 2470 usuris.
405 2412 678 2468 Fidelibus
703 2412 844 2476 dico,
862 2408 946 2465 .eis
971 2407 1162 2477 quibus
1190 2406 1384 2461 Christi
1411 2405 1618 2472 Corpus
1643 2416 1764 2455 ero-

173 2523 362 2577 gamus
391 2506 530 2560 dico.
557 2505 782 2566 Timete,
813 2501 1064 2571 corrigite
1092 2514 1186 2553 vos
1219 2516 1230 2550 :
1264 2513 1331 2553 ne
1350 2497 1521 2551 dicam
1555 2502 1758 2565 postea,

174 2596 247 2650 'l‘u
285 2595 418 2650 facis
446 2605 499 2650 et
527 2603 582 2648 tu
609 2592 755 2646 facis.
784 2592 850 2646 Et
872 2599 1017 2661 puto,
1046 2590 1166 2658 quia
1197 2589 1240 2643 si
1269 2588 1461 2651 fecero,
1495 2601 1599 2641 non
1632 2584 1761 2639 mihi

175 2687 380 2742 debetis
410 2685 587 2746 irasci,
611 2683 704 2739 sed
735 2681 902 2746 vobis,
932 2688 989 2734 ut
1008 2677 1366 2749 corrigamini.
1390 2676 1473 2753 Ad
1494 2675 1594 2731 hoc
1619 2681 1760 2730 enim

177 2778 312 2832 valet
340 2775 488 2846 quod
516 2775 717 2830 dictum
734 2781 816 2828 est
841 2773 891 2825 iu
917 2771 1128 2825 Psalmo
1158 2789 1171 2823 :
1197 2768 1506 2833 lrascimini,
1535 2775 1582 2821 et
1607 2766 1763 2820 nolite

176 2885 381 2937 pert-rue
409 2865 580 2936 (Psal.
613 2880 688 2928 tv,
717 2864 792 2935 5).
822 2863 956 2916 γυιο
983 2875 1078 2916 vos
1107 2863 1282 2927 irasci,
1312 2859 1404 2914 sed
1436 2866 1491 2912 ut
1511 2873 1616 2912 nou
1641 2870 1762 2926 pec-

175 2959 323 3012 cetis.
361 2957 432 3012 Ut
459 2965 635 3010 autem
680 2970 784 3009 non
827 2952 1074 3022 peccetis,
1115 2951 1307 3020 quibus
1349 2949 1553 3004 habetis
1580 2947 1757 3014 irasci,

178 3050 269 3104 nisi
298 3048 497 3102 vobis?
520 3046 657 3114 Quid
685 3054 768 3100 est
789 3046 935 3099 enim
962 3043 1122 3096 homo
1153 3041 1433 3111 paenitens,
1469 3040 1568 3094 nisi
1601 3039 1763 3094 homo

180 3143 418 3196 irascens
459 3139 606 3194 sibi?
632 3138 698 3192 Ut
741 3136 964 3204 accipiat
991 3135 1218 3200 veniam,
1265 3131 1331 3186 de
1368 3147 1427 3187 se
1456 3130 1571 3200 ipso
1599 3129 1763 3200 exigit

181 3249 422 3303 poenam;
456 3239 512 3286 et
549 3239 691 3284 recte
721 3229 846 3283 dicit
877 3229 1002 3291 Deo,
1031 3220 1208 3279 Averte
1243 3225 1415 3277 oculos
1439 3233 1549 3276 tuos
1582 3239 1614 3275 a
1643 3238 1760 3292 pec-

180 3326 295 3379 catis
346 3323 476 3376 meis
499 3363 511 3386 ,
563 3321 800 3390 quoniam
857 3329 1115 3390 peccatum
1169 3331 1336 3369 meum
1403 3330 1494 3384 ego
1545 3328 1761 3383 agnosco

181 3415 347 3479 (real.
383 3431 435 3470 ι.
471 3413 559 3469 ll.
583 3412 659 3481 5).
706 3411 759 3465 Si
789 3418 844 3463 tu
884 3409 1146 3478 agnoscis,
1189 3414 1242 3461 et
1269 3405 1357 3461 ille
1388 3405 1626 3475 ignoscit.
1661 3402 1761 3468 Qui

183 3499 472 3562 faciebatis,
506 3498 670 3551 nolite
697 3496 870 3550 facere
899 3512 912 3548 :
939 3508 1044 3548 non
1076 3493 1216 3546 licet.

243 3589 479 3647 CAPUT
518 3588 770 3644 lit—3.
829 3585 1105 3640 Zacchwus
1157 3581 1452 3637 imitandus.
1497 3579 1602 3636 Sed
1650 3579 1760 3648 jam

182 3682 221 3735 si
245 3681 474 3742 fecistis,
497 3688 554 3734 et
578 3678 828 3748 pecunias
856 3676 988 3729 tales
1015 3674 1241 3740 habetis,
1273 3682 1328 3727 et
1354 3671 1478 3726 inde
1507 3670 1762 3724 saccellos

185 3773 463 3844 implestis,
510 3771 634 3826 inde
666 3768 1134 3824 thesaurizabatis‘
1165 3784 1176 3819 :
1209 3765 1277 3820 de
1325 3765 1464 3819 malo
1495 3770 1575 3818 est
1621 3760 1763 3831 quod

186 3863 407 3928 habetis,
443 3863 555 3932 jam
604 3862 768 3916 nolite
806 3860 998 3914 malum
1040 3857 1290 3923 addere',
1335 3863 1391 3910 et
1425 3853 1581 3909 facite
1614 3854 1764 3909 vobis

183 3956 380 4010 amicos
410 3955 480 4008 de
508 3967 807 4007 mammona
837 3951 1142 4020 iniquitatis.
1179 3946 1441 4016 Numquid
1479 3945 1765 4000 Zacchteus

184 4045 244 4100 de
271 4040 415 4099 bdno
444 4041 713 4098 habebat?
739 4041 920 4110 Legite
947 4050 1000 4095 et
1023 4039 1217 4094 videte.
1255 4037 1420 4107 Major
1448 4045 1562 4091 erat
1591 4035 1763 4105 publi-

186 4150 463 4198 canorum,
496 4133 547 4188 id
585 4141 688 4197 est,
734 4132 819 4186 cui
856 4129 1130 4200 vectigalia
1163 4128 1373 4198 publica
1412 4126 1762 4181 confereban-

190 4235 266 4280 tur
299 4245 311 4279 :
343 4225 469 4279 inde
497 4225 724 4278 habebat
751 4222 983 4276 divitias.
1031 4219 1222 4273 Multos
1265 4225 1552 4287 presserat,
1585 4217 1765 4271 multis

185 4315 494 4378 abstulerat,
529 4314 688 4368 multa
729 4319 1085 4381 congesserat.
1134 4309 1348 4364 Intravit
1389 4309 1604 4363 domum
1650 4310 1766 4377 ejus

186 4405 450 4470 Christus,
482 4414 538 4459 et
566 4405 708 4458 venit
744 4403 888 4458 salus
916 4417 1076 4470 super
1097 4400 1309 4455 domum
1339 4399 1455 4468 ejus
1483 4417 1494 4452 :
1523 4399 1600 4452 sic
1624 4400 1764 4453 enim

186 4497 256 4549 ait
295 4497 413 4564 ipse
441 4495 716 4559 Dominus,
766 4491 932 4546 Hodie
959 4491 1097 4546 salus
1138 4489 1309 4543 domui
1345 4489 1463 4542 huic
1501 4491 1635 4560 facta
1673 4497 1764 4543 est.

188 4585 291 4640 Sed
322 4586 494 4655 ipsam
523 4585 745 4639 salutem
778 4582 969 4636 videte.
1007 4581 1184 4636 Primo
1219 4579 1557 4635 desiderabat
1588 4580 1766 4634 Domi-

191 4693 313 4730 num
340 4674 544 4740 videre,
575 4675 696 4743 quia
727 4681 926 4727 statura
957 4685 1150 4740 parvus
1182 4680 1296 4724 erat
1323 4688 1334 4723 :
1367 4669 1460 4724 sed
1491 4670 1641 4725 turba
1671 4671 1770 4724 im-

189 4767 439 4836 pediente
453 4765 690 4819 ascendit
715 4764 766 4817 iu
795 4764 1040 4818 arborem
1064 4761 1348 4832 sycomori,
1367 4769 1420 4815 et
1440 4761 1568 4815 vidit
1596 4770 1767 4817 trans-

191 4866 426 4909 euntem.
480 4854 572 4908 Ille
616 4864 793 4908 autem
854 4853 1060 4921 aspexit
1103 4867 1246 4916 eum,
1283 4859 1336 4904 et
1364 4851 1476 4905 ait:
1505 4851 1766 4917 Zacohtee,

193 4945 470 5010 descende;
503 4945 642 5015 apud
665 4953 712 4997 te
737 4952 927 5013 Oportet
953 4960 1030 4996 me
1055 4957 1272 4994 manere.
1307 4940 1386 4994 Tu
1414 4940 1632 5009 pendes,
1676 4941 1770 4995 sed

195 5053 300 5092 non
328 5047 378 5091 te
406 5036 693 5106 suspendo,
724 5035 827 5089 hoc
854 5044 955 5096 est,
985 5049 1087 5088 non
1118 5043 1170 5088 te
1196 5032 1400 5086 differo.
1436 5032 1661 5087 Volebas
1690 5033 1770 5086 vi-

195 5127 324 5182 dere
352 5136 735 5192 transeuntem,
773 5125 932 5180 hodie
969 5139 1055 5179 me
1081 5124 1218 5193 apud
1251 5131 1302 5178 te
1346 5123 1582 5177 invenie
1623 5123 1773 5176 habi—

199 5231 420 5275 tantem.
453 5221 724 5290 lngressus
743 5229 826 5275 est
851 5219 916 5274 ad
946 5233 1068 5274 eum
1095 5217 1347 5272 Dominus
1376 5234 1388 5270 :
1419 5215 1655 5285 repletus
1685 5215 1774 5270 ille

195 5312 390 5381 gaudio
426 5313 520 5374 ait,
563 5311 840 5364 Dimidium
881 5327 1050 5364 rerum
1088 5325 1310 5362 mearum
1346 5307 1411 5360 do
1448 5305 1771 5377 pauperibus.

198 5403 338 5460 Ecce
377 5404 644 5475 quomodo
686 5405 868 5468 currit,
918 5404 1008 5474 qui
1052 5401 1432 5456 currit-facere
1469 5399 1671 5455 amicos
1708 5398 1775 5454 de

265 5559 282 5590 ¹
308 5566 380 5628 Sic
396 5558 584 5628 aliquot
607 5567 711 5608 Mss.
737 5556 822 5608 Alii
844 5571 980 5620 vero,
1021 5555 1394 5609 thesam‘izastis.
1423 5561 1476 5605 At
1515 5554 1652 5616 editi,
1677 5553 1778 5605 the-

149 5707 154 5711 ~
265 5691 288 5720 '
305 5700 402 5740 Ant.
425 5699 497 5740 ειν.
525 5697 576 5740 et
598 5697 723 5751 Mss,
749 5689 928 5741 malum
950 5689 1128 5754 facere.
1523 5718 1562 5752 ι.
1577 5731 1602 5751 ,
1619 5731 1648 5750 ..

486 5765 757 5826 ΡΑτιιοι.
795 5765 1142 5830 XXXVIII.

1607 279 1839 340 SEBMO
1876 275 2064 336 CXIII.

3328 278 3435 335 650

1864 406 2165 448 mammona
2185 392 2493 463 iniquitatis.
2517 392 2579 448 Et
2607 409 2673 449 ne
2692 406 2815 448 reus
2829 390 3041 446 aliunde
3057 398 3357 446 teneretur:
3375 392 3438 448 εἰ

1860 486 1944 540 cui
1962 484 2154 553 aliquid
2169 485 2281 550 tuli,
2300 485 2393 550 ait,
2412 485 2750 555 quadruplum
2767 484 2974 538 reddam
2999 483 3146 555 (Luc.
3161 499 3271 548 six,
3287 483 3344 548 2.
3357 483 3437 554 9).

1863 577 2059 631 Iulliin
2079 576 2178 631 sibi
2199 575 2717 642 condemnationem,
2742 593 2808 632 ne
2833 578 3126 632 incurreret
3140 575 3440 632 damnatio-

1862 684 2003 722 nem.
2026 669 2164 737 Ergo
2184 669 2270 737 qui
2294 667 2498 722 habetis
2521 668 2587 723 de
2608 669 2766 733 malo,
2791 668 2946 723 facile
2970 667 3091 722 inde
3109 667 3323 721 bonum.
3340 667 3439 734 Qtti

1862 774 1968 814 non
1985 757 2188 813 habetis
2205 759 2270 812 de
2290 759 2453 824 malo,
2473 758 2634 813 nolite
2654 759 2926 827 acquirere
2938 758 3003 812 de
3017 757 3175 811 malo.
3197 757 3327 812 Esto
3347 757 3442 812 bo-

1863 865 1962 904 nus
1977 859 2033 905 tu
2050 850 2141 919 qui
2155 850 2350 905 bonum
2371 849 2496 905 l‘acis
2507 849 2573 904 de
2593 849 2730 903 malo
2745 851 2762 880 ¹
2785 857 2993 903 :etcum
3007 848 3234 918 cmperis
3245 847 3442 918 aliquid

1865 941 1993 996 boni
2016 940 2192 996 facere
2217 940 2284 995 de
2309 941 2469 1006 malo,
2499 940 2606 995 noli
2634 953 2908 994 remanere
2936 948 2989 993 tu
3011 939 3202 992 malus.
3229 937 3444 992 Nummi

1863 1031 1936 1085 tui
1966 1039 2345 1086 convertuntur
2372 1030 2423 1084 in
2453 1030 2671 1093 bonum,
2694 1039 2749 1083 et
2777 1037 2831 1083 tu
2854 1042 3099 1083 remanes
3120 1028 3330 1083 malus?

1932 1123 2160 1179 CAPUT
2203 1123 2291 1178 IV.
2311 1152 2385 1163 —
2401 1123 2454 1176 4.
2471 1119 2766 1175 Hammona
2787 1121 3065 1190 iniquitatis
3085 1120 3166 1173 cui
3189 1120 3338 1174 dicte
3361 1120 3445 1174 di—

1861 1215 2013 1268 vitiae.
2063 1214 2160 1268 Est
2210 1213 2422 1282 quidem
2461 1221 2516 1266 et
2573 1212 2705 1266 alius
2743 1211 3077 1275 intellectus;
3123 1225 3221 1264 nec
3262 1210 3434 1279 ipsum

1865 1305 2070 1358 tacebo.
2125 1304 2421 1358 Mammona
2474 1302 2784 1372 iniquitatis,
2839 1302 3035 1355 divitia:
3083 1307 3206 1355 sunt
3256 1299 3437 1354 saeculi

1863 1408 2069 1459 omnes,
2102 1393 2468 1463 undecumque
2493 1394 2616 1447 sint.
2646 1392 3027 1461 Undecumque
3051 1391 3192 1447 enim
3211 1404 3441 1461 congre-

1861 1494 2072 1552 gentur,
2098 1499 2398 1538 mammona
2427 1485 2716 1554 iniquitatis
2750 1493 2854 1551 est,
2891 1484 2941 1537 id
2967 1492 3064 1548 est,
3097 1483 3291 1538 divitia:
3316 1491 3444 1538 sunt

1865 1575 2172 1645 iniquitatis.
2203 1575 2339 1641 Quid
2378 1584 2478 1637 est,
2509 1574 2707 1629 divitia:
2737 1583 2860 1628 sunt
2900 1573 3229 1644 iniquitatis?
3261 1573 3435 1628 Pecu-

1867 1665 1952 1718 nia
1979 1673 2079 1728 est,
2112 1681 2267 1735 quam
2313 1664 2528 1720 nomine
2558 1665 2858 1719 divitiarum
2897 1664 3128 1735 appellat
3169 1663 3442 1733 iniquitas.

1862 1753 1916 1808 Si
1945 1755 2086 1807 enim
2116 1770 2266 1808 veras
2291 1754 2500 1809 divitias
2529 1757 2740 1825 qumris,
2772 1755 2889 1809 aliae
2915 1763 3056 1808 sunt.
3089 1754 3308 1808 Talibus
3340 1753 3442 1809 Job

1863 1843 2035 1897 nudus
2062 1844 2381 1909 abundabat,
2409 1845 2620 1914 quando
2648 1844 2699 1897 in
2727 1845 2890 1898 Deum
2921 1859 3014 1898 cor
3040 1845 3252 1912 plenum
3279 1843 3444 1899 hahe-

1863 1933 1975 1998 bat,
2015 1942 2068 1987 et
2095 1933 2276 1988 laudes
2318 1935 2427 1988 Deo
2459 1934 2674 2004 perditis
2702 1934 2950 1988 omnibus
2991 1935 3149 1988 rebus
3189 1943 3441 2004 tanquam

1862 2039 2098 2093 gemmas
2146 2025 2552 2094 pretiosissimas
2597 2025 2901 2094 proferebat
2929 2023 2947 2095 (
2978 2023 3077 2078 Job
3124 2040 3159 2088 I,
3207 2024 3320 2095 2|).
3369 2025 3445 2081 De

1863 2129 1970 2183 quo
1993 2114 2262 2179 thesauro,
2292 2115 2338 2169 si
2369 2114 2498 2168 nihil
2531 2114 2793 2168 habebat?
2822 2114 2956 2183 Ipsae
2993 2124 3114 2168 sunt
3142 2129 3281 2168 verae
3303 2114 3442 2168 divi-

1865 2207 1972 2261 tia‘.
2000 2205 2115 2260 Ista)
2141 2213 2316 2260 autem
2348 2205 2414 2257 ab
2437 2206 2709 2274 iniquitate
2736 2206 3068 2274 appellantur
3096 2205 3312 2259 divitiae.
3340 2205 3445 2260 Ila-

1865 2295 1958 2350 bes
1996 2297 2131 2360 illas,
2180 2311 2284 2350 non
2343 2295 2712 2364 reprehendo:
2748 2296 3030 2350 haereditas
3075 2297 3240 2359 venit,
3294 2306 3446 2366 pater

1868 2394 1988 2440 tuus
2016 2386 2166 2441 dives
2196 2385 2311 2453 fuit,
2336 2396 2388 2440 et
2417 2386 2614 2441 dimisit
2639 2387 2749 2441 tibi.
2781 2387 3012 2441 Honeste
3030 2368 3306 2457 'acqitisisu
3336 2406 3348 2441 :
3379 2389 3447 2442 de

1861 2476 2017 2546 justis
2061 2476 2328 2531 laboribus
2370 2477 2580 2546 plenam
2619 2477 2834 2530 domum
2883 2477 3064 2543 babes,
3107 2492 3212 2533 non
3263 2493 3447 2547 repre-

1866 2567 2060 2621 hendo.
2085 2567 2282 2622 Tamen
2303 2564 2461 2622 etiam
2487 2569 2562 2622 sic
2591 2569 2694 2622 noli
2718 2569 2832 2623 illas
2852 2568 3030 2624 dicere
3051 2569 3281 2624 divitias.
3311 2570 3444 2626 Nam

1865 2658 1908 2710 si
1945 2657 2078 2711 dicis
2106 2657 2221 2711 illas
2249 2658 2478 2720 divitias,
2509 2658 2713 2712 amabis
2744 2659 2861 2714 illas
2893 2677 2904 2712 :
2935 2669 2987 2714 et
3017 2661 3060 2715 si
3087 2655 3349 2717 amaveris
3379 2663 3447 2717 il-

1869 2748 1968 2813 las,
2000 2748 2196 2818 peribis
2241 2765 2359 2802 ettm
2405 2749 2526 2802 illis.
2561 2749 2750 2814 Perdc,
2791 2765 2857 2804 ne
2897 2752 3117 2819 pereas”
3143 2769 3158 2806 :
3189 2750 3348 2820 dona,
3391 2763 3449 2808 ut

1864 2839 2106 2908 acquiras
2129 2855 2142 2889 :
2170 2839 2392 2905 semina,
2417 2847 2474 2892 ut
2502 2847 2688 2893 metas.
2735 2839 2839 2893 Has
2865 2839 3076 2895 divitias
3106 2841 3211 2896 noli
3255 2843 3442 2912 appel-

1864 2927 2009 2996 lare;
2038 2929 2159 2998 quia
2188 2943 2326 2984 verte
2359 2944 2462 2983 non
2493 2936 2633 2983 sunt.
2667 2929 2978 2998 Paupertate
3021 2931 3190 2999 plena:
3219 2943 3361 2999 sunt,
3389 2942 3446 2988 et

1863 3035 2077 3091 semper
2119 3021 2363 3076 obnoxiae
2410 3021 2640 3076 casibus.
2672 3021 2867 3089 Quales
2897 3023 3093 3077 divitiae
3131 3033 3277 3090 sunt,
3317 3040 3447 3094 pro-

1866 3120 1983 3181 pter
1996 3126 2126 3182 quas
2153 3113 2411 3166 latronem
2443 3113 2617 3176 times,
2651 3121 2868 3182 propter
2892 3127 3022 3182 quas
3053 3114 3207 3169 times
3233 3128 3444 3170 servum

1867 3209 2033 3266 tuum,
2064 3218 2130 3257 ne
2153 3213 2203 3257 te
2229 3204 2406 3257 occiso
2431 3205 2655 3268 auferat,
2686 3211 2739 3256 et
2777 3201 2976 3273 fugiat?
3004 3203 3060 3258 Si
3087 3219 3226 3260 vera:
3248 3205 3446 3262 divitia:

1865 3301 2066 3359 essent,
2097 3294 2436 3348 securitatem
2460 3292 2551 3346 tibi
2575 3293 2785 3348 darent.

1935 3383 2159 3439 CAPUT
2204 3383 2262 3437 V.
2299 3413 2370 3423 —
2398 3383 2450 3437 5.
2494 3382 2693 3437 Divitiae
2729 3400 2841 3454 qua:
2879 3401 3008 3439 certe
3045 3395 3089 3438 et
3125 3402 3238 3457 qua
3277 3389 3444 3458 falsa.

1867 3473 2006 3543 Ergo
2069 3474 2174 3528 illa:
2237 3482 2361 3527 sunt
2411 3489 2548 3528 verae
2587 3473 2801 3538 divitiae,
2841 3490 2974 3544 quas
3017 3490 3138 3530 cum
3191 3477 3447 3532 habueri-

1868 3579 2004 3626 mus,
2036 3562 2256 3631 perdere
2279 3578 2385 3616 non
2413 3577 2712 3631 possumus.
2744 3564 2808 3616 Et
2829 3579 2894 3618 ne
2923 3563 3058 3618 forte
3083 3575 3298 3634 propter
3324 3566 3443 3621 illas

1867 3652 2038 3707 furem
2069 3653 2274 3714 timeas,
2307 3652 2376 3706 ibi
2404 3660 2562 3706 erunt
2587 3652 2676 3706 ubi
2719 3653 2894 3707 nullus
2919 3653 3140 3708 auferat.
3171 3655 3307 3710 Audi
3336 3657 3447 3712 Do-

1869 3743 2067 3796 minum
2106 3751 2251 3796 tuum
2291 3759 2302 3795 :
2335 3741 2698 3796 Thesaurizate
2734 3742 2869 3797 vobis
2911 3743 3169 3798 thesauros
3202 3745 3258 3800 in
3299 3747 3446 3813 calo,

1866 3848 1964 3904 quo
2004 3831 2088 3901 [ur
2135 3847 2235 3885 non
2281 3831 2482 3886 accedat
2536 3831 2758 3903 (Matth.
2797 3848 2882 3899 vl,
2912 3833 2981 3888 20
3001 3834 3041 3905 ).
3096 3835 3242 3891 Tunc
3292 3847 3448 3892 erunt

1867 3923 2086 3988 divitia),
2138 3921 2350 3992 quando
2385 3938 2476 3976 eas
2522 3923 2848 3993 migraveris.
2899 3925 3159 3991 Quamdiu
3209 3927 3261 3981 in
3307 3937 3444 3985 terra

1870 4024 2012 4079 sunt,
2040 4013 2236 4068 divitiae
2273 4028 2376 4067 non
2417 4022 2558 4068 sunt.
2590 4014 2692 4069 Sed
2725 4014 2932 4071 divitias
2967 4026 3120 4071 vocat
3146 4018 3264 4073 illas
3287 4034 3446 4072 mttu-

1869 4105 1988 4170 dus,
2014 4104 2260 4172 iniquitas
2281 4113 2453 4158 vocat.
2476 4103 2647 4158 Deus’
2669 4103 2789 4158 ideo
2810 4120 3110 4161 mammona
3133 4107 3442 4177 iniquitatis.

1869 4195 1991 4265 quia
2035 4194 2245 4249 divitias
2291 4195 2408 4248 illas
2447 4203 2600 4248 vocat
2644 4195 2908 4264 iniquitas.
2955 4197 3089 4252 Audi
3139 4199 3443 4254 Psalmutn:

1872 4286 2107 4352 Domine,
2129 4286 2291 4339 ‘libera
2331 4302 2408 4339 me
2441 4286 2503 4339 de
2545 4302 2697 4340 manu
2733 4287 2953 4355 ﬁliorum
2991 4291 3290 4358 alienorum,
3318 4308 3443 4361 quo-

1869 4395 1980 4431 rum
2001 4394 2056 4432 os
2083 4377 2307 4431 locutum
2331 4386 2400 4431 est
2429 4378 2730 4443 vanitatem;
2753 4389 2799 4432 et
2828 4379 3030 4434 dextera
3049 4398 3217 4436 eorum
3243 4384 3468 4442 dextera.

1871 4469 2166 4539 iniquitatis.
2208 4468 2434 4534 Quorum
2481 4469 2576 4538 ﬁlii
2621 4468 2748 4522 sicut
2791 4469 3000 4524 novella.-
3040 4474 3370 4528 constabilitas
3415 4493 3447 4528 a

1862 4563 2121 4631 juventute
2156 4577 2267 4614 sua.
2314 4559 2464 4614 Filia:
2498 4576 2666 4616 eorum
2714 4562 3022 4631 composita,
3066 4563 3448 4620 circumoruatte

1871 4654 1998 4707 sicut
2025 4651 2299 4706 similitudo
2328 4653 2518 4723 templi.
2548 4651 2765 4707 Cellaria
2794 4669 2970 4732 eorum
2985 4655 3152 4724 plena,
3180 4669 3449 4714 cructuan~

1875 4743 1944 4794 tia
1972 4757 2035 4795 ea:
2063 4743 2156 4794 hoc
2184 4742 2234 4794 in
2265 4741 2412 4794 illud.
2453 4741 2605 4795 Boves
2632 4757 2804 4794 eorum
2830 4743 3006 4810 crassi,
3037 4759 3150 4799 oues
3171 4762 3344 4800 eorum
3368 4750 3446 4819 fe-

1875 4831 2070 4896 cundae,
2105 4829 2452 4898 multiplicata:
2484 4831 2535 4882 in
2584 4831 2844 4885 itineribus
2879 4833 3005 4885 suis.
3040 4833 3160 4887 Non
3200 4846 3274 4888 est
3303 4838 3450 4890 ruina

1876 4921 2121 4981 macerice,
2147 4934 2302 4986 neque
2322 4919 2580 4980 transitus,
2603 4935 2758 4988 neque
2780 4920 2970 4973 clamor
2989 4920 3040 4974 in
3062 4921 3238 4990 plateis
3257 4940 3449 4978 eorum.

1879 5009 2065 5063 Vidisti
2095 5008 2358 5062 Psalmum
2380 5007 2419 5071 ⁵,
2450 5007 2659 5076 qualem
2693 5007 2996 5063 felicitatem
3023 5009 3336 5080 descripsit:
3357 5015 3450 5069 sed

1878 5097 1998 5151 audi
2028 5095 2153 5165 quid
2179 5095 2300 5159 sit“,
2321 5109 2456 5163 quos
2485 5096 2758 5165 proposuit
2797 5096 2935 5150 filios
2964 5097 3273 5167 iniquitatis.
3314 5101 3453 5168 Quo-

1880 5204 1991 5241 rum
2019 5202 2074 5239 os
2097 5183 2319 5238 locutum
2344 5194 2414 5239 est
2445 5185 2730 5256 vanitatem.
2764 5197 2809 5240 et
2838 5186 3044 5242 dextera
3063 5203 3232 5260 eorum
3253 5189 3458 5247 dextera

1944 5319 1959 5351 ι
1985 5317 2308 5379 Manuseripti,
2331 5317 2412 5378 qui
2435 5315 2556 5379 facis
2573 5317 2641 5379 de
2663 5315 2818 5377 malo;
2843 5323 2893 5367 et
2915 5317 3157 5379 omittunt,
3185 5319 3372 5371 bonum.

1943 5382 1963 5443 ἓ
1989 5377 2205 5443 Nonnulli
2220 5377 2444 5438 codices,
2458 5378 2626 5443 perde,
2649 5392 2709 5429 ne
2731 5380 2926 5443 perdas.

1945 5441 2059 5489 aSic
2101 5447 2200 5506 am.
2241 5445 2314 5488 Er.
2363 5439 2640 5506 et_aliquot
2681 5439 3022 5506 ΜὲδτλΛιΙργ.ἱ
3046 5439 3310 5506 iniquitatis
3333 5456 3465 5499 occat

1883 5500 2186 5613 augeam,
2211 5508 2307 5551 etc.
2331 5501 2528 5560 Quidam
2541 5500 2614 5550 ex
2635 5503 2884 5552 veteribus
2916 5500 3070 5560 libris,
3093 5500 3367 5565 iniquitates
3391 5520 3464 5560 vo-

1947 5625 1969 5656 ι
1993 5628 2041 5686 In
2058 5629 2184 5674 Mss.
2216 5631 2235 5670 ι
2252 5621 2387 5674 idirti
2412 5631 2536 5686 Deus
2559 5621 2765 5686 Qualem,
2793 5630 2887 5673 etc.

1949 5686 1971 5718 ⁸
1997 5685 2183 5746 Aliquot
2206 5692 2333 5745 Mss,
2351 5683 2565 5748 quisinl.

2221 5811 2248 5817 -
2853 5767 3248 5861 Kingt-uns
3268 5779 3306 5854 λ
