3934 6184
273 305 392 360 65³5

351 421 409 474 5.
446 417 545 471 Dei
577 413 807 484 exemplo
854 411 1091 466 donanda
1118 408 1304 463 debita.
1352 405 1599 459 Dicturus
1627 415 1687 456 es
1734 399 1867 454 mihi

277 510 446 565 modo
474 527 490 562 :
517 508 624 562 Sed
649 517 748 575 ego
770 519 872 558 non
901 519 1016 557 sum
1045 503 1202 564 Dens,
1235 499 1394 552 homo
1431 511 1546 552 sum
1602 499 1864 563 meatur.

281 604 398 656 Deo
423 599 641 670 gratias,
686 594 828 664 quod
873 592 1142 647 conﬁteris
1165 604 1284 644 esse
1323 595 1536 655 peccata
1579 595 1686 640 tua.
1731 583 1870 652 Ergo

281 697 522 758 ignosce,
556 698 616 743 ut
635 688 970 742 dimittantur
1000 684 1112 737 tibi.
1143 681 1393 736 Hortatur
1423 691 1518 732 nos
1547 685 1723 729 tamen
1755 687 1870 741 ipse

286 783 548 838 Dominus
585 782 725 834 Deus
750 786 930 831 noster
971 785 1027 828 ut
1068 775 1335 827 imitemur
1370 784 1513 824 eum.
1561 767 1871 833 Priumipse

288 877 429 929 Deus
449 874 715 933 Christus,
749 868 816 922 de
853 881 958 938 quo
995 865 1268 934 apostolus
1296 863 1483 916 Petrus
1521 859 1661 914 dixit
1684 874 1699 916 :
1724 855 1870 912 Clui-

284 975 395 1020 stus
421 979 514 1031 pro
535 961 678 1014 nobis
706 975 885 1028 passus
906 968 997 1019 est,
1021 956 1307 1023 relinquens
1331 952 1468 1006 vobis
1495 951 1796 1018 excinptum,
1819 955 1872 998 ut

285 1052 570 1126 sequamini
597 1051 802 1119 vestigia
844 1049 991 1118 ejus;
1039 1047 1124 1116 qui
1156 1053 1410 1113 peccatum
1457 1056 1558 1094 non
1605 1039 1742 1108 fecit,
1782 1051 1871 1088 nec

286 1147 519 1198 inuentus
545 1151 621 1195 est
645 1141 793 1193 dolus
815 1140 867 1190 in
901 1154 989 1190 ore
1013 1138 1124 1208 ejus
1145 1135 1186 1206 (Ι
1217 1134 1358 1188 Petr.
1386 1149 1446 1194 ιι,
1479 1131 1544 1185 21
1576 1140 1621 1184 et
1649 1128 1765 1198 Ἡ).
1809 1128 1874 1181 Et

288 1237 470 1306 utique
513 1235 629 1302 ipse
677 1245 783 1284 non
820 1229 1048 1282 habebat
1105 1234 1395 1295 peccatum,
1424 1230 1480 1277 et
1524 1229 1763 1275 mortuus
1790 1226 1874 1272 est

287 1345 386 1398 pro
413 1326 648 1396 peccatis
665 1321 878 1382 nostris,
913 1328 970 1373 et
997 1317 1305 1386 sanguinem
1338 1330 1493 1369 suum
1525 1312 1658 1366 fudit
1685 1311 1737 1363 in
1785 1323 1871 1362 re-

292 1423 598 1477 missionem
630 1424 988 1486 peccatorum.
1015 1411 1258 1478 Suscepit
1289 1423 1384 1477 pro
1400 1407 1554 1461 nobis
1599 1403 1738 1474 quod
1769 1416 1872 1455 non

293 1511 541 1575 debebat,
602 1517 659 1560 ut
709 1520 806 1559 nos
853 1521 882 1557 a
927 1503 1106 1556 debito
1161 1501 1430 1553 liberaret.
1481 1497 1599 1552 Non
1647 1493 1875 1548 debebat

293 1603 450 1666 mori,
481 1616 580 1654 nec
607 1614 703 1652 nos
747 1597 942 1648 vivere.
986 1592 1200 1658 Quare?
1239 1592 1370 1658 Quia
1407 1596 1712 1659 peccatores
1759 1600 1878 1639 era-

293 1707 427 1746 mus.
448 1689 559 1743 Nec
587 1703 730 1741 mors
765 1685 1056 1740 debebatur
1091 1683 1183 1746 illi,
1218 1697 1317 1735 nec
1363 1681 1468 1734 vita
1505 1678 1658 1732 nobis
1688 1695 1700 1730 :
1732 1675 1875 1746 quod

290 1784 338 1838 ei
374 1797 480 1835 non
510 1779 804 1832 debebatur
821 1775 1048 1842 accepit,
1075 1771 1216 1845 quod
1247 1771 1398 1825 nobis
1439 1785 1543 1823 non
1581 1767 1877 1823 debebatur

289 1875 458 1930 dedit.
488 1871 597 1926 Sed
618 1870 866 1940 quoniam
889 1867 956 1921 de
982 1865 1296 1920 remissione
1312 1864 1484 1932 agitur
1516 1869 1872 1930 peccatorum,

292 1983 358 2020 ne
379 1964 611 2017 inultum
641 1961 708 2014 ad
731 1975 824 2014 vos
855 1959 871 1989 ί
901 1956 1095 2026 putetis
1116 1955 1309 2010 imitari
1337 1953 1627 2017 Christum,
1650 1953 1878 2020 Aposto-

291 2060 399 2112 lum
425 2056 608 2109 audite
627 2054 912 2116 dicentem,
951 2049 1208 2103 Donoutes
1246 2045 1624 2115 robismetipsis,
1661 2045 1789 2097 sicut
1829 2053 1878 2097 et

296 2149 434 2202 Deus
468 2149 522 2200 in
566 2145 767 2200 Christo
799 2142 1000 2196 donarit
1045 2141 1180 2196 vobis
1215 2139 1528 2210 (Coloss.m,
1564 2139 1675 2209 15).
1704 2136 1880 2192 Estote

287 2257 412 2310 ergo
437 2239 716 2292 imitatores
745 2233 841 2286 Dei
861 2232 1077 2303 (Ephes.
1103 2247 1157 2297 v,
1183 2230 1256 2301 1).
1282 2229 1522 2297 Apostoli
1541 2219 1708 2283 verba
1733 2237 1876 2294 sunt,

297 2346 401 2385 non
430 2344 550 2382 mea
589 2345 603 2380 :
632 2326 806 2379 Estote
825 2339 942 2393 ergo
971 2324 1245 2375 imitatores
1267 2320 1382 2373 Dei.
1405 2319 1564 2373 Certe
1587 2317 1880 2388 superbum

293 2421 592 2478 estimitsri
621 2417 831 2472 Deum?
861 2415 998 2470 Audi
1020 2416 1059 2468 Α
1071 2413 1333 2484 postolum
1363 2430 1377 2466 :
1403 2411 1579 2465 Estote
1603 2411 1880 2464 imitatores

297 2515 413 2579 Dei,
439 2515 574 2568 sicut
607 2512 704 2580 ﬁlii
754 2509 1062 2563 charissimi.
1110 2506 1279 2560 Filius
1324 2505 1522 2559 diceris
1553 2505 1636 2558 :si
1672 2503 1882 2575 respuis

296 2605 670 2669 imitationem,
696 2615 861 2672 quare
887 2599 1080 2669 qumris
1104 2596 1506 2651 haereditatem?

366 2699 424 2752 4.
466 2695 715 2749 Peccotor
773 2691 999 2763 peccanti
1031 2691 1278 2762 ignoscat.
1312 2688 1422 2742 lloc
1464 2688 1698 2742 dicerem
1727 2687 1772 2742 si
1801 2687 1886 2741 ni-

298 2791 366 2844 hil
417 2787 620 2858 peccati
650 2786 898 2851 haberes,
952 2782 1092 2854 quod
1125 2782 1216 2836 tibi
1259 2781 1487 2836 relaxari
1527 2779 1882 2835 desiderares.

297 2883 456 2938 Modo
482 2890 659 2934 autem
700 2877 943 2950 quisquis
973 2890 1052 2942 es,
1097 2875 1258 2928 homo
1294 2889 1352 2928 es
1381 2873 1595 2941 :justus
1632 2873 1707 2927 sis
1738 2873 1881 2939 licet,

297 2974 462 3028 homo
483 2987 580 3037 es;
611 2970 776 3024 laicus
813 2968 910 3034 sis,
941 2965 1102 3020 homo
1123 2980 1211 3029 es;
1255 2963 1548 3018 monachus
1593 2964 1686 3026 sis,
1724 2963 1886 3016 homo

297 3081 387 3130 es;
430 3064 657 3120 clericus
693 3061 786 3127 sis,
827 3061 988 3113 homo
1027 3070 1118 3122 es;
1150 3056 1436 3125 episcopus
1473 3054 1566 3118 sis,
1605 3053 1765 3107 homo
1791 3066 1884 3118 es;

297 3156 573 3226 apostolus
601 3154 698 3216 sis,
725 3153 884 3205 homo
905 3164 984 3205 es.
1016 3149 1214 3203 Vocem
1253 3146 1481 3216 apostoli
1511 3145 1629 3200 audi
1665 3163 1679 3198 :
1713 3144 1772 3200 Si
1806 3145 1887 3199 di-

299 3250 526 3302 serimns
545 3244 664 3314 quia
696 3251 957 3313 peccatum
977 3256 1076 3293 non
1109 3238 1370 3300 habemus,
1401 3253 1494 3290 nos
1514 3237 1654 3306 ipsos
1685 3236 1888 3291 seduci-

301 3354 411 3392 mus
437 3340 480 3388 ³.
507 3336 625 3396 Ille,
655 3334 762 3398 illc,
819 3333 910 3386 ille
959 3332 1194 3386 Joannes
1228 3339 1282 3384 et
1329 3329 1672 3398 evangelista,
1727 3342 1885 3398 quem

303 3427 566 3482 Dominus
604 3422 848 3478 Christus
893 3435 1002 3491 pra:
1043 3420 1251 3475 caeteris
1296 3418 1576 3488 diligebat,
1613 3418 1704 3488 qui
1729 3431 1889 3488 supra

303 3531 488 3588 pectus
512 3517 628 3585 ejus
646 3513 1035 3577 discumbebat,
1067 3512 1180 3580 ipse
1215 3510 1306 3573 ait,
1332 3509 1394 3564 Si
1428 3510 1705 3563 dixerimus
1737 3524 1756 3562 :
1782 3524 1890 3562 non

301 3610 455 3673 dixit,
482 3607 540 3662 Si
591 3606 836 3661 dixeritis
872 3605 994 3674 quia
1033 3612 1310 3672 peccatum
1355 3615 1461 3654 non
1495 3600 1736 3664 habetis;
1771 3599 1887 3664 sed,

307 3703 366 3757 Si
393 3701 673 3754 dixerimus
710 3699 828 3769 quia
879 3705 1137 3766 peccatum
1179 3711 1279 3748 non
1321 3693 1578 3758 habemus,
1631 3709 1720 3746 nos
1753 3694 1891 3761 ipsos

305 3792 630 3853 scducimus,
703 3800 750 3843 et
820 3789 1000 3841 veritas
1069 3789 1122 3838 in
1189 3784 1332 3838 nobis
1386 3799 1488 3836 non
1557 3791 1650 3836 est.
1709 3782 1894 3836 Junxit

307 3899 370 3939 se
418 3883 472 3937 in
517 3882 692 3950 culpa,
751 3889 810 3934 ut
850 3879 1163 3948 jungeretnr
1207 3883 1262 3930 et
1309 3875 1362 3930 in
1395 3873 1568 3929 venia.
1636 3873 1699 3928 Si
1745 3874 1893 3926 dixe-

309 3975 469 4028 n‘mus
505 3988 525 4026 :
553 3971 729 4025 videte
799 3969 919 4040 quis
975 3968 1240 4022 dicat:Si
1289 3967 1566 4020 dixerimus
1608 3966 1725 4029 quia
1778 3982 1894 4036 pec-

307 4076 482 4118 catum
519 4079 621 4117 non
669 4062 928 4122 habemus,
963 4076 1053 4114 nos
1098 4061 1237 4128 ipsos
1289 4057 1592 4120 scducimns,
1621 4067 1665 4110 et
1716 4058 1894 4112 veritas

308 4157 361 4209 in
411 4154 556 4208 nobis
602 4169 703 4206 non
746 4161 840 4206 est.
885 4149 946 4204 Si
975 4158 1140 4202 autem
1181 4148 1398 4218 confessi
1425 4147 1668 4216 fuerimus
1691 4155 1896 4216 peccata

309 4257 501 4309 nostra,
531 4243 698 4313 ﬁdelis
718 4251 792 4296 est
814 4251 862 4295 et
873 4243 1066 4310 justus,
1092 4240 1176 4308 qui
1202 4238 1417 4291 dimittat
1438 4238 1578 4291 nobis
1607 4248 1828 4307 peccata,
1852 4247 1896 4290 ct

311 4339 520 4392 inundet
563 4352 655 4389 nos
687 4335 751 4387 ab
787 4333 922 4386 omni
952 4332 1213 4400 iniquitate
1234 4329 1275 4402 (l
1301 4329 1458 4382 Joan.
1495 4345 1528 4393 ι,
1563 4330 1617 4392 8,
1645 4330 1723 4399 9).
1752 4330 1898 4396 Quo-

313 4430 472 4484 modo
498 4425 755 4483 mundat?
782 4422 1127 4494 lgnoscendo,
1179 4436 1282 4476 non
1318 4421 1466 4490 quasi
1510 4420 1790 4476 inveniens
1822 4419 1897 4494 (α)

313 4522 454 4591 quod
483 4519 688 4590 puniat,
715 4517 808 4572 sed
831 4515 1107 4570 inveniens
1131 4514 1272 4583 quod
1291 4514 1538 4568 dimittat.
1565 4514 1704 4585 Ergo
1729 4515 1772 4568 si
1802 4515 1896 4566 ha-

315 4614 506 4666 bemus
545 4617 762 4678 peccata
793 4648 810 4671 ,
861 4605 1083 4670 fratres,
1145 4605 1479 4673 ignoscamus
1539 4605 1835 4672 petentibus
1853 4604 1893 4656 ³.

313 4703 431 4759 Non
462 4699 762 4755 inimicitias
787 4698 840 4750 in
875 4695 1038 4751 corde
1066 4703 1248 4749 nostro
1291 4703 1474 4748 contra
1521 4695 1745 4750 alterum
1771 4696 1896 4750 rcti-

315 4806 560 4847 neamus.
593 4790 720 4843 Plus
745 4788 886 4842 enim
914 4785 1203 4839 inimicitiae
1241 4792 1460 4838 retenta:
1495 4784 1681 4838 vitiant
1728 4785 1898 4855 ipsum

315 4899 412 4938 εον
433 4888 673 4936 nostrum
682 4919 695 4931 .

389 4976 447 5030 5.
488 4971 647 5026 Venis
674 4987 707 5023 α
745 4969 854 5024 Deo
882 4969 935 5022 in
957 4968 1188 5021 oratione
1225 4965 1416 5037 petitur
1443 4981 1560 5018 cum
1600 4975 1744 5034 pacto
1775 4967 1903 5021 dan-

314 5067 400 5122 dae
450 5064 568 5118 aliis
621 5061 798 5116 uertite.
851 5059 985 5113 Volo
1038 5072 1166 5127 ergo
1234 5067 1285 5110 te
1341 5055 1724 5126 ignoscentem,
1779 5058 1902 5126 quia

315 5169 484 5212 teneo
503 5155 712 5209 veniam
735 5150 1110 5221 postulantem.
1135 5147 1376 5217 Rogaris,
1405 5146 1653 5216 ignosce:
1679 5148 1902 5217 rogaris,

316 5261 374 5307 ct
399 5248 650 5319 rogabis;
677 5244 900 5315 rogaris.
931 5243 1175 5313 ignosce;
1206 5250 1258 5295 tu
1283 5239 1493 5310 rogabis
1523 5247 1577 5292 ut
1601 5239 1907 5310 ignoscatur

387 5403 403 5434 ¹
434 5407 670 5450 nouimus
692 5404 794 5454 Ms,
815 5393 930 5459 inde
955 5392 1232 5459 loquamur.

383 5464 408 5493 ¹
435 5468 483 5509 In
505 5468 711 5508 Romano
735 5453 836 5516 ως,
859 5453 1138 5520 decipimus.

387 5524 411 5556 ³
430 5530 666 5572 Romanus
687 5527 787 5581 με..
1186 5521 1257 5581 _l'.t
1291 5527 1361 5564 ssc
1393 5513 1515 5581 infra
1555 5514 1674 5571 loco,
1702 5516 1908 5581 Polemi;

327 5585 512 5646 Iisbet,
561 5575 833 5632 Immertti'
859 5579 926 5630 vis
981 5586 1030 5630 ut
1077 5576 1342 5630 dim'ttatnr
1389 5575 1504 5639 tibi,
1549 5579 1796 5641 praetenti
1835 5576 1910 5632 αις

327 5652 477 5770 Μεθ’
501 5711 667 5767 Forte,
691 5717 781 5753 non
804 5703 940 5768 quasi
959 5715 1048 5751 non
1071 5701 1324 5754 irtoerriens,

1657 282 1890 341 SERMO
1927 281 2110 340 CXIV.

3421 274 3426 282 ’
3450 271 3554 328 654

1981 419 2092 474 tibi.
2129 415 2267 472 Ecce
2298 415 2470 470 veniet
2501 415 2514 446 ¹
2547 421 2756 483 tempus
2780 411 2962 467 orandi
2996 430 3007 465 :
3038 413 3089 466 in
3121 411 3295 466 verbis
3319 427 3440 482 qum
3467 410 3552 466 di-

1980 518 2164 564 cturus
2189 522 2268 570 es,
2293 513 2449 560 teneo
2477 513 2547 560 tc-.
2580 504 2822 558 Dicturus
2849 518 2930 571 es,
2966 502 3118 556 Pater
3137 504 3478 574 noster,quics
3501 503 3553 556 in

1979 603 2136 658 aclis.
2162 601 2277 656 Non
2309 599 2450 656 enim
2477 601 2585 653 eris
2610 598 2662 652 in
2689 613 2910 654 numero
2956 597 3206 660 ﬁliorum,
3247 595 3291 649 si
3330 609 3434 649 non
3477 594 3556 649 di-

1979 703 2162 748 cturus
2187 705 2266 758 es,
2295 689 2451 743 Pater
2479 699 2664 742 noster.
2696 687 2838 757 Ergo
2880 687 3117 742 dicturus
3142 701 3223 751 cs,
3257 684 3414 738 Pater
3461 702 3555 739 no-

1979 783 2198 852 διον-,τιυὶ
2245 799 2296 836 es
2347 783 2400 835 in
2453 779 2610 834 aclis.
2662 778 2942 848 Sequere:
2974 778 3333 845 Sancti/iretur
3373 793 3556 830 nomen

1979 885 2137 928 tuum.
2175 873 2266 927 llic
2286 872 2459 926 adhuc
2494 889 2507 925 :
2538 870 2780 922 Adveniat
2816 885 3024 939 regnum
3071 877 3233 922 tuum.
3265 867 3450 922 Adhuc
3471 883 3559 924 sc-

1977 981 2143 1036 quere
2175 983 2187 1018 :
2220 963 2266 1017 F
2269 965 2336 1016 int
2357 963 2587 1018 voluntas
2608 971 2714 1027 tua,
2737 961 2864 1015 sicut
2890 962 2940 1014 in
2963 959 3104 1024 caelo,
3129 968 3174 1012 et
3195 961 3246 1013 in
3265 960 3559 1015 terra.Vidc

1977 1057 2102 1126 quid
2133 1057 2388 1123 adjungas
2422 1073 2434 1108 :
2467 1053 2664 1106 Panem
2693 1063 2916 1105 nostrum
2947 1051 3299 1122 quotidianum
3325 1052 3391 1104 da
3418 1049 3560 1104 nobis

1980 1146 2146 1200 hodie.
2171 1144 2269 1200 Ubi
2300 1153 2426 1199 sunt
2462 1143 2661 1197 divitite
2695 1142 2832 1196 tute?
2861 1143 2995 1196 Ecce
3023 1140 3313 1195 mendicas.
3345 1139 3559 1195 Interim

1980 1246 2157 1292 tamen
2187 1238 2323 1292 unde
2343 1237 2534 1306 agitur,
2565 1236 2650 1290 dic
2690 1236 2863 1289 adhuc
2912 1242 3032 1304 post
3063 1251 3076 1287 :
3107 1234 3303 1288 Panem
3333 1243 3562 1289 nostrum

1979 1329 2326 1400 quotidianum
2351 1331 2418 1382 da
2443 1329 2586 1382 nobis
2608 1327 2776 1381 hodie.
2806 1327 2899 1381 Dic
2917 1327 3088 1381 adlmc
3113 1326 3253 1396 quod
3271 1329 3512 1396 sequitur
3541 1345 3555 1380 :

1981 1419 2193 1473 Dimitte
2240 1420 2381 1473 nobis
2433 1419 2597 1472 debita
2631 1415 2824 1471 nostra.
2860 1417 3057 1472 Venisti
3087 1417 3154 1470 ad
3201 1418 3360 1471 verba
3393 1434 3509 1471 mea
3542 1436 3557 1472 :

1980 1509 2206 1575 Dimitte,
2242 1511 2428 1579 inquit,
2455 1511 2594 1564 nobis
2609 1509 2771 1562 debita
2801 1518 2994 1562 nostra.
3017 1508 3132 1574 Quo
3155 1508 3313 1577 jure?
3341 1523 3447 1578 quo
3465 1523 3560 1578 pa-

1979 1603 2231 1671 cto?quo
2262 1602 2494 1671 placito?
2540 1617 2646 1671 quo
2667 1599 3020 1670 chirographo
3051 1601 3309 1654 recitato?
3339 1600 3486 1654 Sicut
3514 1611 3560 1654 et

1981 1709 2074 1746 nos
2101 1693 2397 1746 dimittimus
2421 1691 2722 1746 debitoribus
2767 1691 2973 1745 nostris.
3029 1689 3247 1761 (Matth.
3284 1705 3357 1756 vt,
3387 1688 3561 1762 9-12).

1983 1783 2175 1836 Parum
2198 1789 2281 1837 est
2323 1782 2461 1851 quod
2494 1796 2598 1836 non
2625 1782 2850 1836 dimittis
2891 1800 2903 1834 :
2931 1780 3106 1836 adhuc
3134 1789 3188 1836 et
3218 1781 3328 1834 Deo
3372 1781 3564 1834 menti-

1983 1872 2076 1926 ris.
2099 1872 2346 1926 Conditio
2369 1872 2536 1942 posita
2583 1879 2685 1937 est,
2716 1872 2818 1926 lixa
2867 1879 2953 1926 est
2998 1872 3079 1926 lex
3115 1889 3127 1925 :
3162 1871 3398 1938 Dimitte,
3430 1871 3568 1928 sicut

1977 1962 2208 2018 dimitto.
2243 1963 2384 2033 Ergo
2407 1977 2513 2017 non
2541 1963 2780 2028 dimittit,
2813 1963 2913 2017 nisi
2941 1963 3196 2018 dimittas.
3229 1963 3465 2028 Dimitte,
3495 1964 3566 2018 si-

1977 2063 2073 2108 cut
2095 2053 2326 2108 dimitto.
2359 2053 2566 2108 Potenti
2594 2053 2671 2107 vis
2694 2061 2750 2107 ut
2784 2052 3082 2108 dimittatur
3102 2053 3222 2120 tibi,
3256 2053 3455 2123 petenti
3483 2053 3567 2108 di-

1983 2144 2152 2198 mitte.
2181 2144 2374 2198 Preces
2400 2142 2530 2198 istas
2572 2143 2916 2213 Jurisperitus
2941 2143 3063 2197 coeli
3103 2142 3322 2197 dictavit
3351 2161 3364 2196 :
3389 2158 3493 2198 non
3517 2154 3570 2199 te

1985 2238 2150 2301 fallit;
2198 2237 2488 2292 secundum
2516 2236 2787 2292 caelestem
2832 2235 2950 2304 ejus
2997 2249 3181 2290 vocem
3235 2249 3430 2304 posce:
3459 2235 3567 2302 dic,

1951 2371 1963 2388 ι
1986 2329 2196 2384 Dimitte
2222 2329 2387 2392 nobis,
2417 2329 2544 2382 sicut
2562 2337 2606 2381 et
2632 2343 2723 2381 nos
2752 2327 3087 2391 dimittimus;
3117 2333 3170 2380 ct
3216 2327 3296 2382 fac
3315 2327 3456 2397 quod
3486 2326 3568 2382 di-

1981 2421 2086 2476 eis.
2109 2420 2210 2487 Qui
2256 2418 2511 2475 mentitur
2549 2418 2600 2472 in
2629 2417 2902 2482 Precibus,
2954 2417 3212 2472 beneﬂcio
3262 2426 3411 2473 caret
3439 2433 3453 2470 :
3481 2419 3572 2490 qui

1985 2512 2242 2566 mentitur
2285 2510 2338 2564 in
2391 2508 2661 2572 Precibus,
2706 2516 2761 2562 et
2802 2507 2976 2577 perdit
3012 2521 3227 2562 causam
3277 2516 3332 2562 et
3373 2509 3573 2564 invenit

1983 2618 2220 2674 poenam.
2253 2603 2317 2656 Et
2338 2602 2381 2655 si
2408 2601 2597 2671 aliquis
2621 2600 2874 2655 mentitur
2900 2599 3227 2668 imperatori,
3255 2613 3376 2654 cum
3410 2615 3574 2655 vene-

1987 2695 2080 2759 rlt,
2123 2693 2456 2750 convincitur
2525 2692 2647 2762 quia
2689 2691 3222 2760 mentiturzquando
3289 2700 3465 2748 autem
3519 2700 3574 2747 tu

1985 2785 2195 2839 orando
2240 2784 2482 2840 mentiris
2517 2784 2568 2838 in
2625 2786 2736 2854 ipsa
2780 2783 3019 2837 oratione
3066 2783 3416 2840 convinceris.
3457 2783 3576 2839 Non

1990 2876 2133 2929 enim
2163 2874 2301 2929 Deus
2328 2883 2385 2928 ut
2406 2883 2456 2928 te
2490 2873 2771 2929 convincat
2797 2881 2960 2928 testes
3011 2872 3076 2927 ad
3117 2882 3169 2929 te
3216 2875 3426 2943 qnmrit.
3471 2875 3575 2944 Qui

1991 2964 2085 3018 tibi
2115 2963 2334 3018 dictavit
2362 2962 2579 3027 Preces,
2621 2961 2910 3018 advocatus
2935 2971 3016 3017 est
3042 2973 3163 3018 tuus
3193 2981 3205 3017 :
3231 2963 3277 3019 si
3305 2965 3569 3029 mentiris,

1993 3055 2143 3109 testis
2168 3062 2278 3118 est;
2301 3053 2345 3108 si
2376 3068 2484 3107 non
2507 3061 2558 3108 te
2573 3053 2817 3123 corrigis,
2845 3051 3008 3122 judcx
3036 3053 3136 3107 erit
3168 3061 3320 3108 tuus:
3355 3053 3494 3126 Ergo
3520 3066 3579 3111 ct

1992 3147 2099 3214 dic,
2122 3156 2176 3202 et
2200 3145 2301 3200 lac.
2334 3145 2466 3213 Quia
2496 3145 2540 3199 si
2563 3159 2668 3198 non
2705 3144 2860 3210 dicis,
2886 3151 3070 3198 contra
3103 3143 3192 3215 jus
3219 3146 3447 3215 petendo
3471 3162 3576 3202 non

1996 3239 2252 3308 impetras
2284 3256 2296 3292 :
2325 3237 2368 3291 si
2392 3245 2569 3292 autem
2591 3235 2723 3291 dicis
2750 3246 2804 3291 et
2825 3251 2929 3290 non
2958 3235 3108 3304 facis,
3155 3237 3315 3293 etiam
3357 3240 3579 3294 menda-

1995 3330 2062 3385 cii
2091 3345 2215 3384 rcus
2243 3330 2370 3384 eris.
2410 3329 2523 3384 Non
2546 3337 2628 3383 est
2651 3343 2754 3399 qua
2784 3343 2970 3383 versus
2999 3329 3097 3384 iste
3124 3339 3444 3397 transeatur,
3478 3331 3578 3387 nisi

1996 3423 2139 3492 quod
2172 3421 2404 3476 dicimus
2433 3421 2735 3492 impleatur.
2766 3421 3031 3491 Numquid
3055 3422 3236 3478 delere
3272 3425 3427 3478 istum
3458 3440 3580 3479 vcr-

1996 3527 2114 3567 sum
2145 3512 2434 3580 poterimus
2460 3510 2526 3566 de
2555 3512 2796 3566 oratione
2829 3513 3044 3566 nostra?
3071 3515 3151 3566 An
3181 3514 3339 3568 vultis
3368 3523 3422 3568 ut
3448 3515 3578 3569 illud

1995 3601 2068 3654 ibi
2098 3602 2186 3666 sit,
2215 3599 2425 3654 Dimitte
2451 3601 2591 3654 nobis
2613 3601 2779 3654 debita
2803 3611 3018 3656 nostra:
3049 3610 3099 3656 et
3133 3603 3407 3659 deleamus
3439 3607 3581 3676 quod

1997 3691 2257 3760 sequitur,
2294 3690 2440 3746 Sicut
2461 3700 2507 3744 et
2535 3706 2626 3744 nos
2671 3692 2967 3746 dimittimus
3011 3692 3316 3749 debitoribus
3360 3697 3585 3751 nostris?

1999 3781 2114 3836 Non
2139 3781 2365 3847 dolebis,
2392 3797 2458 3836 ne
2485 3791 2609 3836 ante
2632 3781 2881 3836 delearis.
2907 3783 2964 3836 lu
2996 3784 3241 3838 oratione
3259 3799 3390 3856 ergo
3414 3786 3546 3841 dicis
3565 3828 3580 3853 ,

1999 3871 2119 3937 Da;
2146 3871 2279 3927 dicis
2303 3871 2513 3925 Dimitte
2537 3891 2552 3926 :
2587 3880 2643 3927 ut
2662 3871 2890 3942 accipias
2917 3873 3055 3943 quod
3082 3888 3186 3929 non
3206 3873 3392 3942 habes,
3425 3885 3476 3932 et
3499 3893 3585 3932 rc-

2001 3963 2206 4017 laxetur
2249 3963 2341 4017 tibi
2369 3962 2510 4032 quod
2547 3961 2834 4032 deliquisti.
2877 3964 3019 4034 Ergo
3063 3965 3142 4019 vis
3179 3967 3439 4036 accipere,
3469 3967 3536 4022 da
3569 3986 3582 4020 :

2002 4054 2081 4108 vis
2111 4060 2168 4106 ut
2190 4051 2487 4107 dimittatur
2512 4051 2626 4116 tibi,
2647 4051 2875 4107 dimitte.
2933 4053 3114 4108 Brevis
3153 4056 3453 4125 complexio
3480 4066 3581 4112 cst.

2004 4145 2182 4214 Ipsum
2209 4141 2478 4198 Christum
2505 4141 2625 4196 audi
2655 4142 2759 4197 alio
2788 4143 2906 4198 loco
2938 4163 2950 4196 :
2977 4143 3243 4213 Dimittite,
3274 4157 3321 4200 et
3350 4149 3573 4202 dimitte-

2003 4243 2135 4287 tetur
2160 4232 2330 4297 vobis;
2383 4231 2518 4296 date,
2564 4243 2611 4284 ct
2637 4231 2837 4286 dabitur
2877 4235 3014 4288 vobis
3057 4233 3207 4305 (Luc.
3238 4253 3312 4302 v1,
3345 4239 3434 4304 57,
3468 4238 3583 4310 38).

2005 4322 2272 4386 Dimittitc,
2327 4330 2372 4375 et
2401 4321 2682 4375 dimittetur
2720 4322 2874 4377 vobis.
2905 4323 3042 4392 Quid
3093 4325 3410 4382 dimittctis?
3435 4329 3586 4396 Quod

2000 4414 2058 4469 in
2089 4412 2237 4466 vobis
2263 4412 2349 4466 alii
2382 4422 2754 4481 peccaverunt.
2787 4413 2924 4481 Quid
2973 4421 3028 4469 ct
3069 4416 3219 4471 vobis
3259 4417 3589 4476 dimittetur?

2005 4502 2156 4568 Quod
2177 4503 2455 4572 peccastis,
2483 4501 2750 4557 Dimittite.
2787 4503 2936 4571 Date,
2965 4514 3011 4558 et
3049 4506 3250 4560 dabitur
3269 4508 3406 4562 vobis
3446 4511 3588 4580 quod

2004 4594 2341 4659 desideratis,
2389 4593 2550 4648 vitam
2601 4601 2877 4649 :cternam.
2930 4595 3132 4652 Fulcite
3156 4599 3401 4668 pauperis
3427 4601 3586 4655 vitam

2007 4685 2374 4754 temporalem,
2397 4693 2690 4738 sustentate
2719 4685 2966 4754 pauperis
2983 4686 3142 4739 vitam
3161 4688 3528 4756 przcsentalem
3543 4691 3587 4754 ',

2009 4788 2063 4830 ct
2091 4791 2186 4846 pro
2211 4775 2315 4830 isto
2342 4785 2446 4829 tam
2489 4791 2650 4844 parvo
2702 4785 3021 4846 terrenoque
3060 4778 3266 4832 semine
3315 4780 3585 4850 accipietis

2007 4883 2239 4923 messem
2266 4867 2427 4920 vitam
2457 4877 2731 4920 aeternam.
2761 4869 2954 4921 Amen.

2076 5048 2091 5077 ι
2121 5051 2353 5094 nonanus
2375 5048 2478 5101 Ms,
2500 5048 2710 5092 verunt-1t
2732 5040 2868 5100 infra,
2891 5044 3056 5095 tenebo
3075 5052 3138 5096 te.

2074 5109 2094 5137 ²
2116 5113 2349 5177 Romanus
2370 5110 2462 5177 illis.
2478 5111 2614 5177 caret
2658 5104 2733 5152 bis
2756 5106 2946 5177 verbis,
2989 5113 3246 5177 sustentare
3277 5121 3504 5177 pauperis
3527 5111 3599 5159 vi-

2013 5171 2110 5215 tam
2134 5163 2484 5234 prtesentalem.
2507 5170 2556 5213 Et
2572 5177 2848 5234 sermonem
2867 5173 2931 5234 ita
2947 5167 3206 5226 concludit,
3221 5163 3464 5234 accipietis
3479 5185 3602 5224 mrs—

2011 5240 2114 5279 sem
2135 5225 2242 5277 vita
2263 5233 2458 5277 ait:th
2478 5237 2565 5289 per
2587 5233 2751 5276 Jcsum
2773 5225 3032 5277 Christian.
