3852 6182
439 232 554 291 (355

935 342 1164 401 ειεξιΜο
1201 341 1340 398 cxv
1369 344 1387 367 ο
1411 339 1508 414 (a).

440 483 520 540 De
553 483 712 538 verbis
738 479 999 550 Evangelii
1023 477 1202 541 Luca,
1227 477 1449 546 Oportet
1491 488 1704 544 semper
1745 487 1901 528 orare
1923 513 1938 538 ,
1967 481 2022 527 et

512 592 618 630 non
649 573 906 637 deﬁcere,
933 580 1037 625 etc.
1068 569 1238 638 Deque
1265 569 1457 624 duobus
1482 569 1570 640 qui
1597 568 1648 621 in
1675 569 1915 637 templum
1936 582 2021 619 as-

509 669 780 723 cenderunt
802 673 856 717 ut
883 671 1086 718 orarent
1115 679 1134 717 :
1154 679 1218 716 ao
1242 662 1304 716 de
1342 661 1564 732 parvulis
1589 660 1786 715 Christo
1815 658 2015 725 oblatis,

507 776 620 828 cap.
649 772 772 811 svnt
795 798 810 823 ,
844 755 992 811 1-17.

507 911 733 967 CAPUT
792 909 1076 965 PRIMUM.
1129 938 1200 950 —-
1271 909 1324 963 1.
1376 907 1533 962 Fides
1580 911 1694 980 fons
1752 906 2013 961 orationis.

435 1003 620 1059 Lectio
670 1002 838 1058 sancti
899 999 1171 1070 Evangelii
1223 998 1451 1053 aediﬁcat
1498 1013 1596 1052 nos
1637 997 1704 1052 ad
1755 996 2016 1052 orandum

434 1105 490 1151 et
519 1095 865 1159 credendum,
892 1103 947 1147 et
985 1108 1089 1146 non
1118 1093 1186 1148 de
1212 1091 1362 1146 nobis
1381 1131 1396 1156 ,
1419 1091 1514 1146 sed
1543 1090 1610 1146 de
1630 1091 1854 1145 Domino
1877 1103 2015 1159 prae-

433 1184 772 1240 sumendum.
801 1184 928 1250 Qua:
957 1181 1024 1235 ad
1061 1180 1315 1236 orandum
1360 1180 1530 1250 major
1557 1179 1784 1234 hortatio
1807 1221 1823 1246 ,
1856 1194 2014 1248 quam

431 1287 490 1331 ut
515 1277 668 1331 nobis
693 1275 762 1330 de
802 1275 983 1344 judice
1029 1275 1208 1342 iniquo
1248 1279 1637 1343 proponeretur
1682 1270 2016 1326 similitudo?

429 1367 596 1422 Judex
625 1367 766 1420 enim
798 1367 1036 1434 iniquus,
1062 1379 1159 1418 nec
1187 1364 1351 1418 Deum
1383 1363 1592 1427 timens,
1623 1377 1723 1416 nec
1745 1361 2013 1416 hominem

435 1471 682 1512 reverens
702 1497 715 1512 .
745 1454 945 1508 audivit
1001 1462 1174 1508 tamen
1204 1452 1414 1507 viduam
1459 1451 1884 1521 interpellantem
1915 1466 1973 1506 se
1997 1492 2010 1516 ,

433 1551 601 1604 victus
622 1549 799 1613 taedio,
833 1563 936 1602 non
971 1547 1163 1616 pietate
1185 1545 1481 1600 inclinatus.
1510 1544 1564 1598 Si
1592 1559 1718 1614 ergo
1746 1543 2014 1598 exaudivit

428 1640 520 1710 qui
542 1641 726 1694 oderat
751 1637 892 1708 quod
918 1637 1228 1707 rogabatur,
1258 1633 1526 1706 quomodo
1554 1633 1770 1689 exaudit
1797 1636 1812 1665 ⁸
1843 1635 1933 1704 qui
1959 1642 2014 1689 ut

426 1745 675 1798 rogemus
707 1729 985 1782 hortatur?
1011 1727 1142 1782 Cum
1193 1741 1321 1795 ergo
1349 1725 1500 1780 nobis
1545 1725 1642 1780 ista
1689 1739 1719 1779 e
1744 1725 2011 1780 contrario

419 1818 830 1886 comparatione
879 1817 1132 1870 Dominus
1174 1815 1458 1880 suaderet,
1487 1814 1620 1879 Quia
1659 1825 1852 1883 oportet
1877 1832 2012 1869 sem-

427 1924 517 1962 ver
542 1923 711 1972 orare,
738 1917 784 1960 et
816 1923 917 1959 non
943 1907 1153 1974 deﬁcere
1173 1922 1192 1970 ;
1215 1904 1412 1974 adjecit
1430 1917 1483 1959 ct
1506 1905 1616 1970 ait,
1657 1903 2011 1960 Verumtamen

423 2014 540 2052 cum
587 1997 771 2051 venerit
823 1995 988 2050 Filius
1035 1996 1284 2062 hominis,
1331 1990 1480 2067 putas
1520 1997 1732 2054 inveniet
1768 1997 1921 2065 [idem
1956 1999 2010 2052 in

417 2089 592 2143 terra?
618 2087 673 2142 Si
722 2087 852 2141 ﬁdes
869 2087 1090 2152 deﬁcit,
1120 2086 1290 2140 oratio
1338 2087 1496 2156 perit.
1539 2087 1668 2154 Quis
1701 2089 1842 2142 enim
1895 2099 2010 2145 orat

422 2180 564 2251 quod
593 2196 694 2234 non
717 2179 935 2234 .crcd'tt?
957 2178 1116 2234 .Unde
1147 2187 1201 2232 ct
1227 2179 1514 2247 Apostolus
1544 2179 1729 2235 beatus
1747 2222 1763 2248 ,
1795 2195 1916 2235 cmn
1941 2181 2010 2237 ad

421 2273 678 2327 orandum
707 2271 1096 2333 exhortaretur,
1130 2271 1204 2324 ait
1231 2287 1242 2323 :
1278 2271 1458 2325 Omnis
1485 2271 1780 2342 quicumque
1803 2272 2007 2326 invoca-

421 2365 546 2418 verit
567 2382 745 2418 nomen
773 2363 1000 2429 Domini,
1029 2363 1197 2417 salvus
1213 2363 1324 2417 erit.
1349 2363 1413 2417 Et
1441 2344 1496 2417 ut
1523 2365 1827 2419 ostenderet
1850 2366 2006 2421 ﬁdem

414 2456 620 2511 fontem
643 2472 766 2510 csse
783 2456 1065 2520 orationis,
1099 2469 1198 2509 nec
1228 2469 1385 2523 posse
1414 2455 1491 2509 ire
1513 2456 1704 2522 rivum,
1739 2457 1825 2510 ubi
1851 2467 2008 2526 caput

417 2561 573 2615 aqua:
597 2546 844 2610 siccatur,
865 2545 1101 2613 adjunxit
1126 2552 1284 2614 atque
1317 2546 1390 2598 ait
1407 2563 1426 2598 .:
1450 2546 1708 2610 Quomodo
1734 2557 1900 2601 autem
1928 2550 2008 2603 in-

416 2636 661 2691 vocabunt
687 2637 738 2689 in
763 2653 902 2705 quem
921 2653 1022 2688 non
1036 2637 1354 2689 crediderunt
1370 2636 1541 2705 (Rom.
1558 2653 1608 2702 ι,
1627 2638 1713 2701 15,
1737 2636 1844 2709 14).
1863 2639 2004 2709 Ergo

419 2737 478 2782 ut
529 2740 742 2780 oremus
763 2766 778 2790 ,
807 2725 1122 2790 credamus;
1152 2735 1206 2780 et
1245 2727 1432 2794 utipsa
1464 2741 1567 2780 non
1617 2727 1828 2782 deﬁciat
1871 2730 2004 2786 ﬁdes

416 2831 522 2887 qua
594 2830 847 2880 oramus,
908 2830 1142 2870 oremus.
1197 2815 1356 2870 Fides
1430 2816 1602 2870 fundit
1663 2819 1999 2889 orationem,

420 2906 730 2961 t‘usaoratio
759 2905 880 2960 ﬁdei
905 2907 1152 2975 impetrat
1181 2907 1685 2962 ﬁrmitatem..Fides
1706 2951 1719 2974 ,
1739 2909 1958 2980 inquam
1981 2953 1998 2978 ,

420 2998 592 3054 [ιιιιὰἱι
621 2999 944 3065 orationem,
972 2998 1085 3052 fusa
1111 2998 1281 3052 oratio
1301 3000 1459 3053 etiam
1489 2999 1585 3070 ipsi
1613 2999 1732 3054 ﬁdei
1757 3001 2003 3070 impetrat

414 3091 744 3146 ﬁrmitatem.
778 3089 986 3144 Etenim
1036 3104 1103 3144 ne
1142 3090 1194 3144 in
1242 3090 1620 3144 tentatiouibus
1657 3090 1907 3147 deﬁceret
1934 3094 2022 3148 ﬁ»

420 3181 534 3248 des,
570 3188 847 3250 propterea
890 3179 1242 3234 Dominusait
1273 3197 1287 3234 :
1322 3178 1536 3249 Vigilate
1564 3191 1608 3234 et
1633 3190 1805 3248 orate,
1828 3177 1899 3237 ne
1921 3185 2003 3238 in-

415 3271 558 3325 tretis
602 3271 656 3324 in
688 3271 1033 3324 tentationem.
1070 3268 1284 3338 Vigilate
1303 3311 1318 3334 ,
1343 3255 1511 3340 inquit
1531 3313 1546 3335 ,
1571 3281 1616 3326 et
1637 3283 1801 3340 orate,
1825 3291 1888 3328 ne
1915 3275 1997 3329 in-

414 3364 638 3419 trelisin
649 3363 1004 3417 4e11tationem.
1025 3361 1159 3428 Quid
1189 3370 1301 3429 est,
1329 3363 1380 3416 in
1407 3364 1748 3418 tentationem
1777 3366 1995 3434 intrare,

419 3457 521 3511 nisi
565 3471 594 3510 a
626 3455 731 3510 ﬁde
768 3455 950 3510 exire?
980 3454 1034 3508 ln
1064 3462 1266 3508 tantum
1311 3454 1451 3508 enim
1492 3455 1714 3510 tentatio
1755 3456 1994 3524 proﬁcit,

409 3551 473 3605 .in
499 3557 754 3620 quantum
786 3547 916 3602 ﬁdes
944 3545 1236 3611 deﬁcit;.et
1278 3547 1330 3600 in
1347 3554 1562 3600 tantum
1612 3548 1832 3602 tentatio
1869 3548 2001 3604 deﬁ-

409 3644 523 3709 cit,
555 3643 607 3696 in
655 3653 912 3712 quantum
943 3639 1342 3708 ﬁdesproﬁcit.
1371 3638 1506 3693 Nam
1554 3648 1610 3693 ut
1637 3641 1872 3709 apertius
1903 3655 1999 3696 no-

419 3733 552 3788 verit
583 3729 829 3788 Charitas
855 3737 1050 3794 vestra,
1074 3729 1140 3782 de
1167 3728 1271 3782 ﬁde
1293 3743 1358 3783 ne
1398 3728 1650 3787 deﬁceret
1678 3738 1732 3783 et
1757 3730 1994 3798 periret,

417 3824 614 3879 dixisse
642 3823 922 3878 Dominum
945 3863 960 3888 ,
979 3855 984 3857 -
1002 3821 1230 3892 Vigilate.
1245 3831 1289 3875 et
1305 3832 1473 3887 orate,
1504 3837 1566 3874 ne
1588 3822 1783 3875 intretis
1812 3823 1864 3876 in
1889 3832 1998 3876 ten-

418 3917 654 3970 tationem
680 3932 698 3969 :
730 3930 796 3970 eo
826 3915 942 3970 loco
973 3913 1241 3983 Evangelii
1266 3913 1372 3976 ait,
1404 3911 1517 3966 [lac
1541 3921 1685 3966 nocte
1709 3913 1998 3984 postulavit

418 4015 623 4059 satanas
649 4021 828 4059 vexare
852 4021 938 4058 vos
980 4004 1108 4058 sicut
1132 4003 1390 4066 triticum;
1418 4011 1464 4056 et
1493 4019 1585 4074 ego
1603 4004 1892 4073 rogavipro
1917 4014 1992 4070 te,

422 4096 603 4160 Petre,
632 4113 693 4149 ne
734 4096 934 4164 deﬁciat
981 4095 1105 4164 fides
1129 4104 1215 4148 tua
1245 4093 1410 4164 (Luc.
1442 4110 1551 4149 xxu
1571 4134 1588 4162 ,
1618 4095 1718 4161 46,
1747 4095 1810 4149 51
1840 4136 1855 4159 ,
1879 4095 1994 4165 52).

419 4189 587 4257 Rogat
615 4187 700 4258 qni
725 4195 922 4252 tuetur,
947 4197 996 4242 et
1037 4202 1141 4240 non
1170 4197 1319 4256 rogat
1343 4187 1430 4256 qui
1461 4186 1820 4256 periclitatur?
1846 4187 1996 4255 Quod

409 4289 592 4333 autem
618 4279 692 4332 ait
719 4277 994 4340 Dominus,
1027 4276 1152 4329 Cum
1182 4277 1362 4329 venerit
1392 4275 1560 4330 Filius
1584 4277 1820 4344 hominis,
1850 4289 1997 4347 putas

405 4371 631 4424 inueniet
674 4369 826 4437 [idem
870 4369 923 4420 in
969 4366 1240 4421 terra?de
1279 4367 1380 4420 ﬁde
1409 4367 1568 4432 dixit,
1603 4383 1722 4437 quze
1764 4369 1996 4437 perfecta

409 4471 520 4515 est.
540 4459 667 4527 .Ipsa
708 4458 848 4512 enim
880 4456 965 4510 vix
1009 4456 1274 4510 invenitur
1302 4456 1353 4508 in
1380 4465 1541 4510 terra.
1575 4457 1711 4511 Ecce
1740 4459 1889 4527 plena
1917 4468 1998 4514 est

419 4550 512 4604 Dei
545 4546 780 4602 Ecclesia
811 4563 824 4598 :
857 4546 974 4615 quis
1003 4545 1106 4598 huc
1144 4545 1456 4612 accederet,
1489 4546 1532 4599 si
1582 4546 1724 4599 nulla
1763 4559 1897 4601 esset
1933 4551 1995 4601 ﬁ-

420 4639 537 4695 des?
561 4638 688 4705 Quis
708 4652 810 4690 non
834 4645 1044 4690 montes
1065 4634 1374 4690 transferret
1390 4677 1403 4698 ,
1429 4636 1472 4689 si
1496 4635 1645 4704 plena
1676 4647 1818 4692 esset
1844 4637 1996 4693 ﬁdes?

418 4728 688 4788 Attendite
735 4728 878 4796 ipsos
927 4725 1214 4796 Apostolos
1243 4725 1520 4780 :dimissis
1561 4725 1807 4782 omnibus
1850 4729 1993 4795 suis,

417 4823 619 4876 calcata
657 4835 750 4889 spe
781 4819 960 4874 smculi
987 4860 1000 4881 ,
1036 4818 1314 4872 Dominum
1344 4833 1448 4872 non
1484 4828 1862 4888 sequerentur,
1897 4821 1996 4875 nisi

420 4926 665 4982 magnam
709 4911 963 4966 haberent
1009 4909 1200 4973 ﬁdem;
1229 4917 1282 4963 et
1323 4919 1494 4964 tamen
1525 4911 1566 4972 si
1600 4911 1806 4980 plenam
1837 4912 1995 4967 ﬁdem

418 5003 678 5058 haberent
699 5036 723 5066 ,-
758 5016 862 5055 non
910 4999 1152 5055 dicerent
1193 4999 1451 5064 Domino,
1483 5001 1624 5071 Auge
1665 5003 1807 5056 nobis
1845 5003 1997 5070 ﬁdem

418 5091 523 5161 (Id.
563 5105 668 5146 xvn
687 5132 702 5155 ,
730 5089 808 5162 5).
843 5089 973 5144 Vide
1002 5089 1160 5144 etiam
1187 5088 1332 5142 illum
1365 5098 1645 5159 utrumque
1673 5090 1738 5145 de
1766 5106 1824 5146 se
1870 5107 1999 5146 con-

421 5180 820 5252 ﬁtentcm‘(vidc
841 5179 1038 5244 ﬁdem,
1067 5189 1120 5233 et
1149 5194 1252 5232 non
1282 5179 1491 5248 plenam
1521 5180 1736 5252 ﬁdem),
1759 5183 1848 5251 qui
1877 5198 1997 5237 cum

423 5272 700 5332 obtulisset
743 5271 968 5327 Domino
1020 5270 1187 5324 ﬁlium
1225 5286 1377 5324 suum
1402 5286 1432 5324 a
1458 5272 1597 5326 malo
1622 5271 1884 5328 daemonio
1910 5286 1997 5328 sa-

481 5471 502 5491 '
520 5467 728 5524 uallatus
747 5481 858 5518 cum
904 5468 1058 5516 tribus
1083 5465 1167 5514 bn.
1195 5473 1247 5515 et
1263 5471 1469 5529 quatuor
1491 5465 1552 5516 et.
1578 5477 1688 5516 eum
1715 5479 1762 5516 ι.
1787 5466 1864 5517 eb.
1879 5466 1912 5518 t'.
1937 5467 1996 5518 is.

419 5544 471 5594 ε.
497 5530 555 5579 Ir.
591 5543 658 5579 ω.
695 5543 770 5593 pr.
793 5543 884 5578 rm.
919 5529 998 5576 vd.
1025 5536 1076 5578 et
1097 5540 1204 5576 cum
1229 5536 1328 5575 Am.
1353 5533 1428 5577 Er.
1455 5535 1555 5576 Par.
1582 5535 1689 5577 Iov.

485 5591 665 5653 ξωω,
708 5589 949 5653 quomodo,
977 5601 1075 5653 non
1116 5587 1334 5653 euanuit.
1369 5590 1530 5653 Abest,
1565 5601 1674 5653 non,
1702 5602 1730 5638 a
1752 5596 1861 5640 διεδ.

485 5592 504 5623 ι
527 5592 665 5664 ultu,
703 5592 942 5653 quomodo
974 5601 1075 5662 .non
1116 5592 1334 5661 errandit.
1369 5592 1530 5653 Abest,
1565 5601 1674 5653 non,

482 5651 560 5716 (ιτ)
594 5651 735 5712 Abas,
757 5651 822 5702 de
847 5652 1016 5701 Verbis
1034 5656 1217 5700 bonum
1237 5649 1318 5701 56.

1973 5718 2045 5735 ..ι-

1675 227 1733 284 S.
1775 224 2138 284 AUGUSTINI
2177 217 2478 282 EPISCOPI

2125 339 2358 395 nandum
2381 381 2402 406 ,
2431 350 2486 396 et
2530 349 2674 397 esset
2700 342 3051 414 interrogatus
3084 355 3253 402 utrum
3290 352 3541 424 crederet,
3574 377 3646 417 το.

2122 431 2338 500 spondit
2370 441 2426 486 et
2449 432 2522 486 ait
2551 450 2565 486 :
2594 430 2756 488 Credo
2775 474 2790 500 ,
2817 432 3030 489 Domine
3049 475 3066 503 ,
3091 437 3272 507 adjuva
3295 441 3643 506 incredulitatem

2121 536 2284 574 nteam
2308 521 2495 592 (Marc.
2517 538 2571 579 tx
2594 563 2609 588 ,
2632 523 2749 594 25).
2776 523 2936 579 Credo
2953 565 2968 591 ,
3002 525 3200 597 inquit,
3225 529 3397 597 Credo,
3423 533 3646 597 Domine:

2127 626 2254 682 ergo
2277 622 2358 666 est
2385 612 2536 668 ﬁdes.
2569 611 2675 668 Sed
2711 615 2899 684 adjuva
2924 616 3312 674 incredulitatem
3335 639 3482 678 meant
3505 642 3645 701 tergo

2121 718 2226 759 non
2255 705 2408 773 plena
2437 712 2519 759 est
2539 705 2688 762 ﬁdes.

2189 795 2415 851 CAPUT
2456 796 2590 851 ll.—
2615 797 2668 851 2.
2697 797 2852 852 Fides
2881 815 2980 853 non
3009 809 3080 856 est
3114 805 3448 874 superborum,
3471 812 3646 866 κάλα.

2119 884 2334 939 mitium.
2357 885 2460 940 Sed
2489 887 2610 956 quia
2632 887 2766 942 ﬁdes
2812 904 2916 944 non
2943 898 3028 945 est
3066 894 3429 961 superborum,
3459 900 3542 955 sed
3566 902 3646 958 hu-

2120 974 2356 1042 milium,
2385 975 2529 1030 Dixit
2561 979 2632 1030 ad
2659 979 2906 1048 quosdam
2941 982 3028 1050 qui
3056 982 3149 1036 sibi
3163 984 3290 1053 justi
3312 987 3593 1058 videbantur,
3611 1005 3646 1047 et

2117 1068 2415 1135 spernebant
2439 1078 2675 1133 crateras,
2705 1070 3082 1126 similitudinem
3111 1076 3242 1128 hanc
3271 1091 3290 1128 :
3316 1075 3425 1132 Duo
3460 1080 3647 1140 homines

2118 1159 2447 1213 ascenderunt
2466 1161 2518 1213 in
2548 1162 2789 1230 templum
2816 1179 2962 1218 orare
2983 1205 3000 1230 ,
3022 1181 3154 1218 unus
3183 1167 3470 1235 pharistcus,
3489 1182 3530 1225 et
3547 1177 3649 1228 alta-

2119 1249 2434 1318 publicanus.
2457 1251 2754 1306 Phariswus
2777 1255 2971 1308 dicebat
2997 1272 3015 1309 :
3032 1255 3232 1312 Gratias
3257 1259 3361 1324 tibi,
3392 1261 3533 1328 Deus,
3553 1269 3647 1337 quia

2118 1357 2217 1395 non
2241 1359 2352 1396 sum
2382 1344 2509 1396 sicut
2547 1346 2713 1398 caueri
2757 1346 3003 1401 homines.
3053 1348 3264 1404 Diceret
3302 1352 3500 1420 saltem,
3524 1355 3644 1412 Sicut

2116 1431 2268 1485 multi
2299 1431 2561 1489 homines.
2593 1434 2728 1502 Quid
2777 1445 2888 1501 est,
2929 1437 3057 1491 sicut
3105 1441 3270 1493 εωιαὶ
3297 1441 3534 1512 homines,
3567 1449 3645 1503 nisi

2117 1537 2303 1578 omnes
2350 1534 2544 1594 praeter
2584 1526 2798 1594 ipsum?
2827 1528 2938 1597 Ego
2978 1529 3185 1599 inquit,
3213 1531 3382 1600 justus
3411 1550 3544 1602 sum,
3567 1553 3648 1594 ee-

2117 1617 2214 1672 teri
2245 1629 2567 1687 peccatores.
2599 1619 2719 1674 Non
2745 1639 2856 1676 sum
2875 1624 3005 1678 sicut
3028 1627 3195 1679 ceteri
3219 1628 3463 1696 homines,
3484 1632 3645 1701 injusti,

2115 1717 2343 1777 raptores
2367 1750 2383 1775 ,
2431 1710 2668 1764 adulteri.
2714 1713 2780 1766 Et
2806 1727 2931 1769 ecce
2961 1714 3054 1769 tibi
3103 1731 3170 1770 ex
3199 1718 3366 1772 vicino
3411 1721 3649 1788 publicano

2114 1800 2332 1868 majoris
2371 1803 2592 1856 tumoris
2635 1805 2864 1859 occasio.
2915 1806 3096 1872 Sicut,
3152 1809 3350 1878 inquit,
3398 1813 3647 1881 publicanus

2113 1890 2223 1946 iste.
2249 1891 2360 1962 Ego
2383 1934 2399 1958 ,
2430 1893 2619 1963 inquit,
2653 1895 2796 1950 solus
2834 1912 2977 1963 sum,
2997 1897 3100 1952 iste
3124 1898 3192 1954 de
3218 1902 3416 1955 cteteris
3439 1912 3530 1956 est.
3555 1904 3646 1959 Non

2113 1995 2252 2048 sum,
2283 1983 2485 2053 inquit,
2517 1986 2634 2040 talis
2663 1988 2834 2057 qualis
2859 1988 2978 2051 iste,
3009 2005 3112 2058 per
3134 1991 3362 2060 justitias
3387 1997 3651 2065 [ποιεωώ

2112 2073 2211 2129 bus
2240 2076 2449 2144 iniquus
2492 2093 2596 2132 non
2635 2094 2772 2132 sum.
2800 2079 2989 2148 Jejuno
3016 2081 3092 2134 bis
3140 2083 3195 2136 in
3222 2082 3416 2137 sabbato
3438 2125 3452 2149 ,
3471 2085 3651 2142 decimas

2113 2165 2179 2218 do
2198 2168 2420 2220 omnium
2445 2184 2767 2241 quacumque
2783 2172 3035 2241 possideo.
3057 2173 3202 2240 Quid
3228 2179 3474 2245 rogaverit
3495 2178 3647 2246 Deum,

2113 2271 2295 2326 quaere
2323 2257 2374 2310 in
2402 2259 2576 2314 verbis
2605 2261 2742 2328 ejus,
2768 2261 2900 2315 nihil
2931 2263 3198 2318 invenies.
3231 2266 3471 2322 Ascendit
3491 2281 3648 2324 orare:

2112 2347 2282 2407 noluit
2313 2348 2477 2404 Deum
2507 2367 2695 2420 rogare
2718 2393 2734 2418 ,
2764 2353 2856 2407 sed
2884 2368 2942 2408 se
2973 2355 3217 2410 laudare.
3247 2357 3428 2412 Parum
3445 2367 3547 2424 est,
3567 2374 3651 2414 non

2111 2437 2276 2493 Deum
2304 2455 2508 2509 rogare,
2536 2440 2628 2495 sed
2647 2458 2706 2496 se
2731 2442 2965 2508 laudare;
2981 2444 3209 2515 insuper
3230 2455 3283 2500 et
3307 2449 3496 2517 roganti
3521 2448 3652 2502 insul-

2110 2537 2161 2582 ta
2168 2545 2240 2584 re.
2259 2529 2564 2587 Publicanus
2575 2543 2742 2586 autem
2758 2535 2820 2586 de
2835 2535 3122 2605 longinqua
3138 2537 3297 2590 stabat
3310 2553 3327 2591 :
3340 2547 3389 2592 et
3400 2539 3496 2593 Deo
3509 2548 3650 2594 tamen

2107 2618 2222 2688 ipse
2249 2622 2651 2692 propinquabat.
2670 2623 2860 2678 Cordis
2879 2627 3215 2682 conscientia
3245 2629 3543 2693 removebat,
3567 2629 3654 2698 pie-

2110 2717 2187 2763 tas
2216 2711 2532 2779 applicabat.
2564 2711 2873 2768 Publicanus
2901 2727 3070 2770 autem
3111 2718 3176 2772 de
3200 2719 3460 2790 longinquo
3479 2720 3613 2774 stabat
3637 2735 3653 2773 :

2105 2801 2198 2856 sed
2231 2803 2486 2858 Dominus
2511 2821 2631 2859 eum
2661 2805 2728 2860 de
2759 2809 3052 2876 prOpinquo
3074 2811 3403 2866 attendebat.
3442 2811 3653 2866 Excelsus

2105 2893 2246 2945 enim
2264 2893 2537 2957 Dominus,
2554 2905 2608 2949 et
2622 2897 2838 2950 humilia
2855 2899 3090 2968 respicit.
3121 2900 3653 2970 Excelsosautem,qua-

2105 2981 2171 3036 lis
2196 2993 2309 3037 erat
2336 2985 2422 3039 ille
2444 2985 2756 3056 pharisaeus,
2787 3003 2816 3042 a
2841 2989 2994 3058 longe
3009 2991 3314 3059 cognoscit.
3340 2991 3540 3046 Excelsa
3561 2992 3654 3062 qui-

2103 3073 2224 3129 dem
2241 3091 2272 3129 a
2291 3076 2443 3147 longe
2458 3080 2728 3148 cognoscit
2747 3079 2916 3151 (Psal.
2948 3096 3197 3150 cxxxvn,
3216 3083 3293 3152 6),
3311 3085 3398 3139 sed
3420 3098 3514 3138 non
3531 3084 3652 3152 igno-

2103 3169 2222 3222 scit.
2242 3168 2429 3223 Adhuc
2444 3170 2566 3223 audi
2581 3171 2925 3226 humilitatem
2943 3173 3244 3230 Publicani.
3264 3177 3444 3231 Parum
3455 3177 3650 3246 est,quia

2103 3257 2168 3312 de
2182 3259 2476 3329 loaginqno
2501 3261 2672 3314 stabat
2693 3281 2707 3315 :
2727 3279 2813 3315 nec
2839 3265 3009 3316 oculos
3032 3281 3162 3320 suos
3188 3268 3256 3320 ad
3277 3265 3654 3321 castumlevabatl

2107 3349 2172 3405 Ut
2197 3353 2544 3420 aspiceretur,
2577 3367 2682 3406 non
2711 3354 3018 3421 aspiciebat.
3041 3355 3336 3426 Respicere
3361 3372 3548 3413 sursum
3566 3369 3651 3410 non

2102 3443 2330 3497 audebat
2358 3461 2372 3498 :
2398 3444 2667 3513 premebat
2687 3447 3032 3514 conscientia,
3061 3463 3198 3518 Spes
3223 3450 3540 3506 sublevabat.
3567 3448 3654 3504 Ad-

2103 3533 2205 3590 huc
2226 3535 2345 3589 audi
2368 3535 2708 3590 :Percutiebat
2723 3549 2892 3607 pectus
2905 3556 3068 3592 suurn.
3085 3541 3285 3598 Poenas
3303 3544 3368 3597 de
3381 3557 3436 3597 se
3453 3543 3554 3612 ipso
3563 3541 3654 3594 exi-

2101 3627 2258 3694 gebat
2284 3643 2297 3679 :
2321 3636 2610 3695 _pr0pterea
2633 3628 2889 3682 Dominus
2915 3629 3199 3685 conﬁtenti
3221 3632 3479 3704 parcebat,
3496 3629 3654 3684 Prm-

2102 3717 2251 3770 tiebat
2305 3726 2474 3786 pectus
2511 3734 2692 3783 suum,
2739 3719 2910 3774 dicens
2940 3735 2958 3772 :
2990 3719 3212 3776 Domine
3233 3764 3248 3789 ,
3298 3723 3527 3793 propitius
3563 3730 3652 3774 esto

2103 3808 2227 3860 mihi
2252 3809 2520 3876 peccatori.
2549 3809 2690 3864 Ecce
2717 3809 2809 3878 qui
2837 3819 3013 3880 rogat.
3041 3812 3185 3877 Quid
3215 3815 3451 3879 miraris,
3477 3814 3517 3867 si
3536 3812 3652 3867 Deus

2102 3897 2356 3967 ignoscit,
2388 3900 2600 3968 quando
2617 3900 2740 3969 ipse
2787 3916 2846 3956 se
2890 3902 3174 3971 agnoscit?
3215 3907 3290 3960 De
3328 3906 3573 3961 Pharisazo
3609 3912 3652 3956 et

2102 3987 2389 4043 Publicano
2416 3991 2667 4059 accepisti
2690 3994 3146 4058 controversiam;
3180 3996 3304 4050 audi
3329 3996 3648 4050 sententiam:

2101 4079 2291 4134 audisti
2312 4081 2597 4150 superbum
2619 4093 3005 4149 accusatorem,
3025 4086 3219 4140 audisti
3241 4103 3388 4142 reum
3412 4087 3647 4146 humilem;

2101 4172 2223 4226 audi
2253 4188 2392 4227 nunc
2430 4172 2692 4242 judicem.
2744 4175 2902 4228 Amen
2939 4176 3050 4229 dico
3075 4177 3236 4232 vobis.
3281 4177 3475 4233 Veritas
3515 4176 3647 4238 dicit,

2102 4263 2241 4317 Deus
2288 4262 2448 4334 dicit,
2474 4263 2637 4332 judex
2668 4263 2810 4319 dicit
2841 4284 2853 4320 :
2884 4266 3042 4320 Amen
3086 4269 3200 4321 dico
3239 4270 3405 4330 vobis,
3435 4264 3652 4321 descendit

2093 4355 2408 4425 justi/iectus
2431 4355 2492 4408 de
2521 4355 3023 4425 tentplcpublicanus
3045 4357 3136 4410 ille
3156 4400 3173 4424 ,
3203 4359 3364 4428 magis
3401 4373 3539 4428 quam
3578 4353 3651 4407 ille

2102 4445 2397 4514 pharisarus.
2431 4445 2550 4511 Dic,
2587 4446 2840 4512 Domine,
2871 4461 3108 4501 causam.
3155 4448 3296 4503 Ecce
3333 4449 3478 4502 video
3496 4443 3650 4500 Publi-

2101 4551 2291 4590 canum
2309 4535 2650 4604 justiticatum
2670 4537 2839 4607 magis
2863 4536 2931 4592 de
2953 4539 3151 4606 templo
3177 4538 3496 4594 descendere
3519 4548 3648 4604 quam

2102 4625 2448 4678 Pharisaeum.
2470 4625 2661 4691 Quaero
2687 4641 2870 4695 quare.
2888 4627 3091 4693 Quaeris
3112 4629 3312 4696 quare?
3340 4626 3472 4683 Audi
3492 4637 3646 4695 quare.

2106 4716 2236 4782 Quia
2256 4717 2416 4770 omnis
2436 4717 2520 4785 qui
2543 4733 2597 4770 se
2623 4716 2831 4782 exultat,
2851 4719 3218 4784 humiliabitur,‘
3247 4729 3294 4772 et
3329 4721 3414 4789 qui
3437 4735 3487 4774 sc
3505 4714 3646 4768 lautiti-

2102 4809 2212 4873 liat,
2242 4807 2561 4862 exaltabitur.
2591 4809 2796 4863 Audisti
2822 4812 3158 4876 sententiam,
3178 4826 3309 4866 cave
3335 4824 3534 4866 causam
3555 4822 3651 4859 ma-

2103 4898 2206 4951 lam
2233 4897 2403 4951 :aliud
2427 4897 2564 4964 dico,
2587 4899 2790 4953 Audisti
2819 4901 3136 4955 sententiam
3155 4941 3172 4966 ,
3203 4917 3332 4958 cave
3359 4898 3645 4970 superbiam.

2171 4989 2396 5045 CAPUT
2435 4989 2521 5044 Ill.
2545 5019 2614 5030 —
2637 4991 2690 5046 5.
2710 4991 2892 5045 Contra
2906 4991 3235 5063 Pelagianos.
3271 4991 3487 5048 Videant
3511 4999 3647 5045 nunc.

2102 5081 2321 5137 audiant
2346 5082 2446 5136 ista
2491 5083 2673 5137 nescio
2701 5083 2790 5152 qui
2816 5084 2976 5153 impie
3017 5085 3348 5154 garrientes,
3378 5091 3432 5137 et
3471 5080 3534 5134 de
3555 5076 3646 5130 suis

2102 5175 2305 5231 viribus
2329 5175 2344 5204 ¹
2391 5184 2774 5243 praesumentes
2795 5173 3011 5228 audiant
3039 5175 3127 5244 qui
3167 5174 3385 5239 dicunt,
3415 5172 3540 5226 Deus
3577 5177 3647 5217 me

2106 5267 2377 5322 hominem
2411 5265 2536 5320 fecit
2557 5307 2573 5330 ,
2599 5266 2798 5336 justum
2825 5267 2938 5337 ipse
2974 5284 3058 5323 me
3087 5269 3241 5322 facio.
3271 5267 3316 5321 Ο
3341 5266 3482 5336 pejor
3504 5269 3552 5316 et
3567 5258 3646 5311 de-

2105 5357 2396 5411 testabilior
2439 5357 2735 5412 Pharisaeo!
2765 5358 3062 5414 Pharis-eus
3103 5357 3192 5412 ille
3221 5357 3445 5428 superbe
3461 5349 3645 5422 quidem

2101 5447 2302 5518 justum
2351 5463 2412 5503 se
2437 5448 2680 5516 dicebat,
2721 5450 2814 5505 sed
2857 5460 3032 5507 tamen
3071 5449 3201 5506 inde
3230 5450 3316 5504 ille
3344 5448 3449 5502 Deo
3480 5440 3648 5515 gratias

2104 5539 2314 5610 agebat.
2359 5539 2567 5596 Justum
2611 5557 2670 5597 se
2714 5541 2955 5609 dicebat;
3000 5544 3092 5601 sed
3119 5550 3306 5598 tamen
3345 5537 3451 5596 Deo
3483 5533 3652 5608 gratias

2173 5654 2190 5684 ³
2216 5659 2316 5702 Lm.
2341 5657 2413 5702 EI.
2433 5659 2492 5703 et
2512 5658 2640 5716 Itss.,
2663 5652 2924 5707 virtutibus.
