3934 6184
235 466 343 522 657

236 582 450 648 agebat.
497 578 702 634 Gratias
747 574 866 645 t'ibi,
896 578 1032 634 Deus
1057 621 1069 641 ,
1098 579 1213 649 quia
1239 594 1337 632 non
1367 594 1477 632 sum
1507 578 1634 632 sicut
1661 577 1825 630 caeteri

239 674 488 728 homines.
517 671 720 726 Gratias
746 671 833 725 tibi
866 672 997 725 Deus
1023 688 1041 725 :
1062 671 1254 741 gratias
1276 672 1384 725 Deo
1415 671 1554 740 agit,
1576 669 1698 740 quia
1720 683 1825 723 non

238 771 324 817 est
365 764 503 817 sicut
542 763 724 816 caueri
753 761 998 817 homines
1023 780 1036 814 :
1066 773 1119 816 et
1161 771 1334 816 tamen
1363 769 1608 830 tanquam
1638 775 1825 829 super-

241 854 342 908 bus
369 862 423 908 et
445 854 653 909 inﬂatus
700 853 1140 924 reprehenditur;
1183 869 1285 906 non
1330 852 1451 921 quia
1480 852 1589 906 Deo
1633 850 1828 920 gratias

240 944 469 1014 agebat,
496 943 592 998 sed
639 943 761 1013 quia
793 943 939 996 velut
966 942 1094 996 nihil
1133 943 1232 996 sibi
1261 941 1378 995 addi
1405 941 1666 1010 cupiebat.
1694 939 1827 993 Gra-

238 1036 340 1088 tias
367 1035 484 1099 tibi,
513 1034 633 1104 quia
663 1049 765 1086 non
802 1049 914 1086 sum
950 1033 1076 1087 sicut
1126 1032 1292 1085 cwteri
1336 1031 1594 1096 homines,
1630 1031 1824 1101 injusti.

240 1126 386 1195 Ergo
406 1135 460 1180 tu
484 1125 699 1194 justus;
726 1138 854 1193 ergo
885 1124 1012 1177 nihil
1044 1137 1227 1192 rogas;
1250 1136 1376 1191 ergo
1396 1121 1505 1190 jam
1534 1123 1722 1190 plenus
1743 1136 1824 1185 es;

238 1232 370 1288 ergo
397 1232 504 1271 non
530 1226 613 1271 est
641 1215 860 1269 tentatio
890 1215 994 1268 vita
1018 1213 1246 1267 humana
1272 1226 1432 1282 super
1475 1220 1668 1265 terram
1697 1209 1829 1279 (Job

240 1324 316 1362 vn
337 1350 356 1375 ,
390 1310 478 1380 l);
505 1322 636 1377 ergo
657 1307 767 1375 jam
790 1307 976 1374 plenus
1003 1319 1091 1369 es;
1121 1319 1248 1373 ergo
1272 1303 1380 1373 jam
1403 1301 1674 1366 abundas;
1702 1315 1830 1370 ergo

235 1402 352 1471 jam
381 1417 489 1457 non
529 1408 610 1456 est
633 1414 798 1469 quare
820 1399 964 1454 dicas
988 1439 1003 1464 ,
1035 1396 1244 1451 Dimitte
1285 1399 1427 1451 nobis
1473 1395 1636 1449 debita
1661 1404 1831 1448 nostra

239 1492 465 1562 (Matth.
504 1507 589 1556 vt,
618 1490 732 1561 12).
764 1489 900 1557 Quid
933 1497 1015 1543 est
1049 1503 1177 1558 ergo
1219 1488 1306 1558 qui
1358 1487 1518 1556 impie
1565 1493 1832 1555 oppugnat

239 1585 501 1652 gratiam,
531 1583 575 1636 si
629 1580 1037 1650 reprehenditur
1073 1580 1160 1648 qui
1205 1579 1430 1648 superbe
1462 1577 1572 1647 agit
1594 1577 1832 1646 gratias?

314 1674 543 1730 CAPUT
583 1673 746 1728 lV.--
767 1673 821 1725 4.
855 1671 1090 1725 Parvulis
1116 1670 1404 1740 Baptismus
1433 1668 1620 1722 Christi
1663 1684 1833 1722 neces-

243 1767 428 1820 sarius.
463 1765 530 1819 Et
547 1778 674 1819 ecce
709 1769 830 1832 post
864 1759 1059 1815 dictam
1098 1759 1514 1814 controversiam
1543 1758 1830 1828 prolatam-

240 1875 348 1928 que
385 1858 706 1912 sententiam
735 1853 1030 1923 procedunt
1057 1861 1111 1907 et
1148 1851 1385 1922 parvuli,
1414 1850 1521 1904 imo
1547 1859 1832 1919 apportan-

242 1960 330 2005 tur
354 1959 410 2005 et
430 1949 731 2004 oderantur
758 1944 1027 2014 tangendi.
1050 1944 1144 1998 Cui
1174 1942 1440 2013 tangendi,
1463 1941 1561 1994 nisi
1587 1939 1832 1994 medico?

239 2041 401 2096 Certe
444 2039 563 2094 sani
594 2040 610 2070 ⁸
645 2055 660 2092 :
688 2037 772 2091 cui
797 2034 1090 2090 offeruntur
1119 2033 1346 2088 infantes
1376 2031 1666 2102 tangendi?
1694 2029 1831 2084 Cui?

240 2130 530 2186 Salvatori.
566 2129 624 2184 Si
648 2127 910 2184 Salvatori
933 2167 947 2193 ,
978 2125 1160 2194 utique
1189 2122 1447 2178 salvandi.
1473 2122 1602 2188 Cui,
1634 2120 1732 2175 nisi
1755 2120 1830 2174 illi

239 2223 333 2292 qui
360 2222 508 2276 venit
538 2235 777 2290 qua-rere
796 2229 848 2275 et
875 2219 1079 2273 salvare
1099 2216 1238 2286 quod
1271 2216 1498 2285 perierat
1527 2213 1673 2287 (Luc.
1700 2229 1788 2268 xix
1811 2255 1826 2281 ,

246 2314 367 2383 10).
396 2312 498 2368 Ubi
526 2312 609 2365 isti
638 2310 940 2380 perierant?
962 2309 1226 2376 Quantum
1244 2307 1309 2360 ad
1339 2307 1483 2376 ipsos
1509 2305 1718 2374 proprie
1746 2312 1832 2358 at-

245 2406 422 2470 tinet,
452 2404 760 2458 innocentes
790 2401 943 2455 video
963 2441 978 2467 ,
1011 2408 1210 2454 reatum
1233 2412 1434 2468 quaero.
1477 2397 1833 2466 Unde?'Apo-

243 2494 448 2550 stolam
470 2493 660 2547 audio:
695 2490 798 2544 Per
825 2507 977 2544 unum
1005 2489 1253 2542 hominem
1267 2488 1470 2541 intrauit
1497 2497 1753 2557 peccatum
1779 2487 1831 2540 in

241 2584 422 2638 orbem
444 2592 711 2635 terrarum.
738 2580 838 2634 Per
863 2596 1037 2645 unum,
1063 2579 1268 2647 inquit,
1298 2578 1548 2633 hominem
1572 2585 1832 2647 peccatum

239 2679 454 2733 intrarit
496 2678 552 2730 in
588 2676 832 2729 mundum
856 2715 871 2738 ,
903 2682 948 2728 et
986 2689 1073 2743 per
1097 2680 1353 2742 peccatum
1379 2683 1549 2732 mors;
1579 2676 1624 2721 et
1671 2669 1741 2720 ita
1779 2668 1832 2720 in

241 2785 423 2826 omnes
448 2750 672 2822 homines
715 2765 1033 2837 pertransivit
1053 2805 1067 2830 ,
1093 2764 1146 2816 in
1174 2777 1272 2832 quo
1317 2776 1486 2814 omnes
1506 2767 1838 2830 peccaverunt

241 2861 420 2927 (Rom
466 2877 519 2928 v,
552 2861 666 2931 i2).
698 2859 923 2915 Veniant
949 2872 1076 2927 ergo
1102 2855 1337 2926 parvuli,
1371 2855 1621 2908 veniant:
1653 2851 1831 2906 audia-

243 2965 343 3009 tur
371 2954 644 3019 Dominus,
668 2952 834 3008 Sinite
852 2949 1087 3022 paruulos
1106 2949 1272 3001 venire
1295 2946 1361 2999 ad
1387 2961 1464 2999 me
1495 2944 1642 3016 (Luc.
1670 2958 1798 2997 xvnt
1814 2983 1828 3007 ,

244 3042 369 3116 115).
404 3043 629 3098 Veniant
657 3042 889 3113 parvuli,
916 3039 1150 3110 languidi
1187 3038 1254 3092 ad
1295 3036 1594 3102 medicum,
1622 3036 1836 3090 veniant

244 3136 452 3210 perditi
480 3136 546 3190 ad
593 3135 980 3204 redemptorem
1013 3152 1027 3187 :
1056 3132 1298 3195 veniant,
1339 3146 1497 3185 nemo
1536 3129 1833 3200 prohibeat.

245 3229 312 3283 In
348 3241 496 3281 ramo
517 3226 691 3280 adhuc
723 3225 854 3279 nihil
881 3223 1262 3279 commiserunt
1293 3240 1305 3276 :
1337 3221 1431 3276 sed
1453 3221 1504 3274 in
1533 3219 1710 3274 radice
1739 3234 1834 3289 pe-

248 3320 480 3374 rierunt.
522 3317 808 3372 Benedicat
855 3315 1114 3370 Dominus
1151 3313 1374 3384 pusillos
1417 3327 1538 3367 cum
1591 3311 1833 3381 magnis:

248 3421 438 3481 tangat
461 3409 695 3465 medicus
718 3419 772 3464 et
795 3408 1019 3480 pusillos
1044 3415 1095 3460 et
1117 3421 1360 3476 magnos.
1389 3405 1613 3458 Causam
1644 3418 1837 3473 parvu-

247 3504 430 3558 lorum
460 3500 892 3557 commendamus
938 3497 1244 3567 majoribus.
1281 3496 1581 3566 Loquimini
1613 3509 1709 3564 pro
1757 3506 1837 3548 ta-

246 3593 520 3654 centibus,
540 3601 690 3646 orate
719 3605 814 3661 pro
843 3589 1107 3643 ﬂentibus.
1134 3586 1190 3642 Si
1213 3602 1315 3641 non
1345 3586 1537 3640 frustra
1567 3585 1694 3639 estis
1721 3600 1836 3638 ma-

244 3686 435 3755 jores,
476 3692 644 3738 estote
671 3691 909 3736 tutores:
942 3679 1159 3733 tuemini
1181 3693 1276 3734 eos
1305 3677 1392 3747 qui
1418 3676 1589 3730 adhuc
1624 3689 1838 3729 causam

248 3791 411 3831 suam
441 3789 596 3845 agere
618 3788 722 3828 non
761 3780 1003 3842 possunt.
1031 3769 1343 3823 Communis
1373 3766 1469 3821 fuit
1495 3766 1744 3836 perditio,
1772 3768 1842 3820 sit

252 3865 561 3921 communis
595 3862 872 3918 inventio:
904 3861 1062 3915 simul
1103 3858 1464 3929 perieramus,
1502 3856 1660 3911 simul
1689 3856 1840 3911 inve-

252 3959 478 4013 niamur
503 3957 554 4010 in
587 3954 822 4010 Christo.
847 3954 1039 4024 DiSpar
1058 3960 1140 4006 est
1170 3950 1414 4005 meritum
1437 3989 1451 4013 ,
1479 3947 1572 4002 sed
1599 3963 1842 4002 commu-

250 4053 346 4108 nis
371 4059 452 4106 est
492 4050 676 4121 gratia.
705 4048 848 4103 Nihil
886 4046 1083 4102 habent
1108 4045 1268 4112 mali,
1295 4043 1395 4098 nisi
1423 4041 1563 4113 quod
1603 4041 1671 4097 de
1697 4041 1845 4097 fonte

250 4151 534 4200 traxerunt
565 4160 578 4196 :
612 4142 743 4196 nihil
795 4140 991 4195 habent
1035 4138 1193 4203 mali,
1235 4137 1337 4191 nisi
1366 4136 1505 4206 quod
1531 4135 1598 4190 de
1639 4135 1843 4204 origine

251 4243 553 4293 traxerunt.
574 4233 692 4288 Non
717 4248 809 4289 eos
830 4230 1119 4300 impediant
1144 4245 1173 4284 a
1195 4229 1397 4296 solute,
1417 4227 1505 4298 qui
1529 4227 1597 4281 ad
1627 4226 1677 4281 id
1702 4225 1843 4296 quod

249 4334 542 4382 traxerunt
566 4325 730 4380 multa
760 4322 1091 4378 addiderunt.
1111 4320 1212 4388 Qui
1240 4319 1408 4390 major
1430 4326 1511 4373 est
1539 4324 1712 4382 aetate,
1733 4332 1845 4371 ma-

249 4418 346 4489 jor
372 4426 455 4472 est
476 4424 532 4472 et
559 4416 853 4486 iniquitate.
897 4412 1003 4468 Sed
1031 4413 1200 4482 gratia
1224 4411 1321 4466 Dei
1347 4409 1488 4465 delet
1513 4409 1652 4480 quod
1682 4409 1842 4463 traxi-

250 4509 351 4572 sti,
369 4508 513 4563 delet
531 4516 584 4562 et
605 4506 744 4577 quod
763 4503 1031 4559 addidisti.
1051 4503 1154 4559 Ubi
1180 4502 1320 4557 enim
1349 4500 1634 4555 abundavit
1657 4513 1844 4570 pecca-

254 4612 397 4667 tum,
426 4597 872 4670 superabundavit
894 4595 1063 4666 gratia
1089 4595 1110 4664 (
1136 4594 1286 4648 Rom.
1314 4607 1370 4660 v,
1391 4591 1462 4647 20
1479 4592 1521 4664 ).

769 4707 996 4766 suane
1032 4705 1194 4762 CXVI
1218 4706 1352 4776 ‘(a).

257 4826 346 4881 De
365 4825 526 4880 verbis
554 4823 814 4894 Evangelii
831 4823 1004 4888 Lucas,
1021 4821 1177 4877 Stetit
1194 4820 1348 4876 Jesus
1364 4819 1416 4873 in
1438 4818 1613 4874 medio
1633 4833 1841 4887 eorum,

323 4925 378 4972 et
406 4915 538 4971 dixit
561 4915 660 4981 eis,
689 4914 796 4968 Pax
824 4913 996 4981 vobis,
1028 4921 1146 4980 ete.,
1171 4929 1286 4982 cap.
1316 4926 1460 4978 xxiv,
1497 4911 1530 4980 ᾖ
1557 4951 1569 4963 .
1593 4910 1781 4966 56-47.

335 5025 558 5082 CAPUT
583 5025 586 5028 ’
611 5023 894 5082 PRIMUM.
941 5054 1012 5066 —
1067 5025 1119 5079 1.
1171 5022 1571 5077 Manis/uectum
1617 5023 1840 5078 heresis.

256 5117 526 5189 Apparuit
561 5105 823 5173 Dominus
887 5125 1009 5187 post
1071 5115 1517 5171 resurrectionem
1573 5113 1846 5184 discipulis

260 5209 406 5273 suis,
438 5208 576 5263 sicut
605 5207 848 5272 audistis,
869 5216 924 5262 et
948 5205 1197 5260 salutavit
1219 5221 1348 5271 eos,
1380 5205 1582 5271 dicens,
1613 5203 1734 5260 Pas
1760 5221 1847 5259 uo-

258 5298 358 5353 bis.
391 5297 516 5352 Haec
541 5306 624 5352 est
641 5311 765 5368 pax,
792 5305 847 5352 et
871 5296 1120 5352 salutatio
1141 5295 1325 5350 salutis
1351 5312 1365 5348 :
1391 5311 1515 5350 nam
1537 5304 1589 5349 et
1626 5295 1734 5365 ipsa
1757 5311 1845 5350 sa-

259 5386 456 5443 lutatio
480 5401 510 5440 a
531 5387 702 5442 salute
728 5401 925 5441 nomen
949 5387 1170 5456 accepit.
1187 5385 1290 5442 Sed
1306 5386 1430 5456 quid
1455 5386 1664 5446 melius.
1686 5400 1845 5455 quam

261 5488 325 5534 ut
348 5479 464 5549 ipsa
496 5477 690 5533 salutet
713 5477 1022 5533 hominem?
1044 5477 1198 5534 Salus
1225 5478 1365 5533 enim
1388 5486 1570 5531 nostra
1601 5474 1848 5533 Christus

258 5581 364 5627 est.
391 5569 509 5640 ipse
530 5577 614 5625 est
633 5569 773 5624 enim
802 5569 949 5624 salus
971 5577 1173 5635 nostra,
1195 5567 1284 5638 qui
1309 5566 1614 5620 vulneratus
1636 5575 1720 5622 est
1748 5584 1846 5638 pro

260 5661 443 5728 nobis,
470 5669 524 5716 et
545 5660 785 5715 conﬁxus
818 5667 902 5714 est
924 5659 1086 5714 clavis
1111 5659 1162 5713 in
1197 5658 1378 5728 ligno;
1407 5667 1460 5712 et
1483 5656 1754 5727 depositus
1779 5659 1846 5717 de

329 5797 348 5830 ⁸
374 5797 448 5845 sic
464 5801 572 5844 uss.
594 5791 712 5843 initi
729 5804 867 5853 vero,
885 5789 1059 5842 insani.

332 5859 350 5877 ‘
387 5856 676 5918 Recognluss
709 5853 902 5918 addir.
938 5869 984 5903 v.
1004 5859 1243 5918 νει-κων.
1259 5859 1310 5902 ει
1334 5855 1469 5916 Vigtt.

333 5918 408 5983 (tt)
431 5915 589 5982 Aliis,
608 5917 636 5966 4
661 5929 725 5967 ex
748 5915 918 5966 additis
937 5929 966 5966 ει
983 5915 1344 5966 Parisiensibus.

1651 457 1879 518 SERMO
1915 459 2049 515 CXV

2766 389 2813 404 ,ψ
2846 391 2888 399 υ,

3399 462 3496 520 65ξ

1931 577 2106 649 ligno,
2141 587 2342 648 positus
2378 581 2429 635 in
2473 582 2737 651 sepulcro.
2788 583 2865 639 De
2906 583 3154 654 sepulcro
3178 594 3353 640 autent
3389 603 3506 641 sur-

1931 669 2098 736 rexit,
2125 673 2322 726 sanatis
2357 673 2696 738 vulneribus,
2742 677 2966 731 servatis
3000 676 3352 732 cicatricibus.
3395 679 3504 733 Hoc

1931 760 2071 813 enim
2101 761 2373 830 discipulis
2412 765 2522 818 suis
2557 765 2811 834 expedire
2843 767 3128 836 judicavit,
3153 778 3210 822 ut
3233 770 3506 824 cicatrices

1931 851 2046 916 ejus
2088 861 2462 920 servarentur,
2507 855 2646 910 unde
2681 856 2857 910 cordis
2906 859 3124 913 vulnera
3168 869 3504 913 sanarentur.

1931 940 2060 1008 Qua:
2103 943 2360 998 vulnera?
2402 946 2629 1001 Vulnera
2675 945 3018 1002 inﬁdelitatis.
3067 948 3324 1018 Apparuit
3364 951 3506 1005 enim

1931 1035 2098 1089 oculis
2127 1051 2311 1090 eorum
2338 1053 2519 1092 veram
2543 1038 2799 1093 exhibens
2829 1054 3043 1093 carnem
3071 1057 3083 1092 :
3113 1052 3166 1095 et
3193 1049 3510 1109 putaverunt

1933 1137 1992 1178 se
2034 1125 2274 1193 spiritum
2306 1127 2506 1182 videre.
2546 1127 2660 1182 Non
2703 1128 2818 1183 leve
2855 1130 3042 1203 vulnus
3083 1129 3183 1184 hoc
3203 1131 3378 1185 cordis
3403 1139 3506 1185 est.

1933 1215 2168 1286 Denique
2195 1217 2438 1272 haeresim
2461 1219 2743 1289 malignam
2765 1218 3030 1281 fecerunt.
3066 1221 3156 1290 qui
3192 1221 3244 1274 in
3268 1221 3370 1275 isto
3387 1222 3507 1276 vul-

1933 1319 2062 1359 nere
2119 1318 2510 1364 remanserunt.
2568 1309 2672 1363 Sed
2741 1307 2845 1363 non
2896 1321 3140 1379 putamus
3203 1311 3508 1366 vulneratos

1933 1395 2097 1450 fuisse
2134 1395 2420 1467 discipulos
2441 1440 2455 1466 ,
2485 1399 2606 1469 quia
2635 1401 2742 1454 cito
2772 1402 2940 1455 sanati
2961 1401 3119 1455 sunt?
3139 1401 3346 1472 Cogitet
3365 1401 3500 1456 Cha.

1934 1484 2062 1540 ritas
2088 1496 2285 1554 vestra,
2315 1489 2357 1543 si
2385 1491 2436 1542 in
2463 1491 2564 1543 isto
2590 1491 2814 1547 vulnere
2840 1493 3242 1560 remansissent,
3277 1501 3334 1547 ut
3357 1503 3510 1563 puta-

1933 1584 2056 1630 rent
2083 1592 2276 1648 corpus
2305 1581 2570 1648 sepultum
2609 1597 2713 1636 non
2738 1584 3113 1649 resurrexisse,
3144 1585 3236 1639 sed
3264 1585 3506 1654 Spiritum
3581 1616 3592 1622 -

1933 1667 2162 1738 imagine
2187 1672 2426 1740 corporis
2453 1672 2712 1728 humanos
2732 1675 2912 1730 oculos
2943 1675 3172 1730 illusisse
3201 1692 3215 1728 :
3245 1676 3288 1730 si
3321 1677 3374 1729 in
3408 1677 3508 1730 ista

1935 1757 2072 1825 ﬁde,
2109 1761 2215 1814 imo
2251 1762 2303 1814 in
2341 1761 2440 1815 ista
2474 1763 2692 1830 perlidia
2723 1765 3136 1830 remansissent,
3177 1781 3281 1818 non
3321 1781 3507 1821 corum

1933 1851 2171 1916 vulnera,
2202 1853 2295 1907 sed
2327 1869 2471 1908 mors
2501 1855 2672 1924 plangi
2700 1854 2940 1911 deberet.

2003 1942 2226 1998 CAPUT
2267 1943 2328 1998 ll.
2352 1945 2494 1999 —2.
2531 1946 2786 2001 Dubitatio
2815 1947 3196 2017 discipulorum.
3239 1948 3343 2004 Sed
3383 1950 3507 2018 quid

1933 2034 2006 2090 ait
2027 2035 2282 2090 Dominus
2304 2037 2495 2092 Iesus?
2520 2038 2655 2103 Quid
2701 2040 2883 2093 turbati
2922 2041 3066 2103 estis,
3099 2049 3145 2094 et
3185 2041 3510 2110 cogitationes
3611 2075 3624 2091 .

1933 2128 2208 2181 ascendant
2231 2129 2282 2180 in
2303 2145 2390 2182 cor
2412 2130 2665 2182 uestrum?
2684 2129 2737 2183 Si
2765 2129 3057 2184 ascendunt
3080 2131 3130 2182 in
3153 2145 3246 2184 cor
3275 2139 3507 2184 vestrum

1933 2217 2297 2286 COgitationes,
2325 2217 2392 2272 de
2420 2229 2558 2272 terra
2581 2220 2793 2272 veniunt
2815 2220 3180 2289 Cogitationes.
3207 2220 3406 2273 Bonum
3429 2231 3512 2274 est

1935 2308 2158 2376 homini,
2189 2324 2292 2363 non
2324 2317 2381 2364 ut
2400 2310 2649 2381 cogitatio
2674 2309 2928 2364 ascendat
2956 2309 3007 2364 in
3035 2325 3128 2364 cor
3156 2311 3300 2379 ejus,
3332 2310 3426 2365 sed
3455 2321 3511 2364 ut

1933 2414 2142 2453 sursum
2187 2400 2439 2455 ascendat
2489 2401 2658 2470 ipsum
2703 2415 2796 2455 cor
2816 2401 2966 2471 ejus:
2999 2401 3089 2456 ubi
3134 2402 3344 2456 volebat
3370 2405 3511 2471 Apo-

1933 2492 2102 2546 stolus
2131 2507 2331 2560 ponere
2370 2493 2531 2548 cetda
2572 2493 2900 2548 credentium
2919 2536 2934 2560 ,
2963 2495 3154 2564 quibus
3180 2495 3419 2560 dicebat,
3452 2495 3513 2550 Si

1934 2583 2316 2636 consurrexistis
2331 2599 2442 2636 cum
2472 2581 2691 2650 Christo,
2716 2599 2826 2654 quae
2845 2601 3043 2639 sursum
3069 2596 3183 2639 sunt
3209 2588 3398 2655 sapite,
3427 2585 3511 2639 ubi

1935 2673 2170 2730 Christus
2207 2683 2279 2729 est
2298 2675 2376 2729 ad'
2399 2675 2655 2730 dexteram
2694 2675 2787 2730 Dei
2807 2677 2982 2730 sedens
3001 2694 3019 2740 ;
3039 2693 3152 2747 gate
3178 2693 3374 2731 sursum
3399 2687 3514 2730 sunt

1935 2766 2140 2834 quaerite
2162 2806 2176 2828 ,
2199 2781 2300 2819 non
2333 2781 2446 2835 qute
2472 2782 2621 2835 super
2663 2776 2866 2820 terram.
2891 2765 3086 2819 Mortui
3130 2767 3261 2820 enim
3297 2769 3412 2821 estis
3428 2809 3442 2834 ,
3467 2776 3512 2820 et

1935 2859 2034 2909 vita
2078 2866 2241 2912 uestra
2279 2857 2570 2911 abscondita
2607 2866 2679 2911 est
2727 2873 2841 2911 cum
2885 2856 3083 2913 Christo
3126 2859 3178 2912 in
3211 2857 3360 2912 Deo:
3397 2875 3512 2912 cum

1936 2945 2162 3002 Christus
2201 2949 2491 3019 apparuerit
2527 2949 2627 3002 vita
2677 2957 2840 3002 vestra
2866 2989 2882 3014 ,
2926 2958 3042 3002 tunc
3072 2957 3118 3001 et
3178 2964 3265 3001 vos
3291 2963 3402 3000 cum
3425 2948 3514 3000 illo

1936 3039 2238 3109 apparebitis
2271 3040 2324 3092 in
2367 3039 2529 3110 gloria
2569 3039 2783 3108 (Coloss.
2812 3054 2890 3100 ιιι,
2934 3039 3060 3108 1-4).
3097 3037 3148 3091 ln
3179 3052 3280 3108 qua
3305 3037 3514 3108 gloria?

1939 3129 2379 3184 Resurrectionis.
2438 3128 2495 3184 In
2522 3144 2620 3200 qua
2660 3129 2870 3200 gloria?
2899 3129 3036 3182 Audi
3073 3129 3386 3197 Apostolum
3430 3128 3514 3183 di-

1938 3229 2147 3274 centem
2172 3218 2240 3274 de
2282 3219 2383 3274 hoc
2425 3234 2651 3289 corpore
2671 3261 2684 3284 ,
2711 3219 3002 3274 Sentinatur
3028 3220 3078 3272 in
3096 3219 3402 3290 ignominia,
3431 3235 3514 3274 re-

1937 3320 2107 3381 surget
2129 3311 2181 3364 in
2200 3311 2361 3381 gloria
2389 3312 2433 3380 (l
2453 3310 2569 3366 Cor.
2596 3327 2684 3376 xv,
2702 3309 2814 3383 45).
2844 3311 2999 3366 Istam
3025 3312 3245 3382 gloriam
3274 3313 3516 3382 Apostoli

1938 3403 2188 3473 Magistro
2202 3417 2320 3466 suo.
2344 3403 2558 3459 Christo
2578 3419 2695 3471 suo,
2723 3405 2945 3458 Domino
2965 3419 3062 3458 suo
3087 3405 3214 3459 dare
3234 3405 3512 3461 nolebant:

1942 3494 2260 3549 resuscitare
2300 3509 2421 3549 eum
2454 3495 2687 3564 potuisse
2723 3508 2915 3564 corpus
2955 3510 3108 3550 suum
3165 3494 3231 3550 de
3272 3494 3516 3564 sepulcro

1942 3599 2046 3639 non
2078 3583 2392 3650 credebant;
2439 3585 2678 3653 spiritum
2718 3601 2838 3640 eum
2888 3585 3171 3654 putabant,
3204 3593 3256 3640 et
3299 3600 3516 3640 carnem

1941 3673 2226 3739 videbant,
2253 3689 2350 3730 nec
2385 3675 2512 3744 ipsis
2546 3675 2716 3730 oculis
2759 3675 2868 3729 suis
2909 3675 3066 3730 tidem
3107 3674 3394 3730 habebant.
3452 3676 3522 3729 Et

1943 3767 2209 3823 credimus
2227 3767 2306 3821 eis
2331 3780 2427 3820 nos
2447 3766 2880 3820 annuntiantibus
2897 3777 2947 3820 et
2971 3782 3076 3821 non
3093 3767 3514 3822 ostendentibus.

1947 3863 2083 3916 Ecce
2106 3861 2205 3932 ipsi
2227 3861 2441 3916 Christo
2478 3875 2537 3916 se
2567 3860 2736 3930 ipsum
2765 3859 3061 3915 ostendenti
3079 3874 3183 3915 non
3204 3859 3511 3914 credebant.

1944 3952 2138 4007 Malum
2199 3951 2397 4008 vulnus
2437 3969 2449 4004 :
2486 3950 2743 4021 prodeant
2783 3949 3162 4004 medicamenta
3191 3949 3516 4004 cicatricum.

1950 4043 2086 4110 Quid
2110 4042 2296 4096 turbati
2318 4042 2467 4108 estis,
2493 4049 2538 4094 et
2563 4040 2883 4110 cogitationes
2923 4039 3199 4093 ascendunt
3236 4039 3288 4092 in
3324 4055 3411 4091 cor
3437 4056 3517 4093 ve-

1945 4135 2143 4188 strum?
2180 4132 2348 4186 Videte
2373 4147 2550 4184 manus
2591 4146 2727 4184 meas
2764 4139 2812 4184 et
2850 4130 2999 4201 pedes
3033 4146 3167 4184 meos
3191 4171 3206 4197 ,
3231 4130 3321 4186 ubi
3355 4131 3520 4185 clavis

1947 4226 2187 4280 conﬁxus
2215 4223 2308 4278 fui.
2336 4223 2554 4292 Palpate
2577 4231 2623 4276 et
2649 4222 2825 4276 videte.
2854 4221 2958 4277 Sed
2985 4221 3195 4286 videtis,
3217 4230 3272 4276 et
3301 4237 3405 4277 non
3439 4222 3522 4275 vi-

1946 4315 2106 4370 detis.
2134 4313 2348 4384 Palpate
2384 4321 2430 4367 et
2472 4313 2650 4368 videte.
2674 4312 2844 4381 Quid?
2877 4312 3010 4379 Quia
3054 4312 3276 4384 Spiritus
3317 4329 3431 4368 assa
3474 4323 3535 4367 ει·

1947 4424 2150 4462 carnem
2173 4423 2273 4461 non
2319 4406 2485 4471 habet,
2507 4406 2635 4460 sicut
2658 4423 2737 4460 me
2766 4406 2941 4461 videtis
2977 4405 3174 4460 habere.
3199 4405 3325 4460 Htec
3351 4405 3537 4460 dicens

1949 4500 2048 4571 (sic
2073 4499 2350 4553 recitatum
2381 4497 2483 4565 est)
2509 4497 2722 4551 ostendit
2747 4498 2816 4552 eis
2844 4514 3022 4552 manus
3046 4508 3090 4552 et
3113 4498 3283 4570 pedes.

2017 4591 2240 4646 CAPUT
2275 4589 2358 4644 111.
2378 4591 2515 4646 -5.
2542 4588 2940 4645 Resurrectionis
2957 4590 3142 4644 Christi
3167 4591 3292 4660 ﬁdes
3311 4609 3521 4663 quomo-

1948 4683 2014 4736 do
2039 4680 2451 4752 persuadebatur.
2467 4708 2541 4722 -—-
2556 4679 2623 4734 Et
2648 4681 2815 4734 adhuc
2830 4681 3192 4751 trepidantibus
3221 4691 3267 4736 et
3292 4683 3523 4736 miranti—

1947 4774 2076 4828 tibus
2097 4788 2202 4843 pra:
2220 4773 2427 4842 gaudio.
2459 4771 2574 4826 Jam
2611 4770 2860 4841 gaudium
2899 4779 3042 4836 erat,
3068 4779 3120 4826 ει
3147 4772 3321 4826 adhuc
3355 4773 3520 4843 trepi-

1949 4864 2092 4920 datio
2122 4863 2485 4933 permanebat.
2521 4861 2626 4915 Res
2663 4861 2805 4914 enim
2838 4860 3163 4916 incredibilis
3205 4871 3320 4916 erat
3357 4862 3519 4928 facta,

1948 4958 2043 5013 sed
2072 4966 2244 5012 tamen
2271 4954 2429 5009 facta.
2463 4952 2727 5021 Numquid
2770 4967 2910 5006 nunc
2941 4952 3249 5008 incredibile
3274 4963 3375 5021 est,
3399 4956 3523 5024 quia

1948 5047 2239 5104 resurrexit
2273 5060 2406 5101 caro.
2439 5044 2645 5098 Domini
2684 5043 2752 5098 de
2776 5043 3056 5113 sepulcro?
3082 5045 3247 5100 Totus
3271 5046 3372 5100 hoc
3400 5061 3522 5100 cre-

1948 5139 2082 5193 didit
2105 5135 2330 5191 mundus
2354 5153 2368 5190 :
2391 5135 2479 5205 qui
2506 5149 2614 5188 non
2633 5133 2889 5200 credidit,
2919 5135 3175 5189 remansit
3199 5136 3520 5192 immundus.

1949 5232 2101 5288 Tunc
2147 5238 2321 5285 tamen
2357 5226 2672 5282 incredibile
2699 5235 2848 5282 erat:
2875 5235 2931 5282 et
2971 5226 3386 5297 persuadebatur
3413 5243 3520 5282 non

1951 5325 2122 5380 solum
2151 5321 2337 5387 oculis,
2356 5319 2524 5375 sedet
2549 5318 2813 5385 manibus,
2843 5327 2901 5373 ut
2931 5334 3024 5389 per
3050 5333 3263 5374 sensum
3285 5323 3525 5390 corporis

1953 5415 2086 5471 fides
2114 5415 2166 5468 in
2190 5428 2285 5468 cor
2319 5411 2702 5476 descenderet,
2733 5421 2788 5466 et
2819 5410 2870 5466 in
2896 5426 2990 5465 cor
3029 5410 3161 5466 fides
3196 5411 3501 5468 descenden

1951 5515 2131 5577 posset
2168 5502 2448 5574 praedicari
2489 5517 2582 5572 per
2625 5501 2878 5555 mundum
2903 5540 2920 5567 ,
2952 5516 3056 5555 non
3090 5500 3391 5556 videntibus
3433 5518 3520 5559 aut

1951 5596 2313 5666 tangentibus,
2341 5602 2394 5649 et
2435 5603 2610 5648 tamen
2643 5592 2760 5648 sine
2795 5592 3123 5648 dubitatione
3165 5592 3522 5650 credentibus.

1944 5688 2156 5743 Habetis
2185 5690 2285 5757 hic,
2319 5691 2508 5760 inquit,
2535 5692 2726 5762 aliquid
2761 5693 2896 5765 quod
2922 5692 3294 5747 manducetur?
3317 5691 3521 5760 Quant.‘

1939 5776 2090 5834 addit
2107 5778 2172 5833 ad
2191 5779 2477 5834 aedilicium
2505 5780 2632 5837 lidei
2655 5784 2920 5840 struetor'
2953 5783 3168 5839 bonus?
3189 5782 3301 5838 Non
3328 5783 3535 5838 esurie-

2004 5917 2017 5946 ¹
2056 5921 2105 5965 ιιι
2123 5920 2251 5977 ωδε..
2278 5917 2552 5969 instructor.
