3852 6182
422 427 528 484 659

423 547 546 610 hut,
591 551 647 596 et
681 537 1000 596 manducare
1036 535 1324 607 quaerebat.
1371 535 1436 590 Et
1478 532 1813 588 manducavit
1846 541 1999 602 pote-

421 642 575 696 state,
596 645 700 683 non
725 629 1063 685 necessitate.
1087 628 1392 696 Agnoscunt
1408 639 1532 695 ergo
1548 624 1792 694 discipuli
1814 638 2000 678 verum

419 735 647 790 corpus,
705 719 847 791 quod
897 718 1114 790 agnovit
1170 716 1300 789 ipsis
1373 715 1784 786 praedicantibus
1840 729 2001 768 mun-

421 812 541 867 dus.
1023 879 1026 884 _

484 901 711 959 CAPUT
751 903 837 956 IV.
867 931 938 941 —
962 902 1016 956 ι.
1047 899 1234 958 Contra
1270 898 1602 952 Manichwos.
1639 896 1694 952 Si
1735 895 1867 950 forte
1901 896 1998 948 ali-

411 995 501 1064 qui
543 994 776 1048 haeretici
804 1001 959 1057 sunt,
989 993 1074 1062 qui
1113 990 1288 1046 adhuc
1325 990 1526 1044 habent
1564 988 1616 1042 iu
1637 987 1832 1052 corde,
1857 985 1995 1056 quod

414 1084 713 1138 exhibuerit
750 1098 808 1138 se
846 1082 1010 1136 oculis
1045 1081 1290 1136 Christus
1311 1121 1328 1146 ,
1353 1089 1408 1134 et
1436 1093 1556 1132 vera
1599 1092 1723 1132 caro
1754 1092 1859 1130 non
1883 1083 1999 1132 erat

411 1176 607 1230 Christi
633 1191 647 1237 ;
671 1175 780 1243 jam
828 1183 1028 1244 ponant
1063 1172 1190 1227 illud
1210 1215 1226 1234 ,
1255 1170 1578 1242 persuadeat
1610 1170 1714 1223 illis
1752 1169 1995 1235 Evange-

414 1265 562 1318 limn.
603 1263 712 1318 Nos
753 1279 848 1318 eos
897 1261 1373 1332 reprehendimus,
1418 1261 1539 1330 quia
1589 1259 1694 1312 hoc
1745 1257 1992 1328 sapiunt:

409 1355 682 1410 damnabit
703 1355 812 1420 ille,
839 1355 882 1408 si
911 1354 1012 1408 hoc
1046 1369 1238 1423 sapere
1265 1361 1626 1422 perseverant.
1651 1351 1728 1404 Tu
1750 1349 1868 1419 quis
1898 1365 1957 1404 es
1977 1391 1992 1417 ,

409 1448 497 1518 qui
523 1463 626 1503 non
661 1447 836 1502 credis
873 1460 1068 1516 corpus
1093 1447 1144 1500 in
1186 1446 1432 1514 sepulcro
1460 1445 1686 1513 positum
1718 1457 1996 1511 resurgere

411 1541 646 1610 potuisse
664 1541 687 1594 ‘i
707 1539 766 1595 Si
802 1538 1126 1594 Mauiclncus
1167 1538 1264 1592 es?
1289 1538 1377 1607 qui
1409 1552 1508 1592 nec
1550 1536 1858 1590 cruciﬁxum
1879 1549 1995 1588 cre-

407 1634 518 1699 dis,
547 1634 666 1702 quia
704 1647 802 1687 nec
823 1642 1004 1687 natum
1049 1630 1452 1697 crcdis;omuia
1491 1644 1612 1683 eum
1650 1625 1782 1681 falsa
1810 1634 1994 1681 osten-

406 1725 550 1779 disse
571 1724 848 1793 praedicas.
881 1724 974 1778 ille
999 1724 1127 1777 falsa
1172 1721 1434 1785 ostendit,
1461 1729 1516 1774 et
1544 1730 1597 1773 tu
1618 1734 1802 1774 verum
1823 1718 1993 1772 dicis?

406 1815 483 1868 'l‘u
533 1830 636 1867 non
682 1813 921 1867 mentiris
947 1828 1075 1878 ore;
1099 1812 1193 1867 sed
1217 1812 1306 1865 ille
1338 1810 1591 1864 mentitus
1621 1817 1701 1862 est
1733 1807 1992 1876 corpore?

405 1905 545 1958 Ecce
583 1903 858 1959 arbitraris
918 1903 1227 1972 apparuisse
1274 1901 1443 1956 oculis
1499 1899 1642 1969 quid
1696 1915 1802 1954 non
1835 1909 1987 1966 erat;

403 1994 646 2064 spiritum
679 1994 858 2057 fuisse,
884 2009 990 2048 non
1011 2008 1248 2048 carnem.
1275 1993 1410 2048 Audi
1437 1993 1581 2046 illum
1610 2010 1624 2046 :
1652 1999 1796 2046 amat
1825 1999 1897 2056 te,
1923 2007 1990 2047 nc

402 2085 620 2140 damnet
646 2093 714 2138 te.
760 2083 900 2138 Audi
934 2083 1083 2138 illum
1123 2082 1388 2137 dicentem
1415 2100 1427 2134 :
1453 2096 1579 2136 cccc
1610 2081 1701 2135 tibi
1728 2080 1875 2145 dicit,
1909 2080 1991 2134 in-

403 2175 564 2241 felix;
593 2175 684 2230 tibi
711 2175 977 2245 loquitur:
1003 2174 1138 2244 Quid
1171 2174 1414 2228 turbatus
1449 2188 1528 2239 es,
1556 2181 1612 2228 et
1639 2173 1988 2242 cogitationes

400 2267 695 2324 ascendunt
718 2267 771 2322 in
791 2282 886 2322 eor
909 2267 1095 2322 tuum?
1129 2266 1316 2330 Videte,
1343 2265 1544 2336 inquit,
1565 2282 1742 2319 manus
1776 2281 1912 2319 meas
1941 2274 1988 2318 et

402 2357 557 2426 pedes
584 2373 739 2422 meos.
780 2355 998 2427 Palpate
1022 2365 1069 2410 et
1096 2355 1274 2417 videte,
1299 2355 1416 2423 quia
1435 2356 1644 2425 spiritus
1665 2371 1778 2408 ossa
1799 2366 1846 2409 et
1871 2372 1986 2408 car-

401 2458 511 2500 uent
557 2463 659 2500 non
703 2445 871 2513 habet,
897 2448 1023 2501 sicut
1063 2461 1141 2499 me
1172 2445 1344 2499 videtis
1384 2445 1581 2498 habere.
1625 2445 1752 2500 Hinc
1774 2445 1987 2501 diccbat

400 2537 614 2603 veritas,
642 2546 695 2591 et
729 2535 986 2591 fallebat?
1014 2534 1218 2604 Corpus
1243 2546 1376 2598 erat,
1413 2549 1540 2589 caro
1563 2544 1703 2601 erat;
1733 2535 1873 2606 quod
1898 2552 1985 2591 sc-

400 2628 603 2696 pnltmu
629 2625 820 2690 fuerat,
854 2625 1163 2698 apparebat.
1203 2624 1393 2680 Pereat
1414 2624 1700 2692 dubitatio,
1731 2635 1984 2696 sequatur

398 2718 553 2788 digna
580 2717 831 2773 laudatio.

467 2812 520 2868 5.
553 2809 783 2866 Christus
819 2809 971 2881 fidem
1003 2810 1236 2881 inspirat.
1283 2809 1673 2880 Ostenditcrgo
1710 2808 1982 2880 discipulis

397 2916 476 2959 se.
506 2901 640 2971 Quid
665 2911 768 2969 est,
796 2901 895 2956 se?
922 2900 1092 2968 Caput
1111 2898 1365 2957 Ecclesiae
1390 2916 1522 2956 suae.
1542 2900 1777 2956 Ecclesia
1805 2899 1980 2956 futura

399 2995 493 3062 per
513 2993 767 3047 tnundum
796 2992 864 3047 ab
897 2992 1013 3062 ipso
1034 2992 1422 3062 praevidebatur
1445 3032 1460 3057 ,
1492 3007 1524 3045 a
1544 2990 1820 3060 discipulis
1846 3006 1980 3046 non-

394 3085 519 3139 dum
542 3084 841 3140 videbatur.
861 3081 1032 3154 Caput
1053 3085 1385 3152 ostendebat,
1407 3095 1600 3153 corpus
1616 3085 1976 3154 promittebat.

393 3176 526 3245 Quid
557 3177 698 3232 enim
722 3184 939 3232 secutus
979 3175 1260 3246 adjunxit?
1287 3175 1411 3229 Hau:
1449 3185 1566 3228 sunt
1609 3175 1753 3230 verba
1777 3193 1887 3246 quin
1911 3178 1985 3232 lo-

392 3278 541 3323 cutus
565 3284 676 3322 sum
702 3268 771 3322 ad
794 3284 900 3335 vos,
923 3267 1046 3321 dum
1069 3268 1236 3321 adhuc
1261 3285 1416 3322 essem
1436 3267 1707 3321 vobiscum.
1731 3268 1868 3334 Quid
1896 3280 1980 3326 est

394 3359 514 3427 hoc,
545 3358 668 3413 dum
687 3359 858 3414 adhuc
895 3375 1056 3414 essent
1103 3359 1392 3414 uobiscum?
1413 3359 1676 3428 Numquid
1721 3376 1826 3416 non
1854 3370 1979 3418 tunc

391 3466 511 3512 cum
545 3451 648 3507 illis
686 3460 821 3518 erat,
867 3467 988 3507 cum
1029 3452 1132 3507 illis
1180 3451 1688 3520 loquebatur?Quid
1731 3463 1833 3517 est,
1861 3471 1977 3510 cum

391 3542 556 3596 adhuc
583 3559 740 3598 essent
765 3543 1054 3598 vobiscum?
1083 3543 1365 3598 Vobiscum
1405 3545 1642 3599 mortalis
1663 3587 1678 3612 ,
1702 3545 1842 3615 quod
1863 3546 1976 3616 jam

394 3649 498 3687 non
529 3649 668 3688 sum.
712 3633 995 3688 Vobiscum
1023 3649 1170 3689 eram
1191 3674 1205 3697 ,
1234 3632 1448 3703 quando
1484 3635 1775 3692 moriturus
1804 3653 1972 3692 eram.

389 3723 526 3792 Quid
555 3734 657 3792 est,
697 3726 987 3781 uobiscum?
1009 3726 1143 3782 Cmn
1186 3727 1461 3782 morituris
1487 3729 1796 3784 moriturus.
1820 3731 1977 3786 Modo

390 3817 496 3886 jam
519 3833 624 3872 non
646 3818 915 3874 vobiscum
950 3821 1104 3890 :qnia
1135 3835 1254 3874 cum
1297 3820 1567 3876 morituris
1595 3838 1862 3892 nunquam
1891 3825 1974 3879 ul-

392 3909 556 3964 terius
581 3909 888 3965 moriturus.
914 3910 1026 3966 lloc
1047 3927 1175 3980 ergo
1195 3911 1434 3966 dicebam
1461 3912 1630 3966 vobis.
1662 3914 1833 3981 Quid?

463 4001 688 4058 CAPUT
753 4002 818 4058 V.
867 4032 938 4044 —-
991 4002 1125 4069 Quia
1193 4005 1450 4074 oportebat
1520 4005 1719 4075 impleri
1782 4007 1969 4073 omnia,

391 4109 503 4163 quia
542 4093 733 4164 scripta
760 4103 877 4147 sunt
918 4094 970 4148 in
1018 4092 1188 4164 Lege,
1239 4105 1287 4148 et
1311 4093 1605 4166 Prop/ictis,
1661 4105 1710 4150 et
1749 4095 1973 4152 Psalmis

391 4186 454 4237 de
490 4200 590 4240 me.
633 4183 750 4240 Dixi
794 4184 978 4251 vobis,
1017 4186 1139 4254 quia
1183 4185 1462 4254 oportebat
1512 4187 1688 4241 omnia
1741 4189 1968 4258 impleri.

395 4276 534 4331 Tum:
574 4277 774 4347 aperuit
824 4277 926 4332 illis
963 4294 1183 4333 sensum.
1223 4278 1348 4332 Veni
1391 4294 1539 4348 ergo.
1583 4280 1834 4346 Domine,
1891 4282 1974 4338 fac

390 4369 598 4435 claves,
649 4367 828 4438 aperi,
883 4377 942 4422 ut
989 4367 1365 4436 intelligamus.
1416 4369 1553 4424 Ecce
1597 4372 1774 4426 omnia
1815 4373 1969 4439 dicis,

391 4470 444 4513 et
473 4473 576 4512 non
599 4457 852 4512 crederis.
892 4457 1102 4512 Pataris
1135 4458 1390 4527 spiritus;
1425 4461 1686 4529 tangeris,
1710 4463 1969 4532 pulsaris,

389 4557 442 4602 et
467 4544 640 4602 adhuc
670 4545 936 4615 trepidant
958 4547 1047 4616 qui
1080 4556 1130 4601 te
1171 4557 1409 4616 tangunt.
1458 4548 1536 4603 De
1560 4549 1845 4620 Scripturis
1874 4555 1969 4609 ad-

390 4655 608 4706 mones,
640 4647 696 4694 et
726 4639 906 4694 adhuc
935 4654 1038 4694 uou
1083 4639 1399 4709 intelligunt.
1421 4637 1608 4696 Clausa
1643 4648 1968 4716 suuteorda,

389 4729 560 4801 aperi,
582 4741 638 4786 et
661 4730 820 4786 intra.
850 4729 998 4786 Fecit
1021 4729 1194 4786 :Tunc
1207 4731 1406 4800 aperuit
1425 4731 1526 4785 illis
1545 4749 1764 4788 sensum.
1785 4737 1968 4806 Aperi,

405 4823 641 4889 lumine,
667 4832 723 4878 et
749 4822 1012 4878 dubitanti
1047 4821 1115 4878 de
1147 4821 1359 4876 Christo
1400 4823 1546 4891 aperi
1580 4841 1694 4879 cor.
1735 4827 1897 4896 Aperi
1921 4830 1971 4884 ei

386 4929 627 4982 sensum,
653 4915 743 4985 qui
765 4915 1079 4985 phantasma
1107 4912 1273 4969 fuisse
1315 4915 1482 4968 credit
1511 4915 1804 4972 Christum.
1826 4917 1970 4975 Tunc

388 5011 580 5080 sperant
607 5008 710 5062 illis
733 5023 954 5071 sensum,
979 5016 1034 5061 ut
1057 5007 1390 5078 intelligerent
1417 5007 1731 5078 Scripturas.

455 5104 508 5160 6.
539 5101 766 5158 Ecclesia
789 5118 878 5172 per
917 5117 1090 5156 omnes
1131 5111 1302 5172 gentes
1327 5103 1502 5173 futura
1545 5105 1871 5172 promittitur.
1895 5107 1970 5162 Ab

393 5197 641 5267 Apostolis
669 5195 921 5260 Christus,
957 5194 1185 5248 Ecclesia
1207 5212 1239 5247 a
1264 5195 1405 5249 nobis
1417 5197 1655 5250 cernitur.
1675 5197 1824 5252 -—Et
1841 5199 1970 5254 dixit

383 5292 474 5345 eis.
502 5289 677 5359 Quid?
705 5287 957 5356 Quoniam
1002 5285 1074 5340 sic
1118 5286 1394 5355 oportebat.
1437 5285 1690 5352 Quoniam
1728 5289 1800 5342 sic
1841 5293 1968 5344 srri-

386 5394 527 5453 pttmt
551 5392 642 5446 est,
664 5390 712 5437 et
734 5382 806 5436 sic
849 5379 1124 5451 oportebat.
1149 5377 1324 5446 Quid?
1349 5377 1603 5432 Christum
1646 5383 1754 5449 pati
1772 5423 1786 5445 ,
1815 5391 1860 5436 et
1889 5400 1970 5437 re.

385 5491 590 5546 surgere
630 5489 662 5528 a
704 5473 912 5528 mortuis
955 5481 1099 5526 tertio
1143 5471 1243 5523 die.
1285 5469 1538 5525 Viderunt
1563 5469 1692 5537 hoc;
1727 5472 1970 5528 viderunt

387 5565 672 5635 patientem
698 5604 714 5628 ,
746 5563 995 5620 viderunt
1044 5562 1364 5632 pendentem
1390 5603 1403 5624 ,
1455 5561 1702 5618 videbant
1734 5573 1854 5633 post
1886 5581 1969 5620 rc-

385 5655 766 5711 surrectiouem
807 5663 1139 5724 praesentem,
1187 5654 1470 5708 viventem.
1529 5653 1662 5721 Quid
1693 5672 1965 5725 ergonon

387 5744 674 5800 videbant?
694 5745 928 5813 Corpus,
958 5744 1008 5798 id
1035 5755 1136 5808 est,
1172 5745 1486 5799 Ecclesium.
1519 5746 1667 5801 illum
1695 5747 1960 5815 videbant,

388 5838 532 5897 illam
554 5848 660 5890 non
686 5832 950 5888 videbant.
982 5833 1247 5903 Sponsum
1275 5835 1542 5904 videbant,
1574 5853 1768 5908 sponsa
1794 5830 1964 5895 adhuc

1659 417 1714 473 s.
1759 412 2124 478 AUGUSTINI
2163 414 2467 473 EPISCOPI
3537 435 3623 492 ως)

2113 531 2331 587 latebat.
2383 515 2766 588 Promittat'ct
2810 533 2997 604 ipsam.
3027 535 3112 590 Sic
3154 541 3380 605 scriptum
3399 556 3625 609 κυαθίς

2111 623 2370 689 Oportebat
2420 622 2677 678 Christum
2706 625 2830 694 pati,
2854 635 2901 678 et
2945 642 3195 696 resurgere
3214 645 3242 682 a
3281 636 3470 692 mortuis
3508 645 3625 696 tertio

2109 711 2208 764 die.
2236 712 2348 766 lloc
2367 728 2592 783 sponsus
2621 724 2722 769 est.

2179 801 2401 858 CAPUT
2443 803 2527 858 Vl.
2558 835 2627 845 -—
2653 805 2788 873 Quid
2828 805 2896 862 de
2935 809 3166 876 sponsa?
3210 809 3275 864 Et
3312 817 3549 882 prcdicari
3587 824 3628 877 in

2109 897 2308 949 nomine
2327 899 2436 967 ejus
2464 899 2804 968 paenitentiam
2827 910 2872 953 et
2897 901 3232 957 remissionem
3260 918 3546 974 peccatorum
3560 931 3627 980 per

2108 1002 2276 1040 omnes
2301 997 2468 1058 gentes
2487 1030 2501 1054 ,
2525 990 2874 1059 incipientibus
2902 992 2964 1045 ab
2990 990 3285 1050 Jerusalem.
3311 998 3413 1052 lloc
3432 1002 3627 1058 nondum

2105 1076 2355 1132 videbant
2393 1078 2635 1150 discipuli
2667 1099 2679 1133 :
2710 1080 3001 1136 Ecclesiatu
3038 1099 3130 1152 per
3156 1100 3334 1141 omnes
3351 1102 3536 1157 gentes,
3561 1094 3628 1147 iu-

2104 1167 2420 1236 cipicntibus
2454 1171 2522 1224 ab
2557 1170 2887 1238 Jerusalem,
2934 1173 3166 1228 nondum
3205 1177 3456 1233 videbant.
3493 1183 3630 1252 Caput

2102 1259 2460 1316 videbantzet
2499 1261 2567 1316 de
2608 1278 2835 1332 corpore
2875 1265 3035 1333 capiti
3087 1266 3364 1324 credi-bant
3422 1271 3516 1326 Per
3550 1275 3630 1330 hoc

2101 1350 2244 1418 quod
2275 1351 2546 1418 videbant,
2566 1353 2708 1422 quod
2738 1371 2842 1408 non
2862 1356 3114 1410 videbant
3138 1360 3431 1415 credebant.
3454 1363 3628 1420 Similes

2105 1442 2208 1497 illis
2246 1458 2432 1499 sumus
2457 1453 2512 1500 et
2535 1461 2636 1500 nos
2665 1464 2676 1500 :
2705 1447 2947 1502 videmus
2985 1450 3180 1518 aliquid
3202 1494 3214 1515 .
3240 1453 3372 1521 quod
3415 1456 3502 1522 ipsi
3542 1473 3623 1510 non

2100 1534 2382 1600 videbant;
2437 1546 2493 1592 et
2540 1553 2646 1592 non
2690 1539 2932 1596 videmus
2976 1542 3203 1611 aliquid,
3229 1545 3363 1614 quod
3393 1547 3482 1614 ipsi
3503 1548 3624 1602 vide-

2098 1624 2243 1680 bant.
2269 1626 2404 1693 Quid
2425 1642 2523 1683 nos
2556 1628 2796 1684 videmus
2815 1671 2830 1697 ,
2861 1631 3004 1700 quod
3022 1630 3126 1700 ipsi
3151 1650 3255 1687 non
3276 1635 3529 1690 Videbam?

2097 1715 2312 1770 clesiatn
2342 1732 2437 1786 per
2459 1733 2647 1773 omnes
2686 1729 2893 1789 gentes.
2921 1721 3061 1789 Quid
3103 1739 3208 1777 non
3236 1724 3458 1780 videmus
3477 1768 3490 1792 ,
3515 1728 3627 1795 quod

2097 1807 2196 1877 ipsi
2220 1809 2499 1864 videbant?
2527 1811 2797 1868 Christum
2836 1813 2888 1868 in
2926 1829 3092 1870 carne
3129 1816 3473 1870 constitutum.
3514 1818 3628 1884 Quo.

2096 1898 2256 1954 modo
2277 1900 2350 1954 illi
2374 1900 2517 1956 illum
2534 1902 2801 1968 videbant,
2823 1911 2879 1958 et
2903 1903 2971 1958 de
2995 1919 3222 1974 corpore
3248 1907 3510 1962 credebant
3534 1925 3545 1959 :
3569 1909 3629 1962 sic

2095 2006 2194 2046 nos
2239 2007 2433 2062 corpus
2472 1993 2750 2062 videmus,
2776 1994 2843 2050 de
2880 1996 3058 2065 capite
3101 1997 3392 2054 credamus.
3437 1998 3628 2052 Invicem

2095 2101 2192 2142 nos
2217 2087 2468 2156 adjuveut
2494 2089 2602 2142 visa
2635 2099 2836 2146 nostra.
2870 2093 3106 2161 Adiuvat
3131 2109 3226 2148 eos
3251 2095 3390 2148 visus
3405 2093 3624 2158 Christus,

2093 2186 2150 2230 ut
2194 2175 2423 2231 futuram
2465 2178 2758 2234 Ecclesium
2809 2181 3098 2237 crederent
3124 2202 3140 2236 :
3165 2183 3374 2252 adjuvat
3415 2199 3500 2237 uos
3537 2185 3628 2237 visa

2093 2267 2348 2334 Ecclesia,
2376 2280 2431 2323 ut
2450 2268 2716 2324 Christum
2743 2273 3114 2328 resurrexisse
3143 2274 3428 2330 credamus.
3452 2274 3630 2344 Implet:

2092 2370 2177 2416 est
2204 2361 2336 2416 tides
2357 2363 2588 2426 illorum,
2620 2364 2871 2433 impletur
2911 2375 2965 2421 et
3007 2378 3198 2422 nostra
3227 2386 3242 2421 ι
3271 2369 3468 2438 impleta
3495 2377 3564 2421 est
3586 2368 3630 2420 il-

2090 2450 2262 2506 lorum
2292 2452 2361 2508 de
2405 2454 2577 2522 capite
2595 2495 2610 2520 ,
2643 2455 2894 2523 impletur
2921 2465 3118 2511 nostra
3145 2457 3212 2511 de
3251 2473 3474 2526 corpore.
3502 2457 3631 2510 Totus

2088 2541 2332 2598 Christus
2360 2553 2415 2599 et
2438 2541 2544 2598 illis
2587 2545 2848 2610 innotuit,
2871 2556 2925 2602 et
2962 2549 3132 2603 nobis
3179 2549 3398 2604 innotuit
3426 2567 3438 2601 :
3466 2547 3544 2602 sed
3570 2557 3634 2602 to-

2090 2642 2173 2687 tus
2194 2634 2262 2688 ab
2279 2635 2359 2689 eis
2395 2649 2500 2689 non
2536 2645 2617 2690 est
2645 2636 2789 2691 visus
2808 2677 2824 2702 ,
2849 2653 2949 2693 nec
2983 2654 3012 2692 a
3054 2640 3223 2695 nobis
3251 2650 3381 2694 totus
3405 2648 3477 2694 est
3497 2639 3629 2692 visus.

2086 2721 2170 2777 Ah
2208 2723 2287 2778 eis
2312 2732 2472 2792 caput
2494 2733 2576 2779 est
2628 2726 2798 2781 visum
2824 2768 2838 2789 ,
2881 2743 3097 2797 corpus
3134 2730 3386 2785 creditum
3410 2748 3423 2782 :
3450 2745 3479 2783 a
3511 2727 3632 2783 nobis

2085 2829 2278 2882 corpus
2319 2815 2511 2882 visum,
2553 2827 2710 2887 caput
2756 2817 3040 2874 creditum.
3109 2820 3248 2875 Nulli
3301 2831 3461 2874 tamen
3510 2817 3632 2872 deest

2084 2904 2330 2960 Christus
2363 2925 2376 2961 :
2417 2907 2468 2961 in
2494 2909 2740 2964 omnibus
2785 2911 2973 2979 plenus
3000 2923 3132 2978 est,
3157 2922 3212 2968 et
3245 2913 3410 2967 adhuc
3433 2913 3476 2968 ei
3495 2919 3629 2966 restat

2085 3009 2297 3065 corpus.
2329 2996 2686 3053 Crediderunt
2713 3001 2831 3068 ipsi,
2864 3002 3224 3058 crediderunt
3267 3019 3358 3072 per
3380 3003 3486 3057 illos
3507 3001 3630 3057 iero-

2084 3087 2385 3159 solymilani
2430 3090 2612 3156 multi;
2653 3091 3134 3159 crediditJudiea,
3164 3093 3386 3150 credidit
3407 3092 3627 3148 Samaria.

2082 3179 2352 3233 Accedant
2396 3181 2636 3236 membra
2661 3220 2677 3244 ,
2715 3182 2935 3236 accedat
2981 3185 3278 3239 aedilicium
3316 3184 3629 3240 fundamento.

2084 3268 2495 3325 Fundamentum
2519 3277 2650 3325 enim
2675 3289 2820 3326 nemo
2843 3283 3005 3344 potest
3031 3292 3254 3344 ponere,
3277 3276 3348 3330 ait
3373 3273 3632 3345 Apostolus,

2083 3360 2177 3414 nisi
2197 3361 2334 3432 quod
2382 3370 2454 3414 est
2489 3363 2737 3432 positum,
2765 3363 2902 3435 quod
2920 3374 2992 3418 est
3019 3363 3267 3420 Christus
3303 3365 3445 3420 Jesus
3480 3364 3518 3432 (Ι
3537 3361 3629 3417 Cor.

2081 3465 2158 3514 ut.
2193 3449 2302 3523 ll).
2345 3451 2616 3506 lnsaniaut
2639 3453 2808 3508 Judaei
2829 3494 2844 3518 ,
2873 3455 3210 3525 impleantur
3235 3459 3382 3514 zelo:
3411 3456 3634 3526 lapideum

2082 3538 2420 3610 Stephanus,
2475 3551 2653 3598 servet
2699 3544 3050 3614 lapidautium
3096 3550 3408 3604 vestimenta
3451 3547 3628 3608 Saulus,

2081 3630 2276 3686 Saulus
2313 3631 2522 3688 futurus
2561 3635 2755 3689 Paulus
2792 3638 3088 3705 apostolus.
3141 3639 3418 3695 Occidatur
3441 3637 3630 3708 Stepha-

2081 3737 2201 3788 nus,
2223 3724 2560 3792 perturbetur
2579 3725 2816 3780 Ecclesia
2831 3726 3279 3800 Jerosolytnitaua
3302 3732 3434 3799 (Act.
3453 3746 3532 3794 vn,
3553 3729 3626 3791 57,

2080 3832 2118 3880 ι,
2141 3817 2221 3886 l):
2243 3816 2521 3871 discedant
2545 3817 2667 3871 inde
2688 3817 2824 3888 ligna
2851 3819 3118 3884 ardentia,
3144 3821 3628 3877 accedantetinceu-

2079 3905 2222 3960 dant.
2253 3907 2414 3976 Ligna
2441 3909 2582 3962 enim
2605 3910 2834 3978 quodam
2861 3911 3025 3966 modo
3056 3914 3111 3967 in
3141 3915 3378 3970 Ecclesia
3399 3913 3633 3980 Jerostily-

2080 3998 2277 4052 mitana
2304 3999 2564 4053 ardebant
2609 4000 2808 4070 Spiritu
2855 4011 3066 4067 sancto,
3095 4006 3314 4074 quando
3339 4014 3451 4060 erat
3484 4003 3570 4057 illis
3591 4001 3631 4054 in

2082 4088 2246 4144 Deum
2268 4089 2442 4144 anima
2474 4106 2597 4155 una,
2624 4100 2678 4145 et
2701 4107 2797 4145 cor
2823 4108 2984 4147 unum
3015 4093 3129 4166 (Id.
3156 4113 3232 4161 tv,
3263 4095 3374 4168 '52).
3418 4093 3634 4164 lapidato

2079 4177 2351 4249 Stephano
2395 4194 2547 4249 passa
2597 4189 2680 4235 est
2723 4181 2813 4235 illa
2859 4185 3148 4252 congeries
3202 4187 3631 4255 persecutionem:

2079 4283 2259 4339 sparsa
2290 4282 2415 4324 sunt
2441 4272 2602 4340 ligna,
2626 4281 2680 4326 et
2700 4288 2956 4328 accensus
2986 4285 3071 4330 cst
3092 4279 3352 4333 mundus.

2146 4363 2370 4420 CAPUT
2415 4365 2522 4419 Vll.
2547 4396 2620 4405 —
2643 4367 2694 4420 7.
2737 4366 2928 4422 Saulus
2953 4379 3184 4423 mutatus
3206 4372 3260 4424 in
3296 4369 3636 4440 pradicatoretn

2079 4453 2360 4525 Evangelii.
2393 4455 2626 4525 Denique
2652 4456 2766 4512 hate
2783 4467 2999 4512 secutus
3017 4459 3209 4515 furens
3225 4461 3418 4516 Saulus
3437 4461 3514 4514 ille
3530 4499 3543 4522 ,
3565 4472 3639 4508 acc

2077 4545 2217 4613 cepit
2241 4546 2492 4614 epistolas
2522 4563 2551 4599 a
2583 4547 2908 4616 principibus
2936 4551 3308 4618 sacerdotum,
3334 4562 3389 4605 et
3413 4550 3556 4619 ρωιιὶι
3577 4548 3638 4598 ire

2077 4637 2330 4702 saeviens,
2361 4639 2618 4692 anhelans
2644 4640 2842 4693 caedem
2862 4678 2878 4704 ,
2915 4642 3106 4696 sitiens
3134 4645 3470 4712 sanguinem,
3497 4639 3638 4694 unde-

2076 4741 2301 4795 cumque
2341 4736 2551 4794 posset,
2583 4743 2718 4797 quos
2743 4740 2920 4797 posset
2947 4731 3160 4787 vinctos
3191 4733 3422 4797 trahere,
3453 4731 3511 4784 ad
3536 4742 3639 4794 sup-

2076 4818 2286 4888 plicimn
2326 4833 2514 4888 rapere
2537 4861 2552 4885 ,
2596 4835 2656 4874 se
2691 4819 2858 4874 cll‘uso
2901 4824 3165 4892 sanguine
3195 4826 3412 4879 satiare.
3451 4820 3542 4879 Sed
3567 4818 3638 4872 ubi

2078 4912 2239 4975 Deus,
2272 4911 2356 4964 ubi
2381 4910 2645 4978 Christus,
2677 4913 2762 4965 ubi
2783 4912 3036 4983 Stephani
3061 4919 3398 4972 coronatur?
3423 4914 3530 4980 Ubi,
3556 4909 3638 4964 nisi

2076 5003 2129 5057 in
2160 5003 2332 5059 cmlo?
2365 5003 2553 5058 Videat
2577 5013 2632 5059 et
2657 5005 2872 5061 Saulum
2895 5049 2909 5073 ,
2938 5008 3168 5064 irrideat
3199 5011 3519 5068 smvientem.
3545 5005 3640 5058 cla-

2077 5107 2182 5151 ntet
2207 5098 2276 5152 de
2300 5099 2458 5164 caalo,
2494 5097 2681 5165 Saule,
2710 5099 2888 5167 Saule,
2917 5103 3039 5171 quid
3067 5120 3151 5155 me
3171 5104 3480 5174 persequeris
3497 5102 3523 5152 .’
3546 5098 3640 5165 Ego

2077 5188 2128 5242 iu
2159 5189 2294 5244 caelo
2318 5204 2434 5241 sum
2457 5229 2471 5254 ,
2498 5198 2553 5243 tu
2585 5189 2638 5242 in
2678 5198 2854 5256 terra;
2884 5202 2937 5245 et
2966 5202 3149 5248 tamen
3181 5193 3510 5264 persequeris
3548 5201 3638 5242 me.

2075 5281 2240 5351 Caput
2269 5297 2372 5336 non
2405 5283 2575 5352 tangis
2595 5325 2607 5347 ,
2641 5282 2733 5336 sed
2762 5285 2998 5338 membra
3038 5302 3162 5340 mea
3191 5289 3387 5341 caleas.
3413 5284 3510 5340 Sed
3535 5277 3638 5350 quid

2077 5378 2240 5431 facis?
2274 5375 2397 5446 quid
2435 5377 2686 5446 proficis?
2724 5377 2923 5432 Durum
2957 5379 3048 5432 tibi
3085 5389 3166 5434 est
3194 5392 3372 5436 contra
3414 5377 3635 5436 stimulum

2075 5469 2356 5522 calcitrare.
2401 5470 2901 5540 Quantumcumque
2937 5470 3113 5525 calces
3150 5475 3364 5538 mittas,
3407 5481 3457 5526 te
3485 5481 3639 5522 vexas.

2075 5561 2220 5616 Pone
2239 5576 2366 5631 ergo
2393 5560 2648 5628 furorem,
2666 5577 2797 5632 cape
2821 5564 3125 5617 sanitatem.
3157 5565 3305 5619 Pone
3323 5565 3511 5618 malum
3534 5571 3641 5611 con-

2075 5654 2248 5708 silium
2269 5695 2284 5720 ,
2315 5663 2503 5724 appete
2545 5655 2742 5709 bonum
2769 5657 3042 5710 auxilium.
3079 5655 3227 5711 Voce
3267 5658 3349 5709 illa
3377 5657 3641 5724 prostratus

2074 5756 2174 5802 est.
2206 5747 2334 5813 Quis
2367 5756 2450 5801 est
2486 5749 2819 5816 prostratus?
2849 5749 3187 5804 Persecutor.
3226 5750 3364 5804 Ecce
3392 5747 3548 5800 victus
3572 5753 3640 5793 est

2078 5855 2176 5894 una
2207 5853 2352 5895 voce.
2381 5838 2517 5907 Quid
2548 5840 2702 5896 ibas?
2728 5840 2852 5913 quid
2877 5839 3174 5896 smviehas?
3201 5842 3343 5908 Quos
3370 5835 3635 5912 qua‘rcbasi
