  <div class='ocr_page' id='page_1' title='image "/cluster/home/n/w/nwhite01/storage/ocr_20150623/38/hvd.32044096580600/336.png"; bbox 0 0 3934 6184; ppageno 0'>
   <div class='ocr_carea' id='block_1_1' title="bbox 262 405 367 467">
    <p class='ocr_par' dir='ltr' id='par_1_1' title="bbox 262 405 367 467">
     <span class='ocr_line' id='line_1_1' title="bbox 262 405 367 467; baseline -0.057 0"><span class='ocrx_word' id='word_1_1' title='bbox 262 405 367 467; x_wconf 69' lang='grc'><strong>661</strong></span> 
     </span>
    </p>
   </div>
   <div class='ocr_carea' id='block_1_2' title="bbox 263 508 1855 590">
    <p class='ocr_par' dir='ltr' id='par_1_2' title="bbox 263 508 1855 590">
     <span class='ocr_line' id='line_1_2' title="bbox 263 508 1855 590; baseline -0.01 -9"><span class='ocrx_word' id='word_1_2' title='bbox 263 520 429 581; x_wconf 80' lang='lat' dir='ltr'><strong>modo</strong></span> <span class='ocrx_word' id='word_1_3' title='bbox 456 517 702 590; x_wconf 81' lang='lat' dir='ltr'><strong>sequeris</strong></span> <span class='ocrx_word' id='word_1_4' title='bbox 728 533 745 575; x_wconf 64' lang='grc' dir='ltr'><strong><em>ι</em></strong></span> <span class='ocrx_word' id='word_1_5' title='bbox 772 530 909 586; x_wconf 78' lang='lat' dir='ltr'><strong>quos</strong></span> <span class='ocrx_word' id='word_1_6' title='bbox 947 512 1385 584; x_wconf 69' lang='lat' dir='ltr'><strong>persequebaﬁs.</strong></span> <span class='ocrx_word' id='word_1_7' title='bbox 1425 508 1587 569; x_wconf 77' lang='lat' dir='ltr'><strong>modo</strong></span> <span class='ocrx_word' id='word_1_8' title='bbox 1625 524 1720 577; x_wconf 84' lang='lat' dir='ltr'><strong>pro</strong></span> <span class='ocrx_word' id='word_1_9' title='bbox 1749 508 1855 565; x_wconf 85' lang='lat' dir='ltr'><strong>illis</strong></span> 
     </span>
    </p>
   </div>
   <div class='ocr_carea' id='block_1_3' title="bbox 1556 389 2135 460">
    <p class='ocr_par' dir='ltr' id='par_1_3' title="bbox 1556 389 2135 460">
     <span class='ocr_line' id='line_1_3' title="bbox 1556 389 2135 460; baseline -0.002 -13"><span class='ocrx_word' id='word_1_10' title='bbox 1556 412 1577 420; x_wconf 89' lang='grc'><strong>··</strong></span> <span class='ocrx_word' id='word_1_11' title='bbox 1663 389 1897 460; x_wconf 64' lang='grc' dir='ltr'><strong>858Μο</strong></span> <span class='ocrx_word' id='word_1_12' title='bbox 1929 389 2135 451; x_wconf 65' lang='lat' dir='ltr'><strong>CXVI}.</strong></span> 
     </span>
    </p>
   </div>
   <div class='ocr_carea' id='block_1_4' title="bbox 3438 398 3556 456">
    <p class='ocr_par' dir='ltr' id='par_1_4' title="bbox 3438 398 3556 456">
     <span class='ocr_line' id='line_1_4' title="bbox 3438 398 3556 456; baseline -0.008 0"><span class='ocrx_word' id='word_1_13' title='bbox 3438 398 3556 456; x_wconf 68' lang='lat'><strong>&#39;6‘}</strong></span> 
     </span>
    </p>
   </div>
   <div class='ocr_carea' id='block_1_5' title="bbox 1968 506 3552 584">
    <p class='ocr_par' dir='ltr' id='par_1_5' title="bbox 1968 506 3552 584">
     <span class='ocr_line' id='line_1_5' title="bbox 1968 506 3552 584; baseline 0.002 -17"><span class='ocrx_word' id='word_1_14' title='bbox 1968 507 2077 567; x_wconf 82' lang='lat' dir='ltr'><strong>nia.</strong></span> <span class='ocrx_word' id='word_1_15' title='bbox 2107 506 2287 564; x_wconf 82' lang='lat' dir='ltr'><strong>Pretio</strong></span> <span class='ocrx_word' id='word_1_16' title='bbox 2305 508 2452 565; x_wconf 85' lang='lat' dir='ltr'><strong>enim</strong></span> <span class='ocrx_word' id='word_1_17' title='bbox 2477 518 2569 565; x_wconf 82' lang='lat' dir='ltr'><strong>aut</strong></span> <span class='ocrx_word' id='word_1_18' title='bbox 2597 522 2935 584; x_wconf 68' lang='lat' dir='ltr'><strong>comparatur</strong></span> <span class='ocrx_word' id='word_1_19' title='bbox 2959 524 3047 572; x_wconf 88' lang='lat' dir='ltr'><strong>res</strong></span> <span class='ocrx_word' id='word_1_20' title='bbox 3066 515 3296 583; x_wconf 82' lang='lat' dir='ltr'><strong>venalis,</strong></span> <span class='ocrx_word' id='word_1_21' title='bbox 3313 525 3404 570; x_wconf 87' lang='lat' dir='ltr'><strong>aut</strong></span> <span class='ocrx_word' id='word_1_22' title='bbox 3423 519 3552 570; x_wconf 80' lang='lat' dir='ltr'><strong>sub-</strong></span> 
     </span>
    </p>
   </div>
   <div class='ocr_carea' id='block_1_6' title="bbox 264 602 3550 687">
    <p class='ocr_par' dir='ltr' id='par_1_6' title="bbox 264 602 3550 687">
     <span class='ocr_line' id='line_1_6' title="bbox 264 602 3550 687; baseline -0.003 -15"><span class='ocrx_word' id='word_1_23' title='bbox 264 612 705 687; x_wconf 79' lang='lat' dir='ltr'><strong>persecutionem</strong></span> <span class='ocrx_word' id='word_1_24' title='bbox 742 608 961 680; x_wconf 80' lang='lat' dir='ltr'><strong>patet-is.</strong></span> <span class='ocrx_word' id='word_1_25' title='bbox 1000 607 1177 673; x_wconf 68' lang='lat' dir='ltr'><strong>Surgit</strong></span> <span class='ocrx_word' id='word_1_26' title='bbox 1218 605 1560 676; x_wconf 69' lang='lat' dir='ltr'><strong>pnedieator,</strong></span> <span class='ocrx_word' id='word_1_27' title='bbox 1599 603 1690 673; x_wconf 86' lang='lat' dir='ltr'><strong>qui</strong></span> <span class='ocrx_word' id='word_1_28' title='bbox 1731 617 1855 671; x_wconf 75' lang='lat' dir='ltr'><strong>pru—</strong></span> <span class='ocrx_word' id='word_1_29' title='bbox 1958 602 2162 674; x_wconf 79' lang='lat' dir='ltr'><strong>jieitur,</strong></span> <span class='ocrx_word' id='word_1_30' title='bbox 2194 613 2287 658; x_wconf 82' lang='lat' dir='ltr'><strong>aut</strong></span> <span class='ocrx_word' id='word_1_31' title='bbox 2309 605 2519 660; x_wconf 78' lang='lat' dir='ltr'><strong>excedit</strong></span> <span class='ocrx_word' id='word_1_32' title='bbox 2554 620 2695 661; x_wconf 87' lang='lat' dir='ltr'><strong>eam.</strong></span> <span class='ocrx_word' id='word_1_33' title='bbox 2737 607 2963 676; x_wconf 69' lang='lat' dir='ltr'><strong>Quaado</strong></span> <span class='ocrx_word' id='word_1_34' title='bbox 2983 610 3373 680; x_wconf 70' lang='lat' dir='ltr'><strong>tantoquisque</strong></span> <span class='ocrx_word' id='word_1_35' title='bbox 3401 620 3550 665; x_wconf 81' lang='lat' dir='ltr'><strong>com-</strong></span> 
     </span>
    </p>
   </div>
   <div class='ocr_carea' id='block_1_7' title="bbox 262 695 1856 776">
    <p class='ocr_par' dir='ltr' id='par_1_7' title="bbox 262 695 1856 776">
     <span class='ocr_line' id='line_1_7' title="bbox 262 695 1856 776; baseline -0.01 -11"><span class='ocrx_word' id='word_1_36' title='bbox 262 716 467 771; x_wconf 83' lang='lat' dir='ltr'><strong>stratus</strong></span> <span class='ocrx_word' id='word_1_37' title='bbox 484 716 568 764; x_wconf 86' lang='lat' dir='ltr'><strong>est</strong></span> <span class='ocrx_word' id='word_1_38' title='bbox 594 710 924 776; x_wconf 79' lang='lat' dir='ltr'><strong>persecutor.</strong></span> <span class='ocrx_word' id='word_1_39' title='bbox 950 700 1163 757; x_wconf 69' lang='lat' dir='ltr'><strong>Audit-it</strong></span> <span class='ocrx_word' id='word_1_40' title='bbox 1191 698 1399 755; x_wconf 82' lang='lat' dir='ltr'><strong>Domini</strong></span> <span class='ocrx_word' id='word_1_41' title='bbox 1432 711 1638 753; x_wconf 88' lang='lat' dir='ltr'><strong>vocem.</strong></span> <span class='ocrx_word' id='word_1_42' title='bbox 1670 695 1856 751; x_wconf 55' lang='lat' dir='ltr'><strong>Excsr</strong></span> 
     </span>
    </p>
   </div>
   <div class='ocr_carea' id='block_1_8' title="bbox 263 786 1853 865">
    <p class='ocr_par' dir='ltr' id='par_1_8' title="bbox 263 786 1853 865">
     <span class='ocr_line' id='line_1_8' title="bbox 263 786 1853 865; baseline -0.009 -6"><span class='ocrx_word' id='word_1_43' title='bbox 263 812 420 859; x_wconf 80' lang='lat' dir='ltr'><strong>catus</strong></span> <span class='ocrx_word' id='word_1_44' title='bbox 438 809 553 863; x_wconf 84' lang='lat' dir='ltr'><strong>est,</strong></span> <span class='ocrx_word' id='word_1_45' title='bbox 580 797 676 855; x_wconf 87' lang='lat' dir='ltr'><strong>sed</strong></span> <span class='ocrx_word' id='word_1_46' title='bbox 705 797 758 853; x_wconf 92' lang='lat' dir='ltr'><strong>in</strong></span> <span class='ocrx_word' id='word_1_47' title='bbox 787 809 1013 865; x_wconf 87' lang='lat' dir='ltr'><strong>corpore</strong></span> <span class='ocrx_word' id='word_1_48' title='bbox 1036 836 1052 859; x_wconf 87' lang='lat'><strong>,</strong></span> <span class='ocrx_word' id='word_1_49' title='bbox 1088 802 1149 847; x_wconf 89' lang='lat' dir='ltr'><strong>ut</strong></span> <span class='ocrx_word' id='word_1_50' title='bbox 1176 791 1563 847; x_wconf 77' lang='lat' dir='ltr'><strong>iiluminaretur</strong></span> <span class='ocrx_word' id='word_1_51' title='bbox 1590 790 1642 843; x_wconf 85' lang='lat' dir='ltr'><strong>in</strong></span> <span class='ocrx_word' id='word_1_52' title='bbox 1671 786 1853 845; x_wconf 78' lang='lat' dir='ltr'><strong>corde.</strong></span> 
     </span>
    </p>
   </div>
   <div class='ocr_carea' id='block_1_9' title="bbox 265 876 1854 952">
    <p class='ocr_par' dir='ltr' id='par_1_9' title="bbox 265 876 1854 952">
     <span class='ocr_line' id='line_1_9' title="bbox 265 876 1854 952; baseline -0.014 -1"><span class='ocrx_word' id='word_1_53' title='bbox 265 891 565 951; x_wconf 75' lang='lat' dir='ltr'><strong>Perductus</strong></span> <span class='ocrx_word' id='word_1_54' title='bbox 589 887 656 942; x_wconf 82' lang='lat' dir='ltr'><strong>ad</strong></span> <span class='ocrx_word' id='word_1_55' title='bbox 689 885 970 948; x_wconf 80' lang='lat' dir='ltr'><strong>Ananiam,</strong></span> <span class='ocrx_word' id='word_1_56' title='bbox 995 883 1065 939; x_wconf 88' lang='lat' dir='ltr'><strong>de</strong></span> <span class='ocrx_word' id='word_1_57' title='bbox 1091 881 1329 952; x_wconf 87' lang='lat' dir='ltr'><strong>pluribus</strong></span> <span class='ocrx_word' id='word_1_58' title='bbox 1351 878 1728 941; x_wconf 72' lang='lat' dir='ltr'><strong>catecltisatus,</strong></span> <span class='ocrx_word' id='word_1_59' title='bbox 1757 876 1854 930; x_wconf 55' lang='lat' dir='ltr'><strong>hac</strong></span> 
     </span>
    </p>
   </div>
   <div class='ocr_carea' id='block_1_10' title="bbox 264 967 1859 1052">
    <p class='ocr_par' dir='ltr' id='par_1_10' title="bbox 264 967 1859 1052">
     <span class='ocr_line' id='line_1_10' title="bbox 264 967 1859 1052; baseline -0.011 -16"><span class='ocrx_word' id='word_1_60' title='bbox 264 981 516 1052; x_wconf 70' lang='lat' dir='ltr'><strong>ptizatm,</strong></span> <span class='ocrx_word' id='word_1_61' title='bbox 531 976 789 1048; x_wconf 67' lang='lat' dir='ltr'><strong>processit</strong></span> <span class='ocrx_word' id='word_1_62' title='bbox 799 973 1070 1045; x_wconf 83' lang='lat' dir='ltr'><strong>apostolus</strong></span> <span class='ocrx_word' id='word_1_63' title='bbox 1083 970 1193 1045; x_wconf 86' lang='lat' dir='ltr'><strong>(Id.</strong></span> <span class='ocrx_word' id='word_1_64' title='bbox 1207 970 1291 1041; x_wconf 75' lang='lat' dir='ltr'><strong>ix)</strong></span> <span class='ocrx_word' id='word_1_65' title='bbox 1301 1010 1315 1024; x_wconf 97' lang='lat'><strong>.</strong></span> <span class='ocrx_word' id='word_1_66' title='bbox 1330 970 1444 1034; x_wconf 89' lang='lat' dir='ltr'><strong>Dic,</strong></span> <span class='ocrx_word' id='word_1_67' title='bbox 1455 967 1712 1038; x_wconf 67' lang='lat' dir='ltr'><strong>praedicat</strong></span> <span class='ocrx_word' id='word_1_68' title='bbox 1731 981 1859 1036; x_wconf 66' lang='lat' dir='ltr'><strong>pm</strong></span> 
     </span>
    </p>
   </div>
   <div class='ocr_carea' id='block_1_11' title="bbox 261 1057 1856 1133">
    <p class='ocr_par' dir='ltr' id='par_1_11' title="bbox 261 1057 1856 1133">
     <span class='ocr_line' id='line_1_11' title="bbox 261 1057 1856 1133; baseline -0.009 -7"><span class='ocrx_word' id='word_1_69' title='bbox 261 1073 385 1127; x_wconf 77' lang='lat' dir='ltr'><strong>dies</strong></span> <span class='ocrx_word' id='word_1_70' title='bbox 407 1069 708 1133; x_wconf 83' lang='lat' dir='ltr'><strong>Christum,</strong></span> <span class='ocrx_word' id='word_1_71' title='bbox 727 1065 1040 1130; x_wconf 71' lang='lat' dir='ltr'><strong>dissentitis,</strong></span> <span class='ocrx_word' id='word_1_72' title='bbox 1059 1078 1093 1119; x_wconf 87' lang='grc' dir='ltr'><strong>ο</strong></span> <span class='ocrx_word' id='word_1_73' title='bbox 1107 1062 1247 1118; x_wconf 89' lang='lat' dir='ltr'><strong>bone</strong></span> <span class='ocrx_word' id='word_1_74' title='bbox 1259 1061 1420 1125; x_wconf 81' lang='lat' dir='ltr'><strong>aries,</strong></span> <span class='ocrx_word' id='word_1_75' title='bbox 1434 1058 1745 1130; x_wconf 79' lang='lat' dir='ltr'><strong>jamdudum</strong></span> <span class='ocrx_word' id='word_1_76' title='bbox 1771 1057 1856 1113; x_wconf 67' lang='lat' dir='ltr'><strong>luo</strong></span> 
     </span>
    </p>
   </div>
   <div class='ocr_carea' id='block_1_12' title="bbox 263 1149 1859 1233">
    <p class='ocr_par' dir='ltr' id='par_1_12' title="bbox 263 1149 1859 1233">
     <span class='ocr_line' id='line_1_12' title="bbox 263 1149 1859 1233; baseline -0.01 -15"><span class='ocrx_word' id='word_1_77' title='bbox 263 1176 387 1233; x_wconf 83' lang='lat' dir='ltr'><strong>pus.</strong></span> <span class='ocrx_word' id='word_1_78' title='bbox 410 1159 723 1222; x_wconf 83' lang='lat' dir='ltr'><strong>Videillutn,</strong></span> <span class='ocrx_word' id='word_1_79' title='bbox 741 1155 957 1212; x_wconf 81' lang='lat' dir='ltr'><strong>attende</strong></span> <span class='ocrx_word' id='word_1_80' title='bbox 970 1154 1239 1223; x_wconf 88' lang='lat' dir='ltr'><strong>illum,qui</strong></span> <span class='ocrx_word' id='word_1_81' title='bbox 1254 1152 1533 1208; x_wconf 66' lang='lat' dir='ltr'><strong>smicbat:</strong></span> <span class='ocrx_word' id='word_1_82' title='bbox 1550 1149 1680 1204; x_wconf 74' lang='lat' dir='ltr'><strong>Mihi</strong></span> <span class='ocrx_word' id='word_1_83' title='bbox 1691 1158 1859 1203; x_wconf 80' lang='lat' dir='ltr'><strong>autem</strong></span> 
     </span>
    </p>
   </div>
   <div class='ocr_carea' id='block_1_13' title="bbox 260 1241 1855 1324">
    <p class='ocr_par' dir='ltr' id='par_1_13' title="bbox 260 1241 1855 1324">
     <span class='ocr_line' id='line_1_13' title="bbox 260 1241 1855 1324; baseline -0.008 -17"><span class='ocrx_word' id='word_1_84' title='bbox 260 1253 402 1307; x_wconf 75' lang='lat' dir='ltr'><strong>obsit</strong></span> <span class='ocrx_word' id='word_1_85' title='bbox 418 1250 653 1324; x_wconf 72' lang='lat' dir='ltr'><strong>gloriari,</strong></span> <span class='ocrx_word' id='word_1_86' title='bbox 691 1248 789 1302; x_wconf 72' lang='lat' dir='ltr'><strong>nisi</strong></span> <span class='ocrx_word' id='word_1_87' title='bbox 815 1248 869 1301; x_wconf 83' lang='lat' dir='ltr'><strong>iu</strong></span> <span class='ocrx_word' id='word_1_88' title='bbox 895 1262 1045 1300; x_wconf 77' lang='lat' dir='ltr'><strong>cruce</strong></span> <span class='ocrx_word' id='word_1_89' title='bbox 1081 1244 1285 1299; x_wconf 80' lang='lat' dir='ltr'><strong>Domini</strong></span> <span class='ocrx_word' id='word_1_90' title='bbox 1310 1244 1469 1299; x_wconf 75' lang='lat' dir='ltr'><strong>nostri</strong></span> <span class='ocrx_word' id='word_1_91' title='bbox 1490 1241 1619 1298; x_wconf 78' lang='lat' dir='ltr'><strong>Jesu</strong></span> <span class='ocrx_word' id='word_1_92' title='bbox 1646 1242 1855 1307; x_wconf 77' lang='lat' dir='ltr'><strong>Christi,</strong></span> 
     </span>
    </p>
   </div>
   <div class='ocr_carea' id='block_1_14' title="bbox 261 1333 1858 1413">
    <p class='ocr_par' dir='ltr' id='par_1_14' title="bbox 261 1333 1858 1413">
     <span class='ocr_line' id='line_1_14' title="bbox 261 1333 1858 1413; baseline -0.008 -14"><span class='ocrx_word' id='word_1_93' title='bbox 261 1360 358 1413; x_wconf 75' lang='lat' dir='ltr'><strong>per</strong></span> <span class='ocrx_word' id='word_1_94' title='bbox 395 1357 544 1412; x_wconf 68' lang='lat' dir='ltr'><strong>quem</strong></span> <span class='ocrx_word' id='word_1_95' title='bbox 582 1339 707 1394; x_wconf 72' lang='lat' dir='ltr'><strong>mihi</strong></span> <span class='ocrx_word' id='word_1_96' title='bbox 737 1337 955 1392; x_wconf 75' lang='lat' dir='ltr'><strong>mundus</strong></span> <span class='ocrx_word' id='word_1_97' title='bbox 991 1335 1264 1404; x_wconf 67' lang='lat' dir='ltr'><strong>cruciﬁxus</strong></span> <span class='ocrx_word' id='word_1_98' title='bbox 1300 1343 1409 1397; x_wconf 75' lang='lat' dir='ltr'><strong>est,</strong></span> <span class='ocrx_word' id='word_1_99' title='bbox 1449 1342 1497 1388; x_wconf 85' lang='lat' dir='ltr'><strong>et</strong></span> <span class='ocrx_word' id='word_1_100' title='bbox 1533 1348 1625 1404; x_wconf 86' lang='lat' dir='ltr'><strong>ego</strong></span> <span class='ocrx_word' id='word_1_101' title='bbox 1667 1333 1858 1387; x_wconf 74' lang='lat' dir='ltr'><strong>mundo</strong></span> 
     </span>
    </p>
   </div>
   <div class='ocr_carea' id='block_1_15' title="bbox 266 1424 1858 1505">
    <p class='ocr_par' dir='ltr' id='par_1_15' title="bbox 266 1424 1858 1505">
     <span class='ocr_line' id='line_1_15' title="bbox 266 1424 1858 1505; baseline -0.005 -19"><span class='ocrx_word' id='word_1_102' title='bbox 266 1433 476 1505; x_wconf 66' lang='lat' dir='ltr'><strong>(Cum.</strong></span> <span class='ocrx_word' id='word_1_103' title='bbox 504 1447 576 1495; x_wconf 85' lang='lat' dir='ltr'><strong>vt.</strong></span> <span class='ocrx_word' id='word_1_104' title='bbox 604 1428 710 1502; x_wconf 71' lang='grc' dir='ltr'><strong>ιι).</strong></span> <span class='ocrx_word' id='word_1_105' title='bbox 746 1427 931 1485; x_wconf 79' lang='lat' dir='ltr'><strong>Funde</strong></span> <span class='ocrx_word' id='word_1_106' title='bbox 959 1426 1303 1496; x_wconf 77' lang='lat' dir='ltr'><strong>Evangeliutn</strong></span> <span class='ocrx_word' id='word_1_107' title='bbox 1331 1443 1345 1480; x_wconf 88' lang='lat'><strong>:</strong></span> <span class='ocrx_word' id='word_1_108' title='bbox 1371 1425 1515 1495; x_wconf 89' lang='lat' dir='ltr'><strong>quod</strong></span> <span class='ocrx_word' id='word_1_109' title='bbox 1542 1424 1709 1480; x_wconf 82' lang='lat' dir='ltr'><strong>corde</strong></span> <span class='ocrx_word' id='word_1_110' title='bbox 1724 1438 1858 1479; x_wconf 39' lang='lat' dir='ltr'><strong>cons</strong></span> 
     </span>
    </p>
   </div>
   <div class='ocr_carea' id='block_1_16' title="bbox 263 1517 1857 1597">
    <p class='ocr_par' dir='ltr' id='par_1_16' title="bbox 263 1517 1857 1597">
     <span class='ocr_line' id='line_1_16' title="bbox 263 1517 1857 1597; baseline -0.008 -15"><span class='ocrx_word' id='word_1_111' title='bbox 263 1526 483 1597; x_wconf 81' lang='lat' dir='ltr'><strong>cepisti,</strong></span> <span class='ocrx_word' id='word_1_112' title='bbox 509 1539 607 1579; x_wconf 82' lang='lat' dir='ltr'><strong>ore</strong></span> <span class='ocrx_word' id='word_1_113' title='bbox 635 1520 946 1578; x_wconf 73' lang='lat' dir='ltr'><strong>disse-mina.</strong></span> <span class='ocrx_word' id='word_1_114' title='bbox 986 1518 1218 1575; x_wconf 75' lang='lat' dir='ltr'><strong>Audiam</strong></span> <span class='ocrx_word' id='word_1_115' title='bbox 1238 1526 1424 1589; x_wconf 83' lang='lat' dir='ltr'><strong>gentes</strong></span> <span class='ocrx_word' id='word_1_116' title='bbox 1442 1558 1458 1584; x_wconf 91' lang='lat'><strong>,</strong></span> <span class='ocrx_word' id='word_1_117' title='bbox 1480 1517 1701 1575; x_wconf 79' lang='lat' dir='ltr'><strong>credam</strong></span> <span class='ocrx_word' id='word_1_118' title='bbox 1724 1530 1857 1587; x_wconf 81' lang='lat' dir='ltr'><strong>gen-</strong></span> 
     </span>
    </p>
   </div>
   <div class='ocr_carea' id='block_1_17' title="bbox 271 1610 1858 1687">
    <p class='ocr_par' dir='ltr' id='par_1_17' title="bbox 271 1610 1858 1687">
     <span class='ocr_line' id='line_1_17' title="bbox 271 1610 1858 1687; baseline -0.007 -13"><span class='ocrx_word' id='word_1_119' title='bbox 271 1629 352 1674; x_wconf 83' lang='lat' dir='ltr'><strong>tos</strong></span> <span class='ocrx_word' id='word_1_120' title='bbox 378 1632 392 1667; x_wconf 90' lang='lat'><strong>:</strong></span> <span class='ocrx_word' id='word_1_121' title='bbox 420 1615 683 1687; x_wconf 76' lang='lat' dir='ltr'><strong>pullulent</strong></span> <span class='ocrx_word' id='word_1_122' title='bbox 700 1623 909 1685; x_wconf 82' lang='lat' dir='ltr'><strong>gentes,</strong></span> <span class='ocrx_word' id='word_1_123' title='bbox 927 1621 1177 1667; x_wconf 82' lang='lat' dir='ltr'><strong>nascatur</strong></span> <span class='ocrx_word' id='word_1_124' title='bbox 1197 1611 1267 1666; x_wconf 90' lang='lat' dir='ltr'><strong>de</strong></span> <span class='ocrx_word' id='word_1_125' title='bbox 1288 1610 1546 1680; x_wconf 74' lang='lat' dir='ltr'><strong>sanguine</strong></span> <span class='ocrx_word' id='word_1_126' title='bbox 1564 1619 1858 1680; x_wconf 80' lang='lat' dir='ltr'><strong>martyrum</strong></span> 
     </span>
    </p>
   </div>
   <div class='ocr_carea' id='block_1_18' title="bbox 268 1698 1858 1780">
    <p class='ocr_par' dir='ltr' id='par_1_18' title="bbox 268 1698 1858 1780">
     <span class='ocr_line' id='line_1_18' title="bbox 268 1698 1858 1780; baseline -0.008 -16"><span class='ocrx_word' id='word_1_127' title='bbox 268 1723 466 1780; x_wconf 82' lang='lat' dir='ltr'><strong>sponsa</strong></span> <span class='ocrx_word' id='word_1_128' title='bbox 502 1705 730 1761; x_wconf 86' lang='lat' dir='ltr'><strong>Domino</strong></span> <span class='ocrx_word' id='word_1_129' title='bbox 754 1710 1062 1774; x_wconf 84' lang='lat' dir='ltr'><strong>purpurata.</strong></span> <span class='ocrx_word' id='word_1_130' title='bbox 1102 1701 1170 1755; x_wconf 82' lang='lat' dir='ltr'><strong>Et</strong></span> <span class='ocrx_word' id='word_1_131' title='bbox 1192 1715 1258 1756; x_wconf 81' lang='lat' dir='ltr'><strong>ex</strong></span> <span class='ocrx_word' id='word_1_132' title='bbox 1283 1700 1371 1757; x_wconf 86' lang='lat' dir='ltr'><strong>illa</strong></span> <span class='ocrx_word' id='word_1_133' title='bbox 1395 1714 1555 1770; x_wconf 83' lang='lat' dir='ltr'><strong>quam</strong></span> <span class='ocrx_word' id='word_1_134' title='bbox 1590 1698 1739 1754; x_wconf 88' lang='lat' dir='ltr'><strong>multi</strong></span> <span class='ocrx_word' id='word_1_135' title='bbox 1764 1712 1858 1753; x_wconf 79' lang='lat' dir='ltr'><strong>ac-</strong></span> 
     </span>
    </p>
   </div>
   <div class='ocr_carea' id='block_1_19' title="bbox 262 1789 1861 1865">
    <p class='ocr_par' dir='ltr' id='par_1_19' title="bbox 262 1789 1861 1865">
     <span class='ocr_line' id='line_1_19' title="bbox 262 1789 1861 1865; baseline -0.007 -11"><span class='ocrx_word' id='word_1_136' title='bbox 262 1796 584 1854; x_wconf 68' lang='lat' dir='ltr'><strong>cesserunt?</strong></span> <span class='ocrx_word' id='word_1_137' title='bbox 611 1810 769 1865; x_wconf 74' lang='lat' dir='ltr'><strong>quam</strong></span> <span class='ocrx_word' id='word_1_138' title='bbox 792 1792 954 1851; x_wconf 88' lang='lat' dir='ltr'><strong>multa</strong></span> <span class='ocrx_word' id='word_1_139' title='bbox 981 1790 1219 1847; x_wconf 78' lang='lat' dir='ltr'><strong>membra</strong></span> <span class='ocrx_word' id='word_1_140' title='bbox 1243 1790 1405 1860; x_wconf 78' lang='lat' dir='ltr'><strong>capiti</strong></span> <span class='ocrx_word' id='word_1_141' title='bbox 1422 1789 1776 1854; x_wconf 64' lang='lat' dir='ltr'><strong>cubuerunt,</strong></span> <span class='ocrx_word' id='word_1_142' title='bbox 1805 1797 1861 1844; x_wconf 90' lang='lat' dir='ltr'><strong>et</strong></span> 
     </span>
    </p>
   </div>
   <div class='ocr_carea' id='block_1_20' title="bbox 257 1881 1861 1952">
    <p class='ocr_par' dir='ltr' id='par_1_20' title="bbox 257 1881 1861 1952">
     <span class='ocr_line' id='line_1_20' title="bbox 257 1881 1861 1952; baseline -0.008 -4"><span class='ocrx_word' id='word_1_143' title='bbox 257 1891 543 1948; x_wconf 66' lang='lat' dir='ltr'><strong>cohaerent</strong></span> <span class='ocrx_word' id='word_1_144' title='bbox 570 1902 732 1951; x_wconf 90' lang='lat' dir='ltr'><strong>nunc,</strong></span> <span class='ocrx_word' id='word_1_145' title='bbox 770 1895 825 1942; x_wconf 91' lang='lat' dir='ltr'><strong>et</strong></span> <span class='ocrx_word' id='word_1_146' title='bbox 842 1885 1099 1942; x_wconf 80' lang='lat' dir='ltr'><strong>credunt?</strong></span> <span class='ocrx_word' id='word_1_147' title='bbox 1122 1884 1193 1939; x_wconf 84' lang='lat' dir='ltr'><strong>Et</strong></span> <span class='ocrx_word' id='word_1_148' title='bbox 1219 1883 1468 1952; x_wconf 81' lang='lat' dir='ltr'><strong>baptizati</strong></span> <span class='ocrx_word' id='word_1_149' title='bbox 1496 1891 1620 1937; x_wconf 78' lang='lat' dir='ltr'><strong>sntit</strong></span> <span class='ocrx_word' id='word_1_150' title='bbox 1660 1881 1769 1948; x_wconf 88' lang='lat' dir='ltr'><strong>isti,</strong></span> <span class='ocrx_word' id='word_1_151' title='bbox 1805 1890 1861 1936; x_wconf 88' lang='lat' dir='ltr'><strong>et</strong></span> 
     </span>
    </p>
   </div>
   <div class='ocr_carea' id='block_1_21' title="bbox 259 1973 1855 2055">
    <p class='ocr_par' dir='ltr' id='par_1_21' title="bbox 259 1973 1855 2055">
     <span class='ocr_line' id='line_1_21' title="bbox 259 1973 1855 2055; baseline -0.008 -16"><span class='ocrx_word' id='word_1_152' title='bbox 259 1983 681 2055; x_wconf 72' lang='lat' dir='ltr'><strong>haptisabuutur</strong></span> <span class='ocrx_word' id='word_1_153' title='bbox 713 1980 832 2045; x_wconf 86' lang='lat' dir='ltr'><strong>alii,</strong></span> <span class='ocrx_word' id='word_1_154' title='bbox 859 1989 911 2034; x_wconf 87' lang='lat' dir='ltr'><strong>et</strong></span> <span class='ocrx_word' id='word_1_155' title='bbox 950 1986 1072 2048; x_wconf 85' lang='lat' dir='ltr'><strong>post</strong></span> <span class='ocrx_word' id='word_1_156' title='bbox 1107 1990 1204 2032; x_wconf 87' lang='lat' dir='ltr'><strong>nos</strong></span> <span class='ocrx_word' id='word_1_157' title='bbox 1226 1974 1442 2031; x_wconf 82' lang='lat' dir='ltr'><strong>venient</strong></span> <span class='ocrx_word' id='word_1_158' title='bbox 1468 1973 1642 2029; x_wconf 81' lang='lat' dir='ltr'><strong>alteri.</strong></span> <span class='ocrx_word' id='word_1_159' title='bbox 1668 1973 1855 2040; x_wconf 82' lang='lat' dir='ltr'><strong>Tunc,</strong></span> 
     </span>
    </p>
   </div>
   <div class='ocr_carea' id='block_1_22' title="bbox 262 2065 1859 2146">
    <p class='ocr_par' dir='ltr' id='par_1_22' title="bbox 262 2065 1859 2146">
     <span class='ocr_line' id='line_1_22' title="bbox 262 2065 1859 2146; baseline -0.008 -16"><span class='ocrx_word' id='word_1_160' title='bbox 262 2077 511 2146; x_wconf 81' lang='lat' dir='ltr'><strong>inquam,</strong></span> <span class='ocrx_word' id='word_1_161' title='bbox 541 2075 601 2133; x_wconf 87' lang='lat' dir='ltr'><strong>in</strong></span> <span class='ocrx_word' id='word_1_162' title='bbox 625 2073 732 2129; x_wconf 83' lang='lat' dir='ltr'><strong>line</strong></span> <span class='ocrx_word' id='word_1_163' title='bbox 759 2070 940 2126; x_wconf 67' lang='lat' dir='ltr'><strong>surculi</strong></span> <span class='ocrx_word' id='word_1_164' title='bbox 968 2068 1224 2125; x_wconf 79' lang='lat' dir='ltr'><strong>accedent</strong></span> <span class='ocrx_word' id='word_1_165' title='bbox 1255 2065 1456 2136; x_wconf 80' lang='lat' dir='ltr'><strong>lapides</strong></span> <span class='ocrx_word' id='word_1_166' title='bbox 1492 2065 1859 2134; x_wconf 87' lang='lat' dir='ltr'><strong>fundamento,</strong></span> 
     </span>
    </p>
   </div>
   <div class='ocr_carea' id='block_1_23' title="bbox 263 2157 1861 2237">
    <p class='ocr_par' dir='ltr' id='par_1_23' title="bbox 263 2157 1861 2237">
     <span class='ocr_line' id='line_1_23' title="bbox 263 2157 1861 2237; baseline -0.006 -16"><span class='ocrx_word' id='word_1_167' title='bbox 263 2166 475 2237; x_wconf 82' lang='lat' dir='ltr'><strong>lapides</strong></span> <span class='ocrx_word' id='word_1_168' title='bbox 499 2164 629 2229; x_wconf 80' lang='lat' dir='ltr'><strong>vivi,</strong></span> <span class='ocrx_word' id='word_1_169' title='bbox 654 2159 855 2233; x_wconf 82' lang='lat' dir='ltr'><strong>lapides</strong></span> <span class='ocrx_word' id='word_1_170' title='bbox 875 2161 1065 2223; x_wconf 85' lang='lat' dir='ltr'><strong>sancti,</strong></span> <span class='ocrx_word' id='word_1_171' title='bbox 1094 2168 1153 2214; x_wconf 91' lang='lat' dir='ltr'><strong>ut</strong></span> <span class='ocrx_word' id='word_1_172' title='bbox 1171 2160 1224 2213; x_wconf 92' lang='lat' dir='ltr'><strong>in</strong></span> <span class='ocrx_word' id='word_1_173' title='bbox 1250 2158 1355 2214; x_wconf 81' lang='lat' dir='ltr'><strong>fine</strong></span> <span class='ocrx_word' id='word_1_174' title='bbox 1374 2157 1667 2213; x_wconf 75' lang='lat' dir='ltr'><strong>tediticetur</strong></span> <span class='ocrx_word' id='word_1_175' title='bbox 1691 2166 1861 2211; x_wconf 89' lang='lat' dir='ltr'><strong>totum</strong></span> 
     </span>
    </p>
   </div>
   <div class='ocr_carea' id='block_1_24' title="bbox 262 2248 1856 2318">
    <p class='ocr_par' dir='ltr' id='par_1_24' title="bbox 262 2248 1856 2318">
     <span class='ocr_line' id='line_1_24' title="bbox 262 2248 1856 2318; baseline -0.008 -5"><span class='ocrx_word' id='word_1_176' title='bbox 262 2257 555 2314; x_wconf 69' lang='lat' dir='ltr'><strong>aedilicium</strong></span> <span class='ocrx_word' id='word_1_177' title='bbox 580 2253 651 2309; x_wconf 89' lang='lat' dir='ltr'><strong>ab</strong></span> <span class='ocrx_word' id='word_1_178' title='bbox 675 2254 763 2308; x_wconf 90' lang='lat' dir='ltr'><strong>illa</strong></span> <span class='ocrx_word' id='word_1_179' title='bbox 789 2251 1059 2318; x_wconf 84' lang='lat' dir='ltr'><strong>Ecclesia;</strong></span> <span class='ocrx_word' id='word_1_180' title='bbox 1087 2251 1199 2305; x_wconf 91' lang='lat' dir='ltr'><strong>imo</strong></span> <span class='ocrx_word' id='word_1_181' title='bbox 1222 2249 1293 2304; x_wconf 84' lang='lat' dir='ltr'><strong>ab</strong></span> <span class='ocrx_word' id='word_1_182' title='bbox 1323 2249 1425 2304; x_wconf 82' lang='lat' dir='ltr'><strong>ista</strong></span> <span class='ocrx_word' id='word_1_183' title='bbox 1449 2249 1562 2318; x_wconf 86' lang='lat' dir='ltr'><strong>ipsa</strong></span> <span class='ocrx_word' id='word_1_184' title='bbox 1594 2248 1825 2303; x_wconf 83' lang='lat' dir='ltr'><strong>Ecclesia</strong></span> <span class='ocrx_word' id='word_1_185' title='bbox 1841 2289 1856 2315; x_wconf 91' lang='lat'><strong>,</strong></span> 
     </span>
    </p>
   </div>
   <div class='ocr_carea' id='block_1_25' title="bbox 264 2338 1863 2420">
    <p class='ocr_par' dir='ltr' id='par_1_25' title="bbox 264 2338 1863 2420">
     <span class='ocr_line' id='line_1_25' title="bbox 264 2338 1863 2420; baseline -0.007 -17"><span class='ocrx_word' id='word_1_186' title='bbox 264 2363 397 2420; x_wconf 67' lang='lat' dir='ltr'><strong>qua</strong></span> <span class='ocrx_word' id='word_1_187' title='bbox 418 2345 577 2402; x_wconf 87' lang='lat' dir='ltr'><strong>modo</strong></span> <span class='ocrx_word' id='word_1_188' title='bbox 599 2354 781 2400; x_wconf 78' lang='lat' dir='ltr'><strong>cantat</strong></span> <span class='ocrx_word' id='word_1_189' title='bbox 808 2342 1071 2398; x_wconf 86' lang='lat' dir='ltr'><strong>canticum</strong></span> <span class='ocrx_word' id='word_1_190' title='bbox 1103 2355 1319 2407; x_wconf 87' lang='lat' dir='ltr'><strong>novum,</strong></span> <span class='ocrx_word' id='word_1_191' title='bbox 1346 2339 1473 2394; x_wconf 89' lang='lat' dir='ltr'><strong>dum</strong></span> <span class='ocrx_word' id='word_1_192' title='bbox 1510 2338 1701 2394; x_wconf 89' lang='lat' dir='ltr'><strong>domus</strong></span> <span class='ocrx_word' id='word_1_193' title='bbox 1728 2338 1863 2393; x_wconf 77' lang='lat' dir='ltr'><strong>aedi~</strong></span> 
     </span>
    </p>
   </div>
   <div class='ocr_carea' id='block_1_26' title="bbox 266 2431 1863 2507">
    <p class='ocr_par' dir='ltr' id='par_1_26' title="bbox 266 2431 1863 2507">
     <span class='ocr_line' id='line_1_26' title="bbox 266 2431 1863 2507; baseline -0.009 -8"><span class='ocrx_word' id='word_1_194' title='bbox 266 2445 482 2499; x_wconf 66' lang='lat' dir='ltr'><strong>tiatur.</strong></span> <span class='ocrx_word' id='word_1_195' title='bbox 510 2441 602 2498; x_wconf 83' lang='lat' dir='ltr'><strong>Sic</strong></span> <span class='ocrx_word' id='word_1_196' title='bbox 620 2441 762 2496; x_wconf 87' lang='lat' dir='ltr'><strong>enim</strong></span> <span class='ocrx_word' id='word_1_197' title='bbox 791 2439 952 2493; x_wconf 82' lang='lat' dir='ltr'><strong>habet</strong></span> <span class='ocrx_word' id='word_1_198' title='bbox 979 2437 1093 2507; x_wconf 86' lang='lat' dir='ltr'><strong>ipse</strong></span> <span class='ocrx_word' id='word_1_199' title='bbox 1120 2435 1402 2492; x_wconf 84' lang='lat' dir='ltr'><strong>Psahnus:</strong></span> <span class='ocrx_word' id='word_1_200' title='bbox 1436 2432 1654 2499; x_wconf 72' lang='lat' dir='ltr'><strong>Quando</strong></span> <span class='ocrx_word' id='word_1_201' title='bbox 1682 2431 1863 2486; x_wconf 77' lang='lat' dir='ltr'><strong>domus</strong></span> 
     </span>
    </p>
   </div>
   <div class='ocr_carea' id='block_1_27' title="bbox 263 2520 1860 2605">
    <p class='ocr_par' dir='ltr' id='par_1_27' title="bbox 263 2520 1860 2605">
     <span class='ocr_line' id='line_1_27' title="bbox 263 2520 1860 2605; baseline -0.011 -14"><span class='ocrx_word' id='word_1_202' title='bbox 263 2536 625 2605; x_wconf 60' lang='lat' dir='ltr'><strong>adiﬁcantur</strong></span> <span class='ocrx_word' id='word_1_203' title='bbox 645 2540 758 2602; x_wconf 78' lang='lat' dir='ltr'><strong>post</strong></span> <span class='ocrx_word' id='word_1_204' title='bbox 781 2529 1135 2601; x_wconf 77' lang='lat' dir='ltr'><strong>captivitatem.</strong></span> <span class='ocrx_word' id='word_1_205' title='bbox 1163 2526 1232 2581; x_wconf 86' lang='lat' dir='ltr'><strong>Et</strong></span> <span class='ocrx_word' id='word_1_206' title='bbox 1255 2523 1420 2596; x_wconf 87' lang='lat' dir='ltr'><strong>quid?</strong></span> <span class='ocrx_word' id='word_1_207' title='bbox 1448 2523 1657 2578; x_wconf 80' lang='lat' dir='ltr'><strong>Cantate</strong></span> <span class='ocrx_word' id='word_1_208' title='bbox 1680 2520 1860 2575; x_wconf 77' lang='lat' dir='ltr'><strong>Domi-</strong></span> 
     </span>
    </p>
   </div>
   <div class='ocr_carea' id='block_1_28' title="bbox 264 2610 1858 2687">
    <p class='ocr_par' dir='ltr' id='par_1_28' title="bbox 264 2610 1858 2687">
     <span class='ocr_line' id='line_1_28' title="bbox 264 2610 1858 2687; baseline -0.011 -4"><span class='ocrx_word' id='word_1_209' title='bbox 264 2645 337 2683; x_wconf 78' lang='lat' dir='ltr'><strong>no</strong></span> <span class='ocrx_word' id='word_1_210' title='bbox 356 2626 609 2681; x_wconf 82' lang='lat' dir='ltr'><strong>canticum</strong></span> <span class='ocrx_word' id='word_1_211' title='bbox 635 2638 816 2677; x_wconf 79' lang='lat' dir='ltr'><strong>novum</strong></span> <span class='ocrx_word' id='word_1_212' title='bbox 837 2639 856 2687; x_wconf 90' lang='lat'><strong><em>;</em></strong></span> <span class='ocrx_word' id='word_1_213' title='bbox 885 2628 1083 2674; x_wconf 83' lang='lat' dir='ltr'><strong>cantate</strong></span> <span class='ocrx_word' id='word_1_214' title='bbox 1105 2616 1327 2672; x_wconf 85' lang='lat' dir='ltr'><strong>Domino</strong></span> <span class='ocrx_word' id='word_1_215' title='bbox 1347 2615 1509 2669; x_wconf 74' lang='lat' dir='ltr'><strong>omnis</strong></span> <span class='ocrx_word' id='word_1_216' title='bbox 1528 2621 1659 2667; x_wconf 85' lang='lat' dir='ltr'><strong>terra</strong></span> <span class='ocrx_word' id='word_1_217' title='bbox 1686 2610 1858 2685; x_wconf 66' lang='lat' dir='ltr'><strong>(Paul.</strong></span> 
     </span>
    </p>
   </div>
   <div class='ocr_carea' id='block_1_29' title="bbox 264 2703 1864 2789">
    <p class='ocr_par' dir='ltr' id='par_1_29' title="bbox 264 2703 1864 2789">
     <span class='ocr_line' id='line_1_29' title="bbox 264 2703 1864 2789; baseline -0.012 -14"><span class='ocrx_word' id='word_1_218' title='bbox 264 2735 398 2786; x_wconf 72' lang='lat' dir='ltr'><strong>xcv,</strong></span> <span class='ocrx_word' id='word_1_219' title='bbox 429 2718 508 2789; x_wconf 75' lang='lat' dir='ltr'><strong>l).</strong></span> <span class='ocrx_word' id='word_1_220' title='bbox 565 2715 737 2784; x_wconf 89' lang='lat' dir='ltr'><strong>Quam</strong></span> <span class='ocrx_word' id='word_1_221' title='bbox 781 2725 973 2781; x_wconf 82' lang='lat' dir='ltr'><strong>magna</strong></span> <span class='ocrx_word' id='word_1_222' title='bbox 1018 2708 1241 2765; x_wconf 77' lang='lat' dir='ltr'><strong>dooms!</strong></span> <span class='ocrx_word' id='word_1_223' title='bbox 1289 2704 1396 2761; x_wconf 85' lang='lat' dir='ltr'><strong>Sed</strong></span> <span class='ocrx_word' id='word_1_224' title='bbox 1430 2703 1641 2775; x_wconf 87' lang='lat' dir='ltr'><strong>quando</strong></span> <span class='ocrx_word' id='word_1_225' title='bbox 1685 2709 1864 2757; x_wconf 87' lang='lat' dir='ltr'><strong>cantat</strong></span> 
     </span>
    </p>
   </div>
   <div class='ocr_carea' id='block_1_30' title="bbox 262 2792 1867 2867">
    <p class='ocr_par' dir='ltr' id='par_1_30' title="bbox 262 2792 1867 2867">
     <span class='ocr_line' id='line_1_30' title="bbox 262 2792 1867 2867; baseline -0.014 1"><span class='ocrx_word' id='word_1_226' title='bbox 262 2811 539 2867; x_wconf 84' lang='lat' dir='ltr'><strong>canticum</strong></span> <span class='ocrx_word' id='word_1_227' title='bbox 566 2803 794 2862; x_wconf 78' lang='lat' dir='ltr'><strong>novum?</strong></span> <span class='ocrx_word' id='word_1_228' title='bbox 821 2803 957 2859; x_wconf 86' lang='lat' dir='ltr'><strong>Cum</strong></span> <span class='ocrx_word' id='word_1_229' title='bbox 977 2799 1287 2856; x_wconf 71' lang='lat' dir='ltr'><strong>mdiiicatur.</strong></span> <span class='ocrx_word' id='word_1_230' title='bbox 1310 2795 1535 2865; x_wconf 80' lang='lat' dir='ltr'><strong>Quando</strong></span> <span class='ocrx_word' id='word_1_231' title='bbox 1556 2792 1867 2849; x_wconf 70' lang='lat' dir='ltr'><strong>dedicatur?</strong></span> 
     </span>
    </p>
   </div>
   <div class='ocr_carea' id='block_1_31' title="bbox 264 2884 1865 2960">
    <p class='ocr_par' dir='ltr' id='par_1_31' title="bbox 264 2884 1865 2960">
     <span class='ocr_line' id='line_1_31' title="bbox 264 2884 1865 2960; baseline -0.011 -4"><span class='ocrx_word' id='word_1_232' title='bbox 264 2902 332 2956; x_wconf 88' lang='lat' dir='ltr'><strong>lu</strong></span> <span class='ocrx_word' id='word_1_233' title='bbox 365 2900 471 2955; x_wconf 86' lang='lat' dir='ltr'><strong>fine</strong></span> <span class='ocrx_word' id='word_1_234' title='bbox 497 2897 700 2953; x_wconf 71' lang='lat' dir='ltr'><strong>steculi.</strong></span> <span class='ocrx_word' id='word_1_235' title='bbox 742 2893 1169 2950; x_wconf 80' lang='lat' dir='ltr'><strong>Fundamentum</strong></span> <span class='ocrx_word' id='word_1_236' title='bbox 1201 2889 1368 2960; x_wconf 81' lang='lat' dir='ltr'><strong>ipsius</strong></span> <span class='ocrx_word' id='word_1_237' title='bbox 1408 2886 1519 2957; x_wconf 84' lang='lat' dir='ltr'><strong>jam</strong></span> <span class='ocrx_word' id='word_1_238' title='bbox 1562 2884 1865 2941; x_wconf 81' lang='lat' dir='ltr'><strong>dedicatum</strong></span> 
     </span>
    </p>
   </div>
   <div class='ocr_carea' id='block_1_32' title="bbox 262 2976 1867 3063">
    <p class='ocr_par' dir='ltr' id='par_1_32' title="bbox 262 2976 1867 3063">
     <span class='ocr_line' id='line_1_32' title="bbox 262 2976 1867 3063; baseline -0.011 -15"><span class='ocrx_word' id='word_1_239' title='bbox 262 3003 356 3058; x_wconf 75' lang='lat' dir='ltr'><strong>est</strong></span> <span class='ocrx_word' id='word_1_240' title='bbox 382 3010 397 3048; x_wconf 91' lang='lat'><strong>:</strong></span> <span class='ocrx_word' id='word_1_241' title='bbox 427 2991 545 3063; x_wconf 86' lang='lat' dir='ltr'><strong>quia</strong></span> <span class='ocrx_word' id='word_1_242' title='bbox 574 2987 813 3045; x_wconf 79' lang='lat' dir='ltr'><strong>ascendit</strong></span> <span class='ocrx_word' id='word_1_243' title='bbox 840 2987 892 3041; x_wconf 92' lang='lat' dir='ltr'><strong>in</strong></span> <span class='ocrx_word' id='word_1_244' title='bbox 917 2985 1134 3051; x_wconf 64' lang='lat' dir='ltr'><strong>calum,</strong></span> <span class='ocrx_word' id='word_1_245' title='bbox 1162 2991 1346 3038; x_wconf 89' lang='lat' dir='ltr'><strong>etnon</strong></span> <span class='ocrx_word' id='word_1_246' title='bbox 1370 2978 1613 3035; x_wconf 90' lang='lat' dir='ltr'><strong>moritur.</strong></span> <span class='ocrx_word' id='word_1_247' title='bbox 1642 2976 1867 3045; x_wconf 81' lang='lat' dir='ltr'><strong>Quando</strong></span> 
     </span>
    </p>
   </div>
   <div class='ocr_carea' id='block_1_33' title="bbox 262 3066 1863 3159">
    <p class='ocr_par' dir='ltr' id='par_1_33' title="bbox 262 3066 1863 3159">
     <span class='ocr_line' id='line_1_33' title="bbox 262 3066 1863 3159; baseline -0.011 -19"><span class='ocrx_word' id='word_1_248' title='bbox 262 3092 333 3140; x_wconf 80' lang='lat' dir='ltr'><strong>et.</strong></span> <span class='ocrx_word' id='word_1_249' title='bbox 360 3096 458 3137; x_wconf 89' lang='lat' dir='ltr'><strong>nos</strong></span> <span class='ocrx_word' id='word_1_250' title='bbox 482 3078 892 3159; x_wconf 79' lang='lat' dir='ltr'><strong>surrexerimus,</strong></span> <span class='ocrx_word' id='word_1_251' title='bbox 916 3084 974 3132; x_wconf 89' lang='lat' dir='ltr'><strong>ut</strong></span> <span class='ocrx_word' id='word_1_252' title='bbox 993 3087 1263 3146; x_wconf 77' lang='lat' dir='ltr'><strong>nunquam</strong></span> <span class='ocrx_word' id='word_1_253' title='bbox 1284 3069 1595 3137; x_wconf 85' lang='lat' dir='ltr'><strong>moriamur,</strong></span> <span class='ocrx_word' id='word_1_254' title='bbox 1626 3076 1752 3124; x_wconf 87' lang='lat' dir='ltr'><strong>tunc</strong></span> <span class='ocrx_word' id='word_1_255' title='bbox 1769 3066 1863 3123; x_wconf 91' lang='lat' dir='ltr'><strong>de-</strong></span> 
     </span>
    </p>
   </div>
   <div class='ocr_carea' id='block_1_34' title="bbox 265 3174 596 3232">
    <p class='ocr_par' dir='ltr' id='par_1_34' title="bbox 265 3174 596 3232">
     <span class='ocr_line' id='line_1_34' title="bbox 265 3174 596 3232; baseline -0.012 0"><span class='ocrx_word' id='word_1_256' title='bbox 265 3174 596 3232; x_wconf 83' lang='lat' dir='ltr'><strong>dicabimur.</strong></span> 
     </span>
    </p>
   </div>
   <div class='ocr_carea' id='block_1_35' title="bbox 768 3299 1367 3372">
    <p class='ocr_par' dir='ltr' id='par_1_35' title="bbox 768 3299 1367 3372">
     <span class='ocr_line' id='line_1_35' title="bbox 768 3299 1367 3372; baseline -0.015 -11"><span class='ocrx_word' id='word_1_257' title='bbox 768 3303 994 3363; x_wconf 69' lang='lat' dir='ltr'><strong>saeuo</strong></span> <span class='ocrx_word' id='word_1_258' title='bbox 1029 3300 1244 3360; x_wconf 72' lang='lat' dir='ltr'><strong>cxvxr</strong></span> <span class='ocrx_word' id='word_1_259' title='bbox 1272 3299 1367 3372; x_wconf 80' lang='grc' dir='ltr'><strong>(α).</strong></span> 
     </span>
    </p>
   </div>
   <div class='ocr_carea' id='block_1_36' title="bbox 277 3431 1869 3510">
    <p class='ocr_par' dir='ltr' id='par_1_36' title="bbox 277 3431 1869 3510">
     <span class='ocr_line' id='line_1_36' title="bbox 277 3431 1869 3510; baseline -0.008 -13"><span class='ocrx_word' id='word_1_260' title='bbox 277 3440 360 3497; x_wconf 83' lang='lat' dir='ltr'><strong>De</strong></span> <span class='ocrx_word' id='word_1_261' title='bbox 384 3440 549 3497; x_wconf 60' lang='lat' dir='ltr'><strong>om</strong></span> <span class='ocrx_word' id='word_1_262' title='bbox 575 3436 842 3510; x_wconf 74' lang='lat' dir='ltr'><strong>Evangelii</strong></span> <span class='ocrx_word' id='word_1_263' title='bbox 865 3436 1105 3502; x_wconf 76' lang='lat' dir='ltr'><strong>Joannis,</strong></span> <span class='ocrx_word' id='word_1_264' title='bbox 1127 3451 1243 3505; x_wconf 82' lang='lat' dir='ltr'><strong>cap.</strong></span> <span class='ocrx_word' id='word_1_265' title='bbox 1279 3449 1319 3501; x_wconf 80' lang='grc' dir='ltr'><strong>ι,</strong></span> <span class='ocrx_word' id='word_1_266' title='bbox 1362 3433 1456 3489; x_wconf 75' lang='grc' dir='ltr'><strong>1οὸ</strong></span> <span class='ocrx_word' id='word_1_267' title='bbox 1474 3474 1489 3498; x_wconf 90' lang='grc'>,</span> <span class='ocrx_word' id='word_1_268' title='bbox 1523 3431 1579 3486; x_wconf 90' lang='lat' dir='ltr'><strong>In</strong></span> <span class='ocrx_word' id='word_1_269' title='bbox 1604 3432 1869 3503; x_wconf 88' lang='lat' dir='ltr'><strong>principlo</strong></span> 
     </span>
    </p>
   </div>
   <div class='ocr_carea' id='block_1_37' title="bbox 348 3522 1865 3596">
    <p class='ocr_par' dir='ltr' id='par_1_37' title="bbox 348 3522 1865 3596">
     <span class='ocr_line' id='line_1_37' title="bbox 348 3522 1865 3596; baseline -0.008 -7"><span class='ocrx_word' id='word_1_270' title='bbox 348 3543 463 3589; x_wconf 83' lang='lat' dir='ltr'><strong>erat</strong></span> <span class='ocrx_word' id='word_1_271' title='bbox 492 3531 746 3595; x_wconf 83' lang='lat' dir='ltr'><strong>Verbum,</strong></span> <span class='ocrx_word' id='word_1_272' title='bbox 771 3538 826 3585; x_wconf 91' lang='lat' dir='ltr'><strong>et</strong></span> <span class='ocrx_word' id='word_1_273' title='bbox 855 3528 1085 3584; x_wconf 82' lang='lat' dir='ltr'><strong>Verbum</strong></span> <span class='ocrx_word' id='word_1_274' title='bbox 1118 3535 1233 3582; x_wconf 88' lang='lat' dir='ltr'><strong>erat</strong></span> <span class='ocrx_word' id='word_1_275' title='bbox 1259 3524 1398 3596; x_wconf 87' lang='lat' dir='ltr'><strong>apud</strong></span> <span class='ocrx_word' id='word_1_276' title='bbox 1426 3525 1613 3590; x_wconf 87' lang='lat' dir='ltr'><strong>Deum,</strong></span> <span class='ocrx_word' id='word_1_277' title='bbox 1641 3531 1696 3579; x_wconf 89' lang='lat' dir='ltr'><strong>et</strong></span> <span class='ocrx_word' id='word_1_278' title='bbox 1721 3522 1865 3578; x_wconf 83' lang='lat' dir='ltr'><strong>Deus</strong></span> 
     </span>
    </p>
   </div>
   <div class='ocr_carea' id='block_1_38' title="bbox 348 3614 1435 3690">
    <p class='ocr_par' dir='ltr' id='par_1_38' title="bbox 348 3614 1435 3690">
     <span class='ocr_line' id='line_1_38' title="bbox 348 3614 1435 3690; baseline -0.008 -9"><span class='ocrx_word' id='word_1_279' title='bbox 348 3634 463 3681; x_wconf 88' lang='lat' dir='ltr'><strong>erat</strong></span> <span class='ocrx_word' id='word_1_280' title='bbox 483 3624 734 3690; x_wconf 84' lang='lat' dir='ltr'><strong>Verbum,</strong></span> <span class='ocrx_word' id='word_1_281' title='bbox 764 3631 860 3676; x_wconf 85' lang='lat' dir='ltr'><strong>etc.</strong></span> <span class='ocrx_word' id='word_1_282' title='bbox 885 3618 1072 3676; x_wconf 80' lang='lat' dir='ltr'><strong>Contra</strong></span> <span class='ocrx_word' id='word_1_283' title='bbox 1094 3617 1313 3672; x_wconf 72' lang='lat' dir='ltr'><strong>Arianae</strong></span> <span class='ocrx_word' id='word_1_284' title='bbox 1336 3614 1435 3689; x_wconf 70' lang='grc' dir='ltr'><strong>(ὁ).</strong></span> 
     </span>
    </p>
   </div>
   <div class='ocr_carea' id='block_1_39' title="bbox 348 3722 1862 3792">
    <p class='ocr_par' dir='ltr' id='par_1_39' title="bbox 348 3722 1862 3792">
     <span class='ocr_line' id='line_1_39' title="bbox 348 3722 1862 3792; baseline -0.011 0"><span class='ocrx_word' id='word_1_285' title='bbox 348 3734 573 3792; x_wconf 78' lang='lat' dir='ltr'><strong>CAPUT</strong></span> <span class='ocrx_word' id='word_1_286' title='bbox 610 3731 891 3790; x_wconf 76' lang='lat' dir='ltr'><strong>PRIMUM.</strong></span> <span class='ocrx_word' id='word_1_287' title='bbox 941 3761 1013 3772; x_wconf 92' lang='lat'><strong>—</strong></span> <span class='ocrx_word' id='word_1_288' title='bbox 1061 3731 1113 3786; x_wconf 79' lang='lat' dir='ltr'><strong>l.</strong></span> <span class='ocrx_word' id='word_1_289' title='bbox 1172 3727 1386 3783; x_wconf 82' lang='lat' dir='ltr'><strong>Verbum</strong></span> <span class='ocrx_word' id='word_1_290' title='bbox 1430 3723 1525 3781; x_wconf 86' lang='lat' dir='ltr'><strong>Dei</strong></span> <span class='ocrx_word' id='word_1_291' title='bbox 1574 3733 1629 3779; x_wconf 84' lang='lat' dir='ltr'><strong>ut</strong></span> <span class='ocrx_word' id='word_1_292' title='bbox 1674 3722 1862 3778; x_wconf 85' lang='lat' dir='ltr'><strong>intelli-</strong></span> 
     </span>
    </p>
   </div>
   <div class='ocr_carea' id='block_1_40' title="bbox 271 3815 1865 3900">
    <p class='ocr_par' dir='ltr' id='par_1_40' title="bbox 271 3815 1865 3900">
     <span class='ocr_line' id='line_1_40' title="bbox 271 3815 1865 3900; baseline -0.008 -18"><span class='ocrx_word' id='word_1_293' title='bbox 271 3840 450 3900; x_wconf 81' lang='lat' dir='ltr'><strong>gatur,</strong></span> <span class='ocrx_word' id='word_1_294' title='bbox 482 3845 576 3899; x_wconf 81' lang='lat' dir='ltr'><strong>quo</strong></span> <span class='ocrx_word' id='word_1_295' title='bbox 619 3827 777 3899; x_wconf 82' lang='lat' dir='ltr'><strong>pretio</strong></span> <span class='ocrx_word' id='word_1_296' title='bbox 814 3821 1229 3899; x_wconf 84' lang='lat' dir='ltr'><strong>comparandum.</strong></span> <span class='ocrx_word' id='word_1_297' title='bbox 1256 3817 1553 3891; x_wconf 69' lang='lat' dir='ltr'><strong>Capitulum</strong></span> <span class='ocrx_word' id='word_1_298' title='bbox 1598 3815 1865 3887; x_wconf 80' lang='lat' dir='ltr'><strong>Evangelii</strong></span> 
     </span>
    </p>
   </div>
   <div class='ocr_carea' id='block_1_41' title="bbox 270 3908 1862 3990">
    <p class='ocr_par' dir='ltr' id='par_1_41' title="bbox 270 3908 1862 3990">
     <span class='ocr_line' id='line_1_41' title="bbox 270 3908 1862 3990; baseline -0.009 -18"><span class='ocrx_word' id='word_1_299' title='bbox 270 3919 424 3990; x_wconf 76' lang='lat' dir='ltr'><strong>quod</strong></span> <span class='ocrx_word' id='word_1_300' title='bbox 462 3919 650 3974; x_wconf 84' lang='lat' dir='ltr'><strong>lectum</strong></span> <span class='ocrx_word' id='word_1_301' title='bbox 678 3925 790 3982; x_wconf 89' lang='lat' dir='ltr'><strong>est,</strong></span> <span class='ocrx_word' id='word_1_302' title='bbox 828 3915 1016 3970; x_wconf 90' lang='lat' dir='ltr'><strong>fratres</strong></span> <span class='ocrx_word' id='word_1_303' title='bbox 1044 3910 1375 3969; x_wconf 85' lang='lat' dir='ltr'><strong>dilectissimi</strong></span> <span class='ocrx_word' id='word_1_304' title='bbox 1394 3952 1408 3975; x_wconf 87' lang='lat'><strong>,</strong></span> <span class='ocrx_word' id='word_1_305' title='bbox 1436 3923 1626 3981; x_wconf 89' lang='lat' dir='ltr'><strong>purum</strong></span> <span class='ocrx_word' id='word_1_306' title='bbox 1654 3908 1862 3962; x_wconf 89' lang='lat' dir='ltr'><strong>oculum</strong></span> 
     </span>
    </p>
   </div>
   <div class='ocr_carea' id='block_1_42' title="bbox 270 3998 1865 4082">
    <p class='ocr_par' dir='ltr' id='par_1_42' title="bbox 270 3998 1865 4082">
     <span class='ocr_line' id='line_1_42' title="bbox 270 3998 1865 4082; baseline -0.008 -17"><span class='ocrx_word' id='word_1_307' title='bbox 270 4008 457 4065; x_wconf 87' lang='lat' dir='ltr'><strong>cordis</strong></span> <span class='ocrx_word' id='word_1_308' title='bbox 485 4007 718 4082; x_wconf 85' lang='lat' dir='ltr'><strong>inquirit.</strong></span> <span class='ocrx_word' id='word_1_309' title='bbox 754 4005 1034 4061; x_wconf 87' lang='lat' dir='ltr'><strong>Dominum</strong></span> <span class='ocrx_word' id='word_1_310' title='bbox 1061 4002 1202 4058; x_wconf 92' lang='lat' dir='ltr'><strong>enim</strong></span> <span class='ocrx_word' id='word_1_311' title='bbox 1234 4010 1473 4061; x_wconf 88' lang='lat' dir='ltr'><strong>nostrum</strong></span> <span class='ocrx_word' id='word_1_312' title='bbox 1495 3999 1679 4056; x_wconf 81' lang='lat' dir='ltr'><strong>Jesum</strong></span> <span class='ocrx_word' id='word_1_313' title='bbox 1707 3998 1865 4054; x_wconf 84' lang='lat' dir='ltr'><strong>Citri-</strong></span> 
     </span>
    </p>
   </div>
   <div class='ocr_carea' id='block_1_43' title="bbox 270 4089 1863 4169">
    <p class='ocr_par' dir='ltr' id='par_1_43' title="bbox 270 4089 1863 4169">
     <span class='ocr_line' id='line_1_43' title="bbox 270 4089 1863 4169; baseline -0.008 -15"><span class='ocrx_word' id='word_1_314' title='bbox 270 4110 418 4154; x_wconf 82' lang='lat' dir='ltr'><strong>stum</strong></span> <span class='ocrx_word' id='word_1_315' title='bbox 440 4098 744 4169; x_wconf 83' lang='lat' dir='ltr'><strong>accepimus</strong></span> <span class='ocrx_word' id='word_1_316' title='bbox 773 4095 1061 4152; x_wconf 89' lang='lat' dir='ltr'><strong>secundum</strong></span> <span class='ocrx_word' id='word_1_317' title='bbox 1080 4093 1409 4148; x_wconf 84' lang='lat' dir='ltr'><strong>divinitatem</strong></span> <span class='ocrx_word' id='word_1_318' title='bbox 1437 4091 1503 4147; x_wconf 90' lang='lat' dir='ltr'><strong>ad</strong></span> <span class='ocrx_word' id='word_1_319' title='bbox 1532 4089 1863 4147; x_wconf 86' lang='lat' dir='ltr'><strong>condendam</strong></span> 
     </span>
    </p>
   </div>
   <div class='ocr_carea' id='block_1_44' title="bbox 272 4182 1862 4254">
    <p class='ocr_par' dir='ltr' id='par_1_44' title="bbox 272 4182 1862 4254">
     <span class='ocr_line' id='line_1_44' title="bbox 272 4182 1862 4254; baseline -0.004 -9"><span class='ocrx_word' id='word_1_320' title='bbox 272 4191 582 4245; x_wconf 83' lang='lat' dir='ltr'><strong>universam</strong></span> <span class='ocrx_word' id='word_1_321' title='bbox 609 4197 928 4254; x_wconf 87' lang='lat' dir='ltr'><strong>creaturam,</strong></span> <span class='ocrx_word' id='word_1_322' title='bbox 953 4185 1244 4242; x_wconf 88' lang='lat' dir='ltr'><strong>secundum</strong></span> <span class='ocrx_word' id='word_1_323' title='bbox 1274 4184 1656 4240; x_wconf 84' lang='lat' dir='ltr'><strong>humanitatem</strong></span> <span class='ocrx_word' id='word_1_324' title='bbox 1683 4182 1749 4237; x_wconf 88' lang='lat' dir='ltr'><strong>ad</strong></span> <span class='ocrx_word' id='word_1_325' title='bbox 1776 4197 1862 4238; x_wconf 90' lang='lat' dir='ltr'><strong>re-</strong></span> 
     </span>
    </p>
   </div>
   <div class='ocr_carea' id='block_1_45' title="bbox 271 4272 1862 4352">
    <p class='ocr_par' dir='ltr' id='par_1_45' title="bbox 271 4272 1862 4352">
     <span class='ocr_line' id='line_1_45' title="bbox 271 4272 1862 4352; baseline -0.003 -18"><span class='ocrx_word' id='word_1_326' title='bbox 271 4282 566 4352; x_wconf 80' lang='lat' dir='ltr'><strong>parandam</strong></span> <span class='ocrx_word' id='word_1_327' title='bbox 612 4281 813 4352; x_wconf 87' lang='lat' dir='ltr'><strong>lapsam</strong></span> <span class='ocrx_word' id='word_1_328' title='bbox 856 4287 1179 4345; x_wconf 86' lang='lat' dir='ltr'><strong>creaturam,</strong></span> <span class='ocrx_word' id='word_1_329' title='bbox 1206 4276 1600 4346; x_wconf 86' lang='lat' dir='ltr'><strong>evangelizante</strong></span> <span class='ocrx_word' id='word_1_330' title='bbox 1637 4272 1862 4330; x_wconf 85' lang='lat' dir='ltr'><strong>Joanne.</strong></span> 
     </span>
    </p>
   </div>
   <div class='ocr_carea' id='block_1_46' title="bbox 273 4364 1864 4444">
    <p class='ocr_par' dir='ltr' id='par_1_46' title="bbox 273 4364 1864 4444">
     <span class='ocr_line' id='line_1_46' title="bbox 273 4364 1864 4444; baseline -0.005 -17"><span class='ocrx_word' id='word_1_331' title='bbox 273 4375 335 4428; x_wconf 90' lang='lat' dir='ltr'><strong>In</strong></span> <span class='ocrx_word' id='word_1_332' title='bbox 361 4374 477 4444; x_wconf 90' lang='lat' dir='ltr'><strong>ipso</strong></span> <span class='ocrx_word' id='word_1_333' title='bbox 497 4382 674 4428; x_wconf 88' lang='lat' dir='ltr'><strong>autem</strong></span> <span class='ocrx_word' id='word_1_334' title='bbox 698 4371 983 4442; x_wconf 85' lang='lat' dir='ltr'><strong>Evangelio</strong></span> <span class='ocrx_word' id='word_1_335' title='bbox 1009 4368 1180 4441; x_wconf 81' lang='lat' dir='ltr'><strong>qualis</strong></span> <span class='ocrx_word' id='word_1_336' title='bbox 1199 4376 1253 4422; x_wconf 91' lang='lat' dir='ltr'><strong>ct</strong></span> <span class='ocrx_word' id='word_1_337' title='bbox 1277 4372 1506 4436; x_wconf 89' lang='lat' dir='ltr'><strong>quantus</strong></span> <span class='ocrx_word' id='word_1_338' title='bbox 1526 4365 1607 4419; x_wconf 89' lang='lat' dir='ltr'><strong>vir</strong></span> <span class='ocrx_word' id='word_1_339' title='bbox 1631 4364 1864 4421; x_wconf 86' lang='lat' dir='ltr'><strong>Joannes</strong></span> 
     </span>
    </p>
   </div>
   <div class='ocr_carea' id='block_1_47' title="bbox 273 4453 1862 4531">
    <p class='ocr_par' dir='ltr' id='par_1_47' title="bbox 273 4453 1862 4531">
     <span class='ocr_line' id='line_1_47' title="bbox 273 4453 1862 4531; baseline -0.006 -12"><span class='ocrx_word' id='word_1_340' title='bbox 273 4465 456 4531; x_wconf 89' lang='lat' dir='ltr'><strong>fuerit,</strong></span> <span class='ocrx_word' id='word_1_341' title='bbox 488 4463 786 4518; x_wconf 79' lang='lat' dir='ltr'><strong>invenimus</strong></span> <span class='ocrx_word' id='word_1_342' title='bbox 802 4504 817 4528; x_wconf 92' lang='lat'><strong>,</strong></span> <span class='ocrx_word' id='word_1_343' title='bbox 842 4471 901 4515; x_wconf 91' lang='lat' dir='ltr'><strong>ut</strong></span> <span class='ocrx_word' id='word_1_344' title='bbox 927 4475 993 4516; x_wconf 85' lang='lat' dir='ltr'><strong>ex</strong></span> <span class='ocrx_word' id='word_1_345' title='bbox 1019 4457 1275 4530; x_wconf 85' lang='lat' dir='ltr'><strong>dignitate</strong></span> <span class='ocrx_word' id='word_1_346' title='bbox 1299 4454 1684 4527; x_wconf 85' lang='lat' dir='ltr'><strong>dispensatoris</strong></span> <span class='ocrx_word' id='word_1_347' title='bbox 1705 4453 1862 4510; x_wconf 85' lang='lat' dir='ltr'><strong>intel-</strong></span> 
     </span>
    </p>
   </div>
   <div class='ocr_carea' id='block_1_48' title="bbox 274 4546 1860 4627">
    <p class='ocr_par' dir='ltr' id='par_1_48' title="bbox 274 4546 1860 4627">
     <span class='ocr_line' id='line_1_48' title="bbox 274 4546 1860 4627; baseline -0.006 -17"><span class='ocrx_word' id='word_1_348' title='bbox 274 4557 471 4627; x_wconf 76' lang='lat' dir='ltr'><strong>ligatur</strong></span> <span class='ocrx_word' id='word_1_349' title='bbox 498 4554 680 4627; x_wconf 86' lang='lat' dir='ltr'><strong>quanti</strong></span> <span class='ocrx_word' id='word_1_350' title='bbox 716 4552 868 4624; x_wconf 89' lang='lat' dir='ltr'><strong>pretli</strong></span> <span class='ocrx_word' id='word_1_351' title='bbox 896 4550 966 4607; x_wconf 87' lang='lat' dir='ltr'><strong>sit</strong></span> <span class='ocrx_word' id='word_1_352' title='bbox 988 4549 1226 4606; x_wconf 90' lang='lat' dir='ltr'><strong>Verbum</strong></span> <span class='ocrx_word' id='word_1_353' title='bbox 1243 4589 1260 4615; x_wconf 89' lang='lat'><strong>,</strong></span> <span class='ocrx_word' id='word_1_354' title='bbox 1280 4546 1423 4620; x_wconf 89' lang='lat' dir='ltr'><strong>quod</strong></span> <span class='ocrx_word' id='word_1_355' title='bbox 1447 4563 1544 4620; x_wconf 90' lang='lat' dir='ltr'><strong>per</strong></span> <span class='ocrx_word' id='word_1_356' title='bbox 1569 4547 1728 4602; x_wconf 78' lang='lat' dir='ltr'><strong>talem</strong></span> <span class='ocrx_word' id='word_1_357' title='bbox 1758 4546 1860 4602; x_wconf 91' lang='lat' dir='ltr'><strong>dici</strong></span> 
     </span>
    </p>
   </div>
   <div class='ocr_carea' id='block_1_49' title="bbox 275 4638 1864 4718">
    <p class='ocr_par' dir='ltr' id='par_1_49' title="bbox 275 4638 1864 4718">
     <span class='ocr_line' id='line_1_49' title="bbox 275 4638 1864 4718; baseline -0.006 -15"><span class='ocrx_word' id='word_1_358' title='bbox 275 4648 448 4718; x_wconf 81' lang='lat' dir='ltr'><strong>potuit</strong></span> <span class='ocrx_word' id='word_1_359' title='bbox 475 4663 490 4700; x_wconf 95' lang='lat'><strong>:</strong></span> <span class='ocrx_word' id='word_1_360' title='bbox 517 4646 625 4700; x_wconf 92' lang='lat' dir='ltr'><strong>imo</strong></span> <span class='ocrx_word' id='word_1_361' title='bbox 653 4660 812 4716; x_wconf 86' lang='lat' dir='ltr'><strong>quam</strong></span> <span class='ocrx_word' id='word_1_362' title='bbox 841 4642 1036 4699; x_wconf 88' lang='lat' dir='ltr'><strong>nullius</strong></span> <span class='ocrx_word' id='word_1_363' title='bbox 1065 4640 1220 4712; x_wconf 85' lang='lat' dir='ltr'><strong>pretii</strong></span> <span class='ocrx_word' id='word_1_364' title='bbox 1244 4640 1313 4695; x_wconf 89' lang='lat' dir='ltr'><strong>sit</strong></span> <span class='ocrx_word' id='word_1_365' title='bbox 1337 4638 1480 4713; x_wconf 90' lang='lat' dir='ltr'><strong>quod</strong></span> <span class='ocrx_word' id='word_1_366' title='bbox 1501 4647 1718 4712; x_wconf 87' lang='lat' dir='ltr'><strong>superat</strong></span> <span class='ocrx_word' id='word_1_367' title='bbox 1747 4654 1864 4694; x_wconf 86' lang='lat' dir='ltr'><strong>ont-</strong></span> 
     </span>
    </p>
   </div>
   <div class='ocr_carea' id='block_1_50' title="bbox 337 4768 1859 4836">
    <p class='ocr_par' dir='ltr' id='par_1_50' title="bbox 337 4768 1859 4836">
     <span class='ocr_line' id='line_1_50' title="bbox 337 4768 1859 4836; baseline -0.007 -6"><span class='ocrx_word' id='word_1_368' title='bbox 337 4778 358 4798; x_wconf 81' lang='lat'><strong><em>‘</em></strong></span> <span class='ocrx_word' id='word_1_369' title='bbox 391 4775 682 4833; x_wconf 66' lang='lat' dir='ltr'><strong>mandatus</strong></span> <span class='ocrx_word' id='word_1_370' title='bbox 701 4775 763 4833; x_wconf 74' lang='lat' dir='ltr'><strong>ad</strong></span> <span class='ocrx_word' id='word_1_371' title='bbox 783 4774 1269 4836; x_wconf 83' lang='lat' dir='ltr'><strong>tresbu.etquatuor</strong></span> <span class='ocrx_word' id='word_1_372' title='bbox 1288 4768 1354 4821; x_wconf 92' lang='lat' dir='ltr'><strong>cl.</strong></span> <span class='ocrx_word' id='word_1_373' title='bbox 1376 4784 1487 4827; x_wconf 78' lang='lat' dir='ltr'><strong>cum</strong></span> <span class='ocrx_word' id='word_1_374' title='bbox 1509 4770 1649 4823; x_wconf 64' lang='grc' dir='ltr'><strong>ιρι).</strong></span> <span class='ocrx_word' id='word_1_375' title='bbox 1673 4769 1706 4823; x_wconf 81' lang='lat' dir='ltr'><strong>l‘.</strong></span> <span class='ocrx_word' id='word_1_376' title='bbox 1725 4769 1782 4822; x_wconf 85' lang='lat' dir='ltr'><strong>fs.</strong></span> <span class='ocrx_word' id='word_1_377' title='bbox 1808 4784 1859 4834; x_wconf 85' lang='lat' dir='ltr'><strong>g.</strong></span> 
     </span>
    </p>
   </div>
   <div class='ocr_carea' id='block_1_51' title="bbox 271 4835 1335 4901">
    <p class='ocr_par' dir='ltr' id='par_1_51' title="bbox 271 4835 1335 4901">
     <span class='ocr_line' id='line_1_51' title="bbox 271 4835 1335 4901; baseline -0.007 -13"><span class='ocrx_word' id='word_1_378' title='bbox 271 4839 336 4889; x_wconf 86' lang='lat' dir='ltr'><strong>Ir.</strong></span> <span class='ocrx_word' id='word_1_379' title='bbox 362 4853 429 4901; x_wconf 88' lang='lat' dir='ltr'><strong>m.</strong></span> <span class='ocrx_word' id='word_1_380' title='bbox 455 4852 503 4901; x_wconf 79' lang='lat' dir='ltr'><strong>p.</strong></span> <span class='ocrx_word' id='word_1_381' title='bbox 529 4851 624 4901; x_wconf 76' lang='lat' dir='ltr'><strong>rm.</strong></span> <span class='ocrx_word' id='word_1_382' title='bbox 660 4835 762 4887; x_wconf 86' lang='lat' dir='ltr'><strong>vel.</strong></span> <span class='ocrx_word' id='word_1_383' title='bbox 782 4843 852 4901; x_wconf 80' lang='lat' dir='ltr'><strong>et</strong></span> <span class='ocrx_word' id='word_1_384' title='bbox 874 4844 973 4885; x_wconf 79' lang='lat' dir='ltr'><strong>Am.</strong></span> <span class='ocrx_word' id='word_1_385' title='bbox 991 4835 1203 4901; x_wconf 54' lang='lat' dir='ltr'><strong>_Er.;ljar.</strong></span> <span class='ocrx_word' id='word_1_386' title='bbox 1226 4840 1335 4884; x_wconf 87' lang='lat' dir='ltr'><strong>Lov.</strong></span> 
     </span>
    </p>
   </div>
   <div class='ocr_carea' id='block_1_52' title="bbox 359 4895 1859 4967">
    <p class='ocr_par' dir='ltr' id='par_1_52' title="bbox 359 4895 1859 4967">
     <span class='ocr_line' id='line_1_52' title="bbox 359 4895 1859 4967; baseline 0 0"><span class='ocrx_word' id='word_1_387' title='bbox 359 4895 662 4967; x_wconf 46' lang='lat'><strong>(05%,“</strong></span> <span class='ocrx_word' id='word_1_388' title='bbox 687 4895 1242 4967; x_wconf 60' lang='lat' dir='ltr'><strong>Veri’is,°°&#39;ni!“5§-...</strong></span> <span class='ocrx_word' id='word_1_389' title='bbox 1312 4961 1328 4967; x_wconf 96' lang='lat'>_</span> <span class='ocrx_word' id='word_1_390' title='bbox 1377 4954 1409 4967; x_wconf 94' lang='lat'><strong>..</strong></span> <span class='ocrx_word' id='word_1_391' title='bbox 1473 4952 1488 4967; x_wconf 94' lang='lat'><strong>.</strong></span> <span class='ocrx_word' id='word_1_392' title='bbox 1602 4966 1605 4967; x_wconf 30' lang='grc' dir='ltr'><em>ν</em></span> <span class='ocrx_word' id='word_1_393' title='bbox 1693 4954 1723 4967; x_wconf 82' lang='grc'>..</span> <span class='ocrx_word' id='word_1_394' title='bbox 1812 4956 1859 4967; x_wconf 90' lang='grc'><strong>..</strong></span> 
     </span>
    </p>
   </div>
   <div class='ocr_carea' id='block_1_53' title="bbox 338 4905 1863 5023">
    <p class='ocr_par' dir='ltr' id='par_1_53' title="bbox 338 4905 1863 5023">
     <span class='ocr_line' id='line_1_53' title="bbox 338 4905 1859 5023; baseline -0.007 -74"><span class='ocrx_word' id='word_1_395' title='bbox 338 4905 414 5023; x_wconf 50' lang='grc' dir='ltr'><strong>ὶαζ</strong></span> <span class='ocrx_word' id='word_1_396' title='bbox 438 4905 577 4973; x_wconf 74' lang='lat' dir='ltr'><strong>Alias,</strong></span> <span class='ocrx_word' id='word_1_397' title='bbox 598 4905 662 4949; x_wconf 89' lang='lat' dir='ltr'><strong>de</strong></span> <span class='ocrx_word' id='word_1_398' title='bbox 687 4905 856 4971; x_wconf 73' lang='lat' dir='ltr'><strong>Verbis</strong></span> <span class='ocrx_word' id='word_1_399' title='bbox 877 4905 1055 4947; x_wconf 84' lang='lat' dir='ltr'><strong>Domini</strong></span> <span class='ocrx_word' id='word_1_400' title='bbox 1071 4905 1179 4970; x_wconf 46' lang='grc' dir='ltr'><strong>δᾳ,</strong></span> <span class='ocrx_word' id='word_1_401' title='bbox 1397 4957 1409 4968; x_wconf 37' lang='grc'><strong><em>⁸</em></strong></span> <span class='ocrx_word' id='word_1_402' title='bbox 1848 4956 1859 4967; x_wconf 45' lang='grc'>.</span> 
     </span>
     <span class='ocr_line' id='line_1_54' title="bbox 360 4952 1863 5023; baseline -0.004 -11"><span class='ocrx_word' id='word_1_403' title='bbox 360 4960 392 5012; x_wconf 83' lang='lat' dir='ltr'><strong>b</strong></span> <span class='ocrx_word' id='word_1_404' title='bbox 437 4966 724 5023; x_wconf 76' lang='lat' dir='ltr'><strong>Designatus</strong></span> <span class='ocrx_word' id='word_1_405' title='bbox 746 4960 938 5023; x_wconf 55' lang='lat' dir='ltr'><strong>videtin</strong></span> <span class='ocrx_word' id='word_1_406' title='bbox 954 4970 984 5007; x_wconf 82' lang='lat' dir='ltr'><strong>a</strong></span> <span class='ocrx_word' id='word_1_407' title='bbox 1006 4957 1283 5023; x_wconf 63' lang='lat' dir='ltr'><strong>Possedtoin</strong></span> <span class='ocrx_word' id='word_1_408' title='bbox 1312 4952 1543 5015; x_wconf 65' lang='lat' dir='ltr'><strong>lodicula,</strong></span> <span class='ocrx_word' id='word_1_409' title='bbox 1562 4966 1670 5017; x_wconf 83' lang='lat' dir='ltr'><strong>cap.</strong></span> <span class='ocrx_word' id='word_1_410' title='bbox 1691 4954 1743 5014; x_wconf 79' lang='lat'><strong>5,</strong></span> <span class='ocrx_word' id='word_1_411' title='bbox 1777 4956 1863 5006; x_wconf 81' lang='lat' dir='ltr'><strong>uin</strong></span> 
     </span>
    </p>
   </div>
   <div class='ocr_carea' id='block_1_54' title="bbox 272 5020 1860 5090">
    <p class='ocr_par' dir='ltr' id='par_1_54' title="bbox 272 5020 1860 5090">
     <span class='ocr_line' id='line_1_55' title="bbox 272 5020 1860 5090; baseline -0.004 -17"><span class='ocrx_word' id='word_1_412' title='bbox 272 5020 408 5073; x_wconf 75' lang='lat' dir='ltr'><strong>utter</strong></span> <span class='ocrx_word' id='word_1_413' title='bbox 428 5020 656 5087; x_wconf 79' lang='lat' dir='ltr'><strong>apuscula</strong></span> <span class='ocrx_word' id='word_1_414' title='bbox 677 5020 931 5090; x_wconf 44' lang='lat' dir='ltr'><strong>lingu-stipi</strong></span> <span class='ocrx_word' id='word_1_415' title='bbox 952 5025 1120 5090; x_wconf 75' lang='lat' dir='ltr'><strong>contra</strong></span> <span class='ocrx_word' id='word_1_416' title='bbox 1158 5020 1361 5090; x_wconf 74' lang='lat' dir='ltr'><strong>Ariaan</strong></span> <span class='ocrx_word' id='word_1_417' title='bbox 1394 5022 1647 5090; x_wconf 74' lang='lat' dir='ltr'><strong>tractatum</strong></span> <span class='ocrx_word' id='word_1_418' title='bbox 1684 5029 1860 5090; x_wconf 60' lang='lat' dir='ltr'><strong>recen-</strong></span> 
     </span>
    </p>
   </div>
   <div class='ocr_carea' id='block_1_55' title="bbox 270 5076 1861 5195">
    <p class='ocr_par' dir='ltr' id='par_1_55' title="bbox 270 5076 1861 5195">
     <span class='ocr_line' id='line_1_56' title="bbox 270 5076 1861 5195; baseline -0.004 -60"><span class='ocrx_word' id='word_1_419' title='bbox 270 5092 373 5144; x_wconf 74' lang='lat' dir='ltr'><strong>set,</strong></span> <span class='ocrx_word' id='word_1_420' title='bbox 400 5103 422 5129; x_wconf 74' lang='grc' dir='ltr'>ι</span> <span class='ocrx_word' id='word_1_421' title='bbox 439 5076 510 5133; x_wconf 75' lang='lat' dir='ltr'><strong>tie</strong></span> <span class='ocrx_word' id='word_1_422' title='bbox 536 5092 591 5133; x_wconf 84' lang='lat' dir='ltr'><strong>nt</strong></span> <span class='ocrx_word' id='word_1_423' title='bbox 608 5076 852 5195; x_wconf 57' lang='lat' dir='ltr'><strong>principio</strong></span> <span class='ocrx_word' id='word_1_424' title='bbox 872 5087 976 5132; x_wconf 86' lang='lat' dir='ltr'><strong>erat</strong></span> <span class='ocrx_word' id='word_1_425' title='bbox 1006 5077 1227 5130; x_wconf 76' lang='lat' dir='ltr'><strong>Verbum.</strong></span> <span class='ocrx_word' id='word_1_426' title='bbox 1247 5095 1269 5124; x_wconf 73' lang='grc' dir='ltr'><strong>ι</strong></span> <span class='ocrx_word' id='word_1_427' title='bbox 1297 5080 1475 5151; x_wconf 78' lang='lat' dir='ltr'><strong>Citatur</strong></span> <span class='ocrx_word' id='word_1_428' title='bbox 1497 5090 1693 5150; x_wconf 78' lang='lat' dir='ltr'><strong>quoque</strong></span> <span class='ocrx_word' id='word_1_429' title='bbox 1715 5090 1744 5126; x_wconf 88' lang='lat' dir='ltr'><strong>a</strong></span> <span class='ocrx_word' id='word_1_430' title='bbox 1760 5076 1861 5128; x_wconf 79' lang='lat' dir='ltr'><strong>Flo-</strong></span> 
     </span>
     <span class='ocr_line' id='line_1_57' title="bbox 271 5142 1860 5195; baseline -0.004 0"><span class='ocrx_word' id='word_1_431' title='bbox 271 5160 333 5195; x_wconf 87' lang='lat' dir='ltr'><strong>ro</strong></span> <span class='ocrx_word' id='word_1_432' title='bbox 352 5145 416 5194; x_wconf 80' lang='lat' dir='ltr'><strong>ad</strong></span> <span class='ocrx_word' id='word_1_433' title='bbox 438 5146 583 5195; x_wconf 81' lang='lat' dir='ltr'><strong>Hebr.</strong></span> <span class='ocrx_word' id='word_1_434' title='bbox 643 5181 658 5193; x_wconf 95' lang='lat'><strong>.</strong></span> <span class='ocrx_word' id='word_1_435' title='bbox 677 5152 956 5195; x_wconf 70' lang='lat' dir='ltr'><strong>manuum</strong></span> <span class='ocrx_word' id='word_1_436' title='bbox 971 5154 1094 5194; x_wconf 85' lang='lat' dir='ltr'><strong>vero</strong></span> <span class='ocrx_word' id='word_1_437' title='bbox 1116 5142 1243 5195; x_wconf 83' lang='lat' dir='ltr'><strong>apud</strong></span> <span class='ocrx_word' id='word_1_438' title='bbox 1278 5148 1602 5190; x_wconf 79' lang='lat' dir='ltr'><strong>Lovamenses</strong></span> <span class='ocrx_word' id='word_1_439' title='bbox 1623 5147 1718 5189; x_wconf 79' lang='lat' dir='ltr'><strong>iste</strong></span> <span class='ocrx_word' id='word_1_440' title='bbox 1750 5153 1860 5189; x_wconf 86' lang='lat' dir='ltr'><strong>ser-</strong></span> 
     </span>
    </p>
   </div>
   <div class='ocr_carea' id='block_1_56' title="bbox 270 5152 1862 5313">
    <p class='ocr_par' dir='ltr' id='par_1_56' title="bbox 270 5152 1862 5313">
     <span class='ocr_line' id='line_1_58' title="bbox 271 5152 1860 5205; baseline -0.004 -10"><span class='ocrx_word' id='word_1_441' title='bbox 271 5160 333 5195; x_wconf 86' lang='lat' dir='ltr'><strong>ro</strong></span> <span class='ocrx_word' id='word_1_442' title='bbox 352 5152 416 5194; x_wconf 78' lang='lat' dir='ltr'><strong>ad</strong></span> <span class='ocrx_word' id='word_1_443' title='bbox 438 5152 583 5195; x_wconf 80' lang='lat' dir='ltr'><strong>Hebr.</strong></span> <span class='ocrx_word' id='word_1_444' title='bbox 608 5152 658 5195; x_wconf 81' lang='lat' dir='ltr'><strong>t.</strong></span> <span class='ocrx_word' id='word_1_445' title='bbox 677 5152 956 5205; x_wconf 59' lang='lat' dir='ltr'><strong>(nunquam</strong></span> <span class='ocrx_word' id='word_1_446' title='bbox 971 5154 1094 5194; x_wconf 84' lang='lat' dir='ltr'><strong>vero</strong></span> <span class='ocrx_word' id='word_1_447' title='bbox 1116 5152 1243 5204; x_wconf 79' lang='lat' dir='ltr'><strong>apud</strong></span> <span class='ocrx_word' id='word_1_448' title='bbox 1278 5152 1602 5190; x_wconf 81' lang='lat' dir='ltr'><strong>mvamenscs</strong></span> <span class='ocrx_word' id='word_1_449' title='bbox 1623 5152 1718 5189; x_wconf 79' lang='lat' dir='ltr'><strong>iste</strong></span> <span class='ocrx_word' id='word_1_450' title='bbox 1750 5153 1860 5189; x_wconf 86' lang='lat' dir='ltr'><strong>ser-</strong></span> 
     </span>
     <span class='ocr_line' id='line_1_59' title="bbox 270 5200 1862 5313; baseline -0.004 -55"><span class='ocrx_word' id='word_1_451' title='bbox 270 5222 355 5258; x_wconf 85' lang='lat' dir='ltr'><strong>mo</strong></span> <span class='ocrx_word' id='word_1_452' title='bbox 368 5208 555 5273; x_wconf 83' lang='lat' dir='ltr'><strong>absque</strong></span> <span class='ocrx_word' id='word_1_453' title='bbox 573 5205 818 5271; x_wconf 79' lang='lat' dir='ltr'><strong>Augustini</strong></span> <span class='ocrx_word' id='word_1_454' title='bbox 839 5206 1052 5267; x_wconf 84' lang='lat' dir='ltr'><strong>nomine,</strong></span> <span class='ocrx_word' id='word_1_455' title='bbox 1078 5203 1205 5313; x_wconf 43' lang='lat' dir='ltr'><strong>quod</strong></span> <span class='ocrx_word' id='word_1_456' title='bbox 1231 5203 1319 5267; x_wconf 84' lang='lat' dir='ltr'><strong>ipsi</strong></span> <span class='ocrx_word' id='word_1_457' title='bbox 1341 5207 1568 5273; x_wconf 71' lang='lat' dir='ltr'><strong>curarunt</strong></span> <span class='ocrx_word' id='word_1_458' title='bbox 1583 5213 1678 5250; x_wconf 91' lang='lat' dir='ltr'><strong>non</strong></span> <span class='ocrx_word' id='word_1_459' title='bbox 1702 5200 1862 5272; x_wconf 81' lang='lat' dir='ltr'><strong>dubiis</strong></span> 
     </span>
     <span class='ocr_line' id='line_1_60' title="bbox 274 5262 1856 5313; baseline -0.001 0"><span class='ocrx_word' id='word_1_460' title='bbox 274 5268 604 5313; x_wconf 74' lang='lat' dir='ltr'><strong>tantummodo</strong></span> <span class='ocrx_word' id='word_1_461' title='bbox 635 5268 943 5313; x_wconf 80' lang='lat' dir='ltr'><strong>sermonibus</strong></span> <span class='ocrx_word' id='word_1_462' title='bbox 981 5280 1074 5313; x_wconf 72' lang='lat' dir='ltr'><strong>bra</strong></span> <span class='ocrx_word' id='word_1_463' title='bbox 1116 5264 1345 5313; x_wconf 58' lang='lat' dir='ltr'><strong>gendum.</strong></span> <span class='ocrx_word' id='word_1_464' title='bbox 1383 5262 1543 5311; x_wconf 79' lang='lat' dir='ltr'><strong>editus</strong></span> <span class='ocrx_word' id='word_1_465' title='bbox 1565 5269 1856 5313; x_wconf 77' lang='lat' dir='ltr'><strong>reuertatur.</strong></span> 
     </span>
    </p>
   </div>
   <div class='ocr_carea' id='block_1_57' title="bbox 274 5262 1856 5333">
    <p class='ocr_par' dir='ltr' id='par_1_57' title="bbox 274 5262 1856 5333">
     <span class='ocr_line' id='line_1_61' title="bbox 274 5262 1856 5333; baseline -0.006 -15"><span class='ocrx_word' id='word_1_466' title='bbox 274 5262 604 5333; x_wconf 77' lang='lat' dir='ltr'><strong>tantummodo</strong></span> <span class='ocrx_word' id='word_1_467' title='bbox 635 5262 943 5333; x_wconf 67' lang='lat' dir='ltr'><strong>sermonibus</strong></span> <span class='ocrx_word' id='word_1_468' title='bbox 981 5262 1345 5333; x_wconf 63' lang='lat' dir='ltr'><strong>praﬂgendjim,</strong></span> <span class='ocrx_word' id='word_1_469' title='bbox 1383 5262 1543 5311; x_wconf 87' lang='lat' dir='ltr'><strong>editus</strong></span> <span class='ocrx_word' id='word_1_470' title='bbox 1565 5262 1856 5333; x_wconf 71' lang='lat' dir='ltr'><strong>reperiatur,</strong></span> 
     </span>
    </p>
   </div>
   <div class='ocr_carea' id='block_1_58' title="bbox 271 5324 1861 5384">
    <p class='ocr_par' dir='ltr' id='par_1_58' title="bbox 271 5324 1861 5384">
     <span class='ocr_line' id='line_1_62' title="bbox 271 5324 1861 5384; baseline -0.006 -1"><span class='ocrx_word' id='word_1_471' title='bbox 271 5345 387 5384; x_wconf 80' lang='lat' dir='ltr'><strong>cum</strong></span> <span class='ocrx_word' id='word_1_472' title='bbox 409 5331 498 5380; x_wconf 81' lang='lat' dir='ltr'><strong>hac</strong></span> <span class='ocrx_word' id='word_1_473' title='bbox 515 5342 721 5380; x_wconf 80' lang='lat' dir='ltr'><strong>censura</strong></span> <span class='ocrx_word' id='word_1_474' title='bbox 745 5343 758 5378; x_wconf 92' lang='lat'><strong>:</strong></span> <span class='ocrx_word' id='word_1_475' title='bbox 790 5346 817 5377; x_wconf 81' lang='grc' dir='ltr'>ι</span> <span class='ocrx_word' id='word_1_476' title='bbox 835 5324 1034 5378; x_wconf 77' lang='lat' dir='ltr'><strong>Videtur</strong></span> <span class='ocrx_word' id='word_1_477' title='bbox 1055 5324 1297 5374; x_wconf 75' lang='lat' dir='ltr'><strong>nouuullis</strong></span> <span class='ocrx_word' id='word_1_478' title='bbox 1325 5336 1489 5373; x_wconf 80' lang='lat' dir='ltr'><strong>sermo</strong></span> <span class='ocrx_word' id='word_1_479' title='bbox 1500 5324 1861 5384; x_wconf 62' lang='lat' dir='ltr'><strong>consarcinante</strong></span> 
     </span>
    </p>
   </div>
   <div class='ocr_carea' id='block_1_59' title="bbox 271 5382 1860 5442">
    <p class='ocr_par' dir='ltr' id='par_1_59' title="bbox 271 5382 1860 5442">
     <span class='ocr_line' id='line_1_63' title="bbox 271 5382 1860 5442; baseline -0.004 -1"><span class='ocrx_word' id='word_1_480' title='bbox 271 5382 330 5442; x_wconf 77' lang='lat' dir='ltr'><strong>et</strong></span> <span class='ocrx_word' id='word_1_481' title='bbox 351 5405 447 5441; x_wconf 87' lang='lat' dir='ltr'><strong>non</strong></span> <span class='ocrx_word' id='word_1_482' title='bbox 467 5398 598 5442; x_wconf 87' lang='lat' dir='ltr'><strong>totus</strong></span> <span class='ocrx_word' id='word_1_483' title='bbox 620 5404 735 5442; x_wconf 82' lang='lat' dir='ltr'><strong>esse</strong></span> <span class='ocrx_word' id='word_1_484' title='bbox 750 5398 803 5440; x_wconf 87' lang='lat' dir='ltr'><strong>n.</strong></span> <span class='ocrx_word' id='word_1_485' title='bbox 824 5388 1094 5442; x_wconf 65' lang='lat' dir='ltr'><strong>augustini.</strong></span> <span class='ocrx_word' id='word_1_486' title='bbox 1117 5402 1140 5432; x_wconf 68' lang='grc' dir='ltr'><strong>ι</strong></span> <span class='ocrx_word' id='word_1_487' title='bbox 1161 5387 1303 5436; x_wconf 70' lang='lat' dir='ltr'><strong>Nobis</strong></span> <span class='ocrx_word' id='word_1_488' title='bbox 1325 5392 1486 5435; x_wconf 89' lang='lat' dir='ltr'><strong>tamen</strong></span> <span class='ocrx_word' id='word_1_489' title='bbox 1504 5397 1599 5435; x_wconf 83' lang='lat' dir='ltr'><strong>non</strong></span> <span class='ocrx_word' id='word_1_490' title='bbox 1619 5382 1795 5433; x_wconf 84' lang='lat' dir='ltr'><strong>licebat</strong></span> <span class='ocrx_word' id='word_1_491' title='bbox 1808 5385 1860 5435; x_wconf 86' lang='lat' dir='ltr'><strong>iu</strong></span> 
     </span>
    </p>
   </div>
   <div class='ocr_carea' id='block_1_60' title="bbox 267 5445 1859 5518">
    <p class='ocr_par' dir='ltr' id='par_1_60' title="bbox 267 5445 1859 5518">
     <span class='ocr_line' id='line_1_64' title="bbox 267 5445 1859 5518; baseline -0.006 -14"><span class='ocrx_word' id='word_1_492' title='bbox 267 5454 531 5518; x_wconf 78' lang='lat' dir='ltr'><strong>dubiorum</strong></span> <span class='ocrx_word' id='word_1_493' title='bbox 560 5463 843 5518; x_wconf 76' lang='lat' dir='ltr'><strong>sermonm</strong></span> <span class='ocrx_word' id='word_1_494' title='bbox 876 5445 1083 5518; x_wconf 73' lang='lat' dir='ltr'><strong>classem</strong></span> <span class='ocrx_word' id='word_1_495' title='bbox 1113 5448 1271 5509; x_wconf 88' lang='lat' dir='ltr'><strong>ipsum</strong></span> <span class='ocrx_word' id='word_1_496' title='bbox 1293 5446 1539 5518; x_wconf 79' lang='lat' dir='ltr'><strong>rejicere:</strong></span> <span class='ocrx_word' id='word_1_497' title='bbox 1566 5445 1750 5518; x_wconf 78' lang='lat' dir='ltr'><strong>quippe</strong></span> <span class='ocrx_word' id='word_1_498' title='bbox 1771 5458 1859 5518; x_wconf 73' lang='lat' dir='ltr'><strong>eu-</strong></span> 
     </span>
    </p>
   </div>
   <div class='ocr_carea' id='block_1_61' title="bbox 269 5506 1858 5579">
    <p class='ocr_par' dir='ltr' id='par_1_61' title="bbox 269 5506 1858 5579">
     <span class='ocr_line' id='line_1_65' title="bbox 269 5506 1858 5579; baseline -0.004 -16"><span class='ocrx_word' id='word_1_499' title='bbox 269 5516 728 5579; x_wconf 65' lang='lat' dir='ltr'><strong>juspartespmnes</strong></span> <span class='ocrx_word' id='word_1_500' title='bbox 749 5513 929 5579; x_wconf 72' lang='lat' dir='ltr'><strong>optime</strong></span> <span class='ocrx_word' id='word_1_501' title='bbox 944 5506 1238 5579; x_wconf 61' lang='lat' dir='ltr'><strong>cohaerere,</strong></span> <span class='ocrx_word' id='word_1_502' title='bbox 1280 5506 1465 5579; x_wconf 75' lang='lat' dir='ltr'><strong>quique</strong></span> <span class='ocrx_word' id='word_1_503' title='bbox 1497 5506 1747 5579; x_wconf 76' lang='lat' dir='ltr'><strong>Augustini</strong></span> <span class='ocrx_word' id='word_1_504' title='bbox 1769 5506 1858 5556; x_wconf 78' lang='lat' dir='ltr'><strong>do-</strong></span> 
     </span>
    </p>
   </div>
   <div class='ocr_carea' id='block_1_62' title="bbox 270 5569 1860 5634">
    <p class='ocr_par' dir='ltr' id='par_1_62' title="bbox 270 5569 1860 5634">
     <span class='ocr_line' id='line_1_66' title="bbox 270 5569 1860 5634; baseline -0.003 -10"><span class='ocrx_word' id='word_1_505' title='bbox 270 5569 493 5634; x_wconf 68' lang='lat' dir='ltr'><strong>itu-ibam,</strong></span> <span class='ocrx_word' id='word_1_506' title='bbox 528 5569 801 5624; x_wconf 84' lang='lat' dir='ltr'><strong>disserendi</strong></span> <span class='ocrx_word' id='word_1_507' title='bbox 843 5571 1122 5634; x_wconf 78' lang='lat' dir='ltr'><strong>methodum</strong></span> <span class='ocrx_word' id='word_1_508' title='bbox 1165 5576 1218 5634; x_wconf 73' lang='lat' dir='ltr'><strong>et</strong></span> <span class='ocrx_word' id='word_1_509' title='bbox 1239 5569 1460 5634; x_wconf 60' lang='lat' dir='ltr'><strong>priuatas</strong></span> <span class='ocrx_word' id='word_1_510' title='bbox 1504 5569 1670 5626; x_wconf 78' lang='lat' dir='ltr'><strong>eidem</strong></span> <span class='ocrx_word' id='word_1_511' title='bbox 1711 5580 1860 5620; x_wconf 86' lang='lat' dir='ltr'><strong>voces</strong></span> 
     </span>
    </p>
   </div>
   <div class='ocr_carea' id='block_1_63' title="bbox 272 5629 1857 5744">
    <p class='ocr_par' dir='ltr' id='par_1_63' title="bbox 272 5629 1857 5744">
     <span class='ocr_line' id='line_1_67' title="bbox 272 5629 1857 5744; baseline -0.004 -59"><span class='ocrx_word' id='word_1_512' title='bbox 272 5629 538 5695; x_wconf 66' lang='lat' dir='ltr'><strong>exhibere,</strong></span> <span class='ocrx_word' id='word_1_513' title='bbox 560 5636 603 5687; x_wconf 87' lang='lat' dir='ltr'><strong>si</strong></span> <span class='ocrx_word' id='word_1_514' title='bbox 625 5635 735 5744; x_wconf 50' lang='lat' dir='ltr'><strong>ﬂuis</strong></span> <span class='ocrx_word' id='word_1_515' title='bbox 755 5634 896 5695; x_wconf 85' lang='lat' dir='ltr'><strong>alius,</strong></span> <span class='ocrx_word' id='word_1_516' title='bbox 916 5629 1398 5696; x_wconf 86' lang='lat' dir='ltr'><strong>deprehendebatur.</strong></span> <span class='ocrx_word' id='word_1_517' title='bbox 1424 5636 1589 5702; x_wconf 75' lang='lat' dir='ltr'><strong>Neque</strong></span> <span class='ocrx_word' id='word_1_518' title='bbox 1611 5641 1731 5679; x_wconf 87' lang='lat' dir='ltr'><strong>vero</strong></span> <span class='ocrx_word' id='word_1_519' title='bbox 1754 5642 1857 5681; x_wconf 90' lang='lat' dir='ltr'><strong>mo-</strong></span> 
     </span>
     <span class='ocr_line' id='line_1_68' title="bbox 272 5690 1857 5744; baseline -0.001 0"><span class='ocrx_word' id='word_1_520' title='bbox 272 5697 371 5744; x_wconf 84' lang='lat' dir='ltr'><strong>rari</strong></span> <span class='ocrx_word' id='word_1_521' title='bbox 392 5696 565 5744; x_wconf 86' lang='lat' dir='ltr'><strong>debuit</strong></span> <span class='ocrx_word' id='word_1_522' title='bbox 585 5702 632 5744; x_wconf 86' lang='lat' dir='ltr'><strong>st</strong></span> <span class='ocrx_word' id='word_1_523' title='bbox 667 5708 744 5744; x_wconf 89' lang='lat' dir='ltr'><strong>us.</strong></span> <span class='ocrx_word' id='word_1_524' title='bbox 764 5694 861 5744; x_wconf 82' lang='lat' dir='ltr'><strong>hic.</strong></span> <span class='ocrx_word' id='word_1_525' title='bbox 884 5701 939 5744; x_wconf 91' lang='lat' dir='ltr'><strong>ut</strong></span> <span class='ocrx_word' id='word_1_526' title='bbox 962 5696 1011 5744; x_wconf 87' lang='lat' dir='ltr'><strong>lu</strong></span> <span class='ocrx_word' id='word_1_527' title='bbox 1036 5690 1430 5744; x_wconf 82' lang='lat' dir='ltr'><strong>extemnoraneis</strong></span> <span class='ocrx_word' id='word_1_528' title='bbox 1449 5691 1760 5741; x_wconf 69' lang='lat' dir='ltr'><strong>mucronibus</strong></span> <span class='ocrx_word' id='word_1_529' title='bbox 1782 5705 1857 5742; x_wconf 84' lang='lat' dir='ltr'><strong>es-</strong></span> 
     </span>
    </p>
   </div>
   <div class='ocr_carea' id='block_1_64' title="bbox 272 5690 1859 5755">
    <p class='ocr_par' dir='ltr' id='par_1_64' title="bbox 272 5690 1859 5755">
     <span class='ocr_line' id='line_1_69' title="bbox 272 5690 1859 5755; baseline -0.004 -9"><span class='ocrx_word' id='word_1_530' title='bbox 272 5697 371 5747; x_wconf 87' lang='lat' dir='ltr'><strong>rari</strong></span> <span class='ocrx_word' id='word_1_531' title='bbox 392 5690 565 5748; x_wconf 81' lang='lat' dir='ltr'><strong>debuit</strong></span> <span class='ocrx_word' id='word_1_532' title='bbox 585 5690 744 5755; x_wconf 83' lang='lat' dir='ltr'><strong>stilus,</strong></span> <span class='ocrx_word' id='word_1_533' title='bbox 764 5694 861 5755; x_wconf 82' lang='lat' dir='ltr'><strong>hic,</strong></span> <span class='ocrx_word' id='word_1_534' title='bbox 881 5690 939 5745; x_wconf 72' lang='lat' dir='ltr'><strong>&#39;ut</strong></span> <span class='ocrx_word' id='word_1_535' title='bbox 962 5690 1011 5744; x_wconf 78' lang='lat' dir='ltr'><strong>tu</strong></span> <span class='ocrx_word' id='word_1_536' title='bbox 1036 5690 1430 5755; x_wconf 74' lang='lat' dir='ltr'><strong>extemporaneis</strong></span> <span class='ocrx_word' id='word_1_537' title='bbox 1449 5690 1760 5755; x_wconf 72' lang='lat' dir='ltr'><strong>conciouibus</strong></span> <span class='ocrx_word' id='word_1_538' title='bbox 1782 5705 1859 5755; x_wconf 43' lang='lat' dir='ltr'><strong>es:</strong></span> 
     </span>
    </p>
   </div>
   <div class='ocr_carea' id='block_1_65' title="bbox 273 5708 1857 5829">
    <p class='ocr_par' dir='ltr' id='par_1_65' title="bbox 273 5708 1857 5829">
     <span class='ocr_line' id='line_1_70' title="bbox 273 5708 1857 5755; baseline -0.003 -9"><span class='ocrx_word' id='word_1_539' title='bbox 273 5708 371 5747; x_wconf 81' lang='lat' dir='ltr'><strong>rari</strong></span> <span class='ocrx_word' id='word_1_540' title='bbox 392 5708 565 5748; x_wconf 77' lang='lat' dir='ltr'><strong>(lenuit</strong></span> <span class='ocrx_word' id='word_1_541' title='bbox 585 5708 744 5755; x_wconf 73' lang='lat' dir='ltr'><strong>Stilus,</strong></span> <span class='ocrx_word' id='word_1_542' title='bbox 766 5708 813 5744; x_wconf 83' lang='lat' dir='ltr'><strong>nt</strong></span> <span class='ocrx_word' id='word_1_543' title='bbox 884 5708 939 5745; x_wconf 83' lang='lat' dir='ltr'><strong>ut</strong></span> <span class='ocrx_word' id='word_1_544' title='bbox 962 5708 1011 5744; x_wconf 85' lang='lat' dir='ltr'><strong>tu</strong></span> <span class='ocrx_word' id='word_1_545' title='bbox 1036 5708 1430 5754; x_wconf 72' lang='lat' dir='ltr'><strong>enemporanexs</strong></span> <span class='ocrx_word' id='word_1_546' title='bbox 1449 5708 1760 5741; x_wconf 78' lang='lat' dir='ltr'><strong>conetomnus</strong></span> <span class='ocrx_word' id='word_1_547' title='bbox 1782 5708 1857 5742; x_wconf 79' lang='lat' dir='ltr'><strong>es-</strong></span> 
     </span>
     <span class='ocr_line' id='line_1_71' title="bbox 273 5708 1857 5829; baseline -0.004 -20"><span class='ocrx_word' id='word_1_548' title='bbox 273 5772 329 5809; x_wconf 63' lang='lat' dir='ltr'><strong>s»</strong></span> <span class='ocrx_word' id='word_1_549' title='bbox 353 5757 498 5814; x_wconf 72' lang='lat' dir='ltr'><strong>solet,</strong></span> <span class='ocrx_word' id='word_1_550' title='bbox 524 5757 769 5829; x_wconf 82' lang='lat' dir='ltr'><strong>aliquanto</strong></span> <span class='ocrx_word' id='word_1_551' title='bbox 789 5708 1003 5829; x_wconf 55' lang='lat' dir='ltr'><strong>diffusior</strong></span> <span class='ocrx_word' id='word_1_552' title='bbox 1028 5761 1081 5807; x_wconf 88' lang='lat' dir='ltr'><strong>et</strong></span> <span class='ocrx_word' id='word_1_553' title='bbox 1102 5752 1367 5817; x_wconf 64' lang='lat' dir='ltr'><strong>inaequalis.</strong></span> <span class='ocrx_word' id='word_1_554' title='bbox 1417 5753 1631 5804; x_wconf 79' lang='lat' dir='ltr'><strong>Pertinet</strong></span> <span class='ocrx_word' id='word_1_555' title='bbox 1650 5751 1774 5804; x_wconf 80' lang='lat' dir='ltr'><strong>forte</strong></span> <span class='ocrx_word' id='word_1_556' title='bbox 1798 5754 1857 5804; x_wconf 91' lang='lat' dir='ltr'><strong>ad</strong></span> 
     </span>
    </p>
   </div>
   <div class='ocr_carea' id='block_1_66' title="bbox 276 5818 921 5884">
    <p class='ocr_par' dir='ltr' id='par_1_66' title="bbox 276 5818 921 5884">
     <span class='ocr_line' id='line_1_72' title="bbox 276 5818 921 5884; baseline -0.003 -16"><span class='ocrx_word' id='word_1_557' title='bbox 276 5834 463 5884; x_wconf 70' lang='lat' dir='ltr'><strong>primos</strong></span> <span class='ocrx_word' id='word_1_558' title='bbox 483 5818 635 5870; x_wconf 69' lang='lat' dir='ltr'><strong>amics</strong></span> <span class='ocrx_word' id='word_1_559' title='bbox 661 5818 921 5882; x_wconf 75' lang='lat' dir='ltr'><strong>Augustini.</strong></span> 
     </span>
    </p>
   </div>
   <div class='ocr_carea' id='block_1_67' title="bbox 1968 696 3556 770">
    <p class='ocr_par' dir='ltr' id='par_1_67' title="bbox 1968 696 3556 770">
     <span class='ocr_line' id='line_1_73' title="bbox 1968 696 3556 770; baseline 0.004 -22"><span class='ocrx_word' id='word_1_560' title='bbox 1968 702 2121 763; x_wconf 85' lang='lat' dir='ltr'><strong>parat</strong></span> <span class='ocrx_word' id='word_1_561' title='bbox 2143 704 2344 765; x_wconf 77' lang='lat' dir='ltr'><strong>quanto</strong></span> <span class='ocrx_word' id='word_1_562' title='bbox 2363 696 2528 762; x_wconf 75' lang='lat' dir='ltr'><strong>valet,</strong></span> <span class='ocrx_word' id='word_1_563' title='bbox 2546 707 2787 766; x_wconf 59' lang='lat' dir='ltr'><strong>aquatur</strong></span> <span class='ocrx_word' id='word_1_564' title='bbox 2807 699 3033 767; x_wconf 84' lang='lat' dir='ltr'><strong>pretium</strong></span> <span class='ocrx_word' id='word_1_565' title='bbox 3049 701 3127 755; x_wconf 86' lang='lat' dir='ltr'><strong>rei</strong></span> <span class='ocrx_word' id='word_1_566' title='bbox 3141 715 3265 770; x_wconf 70' lang='lat' dir='ltr'><strong>qua:</strong></span> <span class='ocrx_word' id='word_1_567' title='bbox 3278 715 3556 770; x_wconf 86' lang='lat' dir='ltr'><strong>compara—</strong></span> 
     </span>
    </p>
   </div>
   <div class='ocr_carea' id='block_1_68' title="bbox 1966 784 3548 859">
    <p class='ocr_par' dir='ltr' id='par_1_68' title="bbox 1966 784 3548 859">
     <span class='ocr_line' id='line_1_74' title="bbox 1966 784 3548 859; baseline 0.004 -21"><span class='ocrx_word' id='word_1_568' title='bbox 1966 792 2096 839; x_wconf 87' lang='lat' dir='ltr'><strong>tur:</strong></span> <span class='ocrx_word' id='word_1_569' title='bbox 2126 784 2339 854; x_wconf 77' lang='lat' dir='ltr'><strong>quando</strong></span> <span class='ocrx_word' id='word_1_570' title='bbox 2383 785 2577 854; x_wconf 81' lang='lat' dir='ltr'><strong>vilius,</strong></span> <span class='ocrx_word' id='word_1_571' title='bbox 2625 786 2903 857; x_wconf 77' lang='lat' dir='ltr'><strong>subjicitur</strong></span> <span class='ocrx_word' id='word_1_572' title='bbox 2944 788 3037 843; x_wconf 83' lang='lat' dir='ltr'><strong>ei:</strong></span> <span class='ocrx_word' id='word_1_573' title='bbox 3080 789 3294 859; x_wconf 85' lang='lat' dir='ltr'><strong>quando</strong></span> <span class='ocrx_word' id='word_1_574' title='bbox 3333 790 3548 856; x_wconf 86' lang='lat' dir='ltr'><strong>carius,</strong></span> 
     </span>
    </p>
   </div>
   <div class='ocr_carea' id='block_1_69' title="bbox 1964 876 3553 951">
    <p class='ocr_par' dir='ltr' id='par_1_69' title="bbox 1964 876 3553 951">
     <span class='ocr_line' id='line_1_75' title="bbox 1964 876 3553 951; baseline 0.003 -21"><span class='ocrx_word' id='word_1_575' title='bbox 1964 885 2179 946; x_wconf 84' lang='lat' dir='ltr'><strong>superat</strong></span> <span class='ocrx_word' id='word_1_576' title='bbox 2197 891 2336 933; x_wconf 83' lang='lat' dir='ltr'><strong>eam.</strong></span> <span class='ocrx_word' id='word_1_577' title='bbox 2367 876 2544 933; x_wconf 87' lang='lat' dir='ltr'><strong>Verbo</strong></span> <span class='ocrx_word' id='word_1_578' title='bbox 2568 888 2746 933; x_wconf 88' lang='lat' dir='ltr'><strong>autem</strong></span> <span class='ocrx_word' id='word_1_579' title='bbox 2778 879 2869 934; x_wconf 86' lang='lat' dir='ltr'><strong>Dei</strong></span> <span class='ocrx_word' id='word_1_580' title='bbox 2898 894 2996 935; x_wconf 85' lang='lat' dir='ltr'><strong>nec</strong></span> <span class='ocrx_word' id='word_1_581' title='bbox 3016 880 3213 951; x_wconf 66' lang='lat' dir='ltr'><strong>aequari</strong></span> <span class='ocrx_word' id='word_1_582' title='bbox 3234 879 3432 951; x_wconf 88' lang='lat' dir='ltr'><strong>aliquid</strong></span> <span class='ocrx_word' id='word_1_583' title='bbox 3458 895 3553 950; x_wconf 87' lang='lat' dir='ltr'><strong>po-</strong></span> 
     </span>
    </p>
   </div>
   <div class='ocr_carea' id='block_1_70' title="bbox 1965 967 3548 1042">
    <p class='ocr_par' dir='ltr' id='par_1_70' title="bbox 1965 967 3548 1042">
     <span class='ocr_line' id='line_1_76' title="bbox 1965 967 3548 1042; baseline 0.004 -22"><span class='ocrx_word' id='word_1_584' title='bbox 1965 976 2088 1031; x_wconf 87' lang='lat' dir='ltr'><strong>test,</strong></span> <span class='ocrx_word' id='word_1_585' title='bbox 2107 982 2206 1024; x_wconf 89' lang='lat' dir='ltr'><strong>nec</strong></span> <span class='ocrx_word' id='word_1_586' title='bbox 2224 967 2291 1023; x_wconf 88' lang='lat' dir='ltr'><strong>ad</strong></span> <span class='ocrx_word' id='word_1_587' title='bbox 2308 969 2652 1028; x_wconf 79' lang='lat' dir='ltr'><strong>mutationem</strong></span> <span class='ocrx_word' id='word_1_588' title='bbox 2678 969 2888 1039; x_wconf 72' lang='lat' dir='ltr'><strong>subjici,</strong></span> <span class='ocrx_word' id='word_1_589' title='bbox 2912 985 3013 1026; x_wconf 85' lang='lat' dir='ltr'><strong>nec</strong></span> <span class='ocrx_word' id='word_1_590' title='bbox 3027 973 3312 1041; x_wconf 87' lang='lat' dir='ltr'><strong>superponi</strong></span> <span class='ocrx_word' id='word_1_591' title='bbox 3328 970 3548 1042; x_wconf 72' lang='lat' dir='ltr'><strong>aliquid.</strong></span> 
     </span>
    </p>
   </div>
   <div class='ocr_carea' id='block_1_71' title="bbox 1963 1059 3553 1134">
    <p class='ocr_par' dir='ltr' id='par_1_71' title="bbox 1963 1059 3553 1134">
     <span class='ocr_line' id='line_1_77' title="bbox 1963 1059 3553 1134; baseline 0.002 -19"><span class='ocrx_word' id='word_1_592' title='bbox 1963 1059 2160 1129; x_wconf 80' lang='lat' dir='ltr'><strong>Subjici</strong></span> <span class='ocrx_word' id='word_1_593' title='bbox 2199 1061 2341 1116; x_wconf 90' lang='lat' dir='ltr'><strong>enim</strong></span> <span class='ocrx_word' id='word_1_594' title='bbox 2381 1060 2557 1116; x_wconf 89' lang='lat' dir='ltr'><strong>omnia</strong></span> <span class='ocrx_word' id='word_1_595' title='bbox 2591 1070 2814 1131; x_wconf 83' lang='lat' dir='ltr'><strong>possunt</strong></span> <span class='ocrx_word' id='word_1_596' title='bbox 2841 1062 3014 1119; x_wconf 84' lang='lat' dir='ltr'><strong>Verbo</strong></span> <span class='ocrx_word' id='word_1_597' title='bbox 3046 1063 3176 1129; x_wconf 88' lang='lat' dir='ltr'><strong>Dei,</strong></span> <span class='ocrx_word' id='word_1_598' title='bbox 3217 1064 3339 1134; x_wconf 88' lang='lat' dir='ltr'><strong>quia</strong></span> <span class='ocrx_word' id='word_1_599' title='bbox 3382 1065 3553 1119; x_wconf 80' lang='lat' dir='ltr'><strong>omnia</strong></span> 
     </span>
    </p>
   </div>
   <div class='ocr_carea' id='block_1_72' title="bbox 1964 1150 3550 1225">
    <p class='ocr_par' dir='ltr' id='par_1_72' title="bbox 1964 1150 3550 1225">
     <span class='ocr_line' id='line_1_78' title="bbox 1964 1150 3550 1225; baseline 0.005 -23"><span class='ocrx_word' id='word_1_600' title='bbox 1964 1166 2054 1219; x_wconf 83' lang='lat' dir='ltr'><strong>per</strong></span> <span class='ocrx_word' id='word_1_601' title='bbox 2078 1150 2247 1221; x_wconf 76' lang='lat' dir='ltr'><strong>ipsum</strong></span> <span class='ocrx_word' id='word_1_602' title='bbox 2275 1152 2413 1222; x_wconf 79' lang='lat' dir='ltr'><strong>facta</strong></span> <span class='ocrx_word' id='word_1_603' title='bbox 2449 1160 2566 1206; x_wconf 74' lang='lat' dir='ltr'><strong>sunt</strong></span> <span class='ocrx_word' id='word_1_604' title='bbox 2585 1171 2605 1206; x_wconf 88' lang='lat'><strong><em>:</em></strong></span> <span class='ocrx_word' id='word_1_605' title='bbox 2635 1167 2740 1208; x_wconf 86' lang='lat' dir='ltr'><strong>non</strong></span> <span class='ocrx_word' id='word_1_606' title='bbox 2785 1161 2960 1209; x_wconf 82' lang='lat' dir='ltr'><strong>tamen</strong></span> <span class='ocrx_word' id='word_1_607' title='bbox 3001 1153 3370 1224; x_wconf 81' lang='lat' dir='ltr'><strong>subjiciuntur,</strong></span> <span class='ocrx_word' id='word_1_608' title='bbox 3396 1156 3550 1225; x_wconf 80' lang='lat' dir='ltr'><strong>quasi</strong></span> 
     </span>
    </p>
   </div>
   <div class='ocr_carea' id='block_1_73' title="bbox 1965 1240 3549 1315">
    <p class='ocr_par' dir='ltr' id='par_1_73' title="bbox 1965 1240 3549 1315">
     <span class='ocr_line' id='line_1_79' title="bbox 1965 1240 3549 1315; baseline 0.005 -23"><span class='ocrx_word' id='word_1_609' title='bbox 1965 1240 2191 1309; x_wconf 83' lang='lat' dir='ltr'><strong>pretium</strong></span> <span class='ocrx_word' id='word_1_610' title='bbox 2223 1241 2328 1294; x_wconf 88' lang='lat' dir='ltr'><strong>sint</strong></span> <span class='ocrx_word' id='word_1_611' title='bbox 2368 1241 2558 1307; x_wconf 88' lang='lat' dir='ltr'><strong>Verbi,</strong></span> <span class='ocrx_word' id='word_1_612' title='bbox 2601 1253 2660 1297; x_wconf 91' lang='lat' dir='ltr'><strong>ut</strong></span> <span class='ocrx_word' id='word_1_613' title='bbox 2687 1244 2912 1314; x_wconf 84' lang='lat' dir='ltr'><strong>quisque</strong></span> <span class='ocrx_word' id='word_1_614' title='bbox 2934 1244 3026 1299; x_wconf 90' lang='lat' dir='ltr'><strong>det</strong></span> <span class='ocrx_word' id='word_1_615' title='bbox 3053 1245 3286 1315; x_wconf 83' lang='lat' dir='ltr'><strong>aliquid,</strong></span> <span class='ocrx_word' id='word_1_616' title='bbox 3322 1253 3379 1300; x_wconf 90' lang='lat' dir='ltr'><strong>ut</strong></span> <span class='ocrx_word' id='word_1_617' title='bbox 3421 1246 3549 1300; x_wconf 91' lang='lat' dir='ltr'><strong>illud</strong></span> 
     </span>
    </p>
   </div>
   <div class='ocr_carea' id='block_1_74' title="bbox 1946 1330 3550 1406">
    <p class='ocr_par' dir='ltr' id='par_1_74' title="bbox 1946 1330 3550 1406">
     <span class='ocr_line' id='line_1_80' title="bbox 1946 1330 3550 1406; baseline 0.006 -22"><span class='ocrx_word' id='word_1_618' title='bbox 1946 1330 2207 1406; x_wconf 84' lang='lat' dir='ltr'><strong>accipiat.</strong></span> <span class='ocrx_word' id='word_1_619' title='bbox 2233 1331 2431 1387; x_wconf 84' lang='lat' dir='ltr'><strong>Tamen</strong></span> <span class='ocrx_word' id='word_1_620' title='bbox 2459 1333 2503 1387; x_wconf 89' lang='lat' dir='ltr'><strong>si</strong></span> <span class='ocrx_word' id='word_1_621' title='bbox 2532 1332 2636 1390; x_wconf 90' lang='lat' dir='ltr'><strong>dici</strong></span> <span class='ocrx_word' id='word_1_622' title='bbox 2668 1343 2866 1403; x_wconf 84' lang='lat' dir='ltr'><strong>potest,</strong></span> <span class='ocrx_word' id='word_1_623' title='bbox 2893 1344 2948 1390; x_wconf 84' lang='lat' dir='ltr'><strong>et</strong></span> <span class='ocrx_word' id='word_1_624' title='bbox 2971 1336 3200 1391; x_wconf 87' lang='lat' dir='ltr'><strong>admittit</strong></span> <span class='ocrx_word' id='word_1_625' title='bbox 3228 1351 3421 1393; x_wconf 85' lang='lat' dir='ltr'><strong>nomen</strong></span> <span class='ocrx_word' id='word_1_626' title='bbox 3449 1337 3550 1393; x_wconf 89' lang='lat' dir='ltr'><strong>hoc</strong></span> 
     </span>
    </p>
   </div>
   <div class='ocr_carea' id='block_1_75' title="bbox 1965 1422 3666 1507">
    <p class='ocr_par' dir='ltr' id='par_1_75' title="bbox 1965 1422 3666 1507">
     <span class='ocr_line' id='line_1_81' title="bbox 1965 1422 3666 1507; baseline 0.003 -28"><span class='ocrx_word' id='word_1_627' title='bbox 1965 1422 2101 1479; x_wconf 80' lang='lat' dir='ltr'><strong>ratio</strong></span> <span class='ocrx_word' id='word_1_628' title='bbox 2124 1422 2301 1491; x_wconf 86' lang='lat' dir='ltr'><strong>aliqua</strong></span> <span class='ocrx_word' id='word_1_629' title='bbox 2327 1423 2408 1477; x_wconf 87' lang='lat' dir='ltr'><strong>vel</strong></span> <span class='ocrx_word' id='word_1_630' title='bbox 2440 1423 2686 1494; x_wconf 87' lang='lat' dir='ltr'><strong>loquendi</strong></span> <span class='ocrx_word' id='word_1_631' title='bbox 2713 1426 3062 1495; x_wconf 86' lang='lat' dir='ltr'><strong>consuetudo,</strong></span> <span class='ocrx_word' id='word_1_632' title='bbox 3087 1428 3313 1497; x_wconf 86' lang='lat' dir='ltr'><strong>pretium</strong></span> <span class='ocrx_word' id='word_1_633' title='bbox 3333 1442 3551 1497; x_wconf 53' lang='lat' dir='ltr'><strong>compa-</strong></span> <span class='ocrx_word' id='word_1_634' title='bbox 3652 1496 3666 1507; x_wconf 47' lang='lat'><em>.</em></span> 
     </span>
    </p>
   </div>
   <div class='ocr_carea' id='block_1_76' title="bbox 1964 1514 3551 1591">
    <p class='ocr_par' dir='ltr' id='par_1_76' title="bbox 1964 1514 3551 1591">
     <span class='ocr_line' id='line_1_82' title="bbox 1964 1514 3551 1591; baseline 0.004 -22"><span class='ocrx_word' id='word_1_635' title='bbox 1964 1514 2116 1569; x_wconf 84' lang='lat' dir='ltr'><strong>randi</strong></span> <span class='ocrx_word' id='word_1_636' title='bbox 2144 1514 2301 1571; x_wconf 85' lang='lat' dir='ltr'><strong>Verbi</strong></span> <span class='ocrx_word' id='word_1_637' title='bbox 2327 1516 2443 1586; x_wconf 89' lang='lat' dir='ltr'><strong>ipse</strong></span> <span class='ocrx_word' id='word_1_638' title='bbox 2473 1526 2811 1586; x_wconf 83' lang='lat' dir='ltr'><strong>comparatur</strong></span> <span class='ocrx_word' id='word_1_639' title='bbox 2828 1527 2929 1586; x_wconf 89' lang='lat' dir='ltr'><strong>est,</strong></span> <span class='ocrx_word' id='word_1_640' title='bbox 2957 1520 3045 1590; x_wconf 89' lang='lat' dir='ltr'><strong>qui</strong></span> <span class='ocrx_word' id='word_1_641' title='bbox 3083 1534 3143 1575; x_wconf 80' lang='lat' dir='ltr'><strong>se</strong></span> <span class='ocrx_word' id='word_1_642' title='bbox 3169 1520 3340 1589; x_wconf 89' lang='lat' dir='ltr'><strong>ipsum</strong></span> <span class='ocrx_word' id='word_1_643' title='bbox 3371 1536 3464 1591; x_wconf 88' lang='lat' dir='ltr'><strong>pro</strong></span> <span class='ocrx_word' id='word_1_644' title='bbox 3491 1535 3551 1577; x_wconf 87' lang='lat' dir='ltr'><strong>se</strong></span> 
     </span>
    </p>
   </div>
   <div class='ocr_carea' id='block_1_77' title="bbox 1965 1604 3549 1682">
    <p class='ocr_par' dir='ltr' id='par_1_77' title="bbox 1965 1604 3549 1682">
     <span class='ocr_line' id='line_1_83' title="bbox 1965 1604 3549 1682; baseline 0.005 -24"><span class='ocrx_word' id='word_1_645' title='bbox 1965 1604 2082 1675; x_wconf 86' lang='lat' dir='ltr'><strong>ipso</strong></span> <span class='ocrx_word' id='word_1_646' title='bbox 2114 1604 2320 1660; x_wconf 82' lang='lat' dir='ltr'><strong>dederit</strong></span> <span class='ocrx_word' id='word_1_647' title='bbox 2359 1606 2484 1662; x_wconf 85' lang='lat' dir='ltr'><strong>huic</strong></span> <span class='ocrx_word' id='word_1_648' title='bbox 2516 1607 2706 1662; x_wconf 88' lang='lat' dir='ltr'><strong>Verbo.</strong></span> <span class='ocrx_word' id='word_1_649' title='bbox 2734 1608 3156 1680; x_wconf 82' lang='lat' dir='ltr'><strong>itaque-quando</strong></span> <span class='ocrx_word' id='word_1_650' title='bbox 3185 1611 3383 1682; x_wconf 84' lang='lat' dir='ltr'><strong>aliquid</strong></span> <span class='ocrx_word' id='word_1_651' title='bbox 3412 1613 3549 1667; x_wconf 80' lang='lat' dir='ltr'><strong>emi-</strong></span> 
     </span>
    </p>
   </div>
   <div class='ocr_carea' id='block_1_78' title="bbox 1965 1695 3550 1770">
    <p class='ocr_par' dir='ltr' id='par_1_78' title="bbox 1965 1695 3550 1770">
     <span class='ocr_line' id='line_1_84' title="bbox 1965 1695 3550 1770; baseline 0.006 -23"><span class='ocrx_word' id='word_1_652' title='bbox 1965 1708 2115 1760; x_wconf 87' lang='lat' dir='ltr'><strong>mus,</strong></span> <span class='ocrx_word' id='word_1_653' title='bbox 2162 1695 2453 1767; x_wconf 81' lang='lat' dir='ltr'><strong>quaerimus</strong></span> <span class='ocrx_word' id='word_1_654' title='bbox 2492 1699 2691 1769; x_wconf 84' lang='lat' dir='ltr'><strong>aliquid</strong></span> <span class='ocrx_word' id='word_1_655' title='bbox 2738 1701 2879 1770; x_wconf 90' lang='lat' dir='ltr'><strong>quod</strong></span> <span class='ocrx_word' id='word_1_656' title='bbox 2917 1702 3128 1769; x_wconf 88' lang='lat' dir='ltr'><strong>demus,</strong></span> <span class='ocrx_word' id='word_1_657' title='bbox 3158 1710 3218 1757; x_wconf 91' lang='lat' dir='ltr'><strong>ut</strong></span> <span class='ocrx_word' id='word_1_658' title='bbox 3262 1703 3550 1759; x_wconf 81' lang='lat' dir='ltr'><strong>habeamus</strong></span> 
     </span>
    </p>
   </div>
   <div class='ocr_carea' id='block_1_79' title="bbox 1964 1786 3550 1859">
    <p class='ocr_par' dir='ltr' id='par_1_79' title="bbox 1964 1786 3550 1859">
     <span class='ocr_line' id='line_1_85' title="bbox 1964 1786 3550 1859; baseline 0.006 -20"><span class='ocrx_word' id='word_1_659' title='bbox 1964 1799 2081 1839; x_wconf 84' lang='lat' dir='ltr'><strong>rem</strong></span> <span class='ocrx_word' id='word_1_660' title='bbox 2107 1786 2231 1841; x_wconf 80' lang='lat' dir='ltr'><strong>dato</strong></span> <span class='ocrx_word' id='word_1_661' title='bbox 2258 1787 2428 1855; x_wconf 89' lang='lat' dir='ltr'><strong>pretio</strong></span> <span class='ocrx_word' id='word_1_662' title='bbox 2455 1804 2615 1859; x_wconf 88' lang='lat' dir='ltr'><strong>quam</strong></span> <span class='ocrx_word' id='word_1_663' title='bbox 2643 1790 2887 1847; x_wconf 87' lang='lat' dir='ltr'><strong>volumus</strong></span> <span class='ocrx_word' id='word_1_664' title='bbox 2920 1808 3121 1847; x_wconf 89' lang='lat' dir='ltr'><strong>emere.</strong></span> <span class='ocrx_word' id='word_1_665' title='bbox 3156 1794 3219 1847; x_wconf 85' lang='lat' dir='ltr'><strong>Et</strong></span> <span class='ocrx_word' id='word_1_666' title='bbox 3260 1804 3409 1848; x_wconf 71' lang='lat' dir='ltr'><strong>extra</strong></span> <span class='ocrx_word' id='word_1_667' title='bbox 3451 1808 3550 1849; x_wconf 90' lang='lat' dir='ltr'><strong>nos</strong></span> 
     </span>
    </p>
   </div>
   <div class='ocr_carea' id='block_1_80' title="bbox 1964 1877 3550 1951">
    <p class='ocr_par' dir='ltr' id='par_1_80' title="bbox 1964 1877 3550 1951">
     <span class='ocr_line' id='line_1_86' title="bbox 1964 1877 3550 1951; baseline 0.006 -20"><span class='ocrx_word' id='word_1_668' title='bbox 1964 1886 2049 1932; x_wconf 86' lang='lat' dir='ltr'><strong>est</strong></span> <span class='ocrx_word' id='word_1_669' title='bbox 2068 1877 2210 1947; x_wconf 89' lang='lat' dir='ltr'><strong>quod</strong></span> <span class='ocrx_word' id='word_1_670' title='bbox 2235 1878 2458 1947; x_wconf 81' lang='lat' dir='ltr'><strong>damus;</strong></span> <span class='ocrx_word' id='word_1_671' title='bbox 2494 1888 2551 1935; x_wconf 87' lang='lat' dir='ltr'><strong>et</strong></span> <span class='ocrx_word' id='word_1_672' title='bbox 2576 1882 2621 1935; x_wconf 90' lang='lat' dir='ltr'><strong>si</strong></span> <span class='ocrx_word' id='word_1_673' title='bbox 2649 1881 2789 1951; x_wconf 87' lang='lat' dir='ltr'><strong>apud</strong></span> <span class='ocrx_word' id='word_1_674' title='bbox 2818 1896 2916 1936; x_wconf 86' lang='lat' dir='ltr'><strong>nos</strong></span> <span class='ocrx_word' id='word_1_675' title='bbox 2943 1892 3078 1949; x_wconf 87' lang='lat' dir='ltr'><strong>erat,</strong></span> <span class='ocrx_word' id='word_1_676' title='bbox 3104 1883 3162 1938; x_wconf 86' lang='lat' dir='ltr'><strong>fit</strong></span> <span class='ocrx_word' id='word_1_677' title='bbox 3189 1892 3337 1939; x_wconf 85' lang='lat' dir='ltr'><strong>extra</strong></span> <span class='ocrx_word' id='word_1_678' title='bbox 3366 1899 3462 1939; x_wconf 86' lang='lat' dir='ltr'><strong>nos</strong></span> <span class='ocrx_word' id='word_1_679' title='bbox 3489 1886 3550 1939; x_wconf 90' lang='lat' dir='ltr'><strong>il-</strong></span> 
     </span>
    </p>
   </div>
   <div class='ocr_carea' id='block_1_81' title="bbox 1965 1965 3550 2045">
    <p class='ocr_par' dir='ltr' id='par_1_81' title="bbox 1965 1965 3550 2045">
     <span class='ocr_line' id='line_1_87' title="bbox 1965 1965 3550 2045; baseline 0.006 -25"><span class='ocrx_word' id='word_1_680' title='bbox 1965 1965 2057 2021; x_wconf 87' lang='lat' dir='ltr'><strong>lud</strong></span> <span class='ocrx_word' id='word_1_681' title='bbox 2082 1966 2224 2037; x_wconf 83' lang='lat' dir='ltr'><strong>quod</strong></span> <span class='ocrx_word' id='word_1_682' title='bbox 2248 1967 2457 2034; x_wconf 86' lang='lat' dir='ltr'><strong>damus,</strong></span> <span class='ocrx_word' id='word_1_683' title='bbox 2484 1978 2541 2024; x_wconf 88' lang='lat' dir='ltr'><strong>ut</strong></span> <span class='ocrx_word' id='word_1_684' title='bbox 2568 1971 2639 2026; x_wconf 87' lang='lat' dir='ltr'><strong>sit</strong></span> <span class='ocrx_word' id='word_1_685' title='bbox 2661 1971 2799 2041; x_wconf 86' lang='lat' dir='ltr'><strong>apud</strong></span> <span class='ocrx_word' id='word_1_686' title='bbox 2828 1987 2928 2027; x_wconf 87' lang='lat' dir='ltr'><strong>nos</strong></span> <span class='ocrx_word' id='word_1_687' title='bbox 2957 1973 3086 2029; x_wconf 86' lang='lat' dir='ltr'><strong>illud</strong></span> <span class='ocrx_word' id='word_1_688' title='bbox 3113 1973 3255 2044; x_wconf 89' lang='lat' dir='ltr'><strong>quod</strong></span> <span class='ocrx_word' id='word_1_689' title='bbox 3274 1989 3550 2045; x_wconf 83' lang='lat' dir='ltr'><strong>compara-</strong></span> 
     </span>
    </p>
   </div>
   <div class='ocr_carea' id='block_1_82' title="bbox 1966 2058 3525 2136">
    <p class='ocr_par' dir='ltr' id='par_1_82' title="bbox 1966 2058 3525 2136">
     <span class='ocr_line' id='line_1_88' title="bbox 1966 2058 3525 2136; baseline 0.005 -24"><span class='ocrx_word' id='word_1_690' title='bbox 1966 2072 2103 2112; x_wconf 89' lang='lat' dir='ltr'><strong>mus.</strong></span> <span class='ocrx_word' id='word_1_691' title='bbox 2135 2058 2400 2129; x_wconf 84' lang='lat' dir='ltr'><strong>Quidquid</strong></span> <span class='ocrx_word' id='word_1_692' title='bbox 2413 2062 2582 2130; x_wconf 70' lang='lat' dir='ltr'><strong>pretil</strong></span> <span class='ocrx_word' id='word_1_693' title='bbox 2622 2062 2882 2118; x_wconf 81' lang='lat' dir='ltr'><strong>invenerit</strong></span> <span class='ocrx_word' id='word_1_694' title='bbox 2910 2064 3002 2134; x_wconf 91' lang='lat' dir='ltr'><strong>qui</strong></span> <span class='ocrx_word' id='word_1_695' title='bbox 3044 2066 3173 2120; x_wconf 86' lang='lat' dir='ltr'><strong>emit</strong></span> <span class='ocrx_word' id='word_1_696' title='bbox 3208 2066 3425 2136; x_wconf 86' lang='lat' dir='ltr'><strong>aliquid,</strong></span> <span class='ocrx_word' id='word_1_697' title='bbox 3455 2082 3525 2120; x_wconf 87' lang='lat' dir='ltr'><strong>ne</strong></span> 
     </span>
    </p>
   </div>
   <div class='ocr_carea' id='block_1_83' title="bbox 1964 2152 3552 2226">
    <p class='ocr_par' dir='ltr' id='par_1_83' title="bbox 1964 2152 3552 2226">
     <span class='ocr_line' id='line_1_89' title="bbox 1964 2152 3552 2226; baseline 0.004 -19"><span class='ocrx_word' id='word_1_698' title='bbox 1964 2164 2115 2207; x_wconf 79' lang='lat' dir='ltr'><strong>cosse</strong></span> <span class='ocrx_word' id='word_1_699' title='bbox 2140 2159 2222 2205; x_wconf 91' lang='lat' dir='ltr'><strong>est</strong></span> <span class='ocrx_word' id='word_1_700' title='bbox 2246 2159 2305 2204; x_wconf 92' lang='lat' dir='ltr'><strong>ut</strong></span> <span class='ocrx_word' id='word_1_701' title='bbox 2326 2152 2428 2206; x_wconf 86' lang='lat' dir='ltr'><strong>tale</strong></span> <span class='ocrx_word' id='word_1_702' title='bbox 2457 2152 2719 2219; x_wconf 86' lang='lat' dir='ltr'><strong>inveniat,</strong></span> <span class='ocrx_word' id='word_1_703' title='bbox 2742 2163 2800 2208; x_wconf 86' lang='lat' dir='ltr'><strong>ut</strong></span> <span class='ocrx_word' id='word_1_704' title='bbox 2830 2154 2921 2209; x_wconf 82' lang='lat' dir='ltr'><strong>det</strong></span> <span class='ocrx_word' id='word_1_705' title='bbox 2955 2156 3095 2226; x_wconf 92' lang='lat' dir='ltr'><strong>quod</strong></span> <span class='ocrx_word' id='word_1_706' title='bbox 3124 2156 3302 2220; x_wconf 84' lang='lat' dir='ltr'><strong>habet,</strong></span> <span class='ocrx_word' id='word_1_707' title='bbox 3333 2167 3386 2212; x_wconf 91' lang='lat' dir='ltr'><strong>et</strong></span> <span class='ocrx_word' id='word_1_708' title='bbox 3412 2157 3552 2213; x_wconf 85' lang='lat' dir='ltr'><strong>acci-</strong></span> 
     </span>
    </p>
   </div>
   <div class='ocr_carea' id='block_1_84' title="bbox 1966 2240 3553 2317">
    <p class='ocr_par' dir='ltr' id='par_1_84' title="bbox 1966 2240 3553 2317">
     <span class='ocr_line' id='line_1_90' title="bbox 1966 2240 3553 2317; baseline 0.007 -24"><span class='ocrx_word' id='word_1_709' title='bbox 1966 2241 2074 2310; x_wconf 82' lang='lat' dir='ltr'><strong>piat</strong></span> <span class='ocrx_word' id='word_1_710' title='bbox 2093 2241 2234 2310; x_wconf 88' lang='lat' dir='ltr'><strong>quod</strong></span> <span class='ocrx_word' id='word_1_711' title='bbox 2257 2254 2361 2296; x_wconf 90' lang='lat' dir='ltr'><strong>non</strong></span> <span class='ocrx_word' id='word_1_712' title='bbox 2386 2240 2579 2308; x_wconf 87' lang='lat' dir='ltr'><strong>habet;</strong></span> <span class='ocrx_word' id='word_1_713' title='bbox 2600 2254 2809 2300; x_wconf 83' lang='lat' dir='ltr'><strong>maneat</strong></span> <span class='ocrx_word' id='word_1_714' title='bbox 2834 2253 3011 2301; x_wconf 87' lang='lat' dir='ltr'><strong>tatnen</strong></span> <span class='ocrx_word' id='word_1_715' title='bbox 3035 2247 3124 2302; x_wconf 86' lang='lat' dir='ltr'><strong>ille</strong></span> <span class='ocrx_word' id='word_1_716' title='bbox 3146 2262 3176 2301; x_wconf 85' lang='lat' dir='ltr'><strong>a</strong></span> <span class='ocrx_word' id='word_1_717' title='bbox 3195 2263 3298 2317; x_wconf 91' lang='lat' dir='ltr'><strong>quo</strong></span> <span class='ocrx_word' id='word_1_718' title='bbox 3314 2248 3553 2304; x_wconf 84' lang='lat' dir='ltr'><strong>abscedit</strong></span> 
     </span>
    </p>
   </div>
   <div class='ocr_carea' id='block_1_85' title="bbox 1966 2332 3544 2410">
    <p class='ocr_par' dir='ltr' id='par_1_85' title="bbox 1966 2332 3544 2410">
     <span class='ocr_line' id='line_1_91' title="bbox 1966 2332 3544 2410; baseline 0.006 -24"><span class='ocrx_word' id='word_1_719' title='bbox 1966 2332 2237 2401; x_wconf 81' lang='lat' dir='ltr'><strong>pretium,</strong></span> <span class='ocrx_word' id='word_1_720' title='bbox 2289 2341 2345 2389; x_wconf 89' lang='lat' dir='ltr'><strong>et</strong></span> <span class='ocrx_word' id='word_1_721' title='bbox 2398 2334 2617 2390; x_wconf 85' lang='lat' dir='ltr'><strong>accedat</strong></span> <span class='ocrx_word' id='word_1_722' title='bbox 2672 2336 2799 2392; x_wconf 90' lang='lat' dir='ltr'><strong>illud</strong></span> <span class='ocrx_word' id='word_1_723' title='bbox 2851 2352 2949 2406; x_wconf 86' lang='lat' dir='ltr'><strong>pro</strong></span> <span class='ocrx_word' id='word_1_724' title='bbox 2998 2353 3105 2408; x_wconf 91' lang='lat' dir='ltr'><strong>quo</strong></span> <span class='ocrx_word' id='word_1_725' title='bbox 3156 2339 3245 2394; x_wconf 89' lang='lat' dir='ltr'><strong>dat</strong></span> <span class='ocrx_word' id='word_1_726' title='bbox 3296 2340 3544 2410; x_wconf 88' lang='lat' dir='ltr'><strong>pretium.</strong></span> 
     </span>
    </p>
   </div>
   <div class='ocr_carea' id='block_1_86' title="bbox 1964 2424 3554 2502">
    <p class='ocr_par' dir='ltr' id='par_1_86' title="bbox 1964 2424 3554 2502">
     <span class='ocr_line' id='line_1_92' title="bbox 1964 2424 3554 2502; baseline 0.003 -19"><span class='ocrx_word' id='word_1_727' title='bbox 1964 2424 2066 2493; x_wconf 77' lang='lat' dir='ltr'><strong>Qui</strong></span> <span class='ocrx_word' id='word_1_728' title='bbox 2111 2435 2287 2481; x_wconf 85' lang='lat' dir='ltr'><strong>autem</strong></span> <span class='ocrx_word' id='word_1_729' title='bbox 2328 2426 2443 2481; x_wconf 85' lang='lat' dir='ltr'><strong>vult</strong></span> <span class='ocrx_word' id='word_1_730' title='bbox 2490 2439 2802 2497; x_wconf 87' lang='lat' dir='ltr'><strong>comparare</strong></span> <span class='ocrx_word' id='word_1_731' title='bbox 2850 2428 3083 2485; x_wconf 85' lang='lat' dir='ltr'><strong>Verbum</strong></span> <span class='ocrx_word' id='word_1_732' title='bbox 3139 2430 3255 2497; x_wconf 76' lang='lat' dir='ltr'><strong>hoc,</strong></span> <span class='ocrx_word' id='word_1_733' title='bbox 3316 2432 3403 2502; x_wconf 86' lang='lat' dir='ltr'><strong>qui</strong></span> <span class='ocrx_word' id='word_1_734' title='bbox 3443 2432 3554 2488; x_wconf 89' lang='lat' dir='ltr'><strong>vult</strong></span> 
     </span>
    </p>
   </div>
   <div class='ocr_carea' id='block_1_87' title="bbox 1967 2516 3553 2594">
    <p class='ocr_par' dir='ltr' id='par_1_87' title="bbox 1967 2516 3553 2594">
     <span class='ocr_line' id='line_1_93' title="bbox 1967 2516 3553 2594; baseline 0.006 -23"><span class='ocrx_word' id='word_1_735' title='bbox 1967 2516 2199 2585; x_wconf 83' lang='lat' dir='ltr'><strong>habere,</strong></span> <span class='ocrx_word' id='word_1_736' title='bbox 2251 2532 2355 2573; x_wconf 90' lang='lat' dir='ltr'><strong>non</strong></span> <span class='ocrx_word' id='word_1_737' title='bbox 2405 2527 2610 2590; x_wconf 58' lang='lat' dir='ltr'><strong>quaerat</strong></span> <span class='ocrx_word' id='word_1_738' title='bbox 2643 2528 2789 2575; x_wconf 75' lang='lat' dir='ltr'><strong>extra</strong></span> <span class='ocrx_word' id='word_1_739' title='bbox 2828 2536 2889 2577; x_wconf 89' lang='lat' dir='ltr'><strong>se</strong></span> <span class='ocrx_word' id='word_1_740' title='bbox 2923 2522 3095 2593; x_wconf 89' lang='lat' dir='ltr'><strong>ipsum</strong></span> <span class='ocrx_word' id='word_1_741' title='bbox 3141 2523 3282 2594; x_wconf 91' lang='lat' dir='ltr'><strong>quod</strong></span> <span class='ocrx_word' id='word_1_742' title='bbox 3327 2524 3451 2591; x_wconf 89' lang='lat' dir='ltr'><strong>det,</strong></span> <span class='ocrx_word' id='word_1_743' title='bbox 3494 2538 3553 2581; x_wconf 85' lang='lat' dir='ltr'><strong>se</strong></span> 
     </span>
    </p>
   </div>
   <div class='ocr_carea' id='block_1_88' title="bbox 1967 2608 3555 2683">
    <p class='ocr_par' dir='ltr' id='par_1_88' title="bbox 1967 2608 3555 2683">
     <span class='ocr_line' id='line_1_94' title="bbox 1967 2608 3555 2683; baseline 0.006 -21"><span class='ocrx_word' id='word_1_744' title='bbox 1967 2608 2138 2679; x_wconf 84' lang='lat' dir='ltr'><strong>ipsum</strong></span> <span class='ocrx_word' id='word_1_745' title='bbox 2168 2609 2279 2664; x_wconf 91' lang='lat' dir='ltr'><strong>det.</strong></span> <span class='ocrx_word' id='word_1_746' title='bbox 2309 2609 2462 2677; x_wconf 89' lang='lat' dir='ltr'><strong>Quod</strong></span> <span class='ocrx_word' id='word_1_747' title='bbox 2490 2624 2610 2665; x_wconf 90' lang='lat' dir='ltr'><strong>cum</strong></span> <span class='ocrx_word' id='word_1_748' title='bbox 2654 2610 2870 2680; x_wconf 81' lang='lat' dir='ltr'><strong>fecerit,</strong></span> <span class='ocrx_word' id='word_1_749' title='bbox 2913 2628 3019 2669; x_wconf 91' lang='lat' dir='ltr'><strong>non</strong></span> <span class='ocrx_word' id='word_1_750' title='bbox 3054 2628 3113 2670; x_wconf 90' lang='lat' dir='ltr'><strong>sc</strong></span> <span class='ocrx_word' id='word_1_751' title='bbox 3150 2615 3376 2683; x_wconf 88' lang='lat' dir='ltr'><strong>amittit,</strong></span> <span class='ocrx_word' id='word_1_752' title='bbox 3419 2616 3555 2672; x_wconf 90' lang='lat' dir='ltr'><strong>sicut</strong></span> 
     </span>
    </p>
   </div>
   <div class='ocr_carea' id='block_1_89' title="bbox 1965 2701 3064 2777">
    <p class='ocr_par' dir='ltr' id='par_1_89' title="bbox 1965 2701 3064 2777">
     <span class='ocr_line' id='line_1_95' title="bbox 1965 2701 3064 2777; baseline 0.005 -21"><span class='ocrx_word' id='word_1_753' title='bbox 1965 2701 2160 2758; x_wconf 83' lang='lat' dir='ltr'><strong>amittit</strong></span> <span class='ocrx_word' id='word_1_754' title='bbox 2179 2704 2426 2771; x_wconf 88' lang='lat' dir='ltr'><strong>pretium,</strong></span> <span class='ocrx_word' id='word_1_755' title='bbox 2451 2703 2666 2775; x_wconf 87' lang='lat' dir='ltr'><strong>quando</strong></span> <span class='ocrx_word' id='word_1_756' title='bbox 2691 2705 2885 2777; x_wconf 88' lang='lat' dir='ltr'><strong>aliquid</strong></span> <span class='ocrx_word' id='word_1_757' title='bbox 2917 2708 3064 2762; x_wconf 92' lang='lat' dir='ltr'><strong>emit.</strong></span> 
     </span>
    </p>
   </div>
   <div class='ocr_carea' id='block_1_90' title="bbox 2037 2793 3555 2871">
    <p class='ocr_par' dir='ltr' id='par_1_90' title="bbox 2037 2793 3555 2871">
     <span class='ocr_line' id='line_1_96' title="bbox 2037 2793 3555 2871; baseline 0.006 -22"><span class='ocrx_word' id='word_1_758' title='bbox 2037 2793 2265 2850; x_wconf 81' lang='lat' dir='ltr'><strong>CAPUT</strong></span> <span class='ocrx_word' id='word_1_759' title='bbox 2302 2794 2365 2849; x_wconf 83' lang='grc' dir='ltr'><strong>ΙΙ.</strong></span> <span class='ocrx_word' id='word_1_760' title='bbox 2392 2795 2543 2851; x_wconf 68' lang='grc'><strong>-2,</strong></span> <span class='ocrx_word' id='word_1_761' title='bbox 2596 2796 2823 2852; x_wconf 83' lang='lat' dir='ltr'><strong>Pretium</strong></span> <span class='ocrx_word' id='word_1_762' title='bbox 2874 2798 3023 2854; x_wconf 83' lang='lat' dir='ltr'><strong>Verbi</strong></span> <span class='ocrx_word' id='word_1_763' title='bbox 3064 2801 3171 2871; x_wconf 83' lang='lat' dir='ltr'><strong>ipse</strong></span> <span class='ocrx_word' id='word_1_764' title='bbox 3212 2801 3379 2857; x_wconf 79' lang='lat' dir='ltr'><strong>homo.</strong></span> <span class='ocrx_word' id='word_1_765' title='bbox 3422 2800 3555 2858; x_wconf 79' lang='lat' dir='ltr'><strong>Ver-</strong></span> 
     </span>
    </p>
   </div>
   <div class='ocr_carea' id='block_1_91' title="bbox 1964 2883 3553 2962">
    <p class='ocr_par' dir='ltr' id='par_1_91' title="bbox 1964 2883 3553 2962">
     <span class='ocr_line' id='line_1_97' title="bbox 1964 2883 3553 2962; baseline 0.004 -22"><span class='ocrx_word' id='word_1_766' title='bbox 1964 2883 2094 2940; x_wconf 85' lang='lat' dir='ltr'><strong>bum</strong></span> <span class='ocrx_word' id='word_1_767' title='bbox 2113 2900 2244 2956; x_wconf 85' lang='lat' dir='ltr'><strong>ergo</strong></span> <span class='ocrx_word' id='word_1_768' title='bbox 2265 2886 2357 2942; x_wconf 92' lang='lat' dir='ltr'><strong>Dei</strong></span> <span class='ocrx_word' id='word_1_769' title='bbox 2379 2888 2709 2957; x_wconf 89' lang='lat' dir='ltr'><strong>propositum</strong></span> <span class='ocrx_word' id='word_1_770' title='bbox 2731 2897 2809 2944; x_wconf 87' lang='lat' dir='ltr'><strong>est</strong></span> <span class='ocrx_word' id='word_1_771' title='bbox 2831 2890 3078 2945; x_wconf 85' lang='lat' dir='ltr'><strong>omnibus</strong></span> <span class='ocrx_word' id='word_1_772' title='bbox 3102 2908 3115 2945; x_wconf 92' lang='lat'>:</span> <span class='ocrx_word' id='word_1_773' title='bbox 3139 2900 3446 2962; x_wconf 87' lang='lat' dir='ltr'><strong>comparent</strong></span> <span class='ocrx_word' id='word_1_774' title='bbox 3464 2892 3553 2961; x_wconf 89' lang='lat' dir='ltr'><strong>qui</strong></span> 
     </span>
    </p>
   </div>
   <div class='ocr_carea' id='block_1_92' title="bbox 1968 2977 3552 3050">
    <p class='ocr_par' dir='ltr' id='par_1_92' title="bbox 1968 2977 3552 3050">
     <span class='ocr_line' id='line_1_98' title="bbox 1968 2977 3552 3050; baseline 0.004 -21"><span class='ocrx_word' id='word_1_775' title='bbox 1968 2984 2225 3044; x_wconf 84' lang='lat' dir='ltr'><strong>possunt;</strong></span> <span class='ocrx_word' id='word_1_776' title='bbox 2255 2985 2474 3045; x_wconf 90' lang='lat' dir='ltr'><strong>possunt</strong></span> <span class='ocrx_word' id='word_1_777' title='bbox 2497 2986 2673 3033; x_wconf 85' lang='lat' dir='ltr'><strong>autem</strong></span> <span class='ocrx_word' id='word_1_778' title='bbox 2696 2978 2784 3050; x_wconf 90' lang='lat' dir='ltr'><strong>qui</strong></span> <span class='ocrx_word' id='word_1_779' title='bbox 2809 2977 2893 3050; x_wconf 88' lang='lat' dir='ltr'><strong>pic</strong></span> <span class='ocrx_word' id='word_1_780' title='bbox 2921 2979 3202 3035; x_wconf 78' lang='lat' dir='ltr'><strong>voluerint.</strong></span> <span class='ocrx_word' id='word_1_781' title='bbox 3222 2978 3279 3035; x_wconf 88' lang='lat' dir='ltr'><strong>lu</strong></span> <span class='ocrx_word' id='word_1_782' title='bbox 3300 2982 3390 3035; x_wconf 89' lang='lat' dir='ltr'><strong>illo</strong></span> <span class='ocrx_word' id='word_1_783' title='bbox 3410 2982 3552 3037; x_wconf 87' lang='lat' dir='ltr'><strong>enim</strong></span> 
     </span>
    </p>
   </div>
   <div class='ocr_carea' id='block_1_93' title="bbox 1970 3064 3556 3138">
    <p class='ocr_par' dir='ltr' id='par_1_93' title="bbox 1970 3064 3556 3138">
     <span class='ocr_line' id='line_1_99' title="bbox 1970 3064 3556 3138; baseline 0.005 -17"><span class='ocrx_word' id='word_1_784' title='bbox 1970 3064 2144 3122; x_wconf 86' lang='lat' dir='ltr'><strong>Verbo</strong></span> <span class='ocrx_word' id='word_1_785' title='bbox 2170 3082 2271 3137; x_wconf 78' lang='lat' dir='ltr'><strong>pax</strong></span> <span class='ocrx_word' id='word_1_786' title='bbox 2300 3084 2314 3122; x_wconf 88' lang='lat'><strong>:</strong></span> <span class='ocrx_word' id='word_1_787' title='bbox 2346 3077 2401 3123; x_wconf 90' lang='lat' dir='ltr'><strong>et</strong></span> <span class='ocrx_word' id='word_1_788' title='bbox 2427 3084 2524 3138; x_wconf 82' lang='lat' dir='ltr'><strong>pax</strong></span> <span class='ocrx_word' id='word_1_789' title='bbox 2548 3068 2600 3124; x_wconf 89' lang='lat' dir='ltr'><strong>in</strong></span> <span class='ocrx_word' id='word_1_790' title='bbox 2632 3077 2770 3125; x_wconf 89' lang='lat' dir='ltr'><strong>terra</strong></span> <span class='ocrx_word' id='word_1_791' title='bbox 2796 3070 3100 3128; x_wconf 88' lang='lat' dir='ltr'><strong>hominibus</strong></span> <span class='ocrx_word' id='word_1_792' title='bbox 3122 3072 3277 3129; x_wconf 70' lang='lat' dir='ltr'><strong>bona:</strong></span> <span class='ocrx_word' id='word_1_793' title='bbox 3308 3072 3556 3129; x_wconf 65' lang='lat' dir='ltr'><strong>voluntao</strong></span> 
     </span>
    </p>
   </div>
   <div class='ocr_carea' id='block_1_94' title="bbox 1970 3155 3554 3234">
    <p class='ocr_par' dir='ltr' id='par_1_94' title="bbox 1970 3155 3554 3234">
     <span class='ocr_line' id='line_1_100' title="bbox 1970 3155 3554 3234; baseline 0.007 -24"><span class='ocrx_word' id='word_1_794' title='bbox 1970 3156 2037 3211; x_wconf 88' lang='lat' dir='ltr'><strong>tis</strong></span> <span class='ocrx_word' id='word_1_795' title='bbox 2067 3157 2085 3228; x_wconf 89' lang='lat'><strong>(</strong></span> <span class='ocrx_word' id='word_1_796' title='bbox 2111 3155 2237 3211; x_wconf 85' lang='lat' dir='ltr'><strong>Luc.</strong></span> <span class='ocrx_word' id='word_1_797' title='bbox 2266 3172 2324 3226; x_wconf 86' lang='lat' dir='ltr'><strong>tt,</strong></span> <span class='ocrx_word' id='word_1_798' title='bbox 2370 3159 2497 3230; x_wconf 71' lang='grc'><strong>14).</strong></span> <span class='ocrx_word' id='word_1_799' title='bbox 2542 3159 2685 3233; x_wconf 83' lang='lat' dir='ltr'><strong>Ergo</strong></span> <span class='ocrx_word' id='word_1_800' title='bbox 2713 3162 2802 3232; x_wconf 90' lang='lat' dir='ltr'><strong>qui</strong></span> <span class='ocrx_word' id='word_1_801' title='bbox 2831 3162 2944 3217; x_wconf 88' lang='lat' dir='ltr'><strong>vult</strong></span> <span class='ocrx_word' id='word_1_802' title='bbox 2972 3177 3319 3234; x_wconf 86' lang='lat' dir='ltr'><strong>comparare,</strong></span> <span class='ocrx_word' id='word_1_803' title='bbox 3359 3164 3452 3221; x_wconf 89' lang='lat' dir='ltr'><strong>det</strong></span> <span class='ocrx_word' id='word_1_804' title='bbox 3496 3179 3554 3221; x_wconf 89' lang='lat' dir='ltr'><strong>se</strong></span> 
     </span>
    </p>
   </div>
   <div class='ocr_carea' id='block_1_95' title="bbox 1969 3250 3555 3328">
    <p class='ocr_par' dir='ltr' id='par_1_95' title="bbox 1969 3250 3555 3328">
     <span class='ocr_line' id='line_1_101' title="bbox 1969 3250 3555 3328; baseline 0.007 -24"><span class='ocrx_word' id='word_1_805' title='bbox 1969 3250 2161 3320; x_wconf 88' lang='lat' dir='ltr'><strong>ipsum.</strong></span> <span class='ocrx_word' id='word_1_806' title='bbox 2204 3250 2365 3320; x_wconf 83' lang='lat' dir='ltr'><strong>Quasi</strong></span> <span class='ocrx_word' id='word_1_807' title='bbox 2412 3254 2641 3324; x_wconf 88' lang='lat' dir='ltr'><strong>pretium</strong></span> <span class='ocrx_word' id='word_1_808' title='bbox 2680 3264 2763 3311; x_wconf 89' lang='lat' dir='ltr'><strong>est</strong></span> <span class='ocrx_word' id='word_1_809' title='bbox 2804 3256 2907 3312; x_wconf 85' lang='lat' dir='ltr'><strong>hoc</strong></span> <span class='ocrx_word' id='word_1_810' title='bbox 2937 3255 3127 3324; x_wconf 82' lang='lat' dir='ltr'><strong>Verbi,</strong></span> <span class='ocrx_word' id='word_1_811' title='bbox 3158 3258 3203 3314; x_wconf 90' lang='lat' dir='ltr'><strong>si</strong></span> <span class='ocrx_word' id='word_1_812' title='bbox 3233 3258 3335 3317; x_wconf 90' lang='lat' dir='ltr'><strong>dici</strong></span> <span class='ocrx_word' id='word_1_813' title='bbox 3377 3258 3555 3328; x_wconf 84' lang='lat' dir='ltr'><strong>aliquo</strong></span> 
     </span>
    </p>
   </div>
   <div class='ocr_carea' id='block_1_96' title="bbox 1968 3341 3553 3420">
    <p class='ocr_par' dir='ltr' id='par_1_96' title="bbox 1968 3341 3553 3420">
     <span class='ocr_line' id='line_1_102' title="bbox 1968 3341 3553 3420; baseline 0.005 -24"><span class='ocrx_word' id='word_1_814' title='bbox 1968 3341 2129 3397; x_wconf 87' lang='lat' dir='ltr'><strong>modo</strong></span> <span class='ocrx_word' id='word_1_815' title='bbox 2157 3351 2349 3412; x_wconf 84' lang='lat' dir='ltr'><strong>potest,</strong></span> <span class='ocrx_word' id='word_1_816' title='bbox 2379 3343 2592 3415; x_wconf 86' lang='lat' dir='ltr'><strong>quando</strong></span> <span class='ocrx_word' id='word_1_817' title='bbox 2616 3361 2716 3401; x_wconf 91' lang='lat' dir='ltr'><strong>nec</strong></span> <span class='ocrx_word' id='word_1_818' title='bbox 2740 3361 2798 3402; x_wconf 92' lang='lat' dir='ltr'><strong>se</strong></span> <span class='ocrx_word' id='word_1_819' title='bbox 2825 3347 2997 3417; x_wconf 90' lang='lat' dir='ltr'><strong>perdit</strong></span> <span class='ocrx_word' id='word_1_820' title='bbox 3027 3349 3118 3419; x_wconf 91' lang='lat' dir='ltr'><strong>qui</strong></span> <span class='ocrx_word' id='word_1_821' title='bbox 3149 3348 3258 3415; x_wconf 88' lang='lat' dir='ltr'><strong>dat,</strong></span> <span class='ocrx_word' id='word_1_822' title='bbox 3287 3359 3340 3405; x_wconf 90' lang='lat' dir='ltr'><strong>et</strong></span> <span class='ocrx_word' id='word_1_823' title='bbox 3368 3350 3553 3420; x_wconf 82' lang='lat' dir='ltr'><strong>aequi-</strong></span> 
     </span>
    </p>
   </div>
   <div class='ocr_carea' id='block_1_97' title="bbox 1969 3431 3554 3508">
    <p class='ocr_par' dir='ltr' id='par_1_97' title="bbox 1969 3431 3554 3508">
     <span class='ocr_line' id='line_1_103' title="bbox 1969 3431 3554 3508; baseline 0.006 -23"><span class='ocrx_word' id='word_1_824' title='bbox 1969 3432 2037 3486; x_wconf 85' lang='lat' dir='ltr'><strong>rit</strong></span> <span class='ocrx_word' id='word_1_825' title='bbox 2060 3431 2294 3488; x_wconf 88' lang='lat' dir='ltr'><strong>Verbum</strong></span> <span class='ocrx_word' id='word_1_826' title='bbox 2321 3448 2419 3504; x_wconf 92' lang='lat' dir='ltr'><strong>pro</strong></span> <span class='ocrx_word' id='word_1_827' title='bbox 2451 3449 2557 3505; x_wconf 91' lang='lat' dir='ltr'><strong>quo</strong></span> <span class='ocrx_word' id='word_1_828' title='bbox 2583 3449 2641 3490; x_wconf 90' lang='lat' dir='ltr'><strong>se</strong></span> <span class='ocrx_word' id='word_1_829' title='bbox 2673 3435 2783 3501; x_wconf 89' lang='lat' dir='ltr'><strong>dat,</strong></span> <span class='ocrx_word' id='word_1_830' title='bbox 2808 3446 2863 3492; x_wconf 89' lang='lat' dir='ltr'><strong>et</strong></span> <span class='ocrx_word' id='word_1_831' title='bbox 2889 3451 2948 3493; x_wconf 85' lang='lat' dir='ltr'><strong>se</strong></span> <span class='ocrx_word' id='word_1_832' title='bbox 2972 3438 3143 3508; x_wconf 91' lang='lat' dir='ltr'><strong>ipsum</strong></span> <span class='ocrx_word' id='word_1_833' title='bbox 3180 3439 3232 3493; x_wconf 92' lang='lat' dir='ltr'><strong>in</strong></span> <span class='ocrx_word' id='word_1_834' title='bbox 3260 3438 3437 3494; x_wconf 86' lang='lat' dir='ltr'><strong>Verbo</strong></span> <span class='ocrx_word' id='word_1_835' title='bbox 3460 3454 3554 3494; x_wconf 88' lang='lat' dir='ltr'><strong>ac-</strong></span> 
     </span>
    </p>
   </div>
   <div class='ocr_carea' id='block_1_98' title="bbox 1968 3524 3561 3601">
    <p class='ocr_par' dir='ltr' id='par_1_98' title="bbox 1968 3524 3561 3601">
     <span class='ocr_line' id='line_1_104' title="bbox 1968 3524 3561 3601; baseline 0.007 -26"><span class='ocrx_word' id='word_1_836' title='bbox 1968 3524 2131 3594; x_wconf 87' lang='lat' dir='ltr'><strong>quirit</strong></span> <span class='ocrx_word' id='word_1_837' title='bbox 2161 3525 2244 3581; x_wconf 87' lang='lat' dir='ltr'><strong>cui</strong></span> <span class='ocrx_word' id='word_1_838' title='bbox 2271 3539 2330 3580; x_wconf 85' lang='lat' dir='ltr'><strong>se</strong></span> <span class='ocrx_word' id='word_1_839' title='bbox 2353 3524 2462 3581; x_wconf 87' lang='lat' dir='ltr'><strong>dat.</strong></span> <span class='ocrx_word' id='word_1_840' title='bbox 2492 3526 2561 3582; x_wconf 84' lang='lat' dir='ltr'><strong>Et</strong></span> <span class='ocrx_word' id='word_1_841' title='bbox 2587 3527 2712 3598; x_wconf 89' lang='lat' dir='ltr'><strong>quid</strong></span> <span class='ocrx_word' id='word_1_842' title='bbox 2744 3527 2835 3583; x_wconf 88' lang='lat' dir='ltr'><strong>dat</strong></span> <span class='ocrx_word' id='word_1_843' title='bbox 2866 3528 3081 3583; x_wconf 82' lang='lat' dir='ltr'><strong>Verbo?</strong></span> <span class='ocrx_word' id='word_1_844' title='bbox 3115 3530 3232 3585; x_wconf 87' lang='lat' dir='ltr'><strong>Non</strong></span> <span class='ocrx_word' id='word_1_845' title='bbox 3265 3528 3461 3601; x_wconf 88' lang='lat' dir='ltr'><strong>aliquid</strong></span> <span class='ocrx_word' id='word_1_846' title='bbox 3488 3530 3561 3586; x_wconf 85' lang='lat' dir='ltr'><strong>ab</strong></span> 
     </span>
    </p>
   </div>
   <div class='ocr_carea' id='block_1_99' title="bbox 1970 3613 3552 3690">
    <p class='ocr_par' dir='ltr' id='par_1_99' title="bbox 1970 3613 3552 3690">
     <span class='ocr_line' id='line_1_105' title="bbox 1970 3613 3552 3690; baseline 0.004 -24"><span class='ocrx_word' id='word_1_847' title='bbox 1970 3613 2087 3682; x_wconf 89' lang='lat' dir='ltr'><strong>ipso</strong></span> <span class='ocrx_word' id='word_1_848' title='bbox 2127 3614 2394 3683; x_wconf 89' lang='lat' dir='ltr'><strong>alienum,</strong></span> <span class='ocrx_word' id='word_1_849' title='bbox 2440 3631 2537 3687; x_wconf 88' lang='lat' dir='ltr'><strong>pro</strong></span> <span class='ocrx_word' id='word_1_850' title='bbox 2575 3632 2681 3688; x_wconf 92' lang='lat' dir='ltr'><strong>quo</strong></span> <span class='ocrx_word' id='word_1_851' title='bbox 2706 3632 2767 3673; x_wconf 89' lang='lat' dir='ltr'><strong>se</strong></span> <span class='ocrx_word' id='word_1_852' title='bbox 2801 3618 2927 3686; x_wconf 89' lang='lat' dir='ltr'><strong>dat;</strong></span> <span class='ocrx_word' id='word_1_853' title='bbox 2958 3618 3052 3675; x_wconf 91' lang='lat' dir='ltr'><strong>sed</strong></span> <span class='ocrx_word' id='word_1_854' title='bbox 3086 3619 3226 3690; x_wconf 90' lang='lat' dir='ltr'><strong>quod</strong></span> <span class='ocrx_word' id='word_1_855' title='bbox 3258 3635 3351 3690; x_wconf 91' lang='lat' dir='ltr'><strong>per</strong></span> <span class='ocrx_word' id='word_1_856' title='bbox 3380 3622 3552 3689; x_wconf 88' lang='lat' dir='ltr'><strong>ipsum</strong></span> 
     </span>
    </p>
   </div>
   <div class='ocr_carea' id='block_1_100' title="bbox 1971 3704 3559 3771">
    <p class='ocr_par' dir='ltr' id='par_1_100' title="bbox 1971 3704 3559 3771">
     <span class='ocr_line' id='line_1_106' title="bbox 1971 3704 3559 3771; baseline 0.004 -13"><span class='ocrx_word' id='word_1_857' title='bbox 1971 3704 2201 3760; x_wconf 74' lang='lat' dir='ltr'><strong>Verbum</strong></span> <span class='ocrx_word' id='word_1_858' title='bbox 2254 3704 2451 3761; x_wconf 86' lang='lat' dir='ltr'><strong>factum</strong></span> <span class='ocrx_word' id='word_1_859' title='bbox 2499 3715 2601 3771; x_wconf 90' lang='lat' dir='ltr'><strong>est,</strong></span> <span class='ocrx_word' id='word_1_860' title='bbox 2652 3707 2754 3763; x_wconf 86' lang='lat' dir='ltr'><strong>hoc</strong></span> <span class='ocrx_word' id='word_1_861' title='bbox 2793 3709 2844 3763; x_wconf 88' lang='lat' dir='ltr'><strong>ei</strong></span> <span class='ocrx_word' id='word_1_862' title='bbox 2878 3709 3120 3764; x_wconf 89' lang='lat' dir='ltr'><strong>redditur</strong></span> <span class='ocrx_word' id='word_1_863' title='bbox 3167 3718 3222 3764; x_wconf 92' lang='lat' dir='ltr'><strong>ut</strong></span> <span class='ocrx_word' id='word_1_864' title='bbox 3266 3709 3559 3771; x_wconf 85' lang='lat' dir='ltr'><strong>refieiatur.</strong></span> 
     </span>
    </p>
   </div>
   <div class='ocr_carea' id='block_1_101' title="bbox 1972 3793 3551 3870">
    <p class='ocr_par' dir='ltr' id='par_1_101' title="bbox 1972 3793 3551 3870">
     <span class='ocr_line' id='line_1_107' title="bbox 1972 3793 3551 3870; baseline 0.005 -22"><span class='ocrx_word' id='word_1_865' title='bbox 1972 3793 2159 3848; x_wconf 82' lang='lat' dir='ltr'><strong>Omnia</strong></span> <span class='ocrx_word' id='word_1_866' title='bbox 2182 3810 2271 3865; x_wconf 83' lang='lat' dir='ltr'><strong>per</strong></span> <span class='ocrx_word' id='word_1_867' title='bbox 2292 3795 2459 3867; x_wconf 71' lang='lat' dir='ltr'><strong>ipsum</strong></span> <span class='ocrx_word' id='word_1_868' title='bbox 2475 3800 2611 3867; x_wconf 83' lang='lat' dir='ltr'><strong>facta</strong></span> <span class='ocrx_word' id='word_1_869' title='bbox 2631 3806 2766 3853; x_wconf 75' lang='lat' dir='ltr'><strong>sunt.</strong></span> <span class='ocrx_word' id='word_1_870' title='bbox 2794 3796 2849 3854; x_wconf 90' lang='lat' dir='ltr'><strong>Si</strong></span> <span class='ocrx_word' id='word_1_871' title='bbox 2875 3798 3074 3867; x_wconf 89' lang='lat' dir='ltr'><strong>omnia,</strong></span> <span class='ocrx_word' id='word_1_872' title='bbox 3092 3799 3274 3870; x_wconf 87' lang='lat' dir='ltr'><strong>utique</strong></span> <span class='ocrx_word' id='word_1_873' title='bbox 3293 3811 3346 3856; x_wconf 90' lang='lat' dir='ltr'><strong>et</strong></span> <span class='ocrx_word' id='word_1_874' title='bbox 3368 3799 3551 3861; x_wconf 84' lang='lat' dir='ltr'><strong>homo.</strong></span> 
     </span>
    </p>
   </div>
   <div class='ocr_carea' id='block_1_102' title="bbox 1968 3884 3554 3959">
    <p class='ocr_par' dir='ltr' id='par_1_102' title="bbox 1968 3884 3554 3959">
     <span class='ocr_line' id='line_1_108' title="bbox 1968 3884 3554 3959; baseline 0.004 -20"><span class='ocrx_word' id='word_1_875' title='bbox 1968 3884 2023 3939; x_wconf 89' lang='lat' dir='ltr'><strong>Si</strong></span> <span class='ocrx_word' id='word_1_876' title='bbox 2049 3884 2242 3940; x_wconf 73' lang='lat' dir='ltr'><strong>coelum</strong></span> <span class='ocrx_word' id='word_1_877' title='bbox 2264 3926 2280 3951; x_wconf 92' lang='lat'><strong>,</strong></span> <span class='ocrx_word' id='word_1_878' title='bbox 2313 3885 2357 3940; x_wconf 89' lang='lat' dir='ltr'><strong>si</strong></span> <span class='ocrx_word' id='word_1_879' title='bbox 2384 3893 2523 3941; x_wconf 88' lang='lat' dir='ltr'><strong>terra</strong></span> <span class='ocrx_word' id='word_1_880' title='bbox 2544 3928 2559 3954; x_wconf 94' lang='lat'><strong>,</strong></span> <span class='ocrx_word' id='word_1_881' title='bbox 2591 3889 2635 3942; x_wconf 89' lang='lat' dir='ltr'><strong>si</strong></span> <span class='ocrx_word' id='word_1_882' title='bbox 2674 3902 2854 3954; x_wconf 88' lang='lat' dir='ltr'><strong>mare,</strong></span> <span class='ocrx_word' id='word_1_883' title='bbox 2881 3887 2927 3942; x_wconf 90' lang='lat' dir='ltr'><strong>si</strong></span> <span class='ocrx_word' id='word_1_884' title='bbox 2956 3890 3133 3943; x_wconf 90' lang='lat' dir='ltr'><strong>omnia</strong></span> <span class='ocrx_word' id='word_1_885' title='bbox 3175 3904 3293 3959; x_wconf 76' lang='lat' dir='ltr'><strong>quze</strong></span> <span class='ocrx_word' id='word_1_886' title='bbox 3333 3888 3387 3944; x_wconf 89' lang='lat' dir='ltr'><strong>in</strong></span> <span class='ocrx_word' id='word_1_887' title='bbox 3426 3890 3554 3959; x_wconf 87' lang='lat' dir='ltr'><strong>ipsis</strong></span> 
     </span>
    </p>
   </div>
   <div class='ocr_carea' id='block_1_103' title="bbox 1969 3976 3549 4050">
    <p class='ocr_par' dir='ltr' id='par_1_103' title="bbox 1969 3976 3549 4050">
     <span class='ocr_line' id='line_1_109' title="bbox 1969 3976 3549 4050; baseline 0.003 -20"><span class='ocrx_word' id='word_1_888' title='bbox 1969 3983 2127 4043; x_wconf 88' lang='lat' dir='ltr'><strong>sunt,</strong></span> <span class='ocrx_word' id='word_1_889' title='bbox 2167 3976 2214 4031; x_wconf 89' lang='lat' dir='ltr'><strong>si</strong></span> <span class='ocrx_word' id='word_1_890' title='bbox 2242 3977 2486 4033; x_wconf 87' lang='lat' dir='ltr'><strong>universa</strong></span> <span class='ocrx_word' id='word_1_891' title='bbox 2515 3986 2793 4044; x_wconf 64' lang='lat' dir='ltr'><strong>creatura;</strong></span> <span class='ocrx_word' id='word_1_892' title='bbox 2827 3979 3009 4050; x_wconf 89' lang='lat' dir='ltr'><strong>utique</strong></span> <span class='ocrx_word' id='word_1_893' title='bbox 3055 3980 3143 4037; x_wconf 88' lang='lat' dir='ltr'><strong>ille</strong></span> <span class='ocrx_word' id='word_1_894' title='bbox 3187 3979 3549 4047; x_wconf 87' lang='lat' dir='ltr'><strong>manifestius,</strong></span> 
     </span>
    </p>
   </div>
   <div class='ocr_carea' id='block_1_104' title="bbox 1969 4066 3550 4140">
    <p class='ocr_par' dir='ltr' id='par_1_104' title="bbox 1969 4066 3550 4140">
     <span class='ocr_line' id='line_1_110' title="bbox 1969 4066 3550 4140; baseline 0.003 -19"><span class='ocrx_word' id='word_1_895' title='bbox 1969 4066 2059 4136; x_wconf 91' lang='lat' dir='ltr'><strong>qui</strong></span> <span class='ocrx_word' id='word_1_896' title='bbox 2074 4066 2139 4123; x_wconf 86' lang='lat' dir='ltr'><strong>ad</strong></span> <span class='ocrx_word' id='word_1_897' title='bbox 2157 4067 2437 4139; x_wconf 75' lang='lat' dir='ltr'><strong>imaginem</strong></span> <span class='ocrx_word' id='word_1_898' title='bbox 2453 4068 2545 4124; x_wconf 85' lang='lat' dir='ltr'><strong>Dei</strong></span> <span class='ocrx_word' id='word_1_899' title='bbox 2561 4068 2729 4124; x_wconf 88' lang='lat' dir='ltr'><strong>factus</strong></span> <span class='ocrx_word' id='word_1_900' title='bbox 2745 4084 2837 4140; x_wconf 86' lang='lat' dir='ltr'><strong>per</strong></span> <span class='ocrx_word' id='word_1_901' title='bbox 2850 4069 3080 4125; x_wconf 89' lang='lat' dir='ltr'><strong>Verbum</strong></span> <span class='ocrx_word' id='word_1_902' title='bbox 3095 4068 3263 4125; x_wconf 88' lang='lat' dir='ltr'><strong>factus</strong></span> <span class='ocrx_word' id='word_1_903' title='bbox 3279 4068 3550 4127; x_wconf 87' lang='lat' dir='ltr'><strong>esthomo.</strong></span> 
     </span>
    </p>
   </div>
   <div class='ocr_carea' id='block_1_105' title="bbox 2039 4157 3553 4236">
    <p class='ocr_par' dir='ltr' id='par_1_105' title="bbox 2039 4157 3553 4236">
     <span class='ocr_line' id='line_1_111' title="bbox 2039 4157 3553 4236; baseline 0.003 -23"><span class='ocrx_word' id='word_1_904' title='bbox 2039 4160 2092 4216; x_wconf 78' lang='lat'><strong>3.</strong></span> <span class='ocrx_word' id='word_1_905' title='bbox 2141 4157 2358 4215; x_wconf 80' lang='lat' dir='ltr'><strong>Verbum</strong></span> <span class='ocrx_word' id='word_1_906' title='bbox 2385 4159 2482 4215; x_wconf 84' lang='lat' dir='ltr'><strong>Dei</strong></span> <span class='ocrx_word' id='word_1_907' title='bbox 2516 4165 2681 4233; x_wconf 78' lang='lat' dir='ltr'><strong>[arma</strong></span> <span class='ocrx_word' id='word_1_908' title='bbox 2707 4161 2940 4232; x_wconf 69' lang='lat' dir='ltr'><strong>quaedam</strong></span> <span class='ocrx_word' id='word_1_909' title='bbox 2963 4179 3063 4217; x_wconf 85' lang='lat' dir='ltr'><strong>non</strong></span> <span class='ocrx_word' id='word_1_910' title='bbox 3093 4165 3330 4236; x_wconf 74' lang='lat' dir='ltr'><strong>formata.</strong></span> <span class='ocrx_word' id='word_1_911' title='bbox 3358 4161 3553 4223; x_wconf 81' lang='lat' dir='ltr'><strong>Forma</strong></span> 
     </span>
    </p>
   </div>
   <div class='ocr_carea' id='block_1_106' title="bbox 1968 4251 3551 4323">
    <p class='ocr_par' dir='ltr' id='par_1_106' title="bbox 1968 4251 3551 4323">
     <span class='ocr_line' id='line_1_112' title="bbox 1968 4251 3551 4323; baseline 0.002 -17"><span class='ocrx_word' id='word_1_912' title='bbox 1968 4251 2077 4307; x_wconf 74' lang='lat' dir='ltr'><strong>sine</strong></span> <span class='ocrx_word' id='word_1_913' title='bbox 2103 4260 2325 4321; x_wconf 84' lang='lat' dir='ltr'><strong>tempore</strong></span> <span class='ocrx_word' id='word_1_914' title='bbox 2348 4261 2396 4305; x_wconf 83' lang='lat' dir='ltr'><strong>et</strong></span> <span class='ocrx_word' id='word_1_915' title='bbox 2427 4252 2556 4307; x_wconf 86' lang='lat' dir='ltr'><strong>loco.</strong></span> <span class='ocrx_word' id='word_1_916' title='bbox 2598 4251 2715 4307; x_wconf 87' lang='lat' dir='ltr'><strong>Non</strong></span> <span class='ocrx_word' id='word_1_917' title='bbox 2746 4253 2974 4322; x_wconf 73' lang='lat' dir='ltr'><strong>modo‘,</strong></span> <span class='ocrx_word' id='word_1_918' title='bbox 3002 4252 3213 4323; x_wconf 83' lang='lat' dir='ltr'><strong>fratres,</strong></span> <span class='ocrx_word' id='word_1_919' title='bbox 3243 4262 3551 4321; x_wconf 88' lang='lat' dir='ltr'><strong>tractamus,</strong></span> 
     </span>
    </p>
   </div>
   <div class='ocr_carea' id='block_1_107' title="bbox 1968 4344 3553 4419">
    <p class='ocr_par' dir='ltr' id='par_1_107' title="bbox 1968 4344 3553 4419">
     <span class='ocr_line' id='line_1_113' title="bbox 1968 4344 3553 4419; baseline 0.001 -19"><span class='ocrx_word' id='word_1_920' title='bbox 1968 4344 2238 4415; x_wconf 86' lang='lat' dir='ltr'><strong>quomodo</strong></span> <span class='ocrx_word' id='word_1_921' title='bbox 2262 4346 2429 4415; x_wconf 88' lang='lat' dir='ltr'><strong>possit</strong></span> <span class='ocrx_word' id='word_1_922' title='bbox 2454 4345 2671 4418; x_wconf 81' lang='lat' dir='ltr'><strong>intelligi</strong></span> <span class='ocrx_word' id='word_1_923' title='bbox 2698 4346 2841 4418; x_wconf 89' lang='lat' dir='ltr'><strong>quod</strong></span> <span class='ocrx_word' id='word_1_924' title='bbox 2866 4345 3067 4402; x_wconf 88' lang='lat' dir='ltr'><strong>dictum</strong></span> <span class='ocrx_word' id='word_1_925' title='bbox 3094 4356 3194 4402; x_wconf 89' lang='lat' dir='ltr'><strong>est.</strong></span> <span class='ocrx_word' id='word_1_926' title='bbox 3215 4345 3279 4401; x_wconf 87' lang='lat' dir='ltr'><strong>In</strong></span> <span class='ocrx_word' id='word_1_927' title='bbox 3303 4347 3553 4419; x_wconf 84' lang='lat' dir='ltr'><strong>principio</strong></span> 
     </span>
    </p>
   </div>
   <div class='ocr_carea' id='block_1_108' title="bbox 1968 4433 3559 4506">
    <p class='ocr_par' dir='ltr' id='par_1_108' title="bbox 1968 4433 3559 4506">
     <span class='ocr_line' id='line_1_114' title="bbox 1968 4433 3559 4506; baseline 0.001 -16"><span class='ocrx_word' id='word_1_928' title='bbox 1968 4445 2075 4491; x_wconf 86' lang='lat' dir='ltr'><strong>erat</strong></span> <span class='ocrx_word' id='word_1_929' title='bbox 2108 4433 2343 4501; x_wconf 80' lang='lat' dir='ltr'><strong>Verbum,</strong></span> <span class='ocrx_word' id='word_1_930' title='bbox 2375 4445 2421 4489; x_wconf 80' lang='lat' dir='ltr'><strong>et</strong></span> <span class='ocrx_word' id='word_1_931' title='bbox 2449 4434 2664 4490; x_wconf 85' lang='lat' dir='ltr'><strong>Verbum</strong></span> <span class='ocrx_word' id='word_1_932' title='bbox 2695 4445 2802 4490; x_wconf 83' lang='lat' dir='ltr'><strong>erat</strong></span> <span class='ocrx_word' id='word_1_933' title='bbox 2827 4435 2968 4506; x_wconf 80' lang='lat' dir='ltr'><strong>apud</strong></span> <span class='ocrx_word' id='word_1_934' title='bbox 2992 4435 3182 4502; x_wconf 89' lang='lat' dir='ltr'><strong>Deum,</strong></span> <span class='ocrx_word' id='word_1_935' title='bbox 3211 4446 3256 4492; x_wconf 87' lang='lat' dir='ltr'><strong>et</strong></span> <span class='ocrx_word' id='word_1_936' title='bbox 3281 4434 3422 4490; x_wconf 81' lang='lat' dir='ltr'><strong>Deus</strong></span> <span class='ocrx_word' id='word_1_937' title='bbox 3445 4447 3559 4492; x_wconf 81' lang='lat' dir='ltr'><strong>erat</strong></span> 
     </span>
    </p>
   </div>
   <div class='ocr_carea' id='block_1_109' title="bbox 1978 4525 3554 4599">
    <p class='ocr_par' dir='ltr' id='par_1_109' title="bbox 1978 4525 3554 4599">
     <span class='ocr_line' id='line_1_115' title="bbox 1978 4525 3554 4599; baseline -0.001 -17"><span class='ocrx_word' id='word_1_938' title='bbox 1978 4526 2212 4582; x_wconf 84' lang='lat' dir='ltr'><strong>Verbum.</strong></span> <span class='ocrx_word' id='word_1_939' title='bbox 2235 4525 2577 4583; x_wconf 86' lang='lat' dir='ltr'><strong>lneffabiliter</strong></span> <span class='ocrx_word' id='word_1_940' title='bbox 2604 4536 2781 4598; x_wconf 84' lang='lat' dir='ltr'><strong>potest</strong></span> <span class='ocrx_word' id='word_1_941' title='bbox 2808 4529 3028 4599; x_wconf 80' lang='lat' dir='ltr'><strong>intelligi</strong></span> <span class='ocrx_word' id='word_1_942' title='bbox 3060 4547 3072 4583; x_wconf 92' lang='lat'><strong>:</strong></span> <span class='ocrx_word' id='word_1_943' title='bbox 3107 4543 3212 4584; x_wconf 88' lang='lat' dir='ltr'><strong>non</strong></span> <span class='ocrx_word' id='word_1_944' title='bbox 3248 4527 3428 4584; x_wconf 86' lang='lat' dir='ltr'><strong>verbis</strong></span> <span class='ocrx_word' id='word_1_945' title='bbox 3457 4526 3554 4582; x_wconf 85' lang='lat' dir='ltr'><strong>ho-</strong></span> 
     </span>
    </p>
   </div>
   <div class='ocr_carea' id='block_1_110' title="bbox 1968 4620 3557 4693">
    <p class='ocr_par' dir='ltr' id='par_1_110' title="bbox 1968 4620 3557 4693">
     <span class='ocr_line' id='line_1_116' title="bbox 1968 4620 3557 4693; baseline -0.001 -17"><span class='ocrx_word' id='word_1_946' title='bbox 1968 4621 2127 4677; x_wconf 91' lang='lat' dir='ltr'><strong>minis</strong></span> <span class='ocrx_word' id='word_1_947' title='bbox 2147 4621 2205 4676; x_wconf 71' lang='grc' dir='ltr'><strong>ιιι</strong></span> <span class='ocrx_word' id='word_1_948' title='bbox 2224 4629 2281 4677; x_wconf 89' lang='lat' dir='ltr'><strong>ut</strong></span> <span class='ocrx_word' id='word_1_949' title='bbox 2298 4621 2635 4693; x_wconf 83' lang='lat' dir='ltr'><strong>intelligatur.</strong></span> <span class='ocrx_word' id='word_1_950' title='bbox 2665 4620 2903 4678; x_wconf 90' lang='lat' dir='ltr'><strong>Verbum</strong></span> <span class='ocrx_word' id='word_1_951' title='bbox 2936 4622 3028 4678; x_wconf 89' lang='lat' dir='ltr'><strong>Dei</strong></span> <span class='ocrx_word' id='word_1_952' title='bbox 3055 4622 3362 4690; x_wconf 82' lang='lat' dir='ltr'><strong>tractamus,</strong></span> <span class='ocrx_word' id='word_1_953' title='bbox 3393 4630 3447 4677; x_wconf 92' lang='lat' dir='ltr'><strong>et</strong></span> <span class='ocrx_word' id='word_1_954' title='bbox 3468 4621 3557 4676; x_wconf 89' lang='lat' dir='ltr'><strong>di-</strong></span> 
     </span>
    </p>
   </div>
   <div class='ocr_carea' id='block_1_111' title="bbox 1965 4712 3556 4786">
    <p class='ocr_par' dir='ltr' id='par_1_111' title="bbox 1965 4712 3556 4786">
     <span class='ocr_line' id='line_1_117' title="bbox 1965 4712 3556 4786; baseline 0.001 -18"><span class='ocrx_word' id='word_1_955' title='bbox 1965 4716 2137 4770; x_wconf 88' lang='lat' dir='ltr'><strong>cimus</strong></span> <span class='ocrx_word' id='word_1_956' title='bbox 2174 4729 2339 4786; x_wconf 89' lang='lat' dir='ltr'><strong>quare</strong></span> <span class='ocrx_word' id='word_1_957' title='bbox 2372 4730 2478 4770; x_wconf 91' lang='lat' dir='ltr'><strong>non</strong></span> <span class='ocrx_word' id='word_1_958' title='bbox 2509 4714 2853 4786; x_wconf 78' lang='lat' dir='ltr'><strong>intelligatur.</strong></span> <span class='ocrx_word' id='word_1_959' title='bbox 2893 4712 3009 4771; x_wconf 85' lang='lat' dir='ltr'><strong>Non</strong></span> <span class='ocrx_word' id='word_1_960' title='bbox 3046 4731 3187 4772; x_wconf 91' lang='lat' dir='ltr'><strong>nunc</strong></span> <span class='ocrx_word' id='word_1_961' title='bbox 3221 4714 3450 4772; x_wconf 86' lang='lat' dir='ltr'><strong>dicimus</strong></span> <span class='ocrx_word' id='word_1_962' title='bbox 3497 4721 3556 4770; x_wconf 88' lang='lat' dir='ltr'><strong>ut</strong></span> 
     </span>
    </p>
   </div>
   <div class='ocr_carea' id='block_1_112' title="bbox 1967 4806 3550 4879">
    <p class='ocr_par' dir='ltr' id='par_1_112' title="bbox 1967 4806 3550 4879">
     <span class='ocr_line' id='line_1_118' title="bbox 1967 4806 3550 4879; baseline -0.002 -17"><span class='ocrx_word' id='word_1_963' title='bbox 1967 4807 2311 4879; x_wconf 87' lang='lat' dir='ltr'><strong>intelligatur,</strong></span> <span class='ocrx_word' id='word_1_964' title='bbox 2334 4806 2429 4863; x_wconf 88' lang='lat' dir='ltr'><strong>sed</strong></span> <span class='ocrx_word' id='word_1_965' title='bbox 2449 4808 2676 4864; x_wconf 89' lang='lat' dir='ltr'><strong>dicimus</strong></span> <span class='ocrx_word' id='word_1_966' title='bbox 2690 4807 2817 4879; x_wconf 88' lang='lat' dir='ltr'><strong>quid</strong></span> <span class='ocrx_word' id='word_1_967' title='bbox 2843 4806 3097 4878; x_wconf 88' lang='lat' dir='ltr'><strong>impediat</strong></span> <span class='ocrx_word' id='word_1_968' title='bbox 3116 4822 3186 4867; x_wconf 90' lang='lat' dir='ltr'><strong>ne</strong></span> <span class='ocrx_word' id='word_1_969' title='bbox 3206 4807 3550 4878; x_wconf 77' lang='lat' dir='ltr'><strong>intelligatur.</strong></span> 
     </span>
    </p>
   </div>
   <div class='ocr_carea' id='block_1_113' title="bbox 1966 4895 3553 4969">
    <p class='ocr_par' dir='ltr' id='par_1_113' title="bbox 1966 4895 3553 4969">
     <span class='ocr_line' id='line_1_119' title="bbox 1966 4895 3553 4969; baseline -0.002 -14"><span class='ocrx_word' id='word_1_970' title='bbox 1966 4900 2064 4955; x_wconf 87' lang='lat' dir='ltr'><strong>Est</strong></span> <span class='ocrx_word' id='word_1_971' title='bbox 2103 4899 2248 4955; x_wconf 91' lang='lat' dir='ltr'><strong>enim</strong></span> <span class='ocrx_word' id='word_1_972' title='bbox 2280 4898 2449 4953; x_wconf 88' lang='lat' dir='ltr'><strong>forma</strong></span> <span class='ocrx_word' id='word_1_973' title='bbox 2494 4897 2736 4969; x_wconf 73' lang='lat' dir='ltr'><strong>quazdam</strong></span> <span class='ocrx_word' id='word_1_974' title='bbox 2760 4938 2776 4965; x_wconf 91' lang='lat'><strong>,</strong></span> <span class='ocrx_word' id='word_1_975' title='bbox 2821 4896 2989 4951; x_wconf 87' lang='lat' dir='ltr'><strong>forma</strong></span> <span class='ocrx_word' id='word_1_976' title='bbox 3018 4913 3124 4951; x_wconf 88' lang='lat' dir='ltr'><strong>non</strong></span> <span class='ocrx_word' id='word_1_977' title='bbox 3166 4896 3424 4965; x_wconf 84' lang='lat' dir='ltr'><strong>formata,</strong></span> <span class='ocrx_word' id='word_1_978' title='bbox 3456 4895 3553 4952; x_wconf 86' lang='lat' dir='ltr'><strong>sed</strong></span> 
     </span>
    </p>
   </div>
   <div class='ocr_carea' id='block_1_114' title="bbox 1967 4984 3548 5052">
    <p class='ocr_par' dir='ltr' id='par_1_114' title="bbox 1967 4984 3548 5052">
     <span class='ocr_line' id='line_1_120' title="bbox 1967 4984 3548 5052; baseline -0.004 -5"><span class='ocrx_word' id='word_1_979' title='bbox 1967 4991 2134 5047; x_wconf 85' lang='lat' dir='ltr'><strong>forma</strong></span> <span class='ocrx_word' id='word_1_980' title='bbox 2177 4990 2412 5045; x_wconf 90' lang='lat' dir='ltr'><strong>omnium</strong></span> <span class='ocrx_word' id='word_1_981' title='bbox 2441 4986 2786 5042; x_wconf 88' lang='lat' dir='ltr'><strong>formatorum</strong></span> <span class='ocrx_word' id='word_1_982' title='bbox 2819 5004 2833 5039; x_wconf 92' lang='lat'><strong>:</strong></span> <span class='ocrx_word' id='word_1_983' title='bbox 2865 4986 3037 5041; x_wconf 77' lang='lat' dir='ltr'><strong>forma</strong></span> <span class='ocrx_word' id='word_1_984' title='bbox 3067 4984 3548 5052; x_wconf 78' lang='lat' dir='ltr'><strong>incommutabilis,</strong></span> 
     </span>
    </p>
   </div>
   <div class='ocr_carea' id='block_1_115' title="bbox 1965 5074 3551 5151">
    <p class='ocr_par' dir='ltr' id='par_1_115' title="bbox 1965 5074 3551 5151">
     <span class='ocr_line' id='line_1_121' title="bbox 1965 5074 3551 5151; baseline -0.005 -13"><span class='ocrx_word' id='word_1_985' title='bbox 1965 5084 2082 5139; x_wconf 91' lang='lat' dir='ltr'><strong>sine</strong></span> <span class='ocrx_word' id='word_1_986' title='bbox 2110 5082 2283 5151; x_wconf 89' lang='lat' dir='ltr'><strong>lapsu,</strong></span> <span class='ocrx_word' id='word_1_987' title='bbox 2308 5080 2424 5135; x_wconf 92' lang='lat' dir='ltr'><strong>sine</strong></span> <span class='ocrx_word' id='word_1_988' title='bbox 2451 5078 2685 5144; x_wconf 90' lang='lat' dir='ltr'><strong>defectu,</strong></span> <span class='ocrx_word' id='word_1_989' title='bbox 2719 5077 2836 5134; x_wconf 89' lang='lat' dir='ltr'><strong>sine</strong></span> <span class='ocrx_word' id='word_1_990' title='bbox 2858 5087 3117 5149; x_wconf 90' lang='lat' dir='ltr'><strong>tempore,</strong></span> <span class='ocrx_word' id='word_1_991' title='bbox 3147 5074 3262 5130; x_wconf 88' lang='lat' dir='ltr'><strong>sine</strong></span> <span class='ocrx_word' id='word_1_992' title='bbox 3290 5075 3430 5141; x_wconf 86' lang='lat' dir='ltr'><strong>loco,</strong></span> <span class='ocrx_word' id='word_1_993' title='bbox 3459 5092 3551 5130; x_wconf 76' lang='lat' dir='ltr'><strong>su-</strong></span> 
     </span>
    </p>
   </div>
   <div class='ocr_carea' id='block_1_116' title="bbox 1963 5164 3552 5245">
    <p class='ocr_par' dir='ltr' id='par_1_116' title="bbox 1963 5164 3552 5245">
     <span class='ocr_line' id='line_1_122' title="bbox 1963 5164 3552 5245; baseline -0.004 -17"><span class='ocrx_word' id='word_1_994' title='bbox 1963 5186 2157 5245; x_wconf 89' lang='lat' dir='ltr'><strong>perans</strong></span> <span class='ocrx_word' id='word_1_995' title='bbox 2202 5170 2407 5237; x_wconf 87' lang='lat' dir='ltr'><strong>omnia,</strong></span> <span class='ocrx_word' id='word_1_996' title='bbox 2459 5170 2729 5225; x_wconf 77' lang='lat' dir='ltr'><strong>existens&#39;</strong></span> <span class='ocrx_word' id='word_1_997' title='bbox 2773 5168 3020 5225; x_wconf 91' lang='lat' dir='ltr'><strong>omnibus</strong></span> <span class='ocrx_word' id='word_1_998' title='bbox 3059 5177 3112 5223; x_wconf 92' lang='lat' dir='ltr'><strong>et</strong></span> <span class='ocrx_word' id='word_1_999' title='bbox 3149 5164 3552 5222; x_wconf 80' lang='lat' dir='ltr'><strong>fundamentum</strong></span> 
     </span>
    </p>
   </div>
   <div class='ocr_carea' id='block_1_117' title="bbox 1963 5256 3549 5333">
    <p class='ocr_par' dir='ltr' id='par_1_117' title="bbox 1963 5256 3549 5333">
     <span class='ocr_line' id='line_1_123' title="bbox 1963 5256 3549 5333; baseline -0.003 -17"><span class='ocrx_word' id='word_1_1000' title='bbox 1963 5259 2229 5333; x_wconf 86' lang='lat' dir='ltr'><strong>quoddam</strong></span> <span class='ocrx_word' id='word_1_1001' title='bbox 2267 5261 2319 5316; x_wconf 92' lang='lat' dir='ltr'><strong>in</strong></span> <span class='ocrx_word' id='word_1_1002' title='bbox 2358 5275 2464 5332; x_wconf 89' lang='lat' dir='ltr'><strong>quo</strong></span> <span class='ocrx_word' id='word_1_1003' title='bbox 2501 5261 2642 5324; x_wconf 90' lang='lat' dir='ltr'><strong>sint,</strong></span> <span class='ocrx_word' id='word_1_1004' title='bbox 2686 5268 2739 5316; x_wconf 92' lang='lat' dir='ltr'><strong>et</strong></span> <span class='ocrx_word' id='word_1_1005' title='bbox 2770 5258 3030 5331; x_wconf 86' lang='lat' dir='ltr'><strong>fastigium</strong></span> <span class='ocrx_word' id='word_1_1006' title='bbox 3068 5258 3168 5315; x_wconf 87' lang='lat' dir='ltr'><strong>sub</strong></span> <span class='ocrx_word' id='word_1_1007' title='bbox 3207 5274 3312 5332; x_wconf 91' lang='lat' dir='ltr'><strong>quo</strong></span> <span class='ocrx_word' id='word_1_1008' title='bbox 3337 5257 3463 5313; x_wconf 87' lang='lat' dir='ltr'><strong>sint.</strong></span> <span class='ocrx_word' id='word_1_1009' title='bbox 3492 5256 3549 5312; x_wconf 92' lang='lat' dir='ltr'><strong>Si</strong></span> 
     </span>
    </p>
   </div>
   <div class='ocr_carea' id='block_1_118' title="bbox 1963 5348 3531 5423">
    <p class='ocr_par' dir='ltr' id='par_1_118' title="bbox 1963 5348 3531 5423">
     <span class='ocr_line' id='line_1_124' title="bbox 1963 5348 3531 5423; baseline -0.006 -14"><span class='ocrx_word' id='word_1_1010' title='bbox 1963 5354 2099 5410; x_wconf 89' lang='lat' dir='ltr'><strong>dicis</strong></span> <span class='ocrx_word' id='word_1_1011' title='bbox 2134 5353 2255 5423; x_wconf 89' lang='lat' dir='ltr'><strong>quia</strong></span> <span class='ocrx_word' id='word_1_1012' title='bbox 2292 5353 2469 5407; x_wconf 90' lang='lat' dir='ltr'><strong>omnia</strong></span> <span class='ocrx_word' id='word_1_1013' title='bbox 2500 5352 2553 5406; x_wconf 92' lang='lat' dir='ltr'><strong>in</strong></span> <span class='ocrx_word' id='word_1_1014' title='bbox 2596 5351 2685 5406; x_wconf 90' lang='lat' dir='ltr'><strong>illo</strong></span> <span class='ocrx_word' id='word_1_1015' title='bbox 2718 5361 2873 5415; x_wconf 88' lang='lat' dir='ltr'><strong>sunt,</strong></span> <span class='ocrx_word' id='word_1_1016' title='bbox 2912 5366 3019 5405; x_wconf 90' lang='lat' dir='ltr'><strong>non</strong></span> <span class='ocrx_word' id='word_1_1017' title='bbox 3046 5350 3309 5405; x_wconf 90' lang='lat' dir='ltr'><strong>mentiris.</strong></span> <span class='ocrx_word' id='word_1_1018' title='bbox 3342 5348 3531 5403; x_wconf 79' lang='lat' dir='ltr'><strong>Dictuu</strong></span> 
     </span>
    </p>
   </div>
   <div class='ocr_carea' id='block_1_119' title="bbox 1964 5440 3547 5515">
    <p class='ocr_par' dir='ltr' id='par_1_119' title="bbox 1964 5440 3547 5515">
     <span class='ocr_line' id='line_1_125' title="bbox 1964 5440 3547 5515; baseline -0.004 -13"><span class='ocrx_word' id='word_1_1019' title='bbox 1964 5455 2049 5501; x_wconf 84' lang='lat' dir='ltr'><strong>est</strong></span> <span class='ocrx_word' id='word_1_1020' title='bbox 2066 5446 2209 5502; x_wconf 81' lang='lat' dir='ltr'><strong>enim</strong></span> <span class='ocrx_word' id='word_1_1021' title='bbox 2231 5446 2403 5515; x_wconf 90' lang='lat' dir='ltr'><strong>ipsum</strong></span> <span class='ocrx_word' id='word_1_1022' title='bbox 2427 5442 2656 5500; x_wconf 73' lang='lat' dir='ltr'><strong>Verbum</strong></span> <span class='ocrx_word' id='word_1_1023' title='bbox 2679 5442 2701 5475; x_wconf 82' lang='grc'>³</span> <span class='ocrx_word' id='word_1_1024' title='bbox 2722 5442 2991 5515; x_wconf 84' lang='lat' dir='ltr'><strong>Sapientia</strong></span> <span class='ocrx_word' id='word_1_1025' title='bbox 3013 5441 3107 5498; x_wconf 90' lang='lat' dir='ltr'><strong>Dei</strong></span> <span class='ocrx_word' id='word_1_1026' title='bbox 3134 5460 3147 5496; x_wconf 90' lang='lat'><strong>:</strong></span> <span class='ocrx_word' id='word_1_1027' title='bbox 3170 5440 3430 5497; x_wconf 85' lang='lat' dir='ltr'><strong>habemus</strong></span> <span class='ocrx_word' id='word_1_1028' title='bbox 3450 5454 3547 5496; x_wconf 65' lang='lat' dir='ltr'><strong>au:-</strong></span> 
     </span>
    </p>
   </div>
   <div class='ocr_carea' id='block_1_120' title="bbox 2029 5624 3361 5689">
    <p class='ocr_par' dir='ltr' id='par_1_120' title="bbox 2029 5624 3361 5689">
     <span class='ocr_line' id='line_1_126' title="bbox 2029 5624 3361 5689; baseline -0.003 -11"><span class='ocrx_word' id='word_1_1029' title='bbox 2029 5631 2044 5661; x_wconf 76' lang='grc' dir='ltr'>ι</span> <span class='ocrx_word' id='word_1_1030' title='bbox 2078 5634 2186 5678; x_wconf 79' lang='lat' dir='ltr'><strong>Lov.</strong></span> <span class='ocrx_word' id='word_1_1031' title='bbox 2203 5662 2218 5685; x_wconf 88' lang='lat'><strong>,</strong></span> <span class='ocrx_word' id='word_1_1032' title='bbox 2242 5635 2360 5689; x_wconf 81' lang='lat' dir='ltr'><strong>Nam</strong></span> <span class='ocrx_word' id='word_1_1033' title='bbox 2382 5625 2556 5688; x_wconf 83' lang='lat' dir='ltr'><strong>modo;</strong></span> <span class='ocrx_word' id='word_1_1034' title='bbox 2580 5624 2935 5689; x_wconf 80' lang='lat' dir='ltr'><strong>refragantibus</strong></span> <span class='ocrx_word' id='word_1_1035' title='bbox 2975 5627 3186 5689; x_wconf 15' lang='lat' dir='ltr'><strong>ueteris,</strong></span> <span class='ocrx_word' id='word_1_1036' title='bbox 3209 5625 3361 5689; x_wconf 78' lang='lat' dir='ltr'><strong>libris.</strong></span> 
     </span>
    </p>
   </div>
   <div class='ocr_carea' id='block_1_121' title="bbox 2026 5685 3484 5750">
    <p class='ocr_par' dir='ltr' id='par_1_121' title="bbox 2026 5685 3484 5750">
     <span class='ocr_line' id='line_1_127' title="bbox 2026 5685 3484 5750; baseline 0.001 -13"><span class='ocrx_word' id='word_1_1037' title='bbox 2026 5692 2047 5722; x_wconf 73' lang='grc'>⁸</span> <span class='ocrx_word' id='word_1_1038' title='bbox 2077 5697 2187 5750; x_wconf 71' lang='lat' dir='ltr'><strong>Lov.</strong></span> <span class='ocrx_word' id='word_1_1039' title='bbox 2221 5696 2272 5739; x_wconf 88' lang='lat' dir='ltr'><strong>et</strong></span> <span class='ocrx_word' id='word_1_1040' title='bbox 2307 5688 2487 5750; x_wconf 84' lang='lat' dir='ltr'><strong>aliquot</strong></span> <span class='ocrx_word' id='word_1_1041' title='bbox 2529 5685 2666 5750; x_wconf 33' lang='lat' dir='ltr'><strong>iussu,</strong></span> <span class='ocrx_word' id='word_1_1042' title='bbox 2698 5685 2924 5738; x_wconf 63' lang='lat' dir='ltr'><strong>immtatis.</strong></span> <span class='ocrx_word' id='word_1_1043' title='bbox 2960 5686 3045 5735; x_wconf 80' lang='lat' dir='ltr'><strong>Alii</strong></span> <span class='ocrx_word' id='word_1_1044' title='bbox 3084 5687 3220 5746; x_wconf 86' lang='lat' dir='ltr'><strong>libri,</strong></span> 
     </span>
    </p>
   </div>
   <div class='ocr_carea' id='block_1_122' title="bbox 1966 5747 3532 5873">
    <p class='ocr_par' dir='ltr' id='par_1_122' title="bbox 1966 5747 3532 5873">
     <span class='ocr_line' id='line_1_128' title="bbox 1966 5747 3532 5863; baseline 0.002 -65"><span class='ocrx_word' id='word_1_1045' title='bbox 1966 5812 1995 5863; x_wconf 52' lang='grc' dir='ltr'><strong><em>θ</em></strong></span> <span class='ocrx_word' id='word_1_1046' title='bbox 2028 5751 2049 5783; x_wconf 74' lang='grc'>³</span> <span class='ocrx_word' id='word_1_1047' title='bbox 2069 5749 2291 5862; x_wconf 45' lang='lat' dir='ltr'><strong>liliaque</strong></span> <span class='ocrx_word' id='word_1_1048' title='bbox 2334 5747 2471 5816; x_wconf 53' lang='lat' dir='ltr'><strong>me,</strong></span> <span class='ocrx_word' id='word_1_1049' title='bbox 2515 5757 2559 5799; x_wconf 84' lang='lat' dir='ltr'><strong>et</strong></span> <span class='ocrx_word' id='word_1_1050' title='bbox 2604 5747 2784 5800; x_wconf 83' lang='lat' dir='ltr'><strong>dictum</strong></span> <span class='ocrx_word' id='word_1_1051' title='bbox 2828 5756 2915 5801; x_wconf 80' lang='lat' dir='ltr'><strong>est.</strong></span> <span class='ocrx_word' id='word_1_1052' title='bbox 2964 5757 3127 5814; x_wconf 67' lang='lat' dir='ltr'><strong>Ipsam</strong></span> <span class='ocrx_word' id='word_1_1053' title='bbox 3167 5756 3238 5803; x_wconf 77' lang='lat' dir='ltr'><strong>cst</strong></span> <span class='ocrx_word' id='word_1_1054' title='bbox 3274 5748 3402 5802; x_wconf 70' lang='lat' dir='ltr'><strong>enim</strong></span> <span class='ocrx_word' id='word_1_1055' title='bbox 3431 5748 3532 5795; x_wconf 53' lang='grc' dir='ltr'><strong>νιν</strong></span> 
     </span>
     <span class='ocr_line' id='line_1_129' title="bbox 1997 5825 2223 5873; baseline -0.004 -11"><span class='ocrx_word' id='word_1_1056' title='bbox 1997 5825 2103 5873; x_wconf 86' lang='lat' dir='ltr'><strong>um,</strong></span> <span class='ocrx_word' id='word_1_1057' title='bbox 2210 5845 2223 5861; x_wconf 92' lang='lat'><strong>.</strong></span> 
     </span>
    </p>
   </div>
  </div>
