3934 6184
418 368 525 426 665

420 495 526 538 tem
565 482 847 552 scriptum,
879 479 1062 534 Omnia
1088 480 1143 534 in
1177 478 1442 542 Sapientia
1473 478 1632 548 fecisti
1659 478 1677 550 (
1700 476 1840 532 Psal.
1868 494 1991 545 cur,

417 575 488 629 24
505 573 546 644 ).
577 574 718 642 Ergo
741 572 794 626 in
819 572 910 626 illo
932 582 1056 626 sunt
1073 572 1251 627 omnia
1279 589 1291 624 :
1315 581 1369 626 et
1391 580 1565 625 tamen
1588 571 1712 640 quia
1738 572 1874 626 Deus
1891 579 1992 635 est,

419 665 518 718 sub
538 664 632 717 illo
655 670 776 716 sunt
801 662 1002 716 omnia.
1028 662 1257 716 Dicimus
1281 677 1438 732 quam
1462 662 1996 730 iucomprehensihile

418 755 487 809 sit
512 751 650 822 quod
680 752 873 807 lectum
915 760 996 806 est
1023 769 1036 805 :
1069 760 1245 807 tamen
1273 752 1466 807 lectum
1497 761 1596 816 est,
1631 767 1736 804 non
1766 759 1825 805 ut
1847 766 1996 806 com-

418 843 834 914 prehenderetur
863 844 929 898 ab
955 844 1197 909 homine,
1239 843 1332 898 sed
1361 852 1416 897 ut
1440 843 1644 898 doleret
1681 842 1840 896 homo
1872 843 1995 911 quia

418 950 524 988 non
573 933 994 1004 comprehendit,
1047 942 1102 988 et
1150 934 1410 989 inveniret
1452 932 1591 987 unde
1640 931 1923 1002 impeditur
1965 947 1996 986 a

405 1024 895 1093 comprehensione
914 1067 928 1089 ,
959 1033 1013 1079 ει
1041 1034 1338 1079 removeret
1365 1039 1448 1091 ea,
1480 1034 1534 1079 et
1562 1023 1791 1078 inhiaret
1814 1038 1998 1092 perce—

413 1115 587 1182 ptioni
614 1115 1058 1170 incommutabilis
1079 1116 1257 1180 Verbi,
1289 1116 1401 1184 ipse
1420 1130 1485 1169 ex
1509 1115 1774 1170 deteriore
1802 1116 1856 1170 in
1886 1119 1999 1170 me-

420 1207 521 1262 lius
546 1215 916 1261 commutatus.
951 1206 1064 1262 Non
1091 1192 1234 1262 enim
1267 1207 1493 1262 Verbum
1524 1208 1730 1277 proficit
1765 1217 1856 1263 aut
1882 1223 1998 1263 cre-

419 1299 520 1354 scit
544 1297 832 1353 accedente
867 1298 1140 1368 cognitore
1168 1316 1181 1351 :
1212 1297 1307 1353 sed
1339 1299 1655 1368 integrum‘,
1681 1298 1726 1352 si
1755 1314 1999 1368 perman-

419 1387 583 1453 seris;
606 1388 888 1456 integrum,
911 1388 954 1440 si
973 1387 1288 1451 recesseris;
1309 1388 1588 1456 integrum.
1605 1402 1724 1441 cum
1742 1387 1961 1442 redieris
1979 1405 1993 1453 ;

421 1490 643 1531 manens
685 1476 738 1530 in
778 1491 870 1544 se,
916 1485 970 1531 et
1013 1477 1269 1531 innovans
1294 1476 1490 1530 omnia.
1533 1476 1670 1545 Ergo
1708 1485 1790 1530 est
1829 1477 1996 1530 forma

417 1566 654 1621 omnium
695 1583 872 1622 rerum
892 1607 907 1631 ,
936 1566 1102 1621 forma
1134 1566 1472 1632 infabricata,
1507 1567 1623 1622 sine
1652 1575 1908 1636 tempore,
1941 1574 1999 1622 ut

418 1659 680 1726 diximus,
707 1669 762 1714 et
791 1659 906 1714 sine
927 1659 1110 1727 spatiis
1133 1659 1391 1712 locorum.
1418 1657 1678 1726 Quidquid
1708 1658 1849 1712 enim
1880 1658 1998 1712 loco

419 1750 644 1817 capitur,
678 1749 1146 1803 circumscribitur.
1176 1748 1367 1802 Forma
1394 1748 1844 1802 circumscribitur
1875 1745 1998 1799 ﬁui-

419 1839 578 1904 bus’,
602 1838 762 1894 habet
783 1851 951 1893 metas
977 1839 1116 1894 unde
1143 1847 1194 1892 et
1221 1852 1495 1907 quousque
1525 1839 1612 1891 sit.
1636 1837 1834 1892 Deinde
1852 1836 1995 1907 quod

419 1929 538 1983 loco
561 1929 766 1998 capitur
793 1939 848 1984 et
867 1929 1009 1983 mole
1029 1928 1254 1998 quadam
1275 1937 1329 1983 et
1350 1928 1520 1998 spatio
1542 1927 1875 1993 distenditur,
1900 1929 1997 1982 mi-

420 2036 522 2076 nus
550 2030 627 2076 est
656 2022 708 2075 in
737 2029 906 2091 parte,
932 2035 1088 2090 quam
1120 2020 1172 2074 in
1201 2026 1334 2076 toto.
1364 2019 1544 2074 Faciat
1568 2020 1705 2074 Deus
1724 2028 1781 2074 ut
1805 2019 1996 2074 intelli-

419 2111 576 2181 galis.

489 2199 702 2256 CAPUT
753 2198 839 2254 III.
868 2230 936 2240 —
962 2200 1014 2255 4.
1042 2199 1161 2254 Non
1189 2200 1352 2253 minor
1377 2200 1429 2253 in
1457 2208 1598 2270 parte
1615 2216 1766 2269 quam
1792 2201 1845 2254 in
1872 2209 1992 2254 toto.

423 2291 670 2360 Quotidie
694 2300 869 2348 autem
899 2291 967 2346 de
1006 2292 1336 2362 corporibus,
1375 2307 1493 2361 quis
1531 2300 1656 2347 ante
1689 2293 1871 2346 oculos
1897 2308 1996 2346 no-

419 2390 561 2436 stros
599 2389 742 2447 sunt,
782 2396 901 2451 quae
946 2381 1204 2446 videmus,
1237 2397 1355 2451 qua:
1395 2382 1676 2452 tangimus,
1719 2382 1856 2438 inter
1879 2398 1998 2452 quae

419 2487 623 2538 sumus,
655 2453 933 2541 possumus
956 2473 1196 2542 judicare
1237 2489 1431 2544 corpus
1469 2476 1743 2544 quodlibet
1782 2477 1834 2530 in
1878 2477 1997 2533 loco

423 2563 619 2620 habere
640 2563 883 2620 formam.
913 2563 1079 2618 Omne
1099 2573 1274 2619 autem
1297 2565 1437 2634 quod
1460 2566 1686 2644 spatium
1710 2565 1811 2620 loci
1835 2581 1996 2622 occu-

419 2660 529 2724 pat,
559 2653 732 2707 minus
756 2662 838 2708 est
872 2655 924 2708 in
968 2663 1115 2722 parte
1140 2669 1300 2724 quam
1343 2655 1396 2708 in
1437 2662 1566 2710 toto.
1599 2656 1730 2710 Pars
1755 2659 1996 2726 corporis

423 2742 657 2806 humani,
701 2743 846 2798 verbi
885 2744 1074 2813 gratia,
1123 2743 1394 2798 brachium
1429 2763 1442 2798 :
1473 2746 1652 2816 utique
1698 2747 1871 2802 minus
1913 2757 1998 2803 est

420 2833 692 2890 brachium
722 2849 882 2904 quam
913 2843 1077 2890 totum
1107 2848 1318 2904 corpus.
1355 2835 1422 2889 Et
1463 2835 1508 2889 si
1553 2836 1727 2890 minus
1767 2844 1850 2891 est
1872 2837 1996 2892 bra-

419 2922 597 2978 chium
626 2923 668 2989 ³,
693 2922 986 2978 breviorem
1030 2924 1201 2978 locum
1227 2934 1467 2994 occupat.
1501 2926 1627 2980 Item
1656 2937 1834 2996 caput,
1873 2929 1996 2997 quia

419 3028 544 3084 pars
579 3023 661 3069 est
697 3013 955 3084 corporis,
988 3013 1040 3067 in
1081 3014 1287 3068 minore
1326 3015 1442 3069 loco
1479 3024 1581 3080 est,
1621 3024 1674 3070 et
1712 3017 1886 3072 minus
1914 3026 1997 3072 est

421 3119 578 3173 quam
619 3112 786 3158 totum
824 3119 1036 3174 corpus,
1077 3105 1160 3180 cui
1204 3114 1363 3174 caput
1406 3114 1505 3161 est.
1549 3107 1637 3162 Sic
1675 3109 1849 3161 omnia
1879 3124 1996 3178 qua:

421 3203 544 3248 sunt
572 3194 622 3248 in
656 3195 795 3261 loco,
829 3195 1034 3249 minora
1063 3203 1188 3249 sunt
1219 3195 1269 3249 in
1301 3209 1450 3264 parte
1483 3212 1638 3266 quam
1662 3199 1712 3252 in
1742 3207 1872 3253 toto.
1900 3200 1995 3254 Ni-

421 3283 492 3338 hil
522 3283 628 3342 tale
656 3281 722 3338 de
752 3284 840 3340 illo
865 3282 1037 3338 Verbo
1062 3285 1371 3348 sentiamus,
1401 3286 1530 3339 nihil
1553 3287 1654 3341 tale
1682 3287 1993 3357 cogitemus.

420 3372 534 3428 Non
581 3373 649 3428 de
699 3373 1032 3443 suggestione
1069 3375 1242 3431 carnis
1290 3376 1579 3444 spiritualia
1627 3378 1994 3446 imaginemur.

422 3461 535 3522 Non
565 3470 647 3517 est
679 3461 769 3517 ille
794 3461 1005 3530 Sermo,
1040 3478 1144 3516 non
1175 3472 1256 3518 est
1285 3463 1372 3521 ille
1397 3465 1535 3520 Deus
1562 3465 1736 3521 minor
1766 3468 1818 3528 in
1848 3477 1996 3536 parte

423 3567 581 3626 quam
610 3552 660 3609 in
690 3560 818 3607 toto.

489 3642 542 3696 5.
573 3640 636 3696 In
658 3643 800 3698 rebus
829 3642 1008 3697 divinis
1038 3643 1122 3714 pia
1150 3645 1434 3714 ignorantia
1473 3646 1648 3700 melior
1683 3663 1832 3717 quam
1861 3666 1994 3720 prte-

417 3742 624 3803 sumpta
658 3734 882 3787 scientia.
928 3733 1087 3788 Oculo
1113 3736 1275 3790 cordis
1301 3734 1438 3790 Deus
1464 3737 1993 3809 incomprehensibilis.

419 3823 513 3884 Dei
537 3825 816 3895 cognitione
845 3827 903 3896 ﬁt
929 3826 1076 3881 homo
1096 3827 1285 3882 beatus.
1305 3828 1442 3882 Deus
1465 3846 1526 3884 ea:
1546 3841 1691 3884 notra
1716 3833 1997 3903 cognitione

419 3932 521 3969 non
563 3916 756 3970 crescit.
790 3916 896 3971 Sed
932 3932 1037 3971 non
1067 3927 1216 3987 potes
1243 3919 1346 3973 tale
1372 3919 1568 3988 aliquid
1593 3922 1845 3990 cogitare.
1883 3922 1995 3975 Ila-

419 4007 499 4077 gis
525 4007 607 4078 pia
633 4015 716 4062 est
745 4007 864 4062 talis
888 4007 1203 4078 ignorantia,
1228 4025 1386 4078 quam
1407 4019 1728 4080 prmsumpta
1755 4011 1992 4067 scientia.

420 4097 710 4169 Loquimur
735 4098 877 4153 enim
924 4097 990 4153 de
1038 4099 1164 4152 Deo.
1206 4099 1408 4153 Dictum
1457 4109 1558 4166 est,
1604 4099 1671 4153 Et
1711 4099 1849 4155 Deus
1892 4112 1997 4155 erat

429 4187 662 4244 Verbum.
697 4189 772 4250 De
800 4190 908 4244 Deo
936 4189 1222 4258 loquimur,
1254 4190 1377 4259 quid
1417 4191 1608 4245 mirum
1647 4193 1690 4246 si
1720 4209 1824 4246 non
1851 4208 1997 4248 com-

421 4281 747 4352 prehendis?
770 4281 824 4336 Si
851 4281 993 4336 enim
1031 4282 1458 4352 comprehendis,
1492 4299 1597 4338 non
1626 4294 1708 4340 est
1731 4285 1884 4340 Deus.
1919 4287 1999 4340 Sit

420 4375 504 4445 pia
535 4373 797 4430 confessio
819 4373 1130 4444 ignorantia:
1161 4374 1346 4443 magis,
1371 4391 1527 4444 quam
1561 4378 1840 4432 temeraria
1872 4393 1996 4446 pro-

419 4465 582 4519 fessio
625 4465 876 4518 scierrtim.
923 4464 1194 4533 Attingere
1231 4464 1554 4533 aliquantum
1595 4478 1772 4522 mente
1811 4470 1994 4534 Deum;

420 4570 610 4623 magna
640 4553 911 4610 beatitudo
935 4562 1016 4610 est
1041 4572 1054 4609 :
1079 4554 1528 4621 comprehendere
1555 4565 1751 4620 autem,
1783 4559 1998 4613 omnino

421 4643 770 4714 impossibile.
798 4642 879 4701 Ad
915 4652 1144 4698 mentem
1183 4643 1319 4697 Deus
1349 4644 1593 4712 pertinet,
1630 4646 1998 4715 intelligendus

367 4787 376 4798 ,
420 4745 502 4790 est
540 4749 554 4799 ζ
591 4732 658 4790 ad
697 4732 878 4788 oculos
914 4747 1127 4803 corpus,
1170 4731 1454 4787 videndum
1496 4740 1577 4787 est
1600 4730 1641 4786 ⁸.
1666 4733 1770 4789 Sed
1808 4750 1998 4804 corpus

419 4825 575 4881 oculo
611 4824 1067 4905 comprehendere
1106 4833 1158 4880 te
1202 4824 1390 4893 putas?
1429 4824 1656 4882 Omnino
1692 4843 1798 4883 non
1826 4839 1994 4896 potes.

420 4915 683 4988 Quidquid
717 4915 858 4973 enim
885 4916 1096 4986 aSpicis,
1128 4932 1233 4970 non
1262 4925 1425 4972 totum
1454 4918 1665 4988 aspicis.
1703 4919 1868 4989 Cujus
1898 4921 1997 4976 ho-

422 5005 581 5060 minis
624 5004 809 5063 faciem
854 5006 1023 5070 vides,
1074 5005 1288 5060 dorsum
1339 5023 1443 5062 non
1477 5010 1627 5064 vides
1671 5025 1735 5065 eo
1763 5020 1998 5081 tempore

421 5111 527 5165 quo
555 5094 740 5152 faciem
770 5095 919 5151 vides
948 5115 960 5148 :
991 5104 1046 5150 ει
1081 5095 1292 5169 quando
1329 5097 1544 5154 dorsum
1584 5099 1752 5166 vides,
1783 5115 1847 5155 eo
1873 5111 1998 5156 tem-

423 5202 552 5256 pore
581 5187 765 5242 faciem
795 5203 899 5244 non
925 5187 1094 5244 vides.
1139 5187 1254 5243 Non
1298 5191 1373 5243 sic
1406 5205 1532 5260 ergo
1563 5192 1728 5253 vides,
1760 5202 1817 5247 ut
1849 5209 1998 5249 com-

424 5279 722 5352 prehendas
751 5295 764 5332 ε
797 5279 888 5335 sed
917 5277 1128 5349 quando
1160 5281 1355 5351 aspicis
1395 5283 1552 5336 aliam
1592 5292 1813 5352 partem,
1841 5302 1997 5356 quam

486 5396 503 5425 ι
529 5394 613 5444 Hic
653 5392 778 5456 apud
807 5398 921 5442 Lov.
967 5391 1171 5454 additur,
1211 5399 1396 5455 manet;
1423 5394 1548 5457 quod
1571 5408 1598 5444 a
1635 5398 1827 5446 caeteris
1866 5396 2001 5451 libris

603 5513 890 5578 quihusdam
899 5514 1042 5578 libris
1061 5515 1301 5578 sic_verba
1317 5516 1732 5578 interpunguntur
1757 5531 1768 5565 :
1796 5516 2001 5570 circum-

420 5573 643 5639 scribitur
665 5576 840 5638 femur,
865 5573 1281 5639 circumscribitur
1300 5573 1492 5639 ﬁnibus.

456 5635 521 5744 ui
545 5633 690 5692 Mss.)
736 5643 788 5685 Et
828 5633 878 5686 si
910 5633 1066 5689 minus
1109 5643 1202 5698 est,
1228 5636 1282 5687 id
1300 5633 1393 5691 ἐει
1450 5637 1660 5698 breuius,
1705 5639 1996 5707 breuiorem,

419 5703 889 5815 σιιὲἰςοιιιιιιιὶὶιιεεη
913 5755 971 5806 ab
995 5755 1142 5806 oculis
1167 5756 1326 5810 cordis
1351 5757 1580 5816 ridendus
1603 5769 1686 5814 est.

1641 364 1698 419 ε.
1739 361 2103 421 mansum
2142 364 2439 424 EPISCOPI
2627 422 2639 432 ,
2851 338 2874 385 "°‘
2961 313 3011 390 ’τέ

3567 373 3683 432 εει

2101 495 2204 534 non
2229 481 2458 544 videras,
2487 479 2587 534 nisi
2622 480 2872 536 memoria
2903 489 3075 536 tecum
3103 479 3258 536 faciat
3283 490 3340 536 ut
3365 485 3682 541 memineris

2100 583 2153 628 te
2184 573 2380 628 vidisse
2421 573 2561 628 unde
2594 573 2820 639 recedis,
2850 588 3120 643 nunquam
3167 583 3217 629 te
3245 574 3442 639 dixeris
3477 575 3680 646 aliquid

2101 664 2183 717 vel
2211 665 2262 716 in
2293 664 2571 733 superficie
2590 664 3074 734 comprehendisse.
3101 665 3320 719 Tractas
3341 666 3480 736 quod
3503 667 3680 732 vides,

2099 767 2279 809 versas
2316 754 2421 809 huc
2457 764 2616 824 atque
2644 754 2789 821 illuc,
2821 755 2906 810 vel
2937 755 3050 824 ipse
3087 755 3279 811 circuis
3308 764 3365 809 ut
3396 767 3562 813 totum
3594 759 3686 812 vi-

2102 840 2250 894 deas.
2282 842 2402 897 Uno
2441 858 2568 912 ergo
2605 855 2822 913 aspectu
2865 851 3030 898 totum
3061 844 3240 900 videre
3277 862 3382 899 non
3410 859 3579 918 potes.
3613 849 3690 902 Et

2099 932 2349 999 quamdiu
2393 947 2577 987 versas
2615 944 2671 987 ut
2713 933 2913 1002 videas,
2956 943 3153 1004 partes,
3186 935 3394 990 vides:
3441 947 3494 991 et
3538 953 3688 992 con-

2102 1022 2324 1077 texendo
2373 1025 2495 1093 quia
2538 1024 2716 1078 vidisti
2759 1026 2892 1080 alias
2935 1026 3346 1095 partes,videris
3379 1036 3545 1082 totum
3597 1031 3693 1083 in-

2100 1113 2323 1182 spicere.
2353 1113 2466 1168 Non
2492 1125 2666 1168 autem
2695 1115 2781 1168 hic
2799 1115 3073 1170 oculorum
3101 1115 3266 1182 visus,
3288 1117 3380 1170 sed
3406 1121 3692 1173 memoria:

2099 1204 2352 1258 vivacitas
2389 1205 2719 1274 intelligitur.
2763 1204 2902 1270 Quid
2942 1220 3068 1275 ergo
3109 1205 3179 1260 de
3220 1205 3312 1260 illo
3339 1206 3533 1272 Verbo,
3566 1208 3692 1261 fra-

2101 1301 2227 1357 tres,
2257 1292 2358 1347 dici
2386 1294 2593 1360 potest?
2620 1295 2760 1349 Ecce
2796 1293 2864 1349 de
2887 1294 3197 1363 corporibus
3233 1294 3458 1350 dicimus
3493 1299 3689 1366 subja-

2099 1383 2340 1437 eentibus
2364 1384 2532 1438 oculis
2573 1386 2788 1451 nostris,
2828 1399 2933 1438 non
2967 1385 3052 1437 illa
3081 1394 3301 1453 possunt
3319 1389 3688 1455 comprehen—

2100 1472 2228 1527 dere
2255 1482 2470 1541 aSpectu
2506 1492 2519 1528 :
2549 1475 2668 1543 quis
2703 1490 2832 1544 ergo
2869 1474 3052 1529 oculus
3077 1475 3253 1529 cordis
3277 1476 3693 1544 comprehendit

2103 1563 2301 1617 Deum?
2325 1563 2534 1619 Sufficit
2553 1575 2609 1619 ut
2633 1565 2874 1635 attingat,
2905 1566 2951 1619 si
2979 1580 3142 1634 purus
3161 1575 3242 1620 est
3260 1567 3465 1621 oculus.
3491 1568 3551 1622 Si
3583 1585 3695 1623 au—

2103 1662 2205 1708 tem
2232 1654 2458 1725 attingit,
2484 1664 2622 1710 tactu
2642 1657 2868 1726 quodam
2900 1658 3111 1727 attingit
3145 1657 3457 1727 incorporeo
3481 1668 3537 1715 et
3563 1662 3690 1730 spi-

2101 1745 2296 1811 rituali,
2329 1762 2434 1800 non
2480 1755 2656 1801 tamen
2701 1748 3135 1817 comprehendit;
3180 1759 3233 1804 et
3270 1749 3389 1814 hoc,
3421 1753 3467 1806 si
3511 1769 3694 1822 purus

2098 1842 2199 1889 est.
2232 1836 2297 1890 Et
2326 1835 2484 1890 homo
2513 1837 2567 1891 Iit
2592 1838 2778 1892 beatus
2802 1839 3156 1908 contingendo
3180 1841 3342 1896 corde
3370 1841 3499 1896 illud
3533 1844 3690 1912 quod

2099 1937 2311 1993 semper
2338 1926 2550 1980 beatum
2597 1938 2777 1982 manet
2820 1937 2920 1983 :et
2959 1939 3039 1984 est
3081 1929 3207 1984 illud
3252 1931 3363 2000 ipsa
3405 1932 3690 1989 beatitudo

2099 2025 2376 2084 perpetua,
2402 2025 2460 2070 et
2483 2017 2624 2072 unde
2650 2017 2708 2071 fit
2737 2017 2896 2072 homo
2924 2019 3092 2084 vivus,
3123 2021 3230 2072 vita
3261 2029 3544 2089 perpetua;
3579 2039 3691 2076 un-

2099 2103 2166 2159 de
2193 2104 2249 2158 Iit
2282 2105 2442 2158 homo
2482 2107 2718 2175 sapiens,
2763 2107 3019 2175 sapientia
3045 2108 3306 2176 perfecta:
3341 2110 3480 2165 unde
3518 2112 3687 2168 homo

2100 2191 2159 2246 fit
2187 2193 2530 2261 illuminatus,
2560 2195 2735 2250 lumen
2761 2195 3140 2263 sempiternum
3158 2207 3256 2251 est.
3274 2198 3468 2254 Etvide
3493 2215 3690 2269 quem-

2099 2283 2380 2338 admodum
2447 2293 2503 2338 tu
2556 2284 2910 2354 eontingendo
2972 2287 3198 2341 efficeris
3233 2288 3372 2357 quod
3401 2304 3506 2343 non
3535 2305 3682 2355 eras,

2101 2389 2209 2428 non
2239 2375 2369 2430 illud
2407 2375 2547 2444 quod
2590 2376 2849 2446 contingis
2895 2376 3026 2432 facis
3064 2393 3183 2433 esse
3226 2380 3366 2448 quod
3410 2397 3517 2434 non
3542 2392 3680 2435 erat.

2100 2463 2213 2519 Hoc
2235 2466 2375 2530 dico,
2403 2466 2542 2521 Deus
2567 2480 2672 2521 non
2691 2467 2887 2522 crescit
2914 2483 2980 2522 ex
3004 2469 3298 2538 cognitore,
3320 2469 3413 2524 sed
3438 2471 3687 2540 cognitor

2100 2571 2168 2611 ex
2187 2557 2487 2625 cognitione
2513 2557 2628 2611 Dei.

2171 2646 2396 2702 CAPUT
2455 2647 2543 2701 IV.
2585 2678 2656 2690 —-
2697 2648 2774 2703 Ne
2821 2657 3081 2718 putemus,
3125 2649 3314 2706 fratres
3356 2651 3682 2720 charissimi,

2099 2740 2220 2811 quia
2259 2740 2568 2794 beneficium
2609 2749 2921 2809 przestamus
2959 2741 3087 2806 Deo,
3121 2743 3240 2811 quia
3281 2743 3513 2797 diximus
3554 2759 3684 2812 pre-

2100 2830 2230 2886 tium
2269 2845 2368 2884 nos
2395 2829 2520 2884 dare
2557 2831 2787 2900 quodam
2818 2832 2994 2886 modo.
3024 2832 3139 2886 Non
3165 2833 3303 2886 enim
3326 2833 3465 2888 unde
3489 2849 3688 2903 augea-

2099 2927 2204 2985 tur,
2232 2920 2306 2974 illi
2336 2919 2545 2985 damus,
2569 2921 2658 2991 qui
2680 2929 2735 2980 et
2772 2929 2823 2976 te
2849 2922 2995 2991 lapso
3030 2923 3233 2989 integer
3255 2933 3356 2987 est,
3387 2934 3437 2977 et
3468 2933 3520 2978 te
3553 2925 3683 2977 red-

2099 3021 2258 3069 eunte
2295 3012 2498 3081 integer
2558 3023 2765 3079 manet,
2807 3023 3019 3082 paratus
3058 3014 3220 3068 videri
3259 3016 3276 3045 ¹
3313 3025 3372 3068 ιιι
3413 3001 3686 3070 beatiﬁcet

2099 3120 2405 3169 conversos,
2435 3115 2488 3160 et
2513 3121 2732 3162 aversos
2772 3108 2952 3176 puniat
2984 3109 3240 3162 wcitate.
3263 3107 3509 3162 Vindicat
3535 3109 3682 3162 enim

2099 3195 2272 3267 primo
2302 3197 2353 3251 in
2375 3197 2550 3251 anima
2573 3212 2757 3252 aversa
2784 3213 2812 3252 a
2843 3213 2921 3264 se,
2948 3199 3165 3253 exordio
3186 3214 3458 3269 poenarum
3491 3201 3535 3264 ²,
3568 3201 3681 3268 ipsa

2099 3287 2356 3342 czecitate.
2387 3287 2486 3354 Qui
2513 3289 2653 3342 enim
2683 3303 2741 3342 se
2770 3289 2960 3342 avertit
2982 3303 3010 3341 a
3039 3289 3236 3343 lumine
3259 3303 3407 3353 vero,
3437 3289 3489 3342 id
3515 3301 3620 3353 est,
3649 3305 3681 3342 a

2101 3377 2230 3441 Deo,
2272 3378 2381 3448 jam
2437 3393 2610 3432 caecus
2655 3377 2902 3434 efficitur.
2949 3378 3193 3434 Nondum
3231 3381 3394 3435 sentit
3442 3395 3680 3450 ptemm,

2104 3466 2197 3521 sed
2221 3466 2330 3536 jam
2363 3466 2541 3522 habet.

2171 3558 2223 3613 6.
2265 3557 2475 3612 Verbum
2506 3567 2810 3612 coteternum
2839 3557 2985 3612 Patri
2997 3559 3237 3612 asseritur
3251 3567 3426 3612 contra
3441 3558 3679 3612 Arianos.

2102 3648 2281 3719 Itaque
2309 3650 2537 3704 Verbum
2579 3649 2704 3714 Dei,
2743 3649 2932 3703 fratres
2965 3648 3280 3712 cbarissimi,
3331 3649 3683 3718 incorporali-

2103 3748 2203 3804 tcr,
2249 3738 2638 3805 inviolabiliter,
2685 3737 3206 3802 incommutabiliter,
3242 3737 3357 3792 sine
3402 3738 3682 3806 temporali

2102 3831 2397 3897 nativitate,
2444 3838 2625 3883 natum
2675 3838 2851 3883 tamen
2900 3828 3254 3898 intelligamus
3281 3844 3308 3880 a
3342 3829 3471 3882 Deo.
3517 3827 3683 3882 Puta-

2101 3937 2288 3975 musne
2326 3935 2604 3990 possumus
2634 3921 2809 3990 aliquo
2835 3920 2993 3974 modo
3019 3921 3333 3990 persuadere
3365 3921 3683 3991 quibusdam

2103 4009 2403 4064 inﬁdelibus
2431 4025 2534 4064 non
2572 4009 2860 4064 abhorrere
2890 4024 2919 4063 a
2951 4025 3097 4075 vero,
3137 4010 3276 4078 quod
3302 4010 3495 4064 dicitur
3523 4027 3552 4063 a
3580 4027 3684 4065 no-

2101 4101 2182 4156 bis
2208 4101 2310 4156 ﬁde
2330 4101 2608 4166 catholica,
2637 4117 2753 4171 quae
2779 4101 3044 4156 contraria
3075 4110 3158 4155 est
3181 4101 3410 4161 Arianis,
3438 4116 3467 4154 a
3489 4101 3686 4170 quibus

2102 4190 2336 4245 Ecclesia
2360 4191 2452 4245 Dei
2474 4206 2614 4259 saepe
2633 4199 2831 4244 tentata
2853 4199 2954 4252 est,
2972 4207 3090 4245 cum
3109 4191 3347 4245 carnales
3368 4190 3613 4246 homines
3633 4193 3686 4248 id

2103 4280 2306 4335 facilius
2356 4281 2618 4350 accipiunt
2673 4282 2811 4353 quod
2859 4281 3041 4336 videre
3087 4283 3510 4337 consueverunt?
3553 4284 3684 4336 Ausi

2102 4381 2224 4427 sunt
2264 4374 2404 4428 enim
2447 4373 2661 4444 quidam
2699 4373 2896 4440 dicere,
2932 4372 3097 4443 Major
3125 4382 3206 4428 est
3241 4374 3396 4428 Pater
3439 4373 3597 4439 Filio,
3632 4384 3690 4428 et

2103 4466 2355 4535 prmcedit
2380 4481 2499 4521 eum
2529 4475 2768 4536 tempore
2797 4484 2810 4520 :
2841 4466 2892 4520 id
2918 4475 3019 4529 est,
3044 4467 3212 4534 major
3237 4476 3319 4521 est
3347 4467 3478 4520 Filio
3502 4466 3684 4531 Pater,

2103 4564 2157 4612 et
2185 4557 2357 4610 minor
2384 4567 2466 4610 est
2489 4557 2645 4611 Patre
2673 4556 2860 4624 Filius,
2889 4564 2942 4610 ει
2968 4571 2998 4610 a
3024 4555 3181 4611 Patre
3207 4555 3259 4609 in
3282 4565 3521 4623 tempore
3549 4571 3688 4623 pnu-

2103 4645 2326 4700 eeditur.
2353 4646 2419 4700 Et
2467 4646 2544 4699 sic
2590 4646 2859 4714 diSputant
2887 4665 2899 4698 :
2928 4647 2981 4701 Si
3027 4655 3180 4700 natus
3217 4655 3316 4709 est,
3348 4647 3528 4714 utique
3569 4655 3688 4699 erat

2103 4735 2260 4790 Pater
2301 4744 2579 4806 antequam
2623 4735 2787 4790 Filius
2819 4737 2912 4790 illi
2961 4744 3103 4790 esset
3144 4744 3320 4790 natus.
3365 4735 3682 4789 Attenditc:

2102 4828 2241 4882 adsit
2291 4828 2403 4897 ipse
2453 4829 2627 4893 nobis,
2678 4828 3048 4897 adjuvantibus
3089 4827 3418 4881 orationibus
3462 4828 3683 4892 vestris,

2103 4925 2158 4971 et
2186 4917 2267 4987 pia
2311 4917 2602 4970 intentione
2634 4917 2882 4986 excipere
2909 4917 3242 4984 cupientibus
3271 4915 3411 4984 quod
3440 4916 3553 4985 ipse
3582 4916 3685 4969 do-

2105 5006 2328 5071 naverit,
2355 5005 2494 5074 quod
2536 5006 2650 5076 ipse
2678 5005 3028 5075 suggesserit;
3060 5004 3198 5060 adsit
3223 5005 3394 5071 nobis,
3423 5014 3481 5058 ut
3510 5006 3684 5074 possi-

2106 5111 2224 5151 mus
2252 5111 2462 5165 quoquo
2488 5095 2645 5150 modo
2669 5096 2936 5164 explicare
2971 5095 3112 5164 quod
3146 5096 3422 5164 coepimus.
3457 5094 3682 5158 Tamen,

2105 5187 2310 5248 fratres,
2336 5194 2459 5239 ante
2480 5184 2619 5250 dico,
2650 5185 2693 5239 si
2725 5199 2830 5238 non
2870 5195 3090 5255 potuero
3117 5199 3216 5253 ego
3254 5183 3544 5253 explicare,
3577 5199 3683 5236 non

2104 5277 2362 5329 rationem
2389 5275 2604 5344 putetis,
2645 5275 2740 5329 sed
2767 5275 3035 5329 hominem
3069 5273 3350 5329 defecisse.
3383 5272 3565 5342 Itaque
3591 5288 3685 5325 Vos

2107 5368 2290 5422 hortor
2322 5377 2376 5422 et
2403 5367 2659 5436 deprecor
2689 5375 2746 5422 ut
2773 5366 2970 5421 oretis:
2999 5365 3137 5420 adsit
3167 5363 3529 5420 misericordia
3567 5363 3678 5427 Dei,

2169 5560 2548 5630 {sditinidem
2583 5559 2752 5630 melius
2785 5565 2920 5630 uss,
2957 5557 3126 5630 videri.
3344 5629 3349 5630 γ
3515 5616 3629 5630 ,,.,.

2169 5625 2189 5654 ί
2208 5629 2272 5671 tta
2294 5616 2391 5672 duo
2425 5629 2531 5672 Mss.
2552 5622 2637 5671 Alii
2661 5635 2770 5670 eum
2794 5616 2923 5677 I-ov.,
2947 5620 3201 5682 exordium
3223 5629 3490 5682 pmnarum.
3515 5616 3686 5665 Editio-

2106 5697 2197 5734 nes
2219 5692 2380 5732 autem
2424 5693 2519 5732 Am.
2555 5691 2606 5732 et
2627 5689 2700 5730 Fr.
2721 5683 3015 5740 sententiam
3044 5681 3164 5732 hanc
3196 5681 3342 5732 tutam
3367 5687 3684 5742 praetereunt,

2115 5744 2332 5795 t‘indicat
2355 5743 2478 5796 enim
2500 5743 2656 5809 primo
2672 5743 2723 5796 t'n
2745 5742 2922 5806 anima,
2949 5750 3042 5793 etc.
