3852 6182
170 409 267 466 ατε

171 535 219 583 et
242 525 310 579 its
333 533 445 575 rem
480 531 511 571 a
535 516 703 572 nobis
726 514 829 572 dici
864 515 1038 580 faciat,
1067 521 1124 569 ut
1150 526 1245 569 vos
1269 513 1455 570 audire
1496 523 1728 581 oportet,

171 625 218 672 et
247 624 341 668 nos
365 610 569 666 dicere.
598 608 707 663 Hoc
733 622 861 677 ergo
879 607 952 660 illi
976 605 1161 662 dicunt
1187 622 1204 659 :
1234 605 1292 661 Si
1319 605 1485 660 Filius
1519 605 1612 659 Dei
1632 614 1734 673 est,

172 713 311 761 natus
332 710 430 757 est.
462 699 575 756 Hoc
603 699 847 753 fatemur.
875 697 990 753 Non
1016 699 1156 753 enim
1188 711 1331 753 esset
1356 697 1542 766 Filius,
1571 698 1617 753 si
1643 712 1740 751 na-

173 807 247 850 tus
280 807 381 848 non
414 800 582 847 esset.
610 790 942 845 Manifestum
973 799 1075 855 est,
1102 790 1331 845 admittit
1363 788 1514 855 fides,
1542 805 1740 859 appro-

172 887 246 941 list
272 882 510 939 Ecclesia
534 879 815 944 catholica,
843 894 1026 933 verum
1052 888 1152 933 est.
1182 879 1485 949 Adjnngunt
1508 878 1736 933 deinde:

171 977 220 1032 Si
246 984 397 1030 natus
424 982 513 1028 est
552 971 694 1027 Patri
725 970 908 1035 Filius,
936 979 1054 1026 erat
1080 972 1237 1025 Pater
1263 980 1545 1040 antequam
1575 970 1623 1024 ei
1654 970 1744 1024 Fi-

172 1068 260 1122 lius
306 1072 642 1119 nasceretur.
684 1061 796 1116 Hoc
842 1062 1046 1131 respuit
1092 1061 1242 1131 lldes,
1282 1070 1541 1129 respuunt
1585 1075 1743 1114 aures

171 1158 468 1220 atholicre;
492 1155 865 1209 anathematur
882 1195 898 1220 ,
926 1161 1074 1208 extra
1099 1161 1181 1208 est
1204 1153 1291 1223 qui
1321 1153 1421 1207 hoc
1449 1154 1606 1222 sapit,
1637 1167 1740 1207 non

172 1248 388 1318 pertinet
405 1245 471 1300 ad
494 1245 952 1315 participationem
978 1244 1391 1311 societatemque
1412 1251 1739 1296 saucttmtm.

171 1340 319 1411 Ergo,
360 1340 455 1401 ait,
485 1337 746 1392 rationem
792 1335 923 1389 mihi
965 1334 1147 1400 redde,
1185 1335 1452 1404 quomodo
1492 1343 1544 1389 et
1579 1333 1745 1387 Filius

171 1431 333 1502 potuit
357 1428 501 1483 nasci
527 1427 693 1490 Patri,
721 1434 779 1480 et
808 1439 1019 1479 coaevus
1043 1440 1163 1479 esse
1188 1425 1235 1479 ei
1260 1439 1290 1479 a
1313 1441 1419 1495 quo
1443 1434 1599 1479 natus
1626 1426 1745 1479 est?

231 1518 459 1575 CAPUT
517 1517 579 1571 ν.
602 1546 676 1557 -
710 1521 763 1572 7.
792 1514 980 1570 Divina
1017 1517 1302 1570 ramalibus
1334 1518 1591 1571 insinuare
1612 1517 1746 1588 difﬁ-

171 1613 273 1666 rile.
302 1612 370 1666 Et
400 1610 526 1680 quid
561 1609 802 1673 facimus,
834 1607 1041 1672 fratres,
1058 1608 1272 1677 quando
1306 1608 1610 1662 carnalibus
1635 1609 1746 1678 spi-

173 1704 372 1759 ritualia
397 1700 731 1756 insinuamus
763 1717 777 1752 :
805 1698 850 1754 si
876 1707 1055 1753 tamen
1084 1706 1139 1753 et
1175 1714 1273 1753 nos
1302 1699 1399 1768 ipsi
1427 1713 1533 1752 non
1554 1713 1748 1753 carna-

172 1796 244 1851 les
264 1807 473 1857 sumus,
503 1791 716 1861 Quando
743 1790 1046 1845 carnalibus
1076 1790 1173 1844 ista
1207 1790 1498 1859 spiritualia
1538 1790 1749 1845 intima-

173 1902 318 1953 mus,
346 1885 546 1939 homini
575 1881 874 1938 assuefacto
905 1882 1176 1937 nativitate
1206 1891 1436 1948 terrena,
1469 1890 1522 1936 et
1550 1882 1745 1937 videnti

175 1976 319 2030 istius
353 1982 611 2028 enatura:
648 1970 913 2038 ordinem,
944 1971 1031 2025 ubi
1062 1984 1341 2025 successus
1381 1980 1435 2026 et
1471 1970 1743 2037 decessus,

173 2067 445 2137 gignentes
489 2072 545 2117 et
591 2062 799 2133 genitos
842 2068 999 2116 astate
1043 2060 1353 2130 distinguit?
1383 2061 1507 2115 Post
1545 2070 1747 2131 patrem

175 2158 300 2213 sitim
332 2154 575 2209 nascitur
613 2152 770 2219 illius,
813 2151 951 2221 patri
980 2151 1159 2221 utique
1185 2151 1446 2205 morituro
1472 2166 1752 2207 successu-

174 2262 273 2302 rus.
298 2247 420 2302 Hoc
438 2246 493 2300 in
524 2244 849 2310 hominibus,
876 2243 978 2298 hoc
1006 2243 1060 2298 in
1088 2244 1206 2298 aliis
1225 2244 1581 2299 animantibus
1602 2244 1750 2298 inve-

174 2341 358 2404 nimus,
391 2346 643 2407 parentes
679 2336 885 2406 priores
917 2342 1176 2405 tempore,
1206 2334 1340 2388 ﬁlios
1384 2343 1620 2401 tempore
1656 2347 1754 2401 po-

172 2432 434 2486 steriores.
472 2429 582 2484 Hac
613 2427 995 2485 consuetudine
1027 2426 1273 2481 videndi‘
1300 2467 1313 2490 ,
1338 2412 1571 2481 carnalia
1601 2434 1750 2479 tran—

173 2520 330 2577 sferre
366 2521 440 2575 illi
467 2520 534 2574 ad
574 2514 867 2590 spiritu'alia
894 2517 1135 2587 cupiunt,
1163 2525 1218 2572 et
1246 2516 1540 2570 intentione
1561 2530 1750 2569 carna-

173 2615 284 2668 lium
316 2613 533 2669 facilius
561 2613 902 2667 seducuntur.
947 2610 1065 2665 Non
1093 2610 1234 2664 enim
1264 2609 1401 2663 ratio
1427 2607 1751 2662 audientium

173 2706 402 2775 sequitur
418 2704 544 2759 talia
573 2703 942 2773 praedicantes,
968 2700 1062 2755 sed
1082 2699 1431 2763 consuetudo,
1454 2714 1570 2768 qua:
1592 2699 1751 2751 etiam

174 2797 304 2869 ipsos
344 2796 586 2859 insolvit,
616 2802 678 2848 ut
711 2792 835 2847 talia
867 2791 1237 2863 prmdicarent.
1271 2789 1332 2844 Et
1361 2789 1487 2859 quid
1530 2787 1754 2843 facimus

176 2891 297 2945 nos?
324 2886 658 2944 Silebimus?
688 2885 898 2940 Utinam
921 2883 1124 2937 liceret.
1156 2882 1398 2936 Forsitan
1426 2880 1567 2934 enim
1602 2878 1757 2932 silen-

176 2981 237 3034 do
259 2978 461 3051 aliquid
501 2977 722 3047 dignum
753 2974 820 3030 de
859 2990 916 3029 re
953 2972 1202 3028 inell‘abili
1251 2972 1593 3042 cogitaretur.
1622 2968 1752 3023 Nam

180 3070 421 3143 quidquid
457 3076 635 3139 potest
661 3066 776 3129 fari,
800 3080 905 3119 non
944 3073 1025 3119 est
1049 3063 1335 3119 ineffabile.
1363 3061 1644 3117 lnell'abilis
1673 3071 1754 3117 est

181 3170 341 3217 autem
383 3161 557 3216 Deus.
599 3157 657 3213 Si
684 3157 824 3211 enim
871 3164 1077 3224 raptum
1122 3169 1181 3208 se
1218 3153 1346 3208 dicit
1373 3168 1539 3223 usque
1569 3154 1619 3207 in
1652 3161 1758 3207 ter-

181 3254 298 3308 tium
338 3252 545 3309 celum
592 3249 863 3320 apostolus
908 3247 1121 3313 Paulus,
1167 3255 1221 3301 et
1268 3245 1398 3300 dicit
1442 3261 1501 3300 se
1546 3245 1757 3300 audisse

182 3342 454 3398 ineﬂabilia
483 3339 646 3395 verba
688 3338 755 3410 (ll
796 3337 912 3392 Cor.
952 3353 1047 3398 ιιι,
1086 3336 1174 3406 l);
1206 3343 1402 3405 quanto
1440 3338 1607 3407 magis
1644 3336 1757 3404 ipse

184 3434 478 3499 inel‘ahilis,
506 3431 598 3500 qui
628 3430 753 3484 talia
784 3428 1190 3489 demonstravit,
1223 3442 1343 3497 qua:
1373 3426 1468 3481 fari
1500 3443 1602 3479 non
1631 3440 1756 3495 pos-

181 3525 338 3580 sitcui
364 3524 737 3579 demonstrata
772 3518 927 3574 sunt?
951 3518 1152 3587 Itaque,
1190 3517 1402 3583 fratres,
1434 3516 1622 3570 melius
1643 3524 1759 3569 erat

182 3615 221 3669 si
260 3625 548 3685 possemus
575 3620 772 3675 tacere,
804 3619 859 3664 et
901 3609 1078 3664 dicere
1112 3625 1127 3661 :
1166 3608 1278 3663 Hoc
1305 3607 1464 3661 habet
1486 3606 1616 3661 ﬁdes
1637 3648 1652 3672 ,
1681 3606 1759 3661 sic

181 3705 441 3760 aedituus
472 3720 486 3757 :
511 3717 619 3758 non
659 3712 813 3773 potes
847 3715 1059 3770 capere,
1090 3699 1345 3771 parvulus
1376 3713 1433 3753 es
1458 3714 1470 3750 :
1501 3698 1762 3764 patienter

184 3796 509 3850 tolerandum
536 3795 581 3859 ⁸,
609 3793 780 3848 donec
813 3805 1015 3862 pennas
1053 3790 1285 3854 nutrias;
1323 3803 1389 3842 ne
1427 3803 1550 3843 cum
1583 3787 1762 3842 volare

190 3884 458 3957 iutplumis
491 3884 748 3949 volueris,
789 3898 894 3936 non
939 3882 1009 3936 sit
1054 3881 1143 3935 illa
1188 3894 1315 3933 aura
1344 3878 1626 3944 libertatis,
1668 3877 1760 3932 sed

183 3991 333 4031 casus
354 3975 690 4030 temeritatis.
717 3972 856 4041 Quid
884 3973 954 4027 illi
984 3971 1213 4027 contra?
1240 3969 1285 4025 Ο
1305 3971 1347 4025 si
1372 3970 1593 4026 haberet
1620 3970 1763 4040 quod

184 4068 396 4133 diceret,
442 4067 646 4122 diceret
690 4064 854 4119 mihi!
897 4062 1169 4118 Deficienti
1209 4063 1307 4117 ista
1343 4062 1616 4116 excusatio
1662 4069 1762 4114 est.

186 4155 364 4214 Victus
401 4166 488 4212 est
523 4156 665 4210 veris
689 4155 735 4222 ³,
762 4154 850 4225 qui
895 4152 1221 4223 respondere
1264 4166 1371 4206 non
1406 4152 1535 4205 vult.
1568 4149 1658 4204 llle
1681 4151 1766 4205 cui

187 4251 281 4308 hoc
319 4250 540 4315 dicitur,
567 4249 611 4302 si
643 4261 747 4302 non
777 4247 1119 4316 respondeat,
1155 4246 1255 4300 etsi
1291 4244 1340 4298 in
1367 4258 1425 4297 se
1451 4245 1567 4313 ipso
1599 4242 1768 4296 victus

187 4357 288 4397 non
318 4350 421 4404 est,
447 4340 680 4394 vincitur
711 4348 884 4393 tamen
908 4338 960 4392 in
989 4336 1333 4391 titubantibus
1362 4334 1633 4389 fratribus.
1660 4334 1770 4388 Au-

185 4435 340 4490 diunt
365 4433 508 4488 enim
536 4432 727 4487 fratres
757 4430 971 4492 inlirmi,
1002 4438 1055 4482 et
1084 4436 1266 4498 putant
1292 4442 1474 4482 revera
1502 4442 1607 4481 non
1651 4440 1769 4481 esse

185 4529 331 4600 quod
368 4527 578 4583 dicatur
611 4543 628 4583 :
658 4534 715 4582 et
758 4524 974 4580 forsitan
1026 4538 1208 4577 verum
1260 4529 1462 4591 putant,
1508 4536 1614 4574 non
1650 4533 1771 4575 esse

187 4619 332 4688 quod
359 4619 587 4685 dicatur,
636 4632 743 4670 non
785 4625 960 4670 tamen
1009 4630 1112 4668 non
1155 4628 1275 4668 esse
1314 4612 1454 4681 quod
1493 4611 1769 4667 sentiatur.

191 4708 367 4764 Homo
402 4710 544 4765 enim
576 4706 709 4762 nihil
742 4714 918 4776 potest
940 4705 1138 4768 dicere,
1164 4703 1307 4773 quod
1334 4719 1439 4757 non
1466 4704 1623 4757 etiam
1650 4719 1774 4758 sen-

191 4802 295 4857 tire
326 4803 491 4872 possit
523 4819 537 4855 :
571 4807 749 4872 potest
770 4798 931 4856 etiam
963 4797 1158 4868 aliquid
1185 4796 1403 4863 sentire,
1430 4795 1570 4866 quod
1598 4794 1777 4851 dicere

191 4909 299 4950 non
329 4896 511 4963 possit.

261 4986 322 5043 8.
353 4985 727 5042 Similitudines
766 4982 835 5037 ad
874 4981 1177 5054 "fallendos
1215 4980 1430 5035 Ariano‘s
1459 4980 1773 5035 adhibendis.

192 5075 397 5133 Tamen
423 5086 636 5132 servata
663 5074 805 5127 illius
833 5073 1124 5141 majestatis
1153 5071 1533 5136 incffabilitate,
1568 5086 1637 5126 ne
1655 5087 1778 5126 cum

195 5168 402 5239 aliquas
439 5165 818 5222 similitudines
866 5172 1053 5225 contra
1101 5162 1222 5217 illos
1259 5161 1587 5227 dederimus,
1630 5170 1781 5231 putet

197 5273 300 5315 nos
325 5259 515 5329 aliquis
552 5272 648 5329 per
679 5256 811 5311 istas
847 5252 1220 5308 similitudines
1242 5251 1352 5322 jam
1381 5252 1689 5321 pervenisse
1713 5250 1779 5305 ad

198 5348 251 5403 id
274 5349 412 5421 quod
450 5362 551 5403 nec
579 5346 685 5401 dici
712 5359 811 5400 nec
833 5344 1051 5415 cogitari
1077 5358 1106 5397 a
1134 5342 1368 5413 parvulis
1386 5342 1573 5411 'potest
1614 5339 1783 5413 (certe

198 5452 256 5498 et
282 5442 323 5498 si
351 5451 525 5513 potest
560 5440 631 5495 ab
669 5438 934 5510 aliquibus
972 5436 1281 5507 majoribus,
1319 5445 1495 5507 potest
1517 5451 1581 5490 ex
1613 5444 1782 5506 parte,

269 5555 287 5616 ξ
313 5551 499 5616 Aliquot
515 5557 627 5616 tm
641 5585 658 5610 ν
671 5558 815 5616 ,ηοω
835 5547 1221 5616 mettum
1237 5543 1688 5616 υέᾴςηάί

266 5615 290 5646 ⁸
312 5605 441 5677 Iovi,
457 5605 756 5665 solandus.
770 5612 942 5662 ueteri
958 5609 1064 5660 fere
1086 5607 1197 5659 libri
1220 5608 1340 5659 editi
1364 5616 1417 5659 et
1436 5614 1563 5668 uss,
1583 5605 1788 5658 toleran-

410 5747 588 5786 omues
606 5740 712 5785 Ilss.
749 5733 867 5784 lditi
900 5740 1082 5792 autem,
1124 5732 1280 5784 rictus
1300 5736 1387 5795 est,
1413 5728 1581 5794 nescit,
1606 5728 1688 5793 qui
1711 5742 1788 5780 rc-

205 5797 438 5860 ’ρεπιιαέ
458 5809 557 5848 non
579 5795 695 5847 vult.

1561 396 1794 455 81³Μο
1829 394 2040 457 CXVII.

3314 409 3420 464 066

1845 520 2021 586 potest
2061 517 2113 571 in
2149 518 2449 588 tenigmate,
2492 529 2664 591 potest
2707 538 2801 593 per
2844 526 3152 596 speculum;
3188 531 3420 584 nondum

1844 618 2020 663 autem
2047 608 2180 663 facie
2215 610 2280 664 ad
2314 608 2557 681 faciem);
2590 612 2776 668 demus
2801 625 2855 669 et
2882 630 2978 670 nos
3004 618 3206 688 aliquas
3234 621 3417 674 simili-

1847 698 2057 753 tudines
2081 698 2337 755 adversus
2360 701 2500 768 illos,
2529 703 2667 758 unde
2695 705 2766 758 illi
2787 706 3115 775 refellantur,
3148 725 3255 765 non
3282 711 3425 768 unde

1846 788 1974 843 illud
2005 789 2262 857 capiatur.
2294 790 2503 845 Etenim
2527 806 2647 846 cum
2673 786 2899 850 dicimus
2927 798 3078 853 valde
3104 814 3259 867 posse
3289 800 3421 865 fieri,

1847 895 2006 950 posse
2049 882 2293 953 intelligi,
2334 893 2391 937 ιιι
2420 892 2476 938 et
2516 892 2673 940 natus
2710 887 2780 941 sit
2808 897 2861 942 et
2894 898 3193 945 comternus
3221 892 3288 946 sit
3313 895 3361 947 ei
3392 908 3423 947 a

1846 986 1955 1039 quo
2000 980 2153 1026 natus
2194 981 2297 1040 est,
2330 983 2385 1026 ut
2416 974 2516 1029 hoc
2557 975 2798 1031 refellant
2824 986 2879 1031 et
2902 979 3052 1047 quasi
3092 979 3278 1035 falsum
3306 997 3426 1037 esse

1846 1060 2234 1127 demonstrent,
2281 1066 2650 1121 similitudines
2698 1069 2850 1123 nobis
2911 1069 3054 1123 dant.
3109 1070 3292 1126 Unde?
3353 1074 3429 1129 De

1847 1162 2093 1208 creatura
2123 1172 2137 1208 :
2169 1164 2222 1209 et
2250 1156 2434 1211 dicunt
2471 1158 2645 1225 nobis,
2692 1159 2865 1215 Homo
2908 1163 3085 1231 utique
3126 1174 3241 1217 erat
3272 1175 3426 1220 ante—

1847 1258 2006 1312 quam
2034 1255 2315 1314 generaret
2345 1248 2529 1315 filium,
2563 1249 2734 1319 major
2765 1260 2847 1306 est
2877 1253 2984 1307 lllio
3012 1268 3110 1308 suo
3139 1270 3155 1305 τ
3180 1262 3233 1308 et
3260 1269 3429 1323 equus

1848 1344 1965 1390 erat
1999 1346 2280 1407 antequam
2328 1352 2605 1408 generaret
2655 1342 2841 1409 lilium,
2882 1352 2937 1398 et
2974 1346 3107 1409 ovis,
3149 1353 3202 1400 ct
3236 1354 3430 1402 cauere

1848 1433 2115 1487 animalia.
2146 1434 2530 1491 Similitudines
2557 1438 2810 1493 adhibent
2838 1440 2905 1494 de
2935 1440 3215 1494 creaturis.

1920 1522 2147 1579 CAPUT
2188 1525 2277 1579 Vl.
2305 1555 2375 1565 —-
2399 1527 2453 1581 9.
2484 1528 2913 1584 Similitudinibus
2942 1539 3105 1582 tamen
3130 1544 3230 1581 non
3260 1528 3434 1581 nititur

1852 1623 2023 1666 nostra
2047 1615 2174 1683 ﬁdes
2203 1615 2266 1669 de
2302 1616 2474 1670 Verbo.
2506 1616 2665 1685 Quid,
2695 1619 2847 1673 nobis
2868 1618 3213 1673 laborandum
3241 1627 3345 1679 est,
3373 1625 3435 1670 ut

1851 1713 1925 1758 et.
1951 1719 2049 1759 nos
2092 1706 2421 1762 inveniamus
2468 1708 2845 1764 similitudines
2888 1725 3070 1765 earnm
3098 1725 3277 1763 rerum
3301 1724 3436 1776 quas

1850 1797 2185 1850 astruimus?
2212 1797 2387 1865 Quid?
2417 1798 2463 1853 si
2495 1813 2599 1852 non
2641 1801 2953 1863 invenirem,
2994 1814 3100 1853 non
3133 1806 3280 1853 recte
3306 1813 3434 1868 pos-

1851 1901 1964 1940 sem
1992 1886 2190 1952 dicere,
2215 1886 2469 1942 Nativitas
2487 1887 2754 1944 Creatoris
2786 1891 3009 1946 fortasse
3034 1890 3434 1944 similitudinem

1853 1976 1905 2031 in
1935 1985 2179 2032 creatura
2208 1992 2311 2032 non
2351 1978 2549 2033 habet?
2591 1980 2799 2048 Quanto
2819 1982 2960 2035 enim
2989 1990 3205 2051 superat
3228 1996 3289 2036 ea
3318 1996 3437 2050 quae

1856 2069 1941 2124 hic
1971 2080 2095 2123 sunt
2123 2070 2175 2123 in
2197 2085 2264 2125 eo
2287 2070 2426 2139 quod
2461 2071 2532 2124 ibi
2563 2080 2664 2136 est,
2689 2079 2834 2125 tanto
2868 2081 3087 2141 superat
3111 2087 3173 2126 ea
3202 2087 3321 2141 quae
3352 2072 3440 2126 hic

1853 2168 2144 2213 nascuntur
2168 2158 2219 2211 in
2248 2173 2313 2213 eo
2344 2158 2486 2228 quod
2514 2159 2583 2213 ibi
2614 2170 2767 2214 natus
2791 2169 2891 2214 e.~t.
2923 2160 3111 2215 Omnia
3148 2175 3245 2230 per
3271 2161 3439 2214 Deum

1857 2248 1943 2303 hic
1966 2257 2091 2303 stmt
2117 2266 2131 2301 :
2164 2259 2216 2302 et
2243 2250 2366 2317 quid
2406 2257 2579 2303 tamen
2616 2259 2696 2305 est
2717 2250 3131 2319 comparandum
3162 2250 3316 2303 Deo?
3345 2249 3436 2303 Sic

1854 2340 2031 2392 omnia
2060 2354 2178 2407 quae
2204 2339 2290 2391 hic
2330 2347 2634 2403 nascuntur,
2682 2340 2772 2393 illo
2809 2339 3076 2394 efficiente
3122 2348 3435 2393 nascuntur.

1855 2429 1924 2483 Et
1949 2430 2028 2484 sic
2053 2428 2276 2484 forsitan
2305 2444 2409 2483 non
2439 2430 2705 2483 invenitur
2736 2430 2905 2498 aliqua
2928 2429 3218 2484 similitudo
3243 2430 3437 2482 nativi-

1858 2521 1979 2575 tatis
2001 2521 2136 2590 ejus,
2167 2521 2435 2590 quomodo
2463 2537 2569 2575 non
2601 2522 2866 2576 invenitur
2890 2531 2944 2575 et
2967 2516 3276 2574 substantiae
3298 2521 3437 2588 ejus,

1856 2620 1911 2665 et
1957 2611 2416 2674 immutabilitatis,
2456 2611 2772 2677 divinitatis,
2804 2611 3096 2680 majestatis
3137 2611 3274 2678 ejus.
3303 2609 3439 2677 Quid

1857 2703 2000 2756 enim
2038 2703 2215 2757 simile
2252 2702 2337 2757 hic
2361 2704 2585 2758 inveniri
2615 2704 2824 2773 potest?
2849 2702 2906 2758 Si
2935 2717 3064 2772 ergo
3094 2702 3313 2756 forsitan
3340 2716 3442 2757 nec

1859 2792 2148 2847 nativitatis
2188 2793 2476 2848 similitudo
2517 2793 2834 2859 inveniatur,
2879 2793 3131 2863 numquid
3176 2792 3299 2847 inde
3343 2807 3442 2862 op-

1859 2897 2077 2952 pressus
2104 2898 2243 2949 sum,
2272 2884 2391 2953 quia
2429 2899 2535 2937 non
2580 2884 2756 2939 inveni
2795 2883 3167 2938 similitudines
3201 2883 3444 2938 Creatori

1857 2974 2125 3040 omnium,
2166 2975 2217 3029 in
2243 2985 2485 3030 creatura
2511 2977 2731 3046 cupiens
2770 2976 3007 3032 invenire
3038 2976 3178 3047 quod
3205 2986 3346 3032 esset
3370 2976 3446 3031 si-

1859 3063 1986 3119 mile
2014 3062 2286 3119 Creatori?

1932 3156 2019 3212 ll).
2060 3156 2429 3213 Similitudines
2470 3160 2741 3213 nativitatis
2766 3155 2888 3212 Filii
2937 3158 3030 3213 Dei
3066 3160 3369 3230 iMperfecta:
3393 3158 3446 3213 in

1865 3246 2129 3300 creaturis.
2174 3245 2405 3300 Comum
2446 3257 2493 3300 et
2517 3258 2842 3302 cocternum.
2876 3248 2943 3303 Et
2986 3263 3189 3312 revera,
3234 3248 3446 3314 fratres,

1863 3355 1970 3393 non
2013 3353 2131 3392 sum
2179 3338 2488 3394 inventurus
2529 3340 2850 3409 temporales
2886 3339 3281 3405 similitudines,
3314 3325 3459 3408 quas.

1861 3429 2142 3483 aeternitati
2181 3430 2379 3497 possim
2408 3444 2738 3498 comparare.
2770 3429 2873 3484 Sed
2901 3440 2955 3484 et
2984 3440 3038 3483 tu
3078 3445 3209 3499 quas
3236 3430 3448 3483 inveni-

1863 3521 1953 3584 sti,
1981 3522 2106 3590 quid
2127 3521 2288 3575 sunt?
2311 3520 2449 3586 Quid
2475 3522 2618 3575 enim
2642 3522 2926 3575 invenisti?
2947 3521 3079 3588 Quia
3108 3529 3258 3589 pater
3277 3520 3449 3587 major

1862 3619 1946 3664 est
1985 3620 2226 3679 tempore
2270 3626 2425 3679 quam
2467 3610 2606 3664 illius
2652 3627 2666 3664 :
2701 3619 2755 3664 et
2801 3610 2920 3664 ideo
2958 3611 3038 3663 vis
3077 3619 3130 3663 ut
3161 3610 3324 3663 Filius
3355 3609 3449 3663 Dei

1866 3709 2102 3768 tempore
2144 3698 2318 3753 minor
2362 3700 2432 3754 sit
2468 3716 2626 3770 quam
2672 3700 2828 3755 Pater
2866 3709 3116 3764 atternus,
3146 3701 3268 3769 quia
3300 3700 3450 3755 inve-

1866 3792 1989 3846 nisti
2025 3792 2285 3846 minorem
2324 3789 2488 3844 filium
2526 3800 2673 3859 patre
2701 3791 2995 3860 temporali.
3038 3791 3114 3845 Da
3142 3791 3268 3845 mihi
3295 3800 3453 3845 teter-

1868 3898 1993 3938 num
2035 3871 2236 3951 patrem
2268 3882 2376 3946 hic,
2420 3892 2475 3936 et
2516 3881 2764 3937 invenisti
2805 3882 3224 3937 similitudinem.
3258 3881 3451 3937 Filium

1868 3975 2130 4029 minorem
2159 3974 2365 4028 invenis
2402 3983 2554 4043 patre
2597 3974 2649 4027 in
2691 3984 2950 4043 tempore,
2983 3974 3148 4027 filium
3178 3984 3453 4043 tempora-

1869 4064 1972 4119 lem
2022 4064 2283 4118 minorem
2337 4072 2485 4132 patre
2533 4064 2830 4133 temporali.
2888 4063 3151 4133 Numquid
3206 4064 3452 4120 invenisti
3532 4130 3539 4138 _

1871 4154 1999 4207 mihi
2029 4154 2193 4207 lilium
2223 4154 2568 4224 temporalem
2600 4148 2862 4208 minorem
2885 4162 3089 4208 mlerno
3117 4156 3311 4224 patre?

1942 4244 2169 4300 CAPUT
2213 4244 2321 4298 ιἰι.
2349 4274 2421 4284 —
2447 4244 2578 4312 Quia
2615 4259 2747 4316 ergo
2784 4246 2836 4298 in
2867 4244 3161 4301 mternitate
3196 4246 3457 4302 stabilitas

1872 4341 1973 4397 est,
2012 4336 2063 4388 in
2104 4342 2340 4403 tempore
2370 4343 2543 4389 autem
2574 4335 2830 4399 varietas;
2861 4335 2914 4388 in
2953 4338 3249 4392 aeternitate
3276 4337 3456 4391 omnia

1876 4432 2038 4490 stant,
2072 4426 2124 4479 iu
2149 4434 2388 4495 tempore
2420 4425 2521 4480 alia
2547 4425 2823 4490 accedunt,
2863 4427 2965 4482 alia
2991 4429 3285 4483 succedunt
3320 4447 3333 4482 :
3364 4444 3459 4499 po-

1877 4522 1956 4569 tes
2001 4515 2238 4570 invenire
2281 4516 2540 4571 minorem
2586 4517 2754 4570 lilium
2800 4517 2852 4571 in
2906 4519 3163 4574 varietate
3205 4519 3461 4589 temporis

1877 4606 2248 4661 succedentem
2273 4608 2428 4676 patri,
2459 4608 2579 4677 quia
2606 4608 2766 4664 etiam
2794 4609 2928 4678 patri
2952 4625 3051 4664 suo
3073 4611 3184 4680 ipse
3204 4612 3464 4666 successit

1880 4712 1987 4750 non
2032 4706 2236 4752 aeterno
2280 4698 2418 4766 patri
2463 4699 2787 4766 temporalis.
2830 4700 2967 4767 Quid
2999 4716 3128 4771 ergo
3160 4716 3460 4771 possumus,

1882 4787 2073 4840 fratres
2100 4787 2227 4851 mei,
2254 4787 2307 4840 in
2337 4796 2578 4841 creatura
2615 4788 2853 4843 invenire
2878 4798 3222 4856 coaeteruum,
3253 4792 3464 4860 quando

1884 4876 1939 4932 in
1967 4888 2212 4933 creatura
2257 4878 2388 4931 nihil
2428 4878 2729 4933 invenimus
2752 4881 3044 4934 aeternum?
3085 4881 3265 4936 inveni
3303 4892 3464 4936 aeter-

1884 4986 2010 5025 num
2038 4979 2239 5038 patrem
2261 4969 2315 5022 in
2335 4977 2597 5045 creatura,
2619 4978 2673 5024 et
2697 4969 2907 5025 invenio
2927 4981 3247 5025 comternum
3274 4971 3463 5026 lilium.

1885 5061 1944 5116 Si
1971 5069 2144 5114 autem
2174 5076 2278 5114 non
2305 5061 2514 5115 invenis
2541 5068 2820 5124 a'tcruum,
2841 5069 2896 5115 et
2923 5061 3140 5115 vincunt
3171 5075 3231 5115 se
3251 5061 3305 5115 in
3329 5069 3468 5115 tem-

1889 5166 2049 5220 pore;
2092 5150 2288 5204 sufficit
2330 5158 2386 5203 nt
2419 5150 2485 5204 ad
2525 5148 2929 5205 similitudinem
2954 5150 3288 5206 inveniamus
3320 5166 3467 5207 core-

1888 5257 2032 5293 vmn.
2088 5239 2244 5294 Aliud
2290 5249 2375 5295 est
2422 5240 2565 5295 enim
2611 5250 2975 5308 coaeternum,
3021 5241 3162 5296 aliud
3204 5257 3465 5298 coaevum.

1887 5329 2108 5385 Comvos
2147 5329 2383 5399 quotidie
2427 5329 2652 5387 dicimus
2694 5345 2789 5385 eos
2846 5332 2935 5401 qui
2985 5331 3227 5386 eamdem
3272 5331 3470 5387 habent

1890 5435 2191 5475 mensuram
2226 5429 2523 5491 temporum
2553 5438 2567 5475 :
2599 5435 2702 5475 non
2730 5422 2865 5476 alter
2902 5419 2979 5474 alr
3008 5422 3178 5476 altero
3217 5422 3475 5491 prmeedi-

1893 5520 1979 5566 tur
2017 5519 2276 5580 tempore,
2306 5511 2491 5567 ambos
2535 5521 2709 5565 tamen
2754 5525 2873 5566 esse
2899 5500 3146 5581 coepisse,
3172 5525 3310 5583 quos
3335 5510 3470 5568 dici-

1894 5618 2013 5658 mus
2038 5617 2268 5658 coarvos.
2307 5603 2362 5659 Si
2408 5603 2732 5673 potuerimus
2773 5603 3015 5660 invenire
3052 5619 3287 5662 coaevum
3330 5607 3475 5678 quod

1896 5693 2131 5749 nascitur
2152 5689 2201 5748 ei
2230 5707 2260 5746 a
2293 5708 2399 5762 quo
2423 5693 2687 5758 nascitur;
2714 5694 2758 5749 si
2790 5704 3011 5765 possunt
3035 5696 3260 5755 inveniri
3292 5714 3471 5755 eova

1896 5786 2005 5863 duo
2055 5797 2315 5854 generatis
2360 5788 2414 5839 et
2448 5793 2728 5856 generatus
2774 5805 2788 5846 :
2820 5785 2905 5843 hic
2943 5787 3240 5848 invenimus
3273 5805 3474 5856 coma,
