3934 6184
411 425 514 480 667

413 537 484 593 ibi
514 536 866 604 intelligamus
908 538 1194 590 coarterna.
1241 525 1295 580 Si
1332 523 1421 577 hic
1457 519 1713 575 invenero
1753 515 1992 604 genitum

411 645 478 684 ex
508 644 573 682 eo
613 603 733 680 esse
773 622 1001 692 cmpisse
1033 635 1095 674 cx
1127 633 1234 686 quo
1274 615 1436 682 carpit
1472 619 1774 682 generator,
1800 603 1995 660 intelli-

411 721 584 790 gimus
608 725 756 772 certe
798 714 990 770 Filium
1034 711 1126 766 Dei
1168 725 1232 763 ex
1272 721 1339 763 eo
1363 720 1484 760 esse
1511 719 1616 757 non
1653 699 1995 790 anpisse,_ex

410 788 518 883 quo
543 824 650 864 non
675 808 838 877 cmpit
869 813 1166 876 generator.
1202 801 1339 855 Ecce
1373 797 1626 859 fortasse,
1663 793 1875 853 fratres,
1917 788 2001 842 in-

412 904 661 958 venimus
707 899 903 970 aliquid
949 899 999 952 in
1040 903 1304 956 creatura,
1333 889 1474 960 quod
1501 889 1568 944 de
1593 887 1696 941 alia
1724 899 1783 939 re
1810 895 2000 937 nasca-

412 1005 518 1058 tur,
549 1002 606 1048 et
635 1002 808 1046 tamen
851 1005 918 1046 ex
951 1004 1016 1043 eo
1058 996 1299 1054 tempore
1334 995 1453 1037 esse
1490 976 1725 1046 incipiat,
1778 988 1844 1028 ex
1891 983 1997 1040 quo

417 1083 574 1149 carpit
618 1081 747 1136 illud
793 1079 932 1135 unde
978 1075 1232 1132 nascitur.
1277 1072 1388 1127 [Ioc
1426 1085 1494 1125 ex
1539 1083 1605 1123 eo
1634 1081 1700 1121 ex
1731 1077 1838 1133 quo
1866 1059 1998 1116 illud

410 1175 590 1242 cmpit,
627 1171 752 1226 illud
783 1187 849 1227 ex
891 1185 957 1224 eo
991 1184 1054 1224 ex
1085 1181 1192 1237 quo
1217 1163 1351 1220 illud
1381 1177 1486 1218 non
1519 1158 1699 1229 coepit.
1729 1156 1843 1212 Hoc
1867 1166 1997 1223 ergo

410 1279 670 1327 emt-vum,
701 1262 824 1316 illtul
854 1271 1200 1315 coaeternum.

472 1354 707 1410 CAPUT
751 1353 881 1407 VIII.
912 1382 982 1392 --
1012 1352 1100 1412 II.
1147 1349 1212 1403 In
1239 1347 1416 1403 comis
1462 1342 1739 1400 similitudo
1765 1337 1999 1410 quaedam

427 1446 568 1502 t'erbi
617 1446 851 1500 coaeterni
900 1443 1030 1498 Deo.
1077 1441 1221 1513 Ignis
1275 1448 1320 1494 et
1383 1438 1472 1492 (ua:
1521 1451 1708 1490 cowua.
1753 1430 2001 1487 Arbitror

417 1537 762 1592 Sauctitatem
809 1547 1036 1590 vestram
1059 1533 1168 1604 jam
1196 1527 1522 1586 intellexisse
1559 1526 1696 1597 quod
1723 1524 1862 1588 dico,
1892 1536 1999 1576 non
2041 1549 2044 1552 ~

414 1643 576 1698 posse
619 1627 916 1697 comparari
962 1623 1268 1694 temporalia
1314 1621 1574 1684 mternis;
1625 1618 1719 1674 sed
1751 1631 1906 1687 posse
1930 1630 2000 1670 ex

412 1719 586 1788 aliqua
614 1719 756 1777 tenui
785 1727 838 1771 et
869 1733 1028 1786 parva
1081 1713 1427 1768 similitudine
1468 1725 1646 1766 comva
1693 1706 1998 1764 comternis.

416 1809 749 1862 lnveuiamus
777 1808 953 1875 itaque
975 1820 1174 1870 eoa-va,
1207 1813 1261 1858 et
1287 1803 1352 1856 de
1389 1800 1676 1871 Scripturis
1707 1798 2000 1854 admonea-

415 1916 535 1954 mur
560 1899 625 1953 ad
661 1899 760 1953 has
807 1875 1204 1954 similitudines.
1242 1895 1492 1963 Legimus
1518 1893 1570 1946 in
1618 1889 1906 1960 Scripturis
1931 1888 2000 1943 de

412 1990 524 2058 ipsa
550 1987 841 2058 Sapientia,
864 1985 1069 2040 Candor
1105 1995 1176 2038 est
1203 1987 1334 2038 enim
1357 1982 1484 2036 lucis
1512 1992 1731 2035 celerare.
1765 1980 1895 2033 Item
1923 1977 2000 2032 le-

409 2080 602 2150 gimus,
651 2077 929 2148 Speculum
973 2078 1082 2137 sine
1110 2075 1309 2128 macula
1354 2073 1451 2126 Dei
1504 2072 1781 2142 majestatis
1813 2068 1832 2140 (
1862 2069 1996 2138 Sap.

416 2186 511 2231 vn,
539 2169 610 2224 26
639 2167 679 2241 ).
705 2169 820 2237 Ipsa
841 2167 1110 2237 Sapientia
1123 2166 1263 2220 dicta
1285 2174 1365 2220 est
1389 2165 1589 2220 candor
1604 2163 1736 2217 lucis
1759 2174 1997 2227 atteram,

412 2259 554 2314 dicta
583 2268 665 2314 est
695 2259 868 2328 imago
889 2259 1093 2311 Patris:
1121 2257 1245 2310 hinc
1273 2255 1543 2324 capiamus
1575 2252 1998 2318 similitudinem,

413 2363 471 2407 ut
497 2352 830 2407 inveniamus
849 2365 1050 2414 comva,
1078 2365 1142 2404 ex
1183 2349 1376 2418 quibus
1400 2347 1757 2416 intelligamus
1778 2355 2002 2399 coaeter-

414 2459 502 2497 na.
531 2443 574 2498 ÎŸ
601 2442 820 2507 Ariaue,
855 2441 900 2496 si
933 2441 1186 2494 invenero
1208 2440 1503 2509 genitorem
1546 2453 1651 2491 non
1697 2437 2002 2506 praecedere

421 2546 667 2606 tempore
719 2534 844 2588 illud
875 2533 1014 2603 quod
1047 2532 1248 2601 genuit,
1277 2532 1322 2586 si
1349 2531 1587 2601 genitum
1620 2546 1724 2584 non
1754 2545 1874 2584 esse
1903 2531 2003 2584 mi-

415 2640 599 2680 norem
645 2633 885 2692 tempore
915 2623 1006 2676 illo
1031 2637 1060 2674 a
1105 2637 1211 2691 quo
1237 2631 1522 2691 generatus
1550 2629 1664 2687 est;
1692 2621 1894 2689 justum
1920 2629 2005 2675 est

417 2725 474 2768 ut
525 2713 790 2769 concedas
833 2712 963 2768 mihi
1013 2727 1171 2783 posse
1217 2713 1315 2766 ista
1343 2721 1608 2766 cozeterna
1663 2713 1891 2767 inveniri
1947 2714 2000 2767 iu

417 2806 695 2870 Creatore,
727 2805 944 2876 quando
991 2820 1171 2860 coaeva
1200 2806 1251 2860 in
1283 2816 1524 2861 creatura
1553 2806 1776 2860 inveniri
1813 2815 2004 2876 potue-

416 2908 560 2953 runt.
587 2898 704 2955 Jam
760 2897 974 2965 quidem
1004 2898 1270 2968 aliquibus
1312 2898 1563 2954 fratribus
1595 2898 1698 2954 hoc
1723 2914 2006 2954 occurrere

418 3002 565 3062 puto.
595 2991 728 3047 Nam
756 2998 1128 3061 praevenerunt
1152 2991 1315 3060 aliqui
1333 3007 1396 3045 ex
1423 3006 1530 3060 quo
1551 2991 1682 3056 dixi,
1708 2989 1912 3044 Candor
1934 3000 2008 3044 est

418 3085 552 3137 enim
593 3084 728 3136 lucis
779 3094 1000 3136 wlernw.
1034 3082 1174 3152 Ignis
1205 3082 1347 3136 enim
1405 3083 1574 3136 lucem
1603 3082 1792 3146 Itmdit,
1822 3083 1910 3136 lux
1941 3083 2009 3138 ab

421 3175 542 3244 igne
571 3174 828 3228 funditur.
862 3173 1002 3240 Quid
1029 3188 1057 3225 a
1089 3188 1194 3242 quo
1213 3172 1427 3238 existat,
1457 3173 1500 3227 si
1527 3188 1850 3242 quaeramus,
1874 3189 2007 3243 quo-

419 3265 551 3322 tidie
589 3280 708 3320 cum
737 3266 1006 3320 lucernam
1037 3264 1398 3328 accendimus,
1422 3263 1773 3317 admonemur
1811 3264 1889 3318 rei
1915 3281 2009 3318 cu-

416 3356 628 3427 jusdam
658 3356 936 3410 invisibilis
984 3365 1040 3410 et
1070 3354 1461 3420 inenarrabilis,
1500 3361 1561 3408 ut
1589 3354 1802 3408 lucerna
1830 3356 2007 3425 aliqua

422 3446 784 3516 intelligentia:
812 3455 1010 3500 nostra:
1036 3447 1086 3500 in
1114 3447 1210 3499 ista
1234 3455 1391 3500 nocte
1419 3445 1597 3499 saeculi
1624 3445 1792 3514 possit
1812 3461 2004 3501 accen-

419 3538 497 3591 di.
522 3537 752 3592 Attende
779 3552 900 3591 eum
925 3537 1013 3607 qui
1034 3538 1307 3591 lucernam
1350 3536 1615 3592 accendit.
1637 3536 1752 3592 Non
1783 3553 2007 3593 accensa

422 3632 660 3697 lucerna,
695 3632 928 3686 nondum
951 3642 1032 3686 est
1061 3633 1218 3703 ignis,
1259 3632 1494 3687 nondum
1521 3643 1604 3689 est
1633 3643 1686 3689 et
1713 3633 1883 3704 fulgor
1919 3636 2008 3706 qui

424 3720 494 3774 ab
523 3721 645 3791 igne
687 3723 816 3776 exit.
850 3722 1123 3791 Interrogo
1149 3730 1326 3776 autem
1355 3737 1472 3792 ego,
1518 3732 1574 3778 et
1598 3723 1720 3778 dico
1754 3743 1766 3778 :
1816 3725 2012 3795 Fulgor

421 3813 489 3867 ab
518 3813 640 3884 igne
665 3814 862 3879 existit,
894 3829 960 3868 an
987 3814 1123 3884 ignis
1142 3829 1172 3868 a
1204 3814 1448 3884 fulgore?
1473 3814 1659 3870 Omnis
1703 3815 1878 3870 anima
1912 3817 2010 3870 mi-

421 3905 475 3960 hi
503 3905 826 3976 respondet:
855 3906 1022 3960 voluit
1041 3908 1182 3960 enim
1213 3907 1354 3961 Deus
1388 3907 1709 3962 inseminare
1733 3912 1876 3962 omni
1895 3911 2009 3962 ani-

424 4014 527 4054 ma:
573 3998 723 4053 initia
767 3998 1091 4063 intellectus,
1127 3999 1274 4052 initia
1323 3999 1600 4068 sapientiae
1633 4016 1646 4052 :
1677 4001 1850 4054 omnis
1880 4000 2008 4055 mihi

421 4093 600 4148 anima
631 4093 938 4162 respondet,
990 4101 1046 4147 et
1092 4107 1253 4147 nemo
1305 4093 1532 4158 dubitat,
1565 4093 1709 4163 quod
1759 4095 2012 4164 splendor

422 4183 516 4239 ille
543 4185 610 4239 de
638 4185 757 4254 igne
786 4184 988 4250 existit,
1032 4199 1138 4238 non
1165 4184 1300 4253 ignis
1325 4185 1392 4240 de
1408 4186 1712 4255 splendore.
1745 4187 2010 4242 Ponamus

422 4290 551 4344 ergo
567 4275 742 4344 ignem
769 4284 974 4346 patrem
1005 4274 1145 4329 illius
1174 4275 1476 4343 splendoris
1509 4295 1521 4330 :
1555 4278 1676 4347 quia
1718 4279 1828 4348 jam
1871 4294 2010 4348 pra:-

424 4363 587 4418 Iocuti
615 4379 800 4420 sumus
826 4379 1005 4419 coaeva
1049 4379 1150 4419 nos
1178 4380 1436 4433 quzerere,
1486 4383 1590 4422 non
1635 4379 1922 4424 eoa-terna.
1953 4369 2009 4426 Si

426 4455 699 4510 lucernam
753 4456 1052 4511 accendere
1100 4458 1286 4525 cupio,
1334 4459 1571 4513 nondum
1602 4470 1682 4514 est
1735 4463 1804 4516 ibi
1853 4462 2007 4532 ignis,

425 4546 660 4600 nondum
685 4555 740 4601 et
785 4546 878 4600 ille
905 4546 1159 4615 splendor
1191 4564 1204 4599 :
1247 4563 1370 4601 mor
1401 4556 1577 4604 autem
1605 4561 1661 4603 ut
1692 4553 2006 4618 accendero,

422 4636 710 4690 simulcmn
738 4637 860 4705 igne
885 4644 942 4692 et
967 4636 1432 4706 splendorexistit.
1465 4647 1534 4691 va
1557 4642 1641 4693 hic
1672 4641 1800 4693 mihi
1835 4642 2010 4711 ignem

423 4729 542 4782 sine
593 4728 905 4800 splendore,
955 4737 1009 4783 et
1057 4727 1223 4784 credo
1255 4730 1272 4760 á½·
1303 4730 1396 4785 tibi
1447 4729 1656 4786 Patrem
1709 4732 1870 4788 fuisse
1896 4735 2012 4790 sine

424 4819 587 4873 Filio.

492 4907 718 4967 CAPUT
758 4909 848 4965 IX.
875 4911 1060 4965 -12.
1086 4911 1204 4966 Alia
1228 4927 1416 4980 cornva,
1447 4913 1614 4984 imago
1666 4922 1712 4967 et
1754 4931 1834 4968 res
1882 4917 2014 4972 unde

423 5002 673 5056 nascitur.
722 5001 993 5058 Attendite
1022 5019 1036 5056 :
1067 5002 1206 5057 dicta
1237 5012 1318 5057 est
1343 5013 1404 5058 ut
1425 5006 1599 5074 putuit
1629 5021 1657 5059 a
1690 5006 1843 5061 nobis
1865 5016 2009 5061 tanta

426 5101 519 5141 res
545 5085 669 5152 dici,
706 5087 930 5142 Domino
956 5087 1237 5156 adjuvante
1263 5087 1609 5144 intentionem
1636 5091 1896 5146 orationis
1917 5108 2011 5146 ve-

423 5187 550 5233 stra:
572 5186 630 5233 et
643 5180 1079 5248 praeparationem
1108 5178 1284 5233 cordis
1311 5180 1493 5246 vestri,
1531 5184 1816 5252 excepistis
1841 5200 2011 5253 quan-

439 5278 550 5322 tum
571 5282 763 5336 capere
789 5268 1056 5336 potuistis.
1103 5266 1194 5320 Illa
1223 5277 1399 5323 tamen
1429 5262 1711 5325 inelTabilia
1741 5283 1884 5328 sunt.
1915 5274 2010 5328 Ni-

434 5357 510 5411 ItiI
558 5357 777 5429 dignum
825 5359 1021 5428 putetis
1058 5358 1280 5425 dictmu,
1321 5361 1401 5414 vel
1440 5376 1505 5414 eo
1554 5361 1669 5430 ipso
1697 5379 1802 5432 quo
1836 5378 2012 5419 cozeva

424 5449 707 5504 coaeternis
729 5459 1125 5519 comparantur,
1156 5451 1466 5518 temporalia
1496 5465 1707 5521 semper
1751 5456 2014 5510 manenti-

427 5537 550 5604 bus,
575 5539 966 5609 exstinguibilia
998 5540 1408 5595 immortalibus.
1453 5541 1560 5596 Sed
1590 5543 1710 5612 quia
1737 5543 1912 5600 dictus
1931 5554 2014 5600 est

430 5628 591 5685 Filius
605 5639 660 5682 et
686 5629 859 5699 imago
887 5630 1075 5694 Patris,
1097 5632 1419 5699 accipiamus
1443 5640 1498 5686 et
1518 5631 1640 5687 hinc
1667 5632 1895 5704 aliquam
1941 5637 2015 5691 Îµá¼°Ï‚

431 5714 781 5770 militudiucm
797 5718 849 5769 in
867 5719 1024 5772 rebus
1040 5719 1196 5789 longe
1217 5721 1608 5790 differentibus,
1644 5733 1698 5778 ut
1738 5726 2012 5798 praelocuti

494 5823 512 5854 Î¹
530 5830 656 5873 Unus
679 5825 1006 5875 eminentius
1029 5837 1153 5890 Mss,
1179 5834 1312 5881 cedo.

1646 406 1704 462 S.
1747 399 2106 459 AUCUSTENI
2148 395 2448 454 EIâ€˜iSCOPI

3582 390 3698 446 668

2107 523 2309 562 sumus.
2355 508 2536 575 Imago
2580 504 2761 559 existit
2807 502 2875 558 de
2891 501 3112 572 speculo
3157 498 3389 554 hominis
3430 498 3696 556 intuentis

2104 599 2400 668 Speculum.
2433 597 2547 652 Non
2576 595 2727 649 nobis
2770 601 2942 662 potest
2967 591 3243 660 sullâ€˜ragari
3272 590 3340 644 ad
3365 590 3695 646 evidentiam

2101 691 2178 744 rei
2210 689 2385 756 hujus,
2431 702 2588 756 quam
2619 685 2885 753 explicare
2929 691 3219 750 utcumque
3257 695 3532 735 conamur.
3591 681 3694 736 Et-

2103 780 2246 836 enim
2295 777 2489 834 dicitur
2533 777 2661 830 mihi
2692 793 2704 827 :
2735 775 2826 828 Ille
2849 773 2938 843 qui
2983 771 3207 825 attendit
3235 771 3532 840 speculum,
3579 769 3702 840 jam

2103 871 2285 939 utique
2319 878 2452 932 erat,
2483 877 2538 922 et
2557 866 2667 936 jam
2713 875 2867 918 natus
2893 874 3026 917 erat.
3051 862 3240 916 Existit
3273 861 3444 931 imago
3471 876 3595 915 mox
3634 870 3702 916 ut

2101 971 2348 1030 aspector
2377 957 2656 1014 exstiterit.
2692 955 2824 1009 Nam
2853 954 2939 1007 ille
2967 952 3058 1023 qui
3092 952 3326 1020 inSpicit,
3357 962 3475 1006 erat
3510 963 3562 1007 et
3588 968 3701 1006 an-

2078 1063 2319 1124 tequam
2364 1051 2644 1107 accederet
2682 1048 2748 1104 ad
2790 1046 3084 1117 speculum.
3121 1045 3255 1112 Quid
3287 1059 3417 1113 ergo
3447 1045 3704 1099 invenio...

2101 1160 2241 1213 mus,
2270 1143 2411 1200 unde
2442 1143 2702 1214 possimus
2722 1156 2911 1195 eruere
2937 1141 3096 1193 talem
3127 1136 3547 1202 similitudinem,
3577 1138 3659 1193 sic
3677 1165 3706 1179 -

2101 1245 2158 1292 ut
2185 1237 2421 1292 eruimus
2460 1234 2526 1289 de
2568 1235 2688 1302 igne
2726 1239 2777 1286 et
2806 1229 3128 1300 splendore?
3158 1228 3436 1284 Faciamus
3473 1243 3504 1282 a
3533 1227 3705 1281 mini-

2102 1343 2193 1384 mo
2221 1333 2266 1379 â¸.
2308 1326 2484 1380 Facile
2533 1324 2702 1379 nostis
2743 1320 3190 1393 quemadmodum
3227 1334 3362 1389 aqua
3401 1333 3698 1388 corporum

2103 1434 2245 1490 smpe
2271 1418 2458 1474 reddat
2486 1415 2759 1486 imagines.
2781 1414 2892 1468 Hoc
2925 1412 3151 1466 dicimus
3175 1428 3189 1476 ;
3217 1410 3429 1479 quando
3458 1410 3698 1479 quisque

2103 1513 2186 1567 vel
2211 1511 2398 1567 transit
2423 1524 2585 1580 super
2627 1521 2818 1576 aquam
2849 1505 2934 1559 vel
2961 1512 3090 1566 stat,
3134 1503 3278 1556 videt
3309 1502 3378 1556 ibi
3407 1503 3703 1572 imaginem

2102 1618 2274 1656 suam.
2304 1595 2566 1654 Ponamus
2583 1611 2709 1667 ergo
2726 1595 2922 1665 aliquid
2953 1603 3135 1648 natum
3164 1607 3323 1661 super
3344 1607 3558 1661 aquam,
3579 1591 3695 1646 vel-

2103 1705 2160 1750 ut
2190 1695 2474 1764 virgultum
2515 1700 2607 1746 aut
2659 1690 2901 1753 herbam,
2954 1704 3132 1743 nonne
3163 1703 3285 1742 cum
3327 1686 3556 1755 imagine
3597 1700 3706 1740 sua

2103 1785 2373 1840 nascitur?
2393 1784 2514 1838 llon
2541 1792 2598 1837 ut
2619 1781 2800 1850 incipit
2823 1780 3074 1844 existere,
3110 1778 3294 1847 incipit
3319 1793 3440 1831 cum
3459 1778 3551 1831 illo
3577 1777 3706 1832 exi-

2102 1884 2245 1930 stere
2295 1875 2470 1943 imago
2497 1872 2634 1942 ejus,
2663 1885 2768 1925 non
2792 1869 3045 1938 praecedit
3094 1867 3362 1922 nascendo
3408 1867 3710 1935 imaginem
3745 1895 3762 1906 Î¿

2102 1981 2252 2018 suam
2285 1979 2430 2016 :non
2480 1961 2610 2016 mihi
2639 1959 2940 2015 ostenditur
2975 1967 3156 2012 natum
3184 1973 3306 2012 esse
3359 1957 3559 2026 aliquid
3607 1971 3714 2011 su-

2104 2073 2198 2126 per
2224 2071 2442 2125 aquam,
2477 2063 2535 2108 et
2581 2062 2763 2122 postea
2785 2050 3094 2120 apparuisse
3119 2049 3397 2118 imaginem
3420 2049 3555 2117 ejus,
3574 2064 3706 2104 cum

2105 2146 2234 2200 illud
2257 2147 2373 2200 sine
2400 2144 2629 2214 imagine
2655 2143 2802 2213 prius
2840 2148 3156 2212 appareret;
3198 2139 3288 2194 sed
3316 2142 3546 2195 nascitur
3573 2155 3709 2195 cum

2104 2236 2335 2306 imagine
2372 2251 2467 2289 sua
2501 2243 2589 2288 ÎµÎ½Î¹
2632 2242 2811 2288 tamen
2865 2233 3041 2300 imago
3070 2231 3137 2284 ab
3178 2231 3290 2293 illo,
3322 2245 3428 2290 non
3471 2231 3595 2284 illud
3624 2233 3708 2286 ab

2104 2330 2350 2398 imagine.
2378 2327 2620 2382 Nascitur
2633 2341 2760 2397 ergo
2778 2340 2898 2380 cum
2927 2324 3152 2393 imagine
3177 2334 3362 2389 sua,et
3393 2324 3552 2378 simul
3575 2339 3710 2382 esse

2105 2419 2360 2487 incipiunt
2414 2418 2694 2488 virgultum
2756 2425 2811 2470 et
2863 2416 3037 2485 imago
3085 2417 3222 2482 ejus.
3269 2414 3538 2484 Numquid
3591 2431 3708 2472 non

2106 2509 2284 2564 lateris
2303 2510 2584 2579 imaginem
2610 2523 2730 2563 esse
2770 2508 2837 2562 de
2867 2508 2960 2562 illo
3000 2508 3245 2576 virgulto,
3279 2523 3384 2562 non
3409 2508 3708 2577 virgultum

2106 2599 2173 2656 de
2196 2600 2424 2670 imagine
2452 2599 2686 2664 genitum
2709 2597 2731 2650 ?
2775 2597 2914 2667 Ergo
2942 2596 3008 2650 de
3033 2597 3127 2652 illo
3152 2597 3384 2666 virgulto
3419 2599 3707 2654 conï¬teris

2108 2692 2412 2760 imaginem.
2441 2689 2622 2760 Itaque
2666 2699 2721 2744 et
2747 2705 3030 2760 generatis,
3063 2699 3116 2744 et
3155 2690 3296 2759 quod
3326 2692 3565 2760 genitum
3591 2702 3702 2758 est,

2108 2783 2264 2838 simul
2299 2798 2419 2838 esse
2456 2791 2753 2851 coeperunt.
2795 2782 2938 2851 Ergo
2987 2797 3165 2836 enarra
3198 2791 3338 2836 sunt.
3391 2781 3445 2837 Si
3485 2799 3712 2853 semper

2108 2874 2414 2944 virgultum,
2444 2887 2658 2943 semper
2682 2880 2737 2926 et
2772 2873 2945 2942 imago
2970 2871 3037 2927 de
3065 2873 3312 2943 virgulto.
3340 2873 3493 2941 Quod
3518 2885 3707 2929 autem

2109 2965 2176 3020 de
2205 2967 2311 3020 alio
2329 2974 2431 3030 est,
2475 2966 2656 3034 utique
2707 2974 2889 3019 natum
2940 2975 3041 3019 est.
3091 2965 3271 3019 Potest
3317 2981 3446 3034 ergo
3486 2982 3711 3037 seraper

2110 3071 2229 3111 csse
2253 3071 2536 3126 generous,
2568 3068 2620 3110 et
2642 3071 2854 3124 semper
2875 3071 2996 3110 cum
3021 3056 3110 3109 illo
3137 3056 3276 3125 quod
3293 3056 3361 3111 de
3382 3057 3475 3111 illo
3506 3068 3696 3112 uatum

2110 3157 2211 3203 est.
2246 3149 2316 3203 Ibi
2339 3149 2482 3202 enim
2499 3148 2877 3210 :estuabamus,
2898 3147 2967 3200 ibi
3012 3147 3400 3212 laborabamus,
3423 3151 3710 3219 quomodo

2112 3237 2501 3306 intelligeretur
2527 3237 2854 3305 sempiterna
2876 3236 3140 3290 uativitas.
3163 3237 3306 3307 Ergo
3328 3237 3467 3292 ï¬lius
3483 3238 3581 3292 Dei
3611 3254 3712 3293 seâ€”

2111 3327 2340 3382 cundum
2368 3326 2468 3380 hoc
2490 3325 2703 3389 dicitur,
2735 3325 2874 3394 quod
2899 3334 2952 3380 et
2983 3326 3140 3379 Pater
3159 3335 3260 3391 est,
3285 3326 3424 3396 quod
3446 3327 3609 3382 habet
3631 3328 3706 3384 de

2111 3431 2216 3487 quo
2245 3416 2315 3470 sit
2349 3435 2360 3470 :
2393 3431 2498 3470 non
2517 3413 2807 3469 secundum
2838 3415 2958 3479 hoc,
2983 3415 3125 3485 quod
3151 3416 3298 3484 prior
3342 3426 3490 3471 esset
3522 3417 3703 3484 Pater,

2112 3517 2167 3563 et
2183 3517 2362 3578 postea
2391 3507 2574 3561 Filius.
2595 3505 2818 3574 Semper
2847 3506 3021 3570 Pater,
3051 3521 3263 3575 semper
3288 3505 3455 3562 Filius
3491 3507 3560 3562 de
3602 3508 3710 3562 Pa-

2115 3608 2213 3653 tre.
2247 3597 2312 3652 Et
2333 3597 2453 3667 quia
2483 3595 2734 3666 quidquid
2759 3595 2826 3650 de
2849 3596 3026 3664 aliquo
3052 3604 3154 3659 est,
3181 3606 3362 3651 uatum
3387 3607 3471 3653 est
3506 3615 3522 3662 ;
3555 3614 3711 3652 sem-

2115 3709 2207 3761 per
2228 3690 2388 3761 igitur
2415 3690 2580 3744 Filius
2605 3697 2779 3744 natus.
2811 3688 3036 3758 Semper
3068 3688 3241 3753 Pater,
3263 3705 3482 3758 seraper
3503 3689 3573 3745 de
3613 3691 3710 3745 illo

2115 3785 2320 3854 imago;
2353 3782 2621 3852 quomodo
2647 3782 2820 3851 imago
2849 3780 2934 3835 illa
2967 3781 3178 3852 virgulti
3210 3781 3278 3837 de
3306 3782 3542 3852 virgulto
3582 3791 3714 3838 nata

2115 3883 2217 3940 est,
2248 3883 2303 3929 et
2329 3874 2372 3928 si
2411 3889 2623 3942 semper
2667 3873 2973 3942 virgultum,
3025 3888 3240 3942 semper
3287 3884 3408 3928 nata
3471 3885 3622 3930 esset
3655 3885 3710 3932 et

2113 3967 2286 4034 imago
2311 3964 2379 4019 de
2406 3965 2652 4034 virgulto.
2671 3964 2786 4018 Non
2807 3965 3021 4034 potuisti
3044 3965 3282 4020 invenire
3308 3978 3582 4022 coaeterna
3614 3985 3713 4039 ge-

2116 4059 2222 4112 nita
2245 4057 2459 4112 aeternis
2485 4057 2838 4127 genitoribus,
2863 4065 2916 4112 et
2945 4057 3190 4110 invenisti
3207 4072 3383 4112 coaava
3416 4071 3540 4116 nata
3566 4071 3709 4116 tern-

2113 4149 2384 4218 poralibus
2428 4147 2788 4218 gignentibus.
2822 4147 3058 4214 Intelligo
3105 4157 3434 4204 coasternum
3492 4151 3701 4206 Filium

2115 4249 2295 4294 natum
2345 4250 2549 4294 aeterno
2595 4240 2850 4310 gignenti.
2901 4239 3052 4307 Quod
3106 4241 3250 4296 enim
3296 4252 3378 4298 est
3423 4247 3712 4314 temporali

2113 4345 2376 4393 comvum,
2401 4331 2505 4385 hoc
2528 4341 2827 4387 estis-terno
2855 4341 3198 4387 comternum.

2184 4441 2411 4498 CAPUT
2451 4443 2518 4497 X.
2543 4445 2725 4498 -15.
2757 4443 2823 4497 In
2852 4445 3263 4499 similitudinibus
3293 4448 3466 4503 allatis
3491 4459 3565 4503 est
3617 4453 3702 4504 in-

2115 4533 2396 4600 aequalitas.
2439 4533 2535 4587 llic
2575 4535 2685 4603 jam
2733 4533 2996 4588 modicum
3040 4538 3332 4606 estâ€™quod
3391 4541 3709 4609 advertatis,

2116 4624 2326 4682 fratres.
2351 4631 2568 4692 propter
2617 4623 2990 4693 blaSphemias.
3039 4626 3265 4696 Semper
3288 4630 3430 4683 enim
3480 4631 3699 4698 dicitur,

2119 4712 2256 4767 I-Jcee
2285 4713 2477 4767 dedisti
2515 4715 2924 4770 similitudines:
2963 4717 3055 4771 sed
3104 4719 3356 4786 splendor
3399 4723 3489 4790 qui
3523 4723 3704 4778 fundi-

2120 4815 2203 4858 tur
2247 4805 2313 4860 de
2347 4807 2486 4876 igne,
2521 4808 2696 4862 minus
2726 4809 2868 4862 lucet
2893 4826 3050 4879 quam
3105 4811 3216 4880 ipse
3239 4813 3408 4883 ignis;
3433 4824 3486 4882 et
3532 4818 3710 4883 imago

2116 4898 2328 4968 virgulti
2351 4899 2528 4954 minus
2565 4901 2745 4970 utique
2772 4900 2926 4955 habet
2956 4906 3357 4972 proprietatem,
3378 4924 3535 4976 quam
3576 4911 3706 4964 illud

2118 4989 2402 5060 virgultum
2429 4991 2567 5046 unde
2591 4992 2763 5062 imago
2783 5003 2882 5046 est.
2915 4993 3122 5048 Habent
3144 4996 3248 5049 ista
3279 4997 3706 5064 similitudinem,

2117 5077 2212 5133 sed
2237 5095 2338 5133 non
2369 5080 2566 5135 habent
2589 5081 2946 5136 omnimodam
2974 5084 3334 5153 aequalitatem
3370 5106 3383 5142 :
3412 5105 3576 5158 quare
3600 5107 3706 5145 non

2118 5169 2366 5225 videntur
2385 5186 2505 5225 esse
2530 5171 2766 5240 ejusdem
2784 5174 3116 5230 substantize.
3140 5176 3275 5244 Quid
3301 5179 3702 5248 ergodicemus,

2120 5264 2162 5316 si
2181 5263 2324 5318 dicat
2348 5266 2541 5334 aliquis
2574 5284 2587 5320 :
2619 5265 2762 5320 Talis
2785 5276 2866 5323 est
2893 5284 3020 5338 ergo
3047 5269 3208 5324 Filius
3234 5271 3297 5326 ad
3328 5273 3561 5338 Patrem,
3587 5291 3707 5344 qna-

2121 5353 2186 5408 lis
2205 5354 2271 5408 ad
2303 5356 2474 5425 ignem
2501 5357 2773 5425 splendor,
2801 5369 2854 5412 et
2884 5359 3057 5429 imago
3100 5362 3167 5416 ad
3192 5363 3477 5433 virgultum
3501 5367 3526 5418 ?
3571 5365 3705 5422 Ecce

2121 5445 2357 5501 intellexi
2409 5456 2665 5502 aeternum
2704 5449 2937 5516 Patrem,
2995 5452 3230 5507 intellexi
3261 5464 3584 5511 comternum
3614 5457 3702 5511 Fi-

2121 5537 2248 5592 lium
2317 5547 2492 5594 tamen
2545 5540 2682 5595 sicut
2709 5541 2936 5597 eï¬‚â€˜usum
2989 5543 3331 5613 splendorem
3385 5547 3561 5604 minus
3587 5549 3707 5620 igne

2122 5629 2412 5698 lucentem,
2469 5639 2559 5685 aut
2589 5631 2728 5686 sicut
2761 5632 2983 5687 effusam
3039 5635 3321 5705 imaginem
3353 5637 3527 5694 minus
3547 5653 3702 5712 quam

2187 5782 2201 5812 Â¹
2227 5791 2320 5829 am.
2340 5789 2412 5831 Fr.
2442 5790 2493 5832 et
2515 5790 2642 5838 Mss.
2674 5784 2922 5834 Far-inmte:
2945 5785 3034 5836 hoc
3054 5785 3231 5836 animo.

2189 5845 2207 5873 Â³
2233 5853 2330 5891 Am.
2355 5853 2406 5893 et
2423 5851 2518 5902 lâ€˜llâ€˜.,
2546 5844 2664 5896 hinc
2687 5853 2828 5896 etiam
2852 5855 2919 5897 est
2943 5846 3199 5898 modicam.
