3852 6182
186 405 291 461 669

187 522 471 589 virgultum
524 518 842 576 existumem
871 516 1140 574 dicimus?
1168 516 1281 571 Non
1314 530 1331 571 ε
1360 514 1453 572 sed
1497 516 1770 586 a‘qualitas

185 610 491 671 ouuumoda
516 621 622 667 est.
651 611 767 665 Non
792 608 974 675 credo,
1007 610 1102 674 ait,
1126 608 1245 679 quia
1268 622 1373 662 non
1411 606 1660 662 invenisti
1692 605 1769 660 si-

185 706 557 765 militudinem.
590 703 698 759 Sed
733 702 893 758 crede
919 700 1199 770 Apostolo,
1219 699 1344 769 quia
1393 698 1562 767 potuit
1590 696 1771 751 videre

182 800 319 874 quod
341 799 452 854 dixi
484 799 525 853 ί.
561 797 649 853 Ait
668 795 811 851 enim
840 812 852 847 :
880 793 1002 848 Non
1028 793 1261 863 rapinam
1283 791 1552 845 arbitratus
1575 798 1772 843 estesse

182 893 391 964 qualis
440 889 589 956 Deo(
620 887 854 959 Philipp.
881 902 938 953 It,
983 885 1016 941 6
1049 886 1089 952 ).
1119 883 1416 954 Eqnalitas
1439 880 1585 936 omni
1610 880 1770 935 modo

180 981 539 1053 coniungitur.
582 978 652 1034 Et
687 977 814 1049 quid
862 975 1042 1030 dixit?
1080 973 1201 1028 Non
1247 972 1500 1043 rapinam.
1534 968 1771 1039 ‘Quare't

180 1077 309 1142 Quia
339 1072 468 1128 illud
495 1081 581 1125 est
607 1071 812 1140 rapina,
844 1067 986 1138 quod
1012 1066 1244 1120 alienum
1275 1074 1377 1119 est.

252 1166 339 1220 Η.
366 1162 491 1216 Filii
516 1161 611 1214 Dei
625 1159 939 1214 cowternitas
965 1165 1010 1211 et
1026 1156 1290 1226 tequalitas
1310 1170 1372 1208 ea:
1389 1152 1581 1206 duobus
1606 1150 1767 1205 colla-

182 1259 241 1310 tis
297 1252 690 1310 similitudinum
732 1248 1012 1322 generibus.
1062 1246 1261 1300 Tamen
1311 1260 1374 1299 ex
1405 1244 1608 1319 duabus
1653 1241 1768 1296 istis

182 1346 556 1404 collationibus
581 1352 636 1399 et
660 1340 943 1413 generibus
971 1337 1198 1400 duobus,
1227 1332 1631 1389 similitudinem
1653 1331 1765 1414 for-

185 1442 342 1494 tassis
368 1438 668 1494 iuvi-nimus
710 1435 763 1488 in
793 1444 1056 1492 creatura,
1090 1427 1357 1499 quomodo
1412 1425 1767 1495 intelligamus

187 1530 372 1585 Filium
402 1538 457 1583 et
489 1535 814 1581 cowternum
844 1522 987 1577 Patri
1009 1529 1062 1576 et
1102 1531 1431 1588 nequaquam
1480 1516 1763 1570 minorem.

186 1618 288 1676 Sed
319 1635 422 1674 non
450 1617 579 1672 illud
629 1606 910 1685 possumus
941 1611 1187 1666 invenire
1217 1610 1268 1663 in
1324 1623 1429 1661 uno
1467 1620 1662 1678 genere
1687 1606 1765 1660 si-

187 1711 532 1768 militudinum
579 1725 596 1760 :
637 1707 926 1777 iungamus
992 1702 1151 1757 ambo
1208 1714 1425 1771 genera.
1483 1695 1762 1765 Quomodo

189 1804 342 1858 ambo
365 1798 599 1872 genera?
621 1795 799 1854 Unum
823 1793 963 1875 unde
993 1793 1090 1863 ipsi
1138 1791 1266 1846 dant
1291 1788 1687 1849 similitudines.
1709 1795 1765 1841 et

191 1894 412 1947 alterum
436 1889 571 1945 unde
606 1903 705 1944 nos
729 1885 993 1942 dedimus.
1045 1883 1314 1938 Dederunt
1341 1882 1484 1935 enim
1515 1878 1589 1933 illi
1615 1878 1763 1932 simi-

193 1980 433 2036 litudines
449 1995 511 2034 ex
542 1977 627 2032 his
643 1992 762 2047 qua:
789 1983 1081 2029 nascuntur
1105 1971 1160 2026 in
1187 1980 1446 2039 tempore,
1470 1979 1525 2023 et
1555 1982 1760 2038 praece-

193 2072 378 2126 duntur
397 2080 632 2140 tempore
671 2066 738 2121 ab
762 2066 891 2120 eisa
918 2063 1111 2133 quibus
1154 2070 1465 2126 nascuntur,
1496 2061 1632 2115 sicut
1661 2060 1758 2113 ho-

199 2177 277 2215 mo
311 2159 375 2216 de
402 2159 641 2215 homine.
676 2156 841 2226 Major
871 2155 959 2208 ille
987 2163 1228 2223 tempore
1262 2151 1407 2220 prior
1427 2159 1580 2205 natus
1613 2168 1625 2204 :
1667 2148 1760 2204 sed

200 2264 361 2309 tamen
399 2254 558 2307 homo
599 2262 654 2306 et
686 2249 866 2312 homo,
926 2246 977 2301 id
1022 2253 1102 2301 est
1143 2243 1382 2314 ejusdem
1428 2241 1756 2297 substantia.

196 2346 352 2401 ilouto
379 2344 518 2400 enim
566 2342 835 2397 hominem
864 2344 1106 2409 generat,
1161 2343 1213 2389 et
1254 2348 1422 2402 equus
1457 2346 1678 2401 equum,
1708 2337 1762 2386 et

197 2451 341 2507 pecus
378 2433 656 2505 pecudem.
703 2431 781 2486 Ad
834 2427 1077 2484 eamdem
1106 2424 1457 2480 substantiam
1501 2430 1762 2493 generant

197 2530 313 2595 ista;
335 2527 424 2582 sed
449 2540 557 2581 non
606 2522 674 2578 ad
727 2521 868 2577 idem
898 2529 1126 2589 tempus.
1163 2516 1379 2571 Diversa
1401 2522 1526 2570 sunt
1554 2522 1760 2582 tempo-

197 2633 281 2683 re;
314 2617 401 2672 sed
428 2632 536 2672 non
590 2623 708 2668 sunt
733 2612 942 2668 diversa
971 2620 1178 2664 natura.
1202 2604 1340 2673 Quid
1376 2618 1504 2675 ergo
1533 2602 1618 2657 hic
1646 2603 1761 2657 lau-

196 2710 361 2765 damus
384 2710 436 2765 in
457 2711 556 2764 ista
587 2704 902 2761 nativitate?
949 2702 1104 2756 Certe
1126 2699 1479 2770 :equalitatem
1533 2705 1756 2750 naturte.

196 2800 316 2868 Quid
351 2809 526 2856 autem
579 2796 783 2854 deest?
823 2793 1123 2864 Eqnalitas
1154 2789 1429 2861 temporis.
1459 2787 1758 2841 Tencamus

194 2891 270 2947 hic
293 2906 448 2946 unum
468 2888 613 2961 quod
638 2885 902 2951 laudatur,
932 2883 985 2937 id
1009 2891 1110 2947 est,
1138 2880 1491 2950 aequalitatem
1523 2885 1756 2931 naturai.

197 2983 244 3037 In
268 2983 352 3037 illo
376 2991 553 3036 autem
598 2991 798 3050 genere
826 2974 1256 3036 similitudinum,
1289 2971 1432 3042 quod
1475 2987 1574 3026 nos
1600 2969 1755 3025 dedi—

193 3090 300 3131 mus
322 3075 386 3130 de
404 3071 694 3146 splendore
712 3070 915 3139 igniset
939 3066 1008 3123 de
1039 3066 1269 3134 imagine
1307 3062 1542 3133 virgulti,
1575 3077 1757 3146 requa-

194 3167 371 3221 litatem
420 3174 628 3219 natura:
696 3178 803 3217 non
866 3159 1093 3223 invenis,
1152 3156 1360 3212 invenis
1403 3155 1757 3210 comitatem.

194 3254 313 3322 Quid
338 3255 423 3309 hic
444 3251 760 3309 laudamus?
777 3249 1143 3304 Comvitatem.
1165 3245 1302 3313 Quid
1325 3231 1520 3300 deest?
1550 3243 1756 3313 Equa-

198 3346 302 3401 litas
324 3355 541 3401 naturae.
566 3342 839 3413 Coniunge
856 3356 974 3411 quae
998 3339 1201 3395 laudas.
1230 3336 1286 3393 in
1308 3337 1575 3393 creaturis
1614 3339 1757 3392 enim

196 3436 333 3492 deest
355 3435 551 3506 aliquid
589 3434 730 3505 quod
753 3432 960 3497 laudas,
1013 3430 1065 3485 in
1109 3429 1360 3484 Creatore
1409 3427 1600 3483 deesse
1629 3426 1760 3480 nihil

197 3536 348 3595 potest
379 3545 395 3585 :
423 3528 546 3598 quia
571 3525 714 3596 quod
739 3524 944 3578 invenis
963 3522 1015 3577 in
1040 3529 1307 3587 creatura,
1336 3535 1364 3572 a
1391 3519 1645 3574 Creatore
1668 3533 1758 3571 ar-

198 3620 321 3675 tilice
344 3617 620 3690 processit.
647 3614 783 3683 Quid
812 3628 943 3685 ergo
974 3614 1028 3666 in
1050 3613 1244 3667 corevis
1268 3612 1292 3665 ‘l
1320 3624 1498 3666 nonne
1527 3609 1627 3663 hoc
1646 3609 1761 3663 Deo

197 3709 408 3765 ilattdum
430 3708 572 3780 quod
602 3706 671 3763 ibi
699 3705 933 3761 laudas?
960 3702 1114 3772 Quod
1144 3710 1322 3757 autem
1358 3701 1508 3755 deest
1534 3714 1638 3753 non
1661 3699 1760 3752 tri-

199 3803 441 3858 buendum
468 3800 759 3872 maiestati,
792 3800 845 3854 in
874 3814 977 3869 qua
1022 3797 1203 3851 nullus
1230 3785 1468 3849 defectus
1491 3800 1593 3848 est.
1620 3791 1760 3846 Ecce

199 3893 350 3950 offero
376 3896 465 3949 tibi
503 3893 699 3965 genitis
728 3905 906 3946 comva
935 3887 1207 3961 gignentia
1241 3904 1254 3940 :
1287 3883 1469 3939 laudas
1499 3883 1571 3937 ibi
1615 3897 1759 3937 cete-

202 3988 523 4053 vitatem,scd
547 3986 952 4055 disparilitatcm
983 3978 1351 4052 reprehendis.
1384 3976 1533 4045 Quod
1574 3990 1760 4045 repre-

201 4078 389 4148 hendis,
429 4080 537 4135 noli
588 4079 822 4133 tribuere
877 4076 1015 4141 Deo;
1041 4071 1184 4144 quod
1230 4070 1434 4133 laudas,
1466 4068 1638 4123 tribue
1666 4084 1678 4120 :
1705 4073 1762 4121 et

204 4171 370 4225 tribuis
392 4171 461 4226 illi
488 4186 553 4225 ex
583 4170 687 4224 isto
704 4182 905 4240 genere
932 4163 1336 4221 similitudinum
1364 4178 1460 4232 pro
1480 4159 1759 4216 comvitate

200 4264 609 4326 communitatem,
633 4271 692 4315 ut
726 4269 1026 4314 coaeternus
1060 4259 1132 4311 sit
1174 4264 1328 4310 natus
1353 4270 1475 4308 cum
1504 4268 1570 4309 eo
1596 4267 1625 4306 a
1654 4267 1761 4322 quo

202 4361 339 4408 natus
358 4354 441 4409 sit.
466 4354 542 4408 De
564 4354 670 4407 alio
688 4361 867 4407 autem
892 4349 1298 4405 similitudinum
1321 4362 1539 4418 genere,
1571 4360 1689 4415 qua:
1705 4353 1761 4400 et

202 4440 298 4511 ipsa
338 4451 576 4499 creatura
616 4442 708 4497 Dei
744 4450 847 4508 est,
895 4448 949 4495 et
974 4439 1133 4493 debet
1174 4437 1390 4492 laudare
1417 4435 1748 4500 Creatorem,

198 4532 308 4599 quid
336 4533 402 4587 ibi
452 4531 678 4587 laudas?
704 4529 1082 4601 IEqnalitatem
1122 4536 1354 4582 naturae.
1400 4526 1518 4581 .lam
1543 4534 1761 4595 propter

198 4621 325 4678 illam
366 4624 761 4680 distinctionem
806 4622 1033 4678 dederas
1071 4619 1605 4685 coaeternitatemma
1631 4632 1759 4688 pro-

196 4721 302 4785 ptrr
349 4716 501 4772 istam
526 4757 541 4781 ,
573 4716 960 4785 aequalitatem;
992 4721 1047 4767 et
1090 4713 1323 4782 perfecta
1372 4720 1457 4766 est
1507 4711 1759 4767 nativitas

196 4802 414 4874 eiusdem
467 4806 798 4861 substantize.
846 4802 981 4872 Quid
1027 4803 1168 4857 enim
1197 4801 1517 4866 dementius,
1568 4800 1759 4856 fratres

197 4896 472 4967 mei.qnam
502 4906 561 4952 ut
596 4898 648 4951 in
690 4896 869 4965 aliquo
892 4894 1103 4949 laudem
1130 4903 1453 4958 creaturam,
1481 4891 1622 4962 quod
1648 4908 1756 4947 non

191 4986 251 5041 sit
272 4988 321 5042 in
345 4988 643 5044 Creatore?
685 4987 935 5043 Laudoin
962 4986 1179 5041 homine
1208 4984 1566 5053 aequalitatem
1605 4993 1758 5037 natu-

190 5093 274 5145 ηε,
293 5088 346 5134 ει
372 5095 477 5135 non
507 5078 670 5135 credo
699 5080 753 5134 in
788 5093 853 5133 eo
882 5078 973 5148 qui
1003 5076 1126 5131 fecit
1166 5073 1484 5130 hominem?
1515 5074 1673 5141 Quod
1689 5074 1757 5130 de

194 5168 390 5229 homine
417 5183 598 5228 natum
646 5180 750 5237 est,
797 5172 960 5227 homo
1000 5181 1121 5233 est;
1150 5177 1206 5224 et
1234 5168 1375 5240 quod
1414 5167 1482 5223 de
1515 5168 1627 5224 Deo
1658 5184 1755 5223 na-

194 5271 287 5319 tum
305 5274 403 5331 est,
429 5281 538 5321 non
561 5265 611 5319 id
637 5263 896 5335 eritquod
928 5263 1016 5316 ille
1052 5261 1121 5317 de
1144 5276 1250 5332 quo
1280 5270 1462 5315 natum
1492 5270 1570 5315 est
1592 5261 1617 5314 ?
1641 5261 1756 5316 Non

194 5368 356 5410 versor
371 5356 426 5411 in
473 5356 726 5426 operibus
753 5369 873 5426 qua:
899 5354 1038 5408 Deus
1061 5367 1166 5406 non
1192 5351 1335 5408 fecit.
1364 5350 1606 5406 Laudent
1630 5366 1757 5422 ergo

197 5444 485 5502 Creatorem
515 5448 696 5502 omnia
726 5460 890 5519 opera
920 5460 1035 5501 sua.
1060 5444 1276 5499 invenio
1294 5443 1379 5497 hic
1393 5455 1759 5508 coaevum,co-

197 5551 367 5608 gnosco
383 5539 916 5595 ibicoatterunmdlie
934 5537 1286 5608 aequalitatem
1301 5535 1513 5591 invenio
1528 5543 1753 5601 naturae,

199 5633 255 5688 ibi
284 5634 520 5705 intelligo
558 5633 911 5704 aequalitatem
940 5631 1268 5688 substantiae.
1297 5630 1488 5686 Totum
1526 5644 1656 5701 ergo
1684 5629 1755 5685 ibi

201 5724 315 5795 quod
327 5724 409 5781 hic
419 5740 488 5781 ex
503 5725 743 5797 partibus
760 5723 982 5794 singulis
991 5731 1045 5780 et
1056 5721 1215 5780 rebus
1226 5720 1448 5792 singulis
1468 5720 1753 5778 invenitur.

250 5835 466 5903 lAliquot
485 5842 619 5899 las,
635 5835 765 5899 quod
788 5831 929 5887 dixit.

1592 396 1823 455 SERMO
1858 399 2063 455 CXVII.

3333 404 3339 409 ’
3372 408 3478 465 6⁸10

1883 516 2072 571 Totum
2091 532 2216 588 ergo
2234 518 2303 574 ibi
2322 521 2499 588 simul,
2517 531 2569 578 et
2589 538 2691 579 non
2709 524 2810 580 hoc
2831 518 3011 581 solum
3033 526 3173 595 quod
3201 528 3252 580 in
3265 538 3476 581 emtu-

1882 608 1956 661 ris
1985 624 1997 660 :
2026 615 2193 662 totum
2213 610 2426 666 invenio
2448 612 2541 681 ibi,
2575 615 2668 669 sed
2696 625 2944 685 tauquam
2969 617 3022 670 in
3049 614 3323 684 Creatore,
3355 626 3474 672 tun-

1881 706 1934 749 to
1959 698 2207 768 amplius,
2236 701 2376 770 quod
2423 702 2540 757 iure
2577 706 2827 772 visibilia,
2875 706 2963 761 illa
3004 707 3329 772 invisibilia;
3357 707 3475 763 hac

1879 780 2209 855 temporalia,
2256 790 2345 844 illa
2373 800 2605 856 mterna;
2637 794 2751 848 haec
2802 797 3221 856 commutabilis.
3267 797 3355 851 illa
3381 799 3469 852 in-

1877 880 2308 944 conmutabilia;
2338 881 2452 936 hate
2478 884 2860 953 cerruptibilia,
2892 886 2979 939 illa
3013 887 3467 956 incorruptibilia.

1879 969 2155 1023 Postremo
2204 972 2253 1024 in
2284 973 2399 1041 ipso
2432 973 2646 1030 homine
2675 991 2736 1030 ea
2765 992 2883 1045 qum
2914 978 3209 1032 invenimus
3234 978 3471 1034 ltoutoet

1877 1057 2057 1124 homo,
2110 1061 2217 1116 duo
2247 1063 2493 1120 homines
2538 1074 2665 1120 sunt
2697 1085 2709 1121 :
2736 1068 2807 1121 ibi
2854 1068 3012 1123 Pater
3037 1076 3095 1123 et
3137 1068 3309 1123 Filius
3332 1085 3468 1124 unus

1876 1151 2037 1206 Deus.

1944 1244 2030 1297 l5.
2054 1242 2232 1300 Cordi:
2257 1247 2432 1302 oculus
2467 1249 2790 1304 nutndandus
2813 1260 2870 1303 ut
2906 1251 3134 1305 rideatur
3169 1251 3326 1307 Dem.
3350 1252 3461 1305 Do-

1875 1335 2021 1391 mino
2049 1338 2160 1393 Deo
2189 1349 2374 1396 nostro
2404 1344 2602 1413 gratias
2632 1358 2732 1414 ago
2758 1343 3172 1409 inenarrabiles,
3216 1343 3356 1412 quod
3394 1359 3460 1398 ex

1877 1427 1980 1483 hoc
2009 1429 2128 1485 loco
2153 1436 2619 1502 scrupulosissimo
2642 1446 2695 1491 et
2724 1435 3142 1491 laboriosissimo
3179 1436 3462 1490 inﬁrmita-

1874 1529 1979 1574 tem
2011 1537 2182 1577 meam
2224 1524 2452 1581 liberare
2485 1526 2728 1596 dignatus
2774 1536 2894 1591 est,
2943 1528 3244 1596 petentibus
3286 1527 3462 1582 vobis.

1873 1612 2010 1667 Ante
2036 1615 2212 1669 omnia
2245 1624 2420 1671 tamen
2452 1629 2659 1673 servate
2690 1619 2790 1674 hoc
2807 1660 2821 1684 ,
2848 1619 3102 1689 quidquid
3126 1619 3195 1674 de
3214 1627 3459 1674 creatura

1873 1703 2139 1770 potuimus
2167 1706 2456 1776 colligere,
2506 1717 2597 1762 aut
2626 1723 2784 1764 sensu
2835 1712 3076 1779 corporis
3096 1750 3110 1773 ,
3144 1717 3234 1763 aut
3260 1708 3461 1777 cogita—

1872 1793 2016 1849 tione
2043 1796 2243 1864 animi,
2284 1799 2712 1854 inenarrabiliter
2731 1789 3107 1856 transcendere
3124 1801 3457 1855 Creatorem.

1869 1881 1972 1938 Sed
2021 1885 2100 1939 vis
2153 1886 2299 1942 illum
2354 1897 2538 1944 mente
2584 1890 2934 1961 contingere?
2973 1891 3144 1961 Purga
3188 1899 3457 1955 mentem,

1872 1992 2033 2046 purga
2061 1992 2155 2033 cor
2203 1988 2368 2033 tuum.
2417 1982 2668 2036 Mundnm
2716 1983 2798 2038 fac
2842 1984 3091 2047 oculum,
3139 1984 3280 2037 unde
3327 1982 3458 2037 illud

1868 2070 2124 2140 quidquid
2143 2081 2223 2127 cst
2242 2115 2257 2138 ,
2282 2074 2447 2142 possit
2473 2076 2682 2145 attingi.
2713 2075 2965 2129 Mundum
2992 2075 3073 2130 fac
3098 2076 3310 2130 oculum
3335 2089 3459 2129 eor-

1869 2159 1952 2215 dis
1983 2178 1997 2214 :
2025 2161 2170 2215 Beati
2195 2164 2338 2216 enim
2366 2165 2554 2218 mundo
2576 2165 2728 2218 corde
2749 2206 2763 2229 ,
2803 2166 3042 2235 quoniam
3066 2166 3166 2234 ipsi
3195 2163 3354 2217 Deum
3382 2164 3458 2216 ri-

1868 2252 2055 2305 debunt
2081 2251 2287 2324 (Matth.
2316 2270 2371 2316 ν,
2400 2255 2474 2325 8).
2496 2256 2611 2309 Non
2637 2264 2813 2311 autem
2841 2255 3095 2310 mundato
3114 2255 3296 2319 corde,
3325 2254 3454 2325 quid

1870 2344 2039 2412 potuit
2069 2345 2468 2400 misericordius
2496 2347 2765 2416 procurari
2793 2355 2882 2401 aut
2907 2346 3093 2401 donari
3125 2347 3192 2400 ab
3219 2361 3284 2401 eo
3304 2387 3318 2409 ,
3350 2346 3455 2400 nisi

1869 2442 1926 2487 ιιι
1949 2433 2074 2487 illud
2108 2434 2365 2501 Verbum,
2394 2436 2461 2491 de
2489 2453 2594 2506 quo
2620 2445 2763 2491 tanta
2784 2447 2838 2491 et
2865 2446 2967 2490 tam
2997 2436 3159 2490 multa
3190 2435 3452 2500 diximus,

1867 2532 1922 2578 et
1947 2523 2076 2577 nihil
2113 2523 2330 2593 dignum
2356 2524 2626 2588 diximus;
2664 2526 2763 2579 nisi
2798 2533 2857 2579 ut
2893 2525 3022 2579 illud
3057 2525 3318 2589 Verbum,
3360 2539 3458 2594 per

1866 2614 2006 2683 quod
2039 2614 2172 2669 facta
2195 2624 2314 2669 sunt
2337 2617 2512 2669 omnia
2539 2658 2554 2682 ,
2586 2616 2738 2672 lieret
2756 2617 2898 2687 quod
2922 2631 3021 2672 nos
3044 2631 3232 2671 sumus
3252 2656 3267 2680 ,
3292 2625 3352 2670 ut
3377 2625 3461 2669 at-

1867 2705 2072 2774 tingere
2122 2705 2386 2773 possimus
2413 2705 2537 2760 illud
2567 2709 2708 2775 quod
2740 2722 2845 2762 non
2890 2708 3114 2762 sumus?
3158 2706 3273 2761 Non
3314 2707 3455 2761 enim

1868 2795 2009 2850 Deus
2057 2811 2242 2850 sumus
2290 2796 2429 2852 :sed
2474 2811 2755 2867 pessumus
2786 2808 2965 2853 mente
2999 2799 3082 2853 vel
3123 2797 3300 2854 cordis
3341 2798 3459 2853 acie
3550 2864 3555 2869 1

1868 2885 2122 2942 interiore
2151 2884 2331 2942 videre
2360 2889 2544 2943 Deum.
2577 2889 2816 2945 Peccatis
2840 2892 2985 2944 acies
3005 2898 3201 2944 nostra:
3221 2889 3455 2957 obtritae,

1867 2975 2070 3030 obtusae
2095 3018 2108 3040 ,
2151 2976 2454 3032 infirmitate
2491 2979 2712 3049 dejectze
2749 2980 2972 3049 cupiunt
3007 2980 3186 3035 videre
3215 2999 3230 3033 :
3261 2980 3354 3035 sed
3399 2980 3457 3035 in

1867 3080 1963 3135 spe
2004 3080 2228 3134 sumus,
2263 3069 2316 3122 in
2365 3084 2425 3124 re
2468 3070 2701 3124 nondum
2742 3084 2945 3125 sumus.
2980 3069 3103 3125 Filii
3142 3069 3237 3123 Dei
3258 3086 3454 3124 alimus.

1868 3155 1981 3210 Hoc
2001 3158 2075 3209 ait
2097 3156 2352 3223 Joannes,
2376 3159 2466 3228 qui
2496 3160 2605 3227 ait,
2641 3158 2704 3214 In
2734 3162 2987 3231 principio
3003 3171 3111 3216 erat
3146 3160 3380 3226 Verbum,
3409 3169 3459 3214 et

1872 3244 2091 3301 Verbum
2117 3258 2225 3302 erat
2251 3250 2390 3320 apud
2422 3249 2583 3327 Deum
2606 3294 2621 3319 ,
2654 3261 2701 3306 et
2743 3252 2882 3307 Deus
2918 3261 3025 3307 erat
3074 3252 3292 3307 Verbum
3323 3268 3342 3306 :
3365 3252 3457 3322 qui

1865 3351 2022 3406 supra
2055 3349 2239 3408 pectus
2270 3340 2479 3395 Domini
2506 3342 2895 3404 discumbebat.
2925 3344 3014 3415 qui
3035 3352 3239 3399 secreta
3260 3344 3363 3398 ista
3386 3342 3459 3396 de

1864 3427 1983 3481 sinu
2006 3428 2150 3484 illius
2171 3430 2349 3485 cordis
2379 3432 2654 3488 hauriebat
2691 3452 2705 3488 :
2732 3435 2845 3504 ipse
2869 3436 2963 3501 ait,
2995 3435 3338 3500 Dilectissimi,
3363 3435 3460 3502 ﬁlii

1865 3516 1963 3573 Dei
2003 3535 2210 3583 iunius;
2244 3530 2290 3574 et
2320 3522 2543 3577 nondum
2581 3526 2822 3593 apparuit
2861 3527 2988 3595 quid
3014 3527 3200 3580 orirqu
3227 3541 3247 3580 :
3275 3526 3459 3578 scimus

1864 3609 1983 3678 quia
2001 3626 2115 3663 cum
2142 3614 2453 3680 apparuerit,
2476 3615 2664 3668 similes
2689 3616 2737 3668 ei
2765 3617 2979 3679 erimus,
3005 3616 3242 3685 quoniam
3267 3613 3461 3669 uidebi-

1866 3716 1979 3755 mus
2000 3716 2115 3754 eum
2140 3701 2288 3756 sicuti
2315 3712 2388 3757 est
2430 3702 2472 3776 (l
2501 3702 2659 3758 Joau.
2683 3719 2761 3771 tu,
2793 3704 2871 3777 2).
2906 3706 3017 3760 iloc
3054 3706 3208 3760 nobis
3231 3705 3457 3775 promit-

1867 3791 2014 3845 titur.

1938 3882 2026 3936 16.
2060 3881 2276 3936 Verbum
2300 3883 2648 3938 incarnatione
2676 3885 2823 3954 quasi
2849 3885 2928 3939 lac
2955 3887 3174 3955 factum,
3206 3894 3258 3938 ut
3298 3900 3333 3938 a
3358 3901 3458 3940 tto-

1866 3971 1942 4026 ω.
1978 3983 2261 4044 caperetur.
2289 3972 2393 4029 Sed
2422 3982 2482 4028 ut
2506 3975 2905 4044 perveniamus,
2932 3977 2979 4030 si
3003 3975 3240 4030 nonduin
3264 3990 3458 4044 possu-

1867 4078 1987 4117 mus
2009 4062 2188 4117 videre
2224 4063 2455 4118 Verbum
2488 4065 2650 4120 Deum
2684 4066 2700 4096 ⁸
2725 4106 2742 4129 ,
2770 4065 3050 4120 audiamus
3079 4064 3310 4121 Verbum
3340 4079 3434 4119 car

1867 4170 1990 4209 nem
2020 4173 2033 4209 :
2066 4155 2186 4224 quia
2209 4156 2453 4212 carnales
2498 4156 2621 4211 facti
2657 4173 2874 4223 sumus,
2918 4158 3197 4212 audiamus
3223 4158 3455 4213 Verbum

1866 4262 2082 4302 carnem
2112 4246 2328 4303 factum.
2354 4248 2477 4304 Ideo
2501 4251 2643 4305 enim
2676 4252 2850 4315 venit,
2896 4249 3017 4305 ideo
3035 4250 3272 4320 suscepit
3310 4250 3456 4304 inlir-

1866 4338 2109 4392 mitatem
2134 4348 2404 4404 nostram,
2447 4349 2504 4394 ut
2547 4340 2722 4409 possis
2763 4340 2969 4395 firmam
3014 4339 3335 4395 locutionem
3364 4355 3457 4395 ca-

1869 4448 1994 4503 pere
2016 4433 2108 4487 1)ρί
2135 4435 2396 4503 portantis
2424 4435 2783 4489 inﬁrmitatem
2810 4444 2978 4489 tuam.
3010 4436 3077 4490 Et
3104 4451 3231 4491 vere
3252 4436 3451 4492 dictum

1866 4536 1949 4581 est
1986 4529 2087 4582 lac.
2116 4528 2222 4582 Lac
2250 4528 2395 4583 enim
2425 4527 2516 4582 dat
2546 4528 2778 4597 parvulis
2802 4570 2817 4591 ,
2867 4534 2928 4583 ut
2965 4528 3141 4583 cibum
3181 4529 3453 4599 sapientia:

1866 4617 1957 4673 det
1985 4619 2293 4689 majoribus.
2330 4620 2551 4675 Laetare
2582 4621 2843 4689 patienter
2865 4662 2882 4688 ,
2910 4630 2970 4675 ut
3004 4622 3158 4677 avide
3196 4623 3458 4692 pttsearis.

1865 4709 2144 4776 Quomodo
2170 4712 2313 4766 enim
2343 4712 2401 4766 lit
2435 4713 2596 4767 etiam
2628 4712 2730 4774 lac,
2757 4727 2864 4779 quo
2893 4712 3155 4767 laetantur
3183 4711 3451 4770 infantes?

1865 4802 2052 4857 Nonne
2080 4818 2199 4858 esca
2244 4813 2360 4858 erat
2397 4804 2448 4857 in
2490 4804 2714 4859 mensa?
2742 4803 2847 4859 Sed
2878 4804 3141 4859 invalidus
3169 4814 3250 4859 est
3280 4803 3446 4860 infans

1865 4892 1931 4947 ad
1953 4892 2333 4947 comedendam
2358 4908 2557 4956 escam,
2588 4907 2707 4962 qua:
2730 4893 2781 4946 in
2812 4907 2996 4947 mensa
3021 4903 3103 4948 est
3135 4911 3148 4946 :
3179 4893 3304 4963 quid
3329 4893 3457 4947 facit

1864 4994 2035 5039 mater
2052 4985 2077 5037 ἲ
2104 4980 2349 5037 incarnat
2373 4996 2551 5037 escam
2570 5024 2584 5049 ,
2627 4991 2681 5036 et
2709 4982 2924 5037 conficit
2952 4984 3031 5037 lac
3057 4983 3123 5037 de
3151 4983 3283 5051 ipsa.
3312 4981 3438 5039 Con-

1865 5074 1973 5127 licit
2010 5074 2161 5127 nobis
2189 5072 2333 5143 quod
2375 5087 2567 5142 capere
2612 5073 2897 5142 possimus.
2939 5073 3028 5129 Sic
3052 5073 3282 5128 Verbum
3326 5087 3452 5130 care

1865 5167 2058 5219 lactant
2084 5174 2186 5228 est,
2212 5174 2268 5218 ut
2290 5164 2426 5219 lacte
2448 5164 2653 5235 parvuli
2677 5165 3025 5232 nutriremur,
3058 5164 3148 5235 qui
3178 5164 3243 5219 ad
3273 5165 3453 5225 cibum

1865 5256 2076 5325 quidem
2108 5269 2320 5310 eramus
2350 5254 2598 5309 infantes.
2643 5252 2839 5309 Verum
2884 5253 2984 5309 hoc
3027 5256 3283 5322 interest,
3328 5255 3460 5325 quia

1864 5346 2077 5417 quando
2119 5346 2294 5402 cibum
2343 5355 2515 5401 mater
2551 5345 2880 5401 incarnatum
2928 5348 3009 5401 lac
3035 5347 3192 5411 facit,
3223 5347 3373 5400 cibus
3398 5346 3453 5400 in

1864 5440 1948 5495 lac
1991 5440 2317 5496 convertitur
2364 5456 2379 5493 :
2437 5437 2939 5493 incommutabiliter
2990 5447 3166 5492 autem
3232 5452 3459 5493 manens

1868 5533 2100 5589 Verbum
2127 5547 2340 5587 carnem
2378 5531 2696 5600 assumpsit,
2738 5537 2798 5584 ut
2833 5537 2981 5585 esset
3022 5528 3249 5601 quodam
3294 5527 3456 5584 modo

1930 5705 1947 5736 ι
1967 5711 2108 5753 Juxta
2123 5709 2221 5771 E_r.,
2245 5681 2292 5755 si
2310 5700 2533 5771 modum
2543 5714 2789 5771 possum
2828 5701 3033 5755 rerbum
3055 5700 3219 5771 ridere
3244 5699 3455 5771 Domini.

1864 5765 2177 5879 Ἐκιῗιιιιεὲι..
2198 5762 2313 5816 Ven.
2339 5771 2470 5826 Lov.,
2494 5762 2768 5817 si'nondum
2790 5778 3038 5831 possumus
3066 5762 3271 5817 Verbum
3294 5764 3462 5816 videre

1912 5841 1990 5880 eui
2027 5862 2039 5877 .
