3934 6184
381 385 478 447 6⁸11

379 507 704 558 οοίιιεχιιιιη.
735 493 888 561 Quod
917 501 1018 558 est,
1048 507 1152 547 non
1178 487 1436 559 corrupit,
1461 501 1566 543 non
1593 485 1960 548 commutavit,

380 604 439 648 ut
466 607 562 662 per
599 588 840 642 habitum
869 593 1014 640 tuum
1056 584 1149 638 tibi
1194 584 1501 651 loqueretur
1523 621 1537 643 ,
1577 593 1682 632 non
1713 578 1763 631 in
1796 574 1967 628 homi-

382 701 502 740 nem
546 687 927 736 transmutatas
976 686 1135 746 atque
1189 686 1478 728 conversus
1543 665 1966 723 lnconvertibilis

379 776 539 832 enim.
560 781 615 829 et
639 769 1084 827 incommutabilis
1103 810 1118 832 ,
1159 775 1215 822 et
1252 765 1470 820 omnino
1499 761 1818 818 inviolabilis
1849 775 1966 812 ma-

380 879 546 931 nens,
593 864 760 918 factus
801 871 884 917 est
930 859 1068 931 quod
1119 868 1172 912 tu
1219 856 1285 911 ad
1329 865 1416 920 te,
1445 853 1588 926 quod
1618 852 1731 923 ipse
1757 850 1826 906 ad
1863 850 1964 906 Pa-

380 965 538 1102 miti:
567 1045 845 1100 Hunulitas
865 1061 896 1096 a
921 1041 1083 1098 Verbo
1103 1043 1366 1095 incuruata
1397 1037 1654 1092 discenda.
1681 1037 1798 1107 ipse
1821 1035 1963 1090 enim

383 1138 608 1194 inlirmis
649 1136 774 1206 quid
815 1135 981 1199 dicit,
1035 1141 1093 1188 ut
1141 1133 1348 1203 possint
1391 1137 1706 1199 recuperato
1735 1127 1826 1181 illo
1851 1127 1964 1180 visu

387 1228 616 1283 Verbum
648 1243 712 1280 ex
733 1207 904 1296 aliqua
934 1232 1082 1294 parte
1100 1224 1380 1292 attingere,
1400 1215 1496 1292 pe’r
1520 1219 1660 1291 quod
1688 1218 1820 1295 facta
1843 1224 1969 1272 sunt

381 1319 601 1372 omnia?
635 1317 806 1370 Venite
841 1316 909 1369 ad
948 1333 1025 1371 me
1046 1357 1061 1377 ,
1105 1331 1276 1368 omnes
1307 1315 1391 1384 qui
1419 1313 1660 1366 laboratis
1699 1320 1745 1365 et
1775 1309 1968 1363 onerati

383 1411 518 1474 estis,
542 1418 588 1463 et
607 1425 697 1479 ego
721 1409 944 1476 reﬁciam
965 1423 1068 1461 vos.
1089 1406 1273 1460 Tollite
1283 1408 1467 1476 jugum
1501 1420 1666 1458 meum
1692 1420 1844 1471 super
1858 1418 1964 1466 vos,

383 1513 429 1556 et
456 1503 630 1556 discite
651 1520 682 1554 α
703 1518 779 1554 me
803 1501 926 1572 quia
952 1500 1085 1554 mitis
1108 1517 1221 1554 sum
1257 1509 1302 1552 et
1331 1498 1534 1551 humilis
1555 1497 1706 1550 corde
1729 1496 1747 1567 (
1776 1493 1965 1548 Matth.

388 1610 465 1658 ιι,
487 1593 557 1646 98
577 1603 623 1647 et
651 1593 770 1662 29).
799 1591 933 1659 Quid
954 1591 1202 1660 magister
1231 1591 1394 1644 Filius
1422 1589 1534 1654 Dei,
1556 1587 1823 1656 Sapientia
1853 1587 1965 1649 Dei,

388 1698 481 1751 per
501 1697 658 1751 quem
685 1682 820 1736 facta
836 1689 959 1735 sunt
976 1681 1175 1747 omnia,
1195 1679 1572 1733 coneioualur?
1589 1676 1755 1731 Vocat
1782 1677 1971 1730 huma-

386 1789 511 1828 num
535 1787 704 1842 genus
727 1813 742 1838 ,
778 1781 832 1827 et
866 1772 1012 1837 dicit,
1054 1771 1225 1824 Venite
1245 1771 1314 1823 ad
1341 1788 1436 1836 me,
1469 1786 1638 1823 omnes
1666 1770 1752 1838 qui
1772 1768 1972 1821 labora-

385 1866 468 1928 tis,
493 1873 538 1918 et
559 1865 738 1918 discite
757 1881 788 1916 a
815 1880 909 1917 me.
943 1862 1170 1916 Putabas
1199 1863 1332 1916 l'orte
1359 1861 1617 1914 dicturam
1645 1858 1970 1928 Sapientiam

388 1958 521 2022 Dei,
564 1956 760 2010 Discite
798 1953 1068 2024 quomodo
1107 1955 1272 2009 caelos
1318 1953 1417 2008 feci
1464 1961 1518 2007 et
1567 1960 1753 2005 astra:
1793 1952 1970 2005 omnia

385 2048 546 2102 etiam
569 2048 620 2101 in
653 2064 759 2112 me,
786 2056 1068 2116 antequam
1093 2047 1298 2111 tierent,
1335 2055 1606 2098 numerata
1636 2052 1817 2108 erant;
1839 2059 1974 2113 quo-

386 2138 545 2190 modo
581 2137 632 2190 in
658 2138 854 2190 virtute
881 2136 1144 2190 rationum
1171 2135 1678 2188 incommutabilinm
1708 2135 1866 2188 etiam
1893 2149 1975 2189 ca-

387 2228 495 2298 pilli
522 2229 680 2282 vestri
710 2228 967 2282 numerati
989 2236 1115 2280 sunt
1140 2224 1250 2295 (Id.
1277 2242 1311 2279 x
1331 2268 1344 2288 ,
1383 2225 1493 2294 '50).
1525 2225 1648 2280 [hec
1675 2225 1895 2295 putabas
1920 2231 1976 2278 et

388 2316 510 2370 talia
555 2331 673 2371 esse
709 2316 1010 2371 dicturam?
1039 2315 1174 2370 Non.
1202 2316 1304 2371 Sed
1339 2317 1484 2385 prius
1516 2315 1645 2369 illud
1669 2358 1684 2382 ,
1722 2316 1975 2382 Quoniam

387 2407 521 2460 mitis
535 2423 644 2460 sum
667 2418 712 2460 et
734 2407 937 2460 humilis
957 2407 1124 2460 corde.
1155 2407 1290 2460 Ecce
1310 2405 1451 2475 quod
1477 2406 1698 2474 capiatis
1716 2447 1730 2470 ,
1762 2404 1936 2458 videte
1955 2445 1969 2470 ,

388 2496 604 2561 fratres,
645 2507 791 2552 certe
818 2513 1039 2567 parvum
1069 2507 1173 2552 est.
1203 2497 1281 2550 Ad
1317 2512 1502 2565 magna
1535 2512 1630 2550 nos
1674 2496 1971 2560 tendimus,

389 2604 546 2656 parva
573 2589 870 2656 capiamus,
901 2597 953 2641 ct
986 2589 1157 2656 magni
1185 2587 1404 2640 erimus.
1435 2587 1522 2640 Vis
1543 2602 1734 2656 capere
1762 2587 1976 2641 celsitu-

386 2680 564 2733 dinem
596 2679 726 2733 Dei?
748 2678 889 2748 Cape
917 2680 1062 2748 prius
1091 2680 1439 2733 humilitatem
1465 2680 1575 2734 Dei.
1602 2680 1826 2748 Dignare
1854 2694 1974 2734 esse

389 2771 602 2826 humilis
630 2780 849 2839 propter
888 2779 973 2835 te,
1003 2770 1124 2838 quia
1151 2771 1306 2834 ,Deus
1344 2770 1588 2839 dignatus
1631 2778 1714 2824 est
1759 2770 1975 2824 humilis

386 2876 507 2916 esse
539 2869 755 2931 propter
783 2861 1028 2915 eumdem
1054 2869 1104 2915 te
1135 2879 1147 2914 :
1181 2876 1283 2914 non
1317 2861 1458 2915 enim
1489 2871 1702 2930 propter
1728 2876 1804 2915 se.
1834 2861 1976 2930 Cape

387 2967 517 3022 ergo
563 2951 910 3006 humilitatem
951 2949 1186 3017 Christi,
1229 2951 1374 3006 disce
1416 2951 1632 3006 humilis
1671 2965 1824 3018 esse,
1866 2953 1973 3007 noli

384 3042 685 3112 superbire.
709 3040 976 3097 Conlitere
999 3042 1357 3099 inﬁrmitatem
1382 3051 1545 3106 tuam,
1569 3044 1688 3112 jace
1714 3045 1976 3113 patienter

387 3142 512 3189 ante
535 3134 818 3188 medicum.
847 3133 978 3187 Cum
1001 3134 1209 3202 ceperis
1239 3134 1590 3188 humilitatem
1622 3137 1739 3203 ejus
1760 3177 1774 3200 ,
1802 3137 1977 3205 surgis

387 3240 509 3279 cum
540 3224 629 3278 illo
661 3239 803 3277 :uon
844 3225 994 3293 quasi
1032 3235 1087 3279 et
1129 3224 1244 3294 ipse
1283 3233 1464 3294 surgat
1502 3225 1792 3279 secundum
1835 3226 1975 3304 quod

394 3320 621 3376 Verbum
651 3331 770 3385 est;
805 3321 896 3375 sed
936 3330 988 3375 tu
1029 3321 1238 3391 potius,
1277 3329 1336 3375 ut
1375 3323 1542 3391 magis
1568 3323 1838 3392 magisque
1867 3339 1897 3376 a
1925 3330 1977 3377 te

388 3412 646 3482 capiatur.
675 3412 1007 3483 lntelligebas
1035 3413 1204 3482 primo
1234 3412 1521 3466 titubanter
1549 3423 1706 3482 atque
1728 3413 1980 3468 haesitan-

391 3513 504 3570 ler;
543 3504 792 3574 intelligis
833 3513 1014 3574 postea
1044 3505 1240 3558 certius
1273 3513 1328 3558 et
1353 3506 1567 3559 clarius.
1597 3505 1712 3559 Non
1741 3505 1828 3560 ille
1853 3521 1974 3560 cre-

388 3597 517 3660 scit.
547 3597 641 3653 sed
672 3608 722 3652 tu
753 3598 1000 3668 proﬁcis,
1027 3607 1081 3653 et
1109 3599 1258 3669 quasi
1299 3608 1470 3654 tecum
1500 3601 1712 3655 videtur
1734 3616 1973 3672 surgere.

389 3689 480 3745 Sic
498 3698 600 3754 est,
625 3691 834 3745 fratres.
864 3688 1077 3745 Credite
1099 3692 1376 3761 praeceptis
1401 3692 1513 3756 Dei,
1536 3701 1590 3747 et
1613 3691 1766 3748 facite
1791 3693 1900 3760 illa,
1923 3702 1980 3749 et

389 3782 608 3838 donabit
644 3782 794 3837 vobis
832 3782 997 3836 robur
1026 3783 1406 3853 intelligentia}.
1448 3785 1562 3838 Non
1610 3786 1974 3853 prtesumatis,

389 3883 444 3929 et
479 3874 632 3944 quasi
669 3875 1002 3944 anteponatis
1041 3875 1315 3928 scientiam
1344 3885 1611 3944 praecepto
1640 3876 1765 3940 Dei;
1800 3891 1867 3930 ne
1906 3877 1979 3930 iu-

392 3965 610 4021 feriores
631 4007 647 4032 ,
677 3982 783 4021 non
805 3967 1086 4022 solidiores
1107 3969 1424 4023 remaneatis
1456 3970 1493 4021 ¹.
1519 3970 1777 4024 Arborem
1807 3976 1980 4023 atten-

390 4057 500 4113 dite
535 4077 549 4114 :
581 4059 685 4112 ima
721 4061 854 4128 petit
884 4060 1029 4129 prius
1053 4101 1067 4122 ,
1099 4069 1157 4114 ut
1183 4075 1393 4115 sursum
1421 4071 1733 4125 excrescat;
1765 4061 1873 4131 ﬁgit
1895 4077 1981 4116 ra-

389 4147 562 4204 dicem
591 4149 642 4204 in
672 4149 857 4204 humili
880 4192 895 4217 ,
922 4161 979 4204 ut
1007 4151 1261 4205 verticem
1290 4151 1471 4206 tendat
1489 4151 1554 4205 ad
1575 4152 1792 4206 cmlum.
1815 4151 1980 4206 Num-

391 4240 516 4308 quid
556 4241 741 4294 nititur
774 4241 874 4296 nisi
904 4241 971 4295 ab
999 4241 1332 4296 humilitate?
1355 4243 1433 4296 Tu
1455 4253 1631 4299 autem
1659 4245 1776 4298 sine
1801 4243 1979 4299 chari-

395 4340 502 4384 tate
544 4331 624 4384 vis
657 4332 868 4386 excelsa
912 4331 1401 4400 comprehendere;
1444 4335 1560 4388 sine
1603 4335 1783 4389 radice
1822 4350 1979 4390 auras

393 4421 566 4489 petis?
595 4421 765 4476 Ruina
801 4431 885 4476 est
929 4422 1062 4486 ista,
1113 4437 1216 4475 non
1264 4428 1667 4479 incrementum.
1701 4426 1982 4483 llabitante

391 4513 605 4566 Christo
634 4529 728 4581 per
758 4513 914 4568 ﬁdem
937 4514 989 4568 in
1015 4515 1264 4569 cordibus
1294 4517 1502 4582 vestris,
1533 4518 1584 4570 in
1615 4517 1871 4574 cbarilate
1893 4535 1982 4574 ra-

392 4603 639 4658 dicamini
668 4613 828 4674 atque
865 4605 1187 4669 fundamini,
1221 4615 1278 4660 ut
1317 4607 1643 4676 impleamini
1686 4610 1739 4664 in
1765 4626 1979 4666 omnem

395 4696 774 4767 plenitudinem
796 4697 888 4752 Dei
924 4697 1138 4770 (Eplies.
1170 4701 1372 4764 111,17,
1405 4699 1516 4772 l9).

890 4833 1118 4889 SEBMO
1147 4833 1356 4890 CXVIII
1379 4835 1507 4909 '(a).

395 4946 471 5005 De
501 4949 687 5004 eisdem
723 4951 882 5004 verbis
921 4949 1186 5021 Evangelii
1207 4951 1457 5018 Joannis,
1500 4952 1554 5007 ln
1584 4952 1842 5024 principio
1867 4963 1984 5010 erat

746 5063 1003 5132 Verbum,
1031 5075 1151 5132 etc.,
1178 5082 1292 5137 cap.
1319 5083 1362 5132 i,
1410 5067 1444 5137 ᾗ
1467 5106 1482 5122 .
1513 5068 1626 5123 1-5.

464 5199 516 5254 1.
572 5199 787 5254 Verbum
835 5199 929 5255 Dei
970 5212 1248 5269 (sternunt,
1305 5204 1567 5274 genitum,
1620 5221 1720 5258 non
1768 5209 1978 5276 factum.

391 5292 593 5346 Omnes
630 5293 718 5362 qui
751 5293 913 5346 multa
953 5293 1110 5348 verba
1139 5295 1378 5363 qumritis
1413 5295 1674 5358 hominis,
1705 5297 1981 5367 intelligite

396 5401 555 5438 unum
579 5385 807 5439 Verbum
837 5385 926 5440 Dei
959 5403 971 5438 :
1002 5383 1066 5438 In
1089 5386 1338 5455 principio
1355 5395 1460 5439 erat
1489 5385 1725 5440 Verbum.
1751 5386 1814 5440 In
1839 5397 1982 5459 prtu-

392 5475 526 5546 cipio
571 5485 747 5530 autem
777 5476 892 5547 fecit
937 5475 1076 5532 Deus
1103 5479 1284 5532 cwlum
1320 5489 1367 5532 et
1413 5487 1596 5532 terram
1639 5477 1789 5550 (Gen.
1815 5496 1864 5547 1,
1899 5482 1975 5552 l).

397 5610 791 5718 "cglzissatcnsis
827 5617 941 5669 518.,
984 5622 1045 5660 ne
1080 5609 1365 5674 inﬂatiores.
1411 5624 1506 5663 non
1534 5610 1785 5664 solidiores
1824 5626 1981 5666 rema-

461 5731 477 5745 ‘
517 5729 795 5776 tteccnsiuis
818 5729 874 5777 ad
903 5745 948 5778 ς’.
975 5737 1027 5780 et
1044 5732 1181 5779 sirm.

409 5853 414 5857 ι
459 5787 532 5847 (α)
556 5787 696 5846 Alias,
725 5801 787 5836 ex
811 5791 1146 5840 sirmoudianis
1170 5789 1243 5841 13.

1579 370 1671 427 ·5.
1713 366 2078 426 Αυουενιιςι
2119 366 2416 424 EPISCOPI

3553 380 3681 436 672

2073 480 2177 536 Sed
2203 491 2318 537 erat
2347 481 2578 537 Verbum
2599 525 2613 549 ,
2637 484 2847 555 quando
2867 485 3167 542 audivimus
3184 530 3201 556 ,
3230 487 3291 544 In
3310 491 3556 565 principio
3579 501 3675 565 (e-

2071 574 2135 625 cit
2181 572 2334 627 Deus.
2366 575 2728 644 Agnoscamus
2765 576 3072 633 Creatorem
3104 597 3116 632 :
3148 578 3369 636 Creator
3396 593 3475 638 est
3517 586 3676 640 enim

2071 665 2160 734 qui
2207 665 2360 729 fecit;
2389 675 2629 721 creatura
2659 678 2833 722 autem
2865 669 3005 738 quod
3049 669 3192 726 fecit.
3220 670 3336 726 Non
3366 682 3481 728 erat
3518 677 3675 731 enim

2071 765 2314 810 creatura
2355 772 2473 826 qua:
2519 757 2653 812 facta
2696 768 2812 824 est,
2857 761 2995 815 sicut
3038 777 3250 832 semper
3289 773 3404 818 erat
3433 766 3678 822 Verbum

2074 847 2212 903 Deus
2231 891 2245 915 ,
2275 863 2370 918 per
2396 865 2552 919 quem
2580 850 2716 904 facta
2744 861 2842 908 est.
2867 851 3089 918 Quando
3124 863 3300 910 autem
3328 855 3633 912 audivimus
3656 899 3676 925 ,

2071 935 2201 991 Erat
2237 937 2480 1002 Verbum,
2508 939 2646 1009 apud
2675 955 2830 1010 quem
2859 943 3011 996 erat?
3038 944 3384 1014 lntelligimus
3422 946 3675 1016 Patrem,

2070 1028 2160 1098 qui
2197 1044 2303 1083 non
2337 1029 2483 1096 fecit,
2529 1045 2628 1084 nec
2655 1032 2856 1085 creavit
2885 1032 3024 1087 idem
3051 1033 3304 1102 Verbum,
3333 1037 3425 1091 scd
3453 1039 3675 1108 genuit.

2072 1116 2138 1170 In
2189 1120 2439 1190 principio
2475 1121 2615 1175 enim
2661 1122 2779 1191 fecit
2823 1121 2956 1176 Deus
2993 1123 3175 1178 cmlum
3219 1135 3266 1178 et
3309 1136 3511 1181 terram.
3555 1129 3678 1184 Per

2071 1213 2196 1282 quid
2215 1213 2335 1270 fecit
2357 1215 2380 1268 ?
2401 1214 2528 1270 Erat
2566 1216 2816 1285 Verbum,
2845 1228 2890 1272 et
2932 1217 3142 1273 Verbum
3168 1231 3275 1274 erat
3293 1223 3433 1292 apud
3457 1221 3628 1278 Deum
3648 1240 3673 1278 :

2072 1304 2166 1359 sed
2191 1307 2347 1375 quale
2392 1307 2669 1362 Verbum?
2696 1308 2930 1364 Souabat
2957 1319 3012 1364 et
3050 1311 3346 1366 transibat?
3393 1312 3674 1384 Numquid

2071 1396 2403 1466 cogitabatur
2429 1407 2482 1454 et
2500 1400 2837 1454 volvebatur?
2855 1401 2990 1461 Non.
3017 1386 3431 1469 Recordabatur,
3463 1414 3520 1460 et
3540 1422 3680 1476 pro-

2073 1485 2365 1540 ferebatur?
2389 1487 2526 1542 Non.
2557 1490 2693 1559 Ergo
2719 1490 2876 1559 quale
2898 1490 3160 1546 Verbum?
3180 1491 3313 1560 Quid
3341 1511 3369 1547 a
3399 1510 3483 1549 me
3509 1513 3676 1566 qua:-

2038 1631 2043 1636 ,
2072 1578 2147 1632 ris
2174 1579 2378 1633 multa?
2400 1579 2538 1634 Deus
2564 1592 2669 1635 erat
2697 1582 2933 1636 Verbum.
2965 1583 3188 1650 Quando
3211 1586 3456 1641 audimus
3473 1630 3489 1655 ,
3525 1588 3678 1644 Deus

2073 1680 2180 1723 erat
2208 1670 2442 1738 Verbum,
2473 1688 2578 1728 non
2606 1674 2940 1743 duplicamus
2966 1677 3131 1732 Deum
3154 1695 3168 1743 ;
3197 1680 3291 1732 sed
3320 1681 3678 1750 intelligimus

2075 1759 2290 1814 Filium.
2321 1763 2555 1818 Verbum
2583 1766 2725 1820 enim
2759 1767 2849 1821 Dei
2880 1767 3046 1823 Filius
3073 1779 3172 1823 est.
3213 1770 3348 1826 Ecce
3379 1772 3579 1841 Filius,
3613 1785 3680 1830 et

2073 1852 2214 1920 quod
2240 1854 2342 1909 nisi
2369 1854 2546 1910 Deus?
2587 1857 2720 1913 Nam
2745 1856 2881 1913 Deus
2901 1869 3006 1913 erat
3040 1859 3275 1917 Verbum.
3304 1863 3441 1931 Quid
3470 1866 3680 1922 Pater?

2077 1939 2268 2011 Utique
2302 1945 2462 1999 Deus.
2491 1945 2545 2001 Si
2571 1956 2720 2015 pater
2748 1948 2908 2014 Deus,
2939 1958 2993 2004 et
3019 1951 3184 2007 Filius
3210 1953 3350 2007 Deus
3369 1995 3386 2022 ,
3425 1955 3681 2025 duplica-

2077 2046 2196 2085 mus
2225 2033 2415 2087 Deum?
2441 2035 2612 2090 Absit.
2647 2037 2804 2092 Pater
2830 2039 3005 2105 Deus,
3036 2039 3200 2096 Filius
3230 2041 3368 2097 Deus
3395 2061 3410 2097 :
3443 2045 3537 2099 sed
3565 2046 3680 2102 Pa-

2079 2131 2160 2177 ter
2197 2131 2254 2178 et
2282 2123 2450 2180 Filius
2483 2143 2618 2182 unus
2649 2128 2806 2182 Deus.
2834 2128 2950 2183 Non
2983 2139 3062 2184 est
3101 2131 3244 2185 enim
3275 2133 3459 2188 unicus
3495 2135 3680 2192 Filius

2077 2214 2265 2282 factus,
2297 2217 2390 2272 sed
2412 2229 2587 2274 natus.
2619 2219 2682 2274 In
2709 2222 2957 2292 principio
2983 2224 3097 2294 fecit
3118 2222 3257 2277 Deus
3282 2226 3461 2278 mlunt
3489 2237 3534 2280 et
3561 2238 3677 2281 ter-

2077 2324 2186 2360 ram
2218 2325 2237 2362 :
2257 2310 2350 2364 sed
2381 2322 2495 2365 erat
2524 2312 2751 2367 Verbum
2776 2329 2806 2368 a
2834 2315 3008 2368 Patre.
3040 2315 3178 2385 Ergo
3202 2316 3394 2372 factum
3423 2326 3509 2373 est
3533 2319 3678 2374 Ver-

2079 2399 2201 2453 bum
2247 2416 2276 2454 a
2307 2401 2505 2457 Patre?
2547 2402 2684 2458 Non.
2721 2403 2904 2458 Omnia
2931 2423 3021 2474 per
3048 2408 3213 2476 ipsum
3253 2413 3388 2480 facta
3430 2421 3567 2464 sunt.
3610 2411 3678 2468 Si

2081 2506 2174 2558 per
2204 2491 2375 2560 ipsum
2405 2495 2584 2547 omnia
2611 2494 2743 2548 facta
2771 2503 2932 2560 sunt,
2961 2498 3215 2568 numquid
3249 2511 3301 2554 et
3333 2501 3448 2570 ipse
3485 2517 3579 2571 per
3610 2519 3680 2558 se

2079 2585 2250 2650 ipsum
2284 2584 2453 2639 factus
2479 2587 2600 2640 est?
2631 2587 2732 2642 Per
2769 2605 2925 2658 quem
2955 2591 3108 2645 audis
3137 2590 3269 2646 facta
3296 2608 3416 2648 esse
3447 2595 3625 2648 omnia
3655 2637 3675 2662 ,

2079 2678 2186 2732 noli
2213 2687 2398 2747 putare
2426 2679 2621 2735 factum
2660 2696 2779 2736 esse
2826 2683 2963 2736 inter
2999 2685 3197 2738 omnia.
3228 2685 3358 2741 Nam
3387 2687 3430 2739 si
3473 2696 3527 2740 et
3555 2688 3675 2755 ipse

2078 2768 2250 2824 factus
2272 2781 2354 2826 est
2373 2813 2388 2836 ,
2423 2788 2526 2825 non
2558 2789 2653 2842 per
2678 2773 2822 2828 illum
2851 2774 2986 2830 facta
3015 2785 3140 2830 sunt
3165 2779 3380 2853 omnia,
3407 2777 3503 2833 sed
3531 2779 3680 2835 inter

2077 2875 2268 2919 caetera
2310 2865 2478 2921 factus
2519 2876 2599 2922 est
2644 2867 2778 2938 ipse.
2815 2869 2986 2938 Dicis,
3029 2871 3222 2926 Factus
3260 2882 3342 2926 est
3370 2891 3382 2926 :
3414 2873 3680 2943 numquid

2079 2970 2174 3023 per
2202 2956 2300 3011 se?
2325 2955 2454 3023 Quis
2500 2966 2582 3011 est
2623 2959 2713 3028 qui
2743 2958 2905 3015 faciat
2943 2961 3042 3016 se?
3066 2962 3121 3016 Si
3165 2978 3292 3032 ergo
3333 2962 3506 3016 factus
3551 2973 3678 3033 est,

2077 3045 2346 3114 quomodo
2372 3061 2467 3116 per
2497 3046 2668 3116 ipsum
2702 3047 2836 3104 laeta
2863 3059 2988 3104 sunt
3015 3051 3233 3108 omnia?
3277 3053 3413 3108 Ecce
3457 3063 3514 3109 et
3559 3055 3682 3124 ipse

2081 3137 2249 3190 factus
2275 3147 2378 3201 est,
2406 3138 2542 3192 sicut
2572 3147 2626 3192 tu
2656 3140 2811 3207 dicis,
2840 3158 2944 3196 non
2972 3159 3071 3213 ego
3092 3185 3109 3210 ,
3149 3144 3269 3213 quia
3294 3146 3532 3215 genitum
3565 3162 3680 3201 non

2079 3243 2234 3297 nego.
2265 3227 2321 3283 Si
2346 3243 2472 3298 ergo
2516 3229 2649 3285 dicis
2695 3230 2892 3286 factum
2940 3249 3099 3301 esse,
3146 3251 3327 3304 qumro
3363 3252 3462 3306 per
3503 3237 3631 3307 quid
3656 3279 3679 3306 ,

2078 3333 2258 3386 quer
2286 3333 2380 3388 per
2403 3334 2585 3388 quem.
2617 3321 2792 3376 Perse
2821 3323 3021 3392 ipsum?
3049 3325 3190 3395 Ergo
3216 3335 3357 3391 erat,
3385 3336 3682 3396 antequam

2080 3409 2251 3476 fieret,
2276 3419 2335 3463 ut
2365 3409 2560 3466 faceret
2587 3427 2646 3467 se
2674 3413 2867 3482 ipsum.
2900 3413 2955 3470 Si
2973 3424 3149 3470 autem
3176 3417 3351 3471 omnia
3381 3433 3478 3487 per
3499 3418 3679 3488 ipsum

2080 3499 2214 3554 facta
2247 3510 2406 3565 sunt,
2439 3501 2672 3572 intellige
2701 3505 2824 3572 quia
2851 3520 2956 3558 non
2998 3515 3081 3560 est
3106 3506 3273 3561 factus
3305 3509 3437 3576 ipse.
3479 3509 3537 3564 Si
3567 3525 3680 3565 non

2079 3599 2234 3659 potes
2264 3591 2596 3660 intelligere,
2625 3593 2784 3648 crede
2814 3603 2868 3647 ut
2891 3595 3173 3664 intelligas.
3206 3597 3468 3652 Praecedit
3499 3599 3634 3655 ﬁdes
3655 3641 3672 3664 .

2080 3685 2322 3752 sequitur
2358 3685 2656 3738 intellectus
2693 3701 2706 3737 :
2737 3685 2984 3752 quoniam
3024 3687 3282 3756 pr0pheta
3329 3688 3497 3752 dicit,
3557 3688 3682 3745 Nisi

2080 3776 2393 3829 credideritis
2412 3816 2426 3837 ,
2457 3793 2558 3829 non
2587 3777 2874 3847 intelligetis
2905 3777 3055 3848 (Isai.
3095 3797 3163 3834 vu
3185 3822 3201 3845 ,
3243 3781 3276 3836 9
3296 3823 3310 3845 ,
3349 3799 3450 3836 sec.
3485 3783 3677 3853 LXX).

2083 3865 2207 3919 Erat
2246 3866 2481 3920 Verbum.
2511 3867 2627 3922 Noli
2648 3884 2774 3935 ergo
2799 3885 3038 3936 quan-ere
3069 3880 3276 3940 tempus
3303 3873 3371 3934 ei,
3401 3887 3497 3942 per
3517 3889 3679 3943 quem

2080 3956 2217 4011 facta
2247 3967 2370 4012 sunt
2401 3967 2660 4027 tempora.
2694 3958 2819 4013 Erat
2858 3959 3096 4018 Verbum.
3130 3963 3233 4018 Sed
3275 3972 3328 4018 tu
3352 3963 3487 4019 dicis
3519 3984 3532 4018 :
3568 3967 3682 4020 Ali-

2079 4050 2291 4118 quando
2321 4065 2422 4105 non
2456 4063 2571 4106 erat
2600 4053 2853 4110 Verbum.
2888 4055 3125 4111 Mentiris
3147 4098 3164 4122 ,
3211 4074 3473 4129 nusquam
3518 4061 3676 4130 legis.

2081 4139 2194 4210 Ego
2220 4151 2396 4196 autem
2434 4141 2552 4214 lego
2584 4145 2675 4199 tibi
2701 4186 2717 4211 ,
2747 4144 2810 4199 In
2841 4148 3089 4218 principio
3127 4159 3234 4203 erat
3272 4148 3506 4204 Verbum.
3536 4152 3681 4219 Quid

2080 4234 2278 4302 quaeris
2319 4244 2444 4291 ante
2489 4237 2843 4306 principium?
2887 4239 2942 4294 Si
2987 4249 3162 4294 autem
3192 4241 3391 4312 aliquid
3434 4244 3681 4301 invenire

2084 4327 2321 4394 potueris
2346 4338 2469 4382 ante
2501 4328 2848 4399 principium,
2881 4329 3052 4399 ipsum
3079 4332 3180 4386 erit
3216 4333 3556 4403 principium.
3589 4334 3678 4390 ln-

2083 4416 2224 4469 sauit
2256 4417 2344 4486 qui
2375 4418 2572 4486 aliquid
2615 4420 2806 4488 qumrit
2829 4430 2952 4474 ante
2987 4421 3322 4491 principium.
3367 4422 3506 4490 Quid
3546 4441 3678 4495 ergo

2083 4505 2212 4558 dicit
2257 4507 2380 4574 quia
2427 4507 2522 4584 fuit
2574 4516 2702 4564 ante
2747 4510 3106 4580 principium?
3151 4509 3218 4566 In
3266 4513 3516 4584 principio
3567 4525 3679 4569 erat

2094 4594 2331 4650 Verbum.

2154 4685 2208 4739 Ξ.
2237 4686 2584 4742 Similitudiue
2608 4691 2890 4744 ostenditur
2926 4701 3230 4748 cowternum
3254 4711 3360 4748 esse
3390 4693 3496 4749 Deo
3530 4694 3678 4748 Patri

2085 4773 2296 4828 Filium.
2343 4777 2448 4832 Sed
2491 4779 2622 4832 dicis
2649 4795 2663 4831 :
2697 4780 2764 4834 Et
2790 4789 2906 4835 erat
2933 4781 3122 4848 Pater;
3153 4793 3206 4838 et
3246 4794 3370 4838 ante
3400 4784 3677 4838 Verbum?

2084 4865 2218 4933 Quid
2248 4869 2482 4937 quatris?
2508 4869 2573 4924 In
2605 4872 2853 4942 principio
2877 4883 2984 4926 erat
3026 4873 3258 4928 Verbum.
3290 4877 3439 4944 Quod
3469 4877 3676 4932 invenis

2086 4959 2320 5030 intellige
2349 4979 2361 5013 :
2388 4963 2494 5016 noli
2522 4979 2764 5033 quaerere
2792 4966 2935 5035 quod
2978 4982 3082 5021 non
3115 4981 3267 5037 potes
3297 4971 3558 5025 invenire.
3585 4969 3677 5024 Ni-

2086 5052 2158 5106 hil
2187 5062 2271 5108 est
2313 5065 2435 5109 ante
2475 5056 2812 5126 principium.
2863 5057 2931 5112 1n
2975 5059 3227 5130 principio
3271 5071 3375 5115 erat
3433 5061 3671 5117 Verbum.

2083 5145 2345 5216 Splendor
2373 5148 2539 5202 Patris
2574 5149 2741 5203 Filius
2771 5158 2871 5204 est.
2907 5151 2981 5207 De
3005 5154 3263 5221 sapientia
3296 5137 3499 5221 Patris,
3531 5154 3672 5224 quod

2084 5249 2164 5292 est
2193 5239 2360 5293 Filius
2381 5281 2396 5303 ,
2424 5240 2623 5296 dictum
2666 5252 2780 5309 est,
2813 5241 3015 5298 Candor
3042 5255 3114 5299 est
3153 5248 3284 5301 enim
3324 5249 3449 5302 lucis
3473 5259 3676 5303 aeterna

2088 5327 2241 5398 (Sap.
2274 5346 2343 5384 vu
2365 5372 2379 5395 ,
2426 5330 2540 5403 26).
2572 5332 2779 5398 Quaeris
2808 5333 2999 5388 Filium
3029 5336 3145 5390 sine
3189 5337 3387 5392 Patre?
3426 5339 3497 5393 Da
3544 5340 3672 5394 mihi

2085 5422 2258 5475 lucem
2287 5423 2400 5478 sine
2443 5424 2695 5479 candore.
2727 5423 2782 5480 Si
2829 5425 3112 5495 aliquando
3153 5443 3258 5482 non
3303 5440 3422 5489 erat
3468 5429 3671 5496 Filius,

2086 5515 2242 5570 Pater
2267 5517 2357 5572 lux
2383 5517 2608 5574 obscura
2644 5529 2778 5575 erat.
2809 5519 3088 5587 Quomodo
3117 5523 3260 5578 enim
3303 5538 3408 5578 non
3447 5523 3672 5578 obscura

2085 5607 2172 5660 lux
2195 5617 2310 5662 erat
2325 5651 2339 5674 ,
2371 5609 2415 5664 si
2440 5610 2726 5666 candorem
2749 5628 2854 5668 non
2878 5613 3142 5668 habebat?
3170 5613 3313 5685 Ergo
3331 5629 3548 5685 semper
3572 5614 3675 5668 Pa-

2087 5707 2170 5752 ter
2189 5739 2203 5762 ,
2231 5713 2446 5770 semper
2475 5701 2661 5757 Filius.
2693 5702 2747 5758 Si
2775 5720 2988 5776 semper
3018 5705 3208 5770 Pater,
3239 5721 3453 5775 semper
3493 5706 3669 5762 Filius.

2087 5791 2291 5855 ρυερτὶδ
2321 5807 2350 5846 a
2385 5809 2469 5849 me
2501 5801 2674 5848 utrum
2709 5803 2862 5852 natus
2889 5797 2956 5852 sit
2980 5795 3182 5853 Filius?
3207 5797 3546 5869 licspoudeo,
3571 5797 3674 5852 Na-
