3934 6184
210 277 316 339 673

213 409 313 455 tus.
338 392 458 449 Non
497 389 641 447 enim
667 397 811 443 esset
837 385 1034 449 Filius,
1064 384 1110 439 si
1163 399 1267 439 non
1309 391 1484 438 natus.
1525 381 1631 437 Sed
1670 395 1792 436 cum

211 490 356 553 dico,
383 484 610 552 Semper
637 481 840 546 Filius;
871 480 970 534 hoc
991 479 1128 542 dico,
1161 477 1384 547 Semper
1410 484 1492 531 est
1519 484 1695 529 natus.
1729 473 1798 527 Et

209 580 322 652 quis
352 576 632 644 intelligit,
660 574 884 643 Semper
907 581 989 627 est
1019 570 1208 625 natus?
1231 570 1306 624 Da
1341 568 1472 622 mihi
1511 566 1796 634 sempiter-

211 687 331 727 num
357 671 535 737 ignem
561 708 574 729 ,
603 675 658 719 et
681 665 750 719 do
777 664 869 718 tibi
896 663 1274 733 sempiternum
1302 657 1663 730 Splendorem.
1693 657 1795 712 Be-

213 764 504 820 nedieimns
548 761 710 814 Deum
738 800 754 823 ,
784 757 872 828 qui
899 756 1044 811 dedit
1073 755 1224 808 nobis
1267 767 1448 807 sacras
1474 751 1794 820 Scripturas.

211 857 261 912 In
287 853 580 924 splendore
621 850 754 904 lucis
796 849 958 920 nolite
996 863 1115 902 esse
1157 846 1304 902 czeci.
1327 844 1538 899 Candor
1573 844 1638 898 de
1678 843 1797 898 luce

211 945 476 1018 gignitur,
532 950 588 996 et
633 950 807 995 tamen
857 938 1089 1009 gignenti
1126 946 1423 992 coarternus
1451 943 1534 991 est
1571 935 1792 989 candor.

211 1039 432 1106 Semper
468 1035 591 1098 lux,
621 1047 834 1100 semper
875 1030 1074 1084 candor
1115 1029 1248 1098 ejus.
1294 1027 1485 1083 Cenuit
1509 1025 1795 1081 candorem

211 1144 358 1184 suum
394 1145 408 1179 :
439 1126 537 1183 sed
569 1122 821 1193 numquid
851 1121 947 1176 fuit
970 1123 1084 1176 sine
1107 1119 1336 1175 candore
1360 1119 1499 1174 suo?
1527 1118 1798 1174 Generare

211 1221 592 1290 sempiternum
626 1217 783 1270 liceat
810 1215 938 1268 Deo.
966 1214 1112 1282 Rogo
1136 1254 1150 1276 ,
1179 1212 1357 1267 audite
1383 1211 1450 1266 de
1487 1226 1592 1281 quo
1621 1210 1795 1280 loqui-

213 1329 325 1366 mur
359 1330 375 1365 :
407 1310 618 1374 audite,
659 1307 917 1362 advertite
937 1347 949 1371 ,
980 1305 1210 1370 credite,
1259 1304 1553 1374 intelligite.
1584 1303 1659 1358 De
1686 1303 1796 1356 Deo

209 1405 500 1474 loquimur.
533 1401 718 1454 Filium
762 1399 902 1453 Patri
932 1407 1254 1452 consternunt
1288 1396 1514 1451 fatemur
1538 1405 1591 1450 et
1617 1395 1794 1451 credi-

210 1511 349 1549 mus.
378 1493 482 1549 Sed
509 1492 685 1555 homo,
719 1490 900 1559 inquit,
927 1487 1137 1558 quando
1165 1497 1384 1557 generat
1407 1486 1593 1552 lilium,
1626 1485 1797 1554 major

210 1595 286 1640 est
311 1584 404 1655 qni
433 1591 682 1653 generat,
707 1591 759 1637 et
779 1581 954 1634 minor
978 1580 1065 1649 qui
1102 1589 1402 1648 generatur.
1433 1579 1572 1633 Ecce
1609 1593 1794 1633 verum

211 1684 290 1730 est
331 1693 346 1729 :
387 1676 442 1728 in
469 1673 770 1727 hominibus
801 1671 969 1741 major
1003 1680 1084 1725 est
1129 1671 1217 1741 qui
1248 1679 1502 1740 generat,
1533 1678 1588 1724 et
1621 1669 1796 1723 minor

212 1767 295 1836 qui
321 1774 645 1836 generatur,
681 1771 734 1818 et
763 1763 1001 1832 pervenit
1040 1761 1104 1815 ad
1148 1761 1309 1815 robur
1338 1761 1499 1830 patris
1539 1761 1641 1815 sui.
1691 1759 1794 1815 Sed

213 1873 406 1928 quare,
439 1857 541 1910 nisi
566 1856 689 1925 quia
731 1869 850 1909 cum
890 1854 980 1908 ille
1008 1853 1235 1916 crescit,
1269 1853 1358 1906 ille
1387 1851 1656 1906 senescit?
1681 1849 1798 1906 Stet

216 1960 360 2020 pater
387 1949 441 2002 in
475 1957 712 2016 tempore
735 1989 750 2012 ,
779 1956 833 2000 et
872 1945 1161 2000 crescendo
1189 1959 1309 1998 eum
1351 1942 1590 2012 sequitur
1619 1942 1756 1996 lilius
1779 1982 1792 2007 ,

214 2051 263 2095 et
287 2040 493 2096 videbis
516 2039 792 2109 aequalem.
822 2037 925 2093 Sed
965 2052 1092 2092 ecce
1129 2036 1198 2090 do
1227 2035 1316 2089 tibi
1345 2034 1484 2089 unde
1509 2034 1794 2103 intelligas.

216 2133 352 2204 Ignis
388 2141 610 2202 generat
652 2129 988 2200 splendorem
1038 2143 1297 2183 coacvum.
1348 2127 1464 2182 Non
1509 2126 1714 2180 invenis
1743 2125 1797 2180 in

218 2227 516 2280 hominibus
556 2223 659 2278 nisi
701 2224 934 2278 minores
975 2222 1146 2287 ﬁlios,
1178 2221 1407 2290 majores
1446 2229 1656 2288 patres;
1690 2235 1796 2273 non

217 2319 421 2372 invenis
445 2331 690 2372 comvos:
723 2314 815 2370 sed
853 2313 923 2368 do
955 2313 1079 2377 tibi,
1124 2313 1261 2366 sicut
1286 2312 1428 2376 dixi,
1459 2310 1796 2380 splendorem

217 2423 449 2462 coaevum
489 2407 595 2476 igni
626 2406 758 2476 patri
797 2421 914 2460 suo.
946 2404 1176 2460 General
1202 2403 1344 2458 enim
1379 2403 1513 2472 ignis
1549 2401 1800 2471 splendo-

218 2513 358 2563 rem,
389 2497 483 2552 sed
510 2512 778 2566 nunquam
813 2496 928 2550 sine
964 2494 1266 2564 splendore.
1307 2492 1439 2548 Cum
1468 2508 1594 2563 ergo
1621 2492 1800 2546 videas

217 2591 554 2660 splendorem
579 2589 682 2659 igni
717 2603 837 2643 esse
865 2601 1101 2640 comvum
1122 2627 1136 2651 ,
1167 2585 1410 2654 permitte
1441 2583 1604 2638 Deum
1634 2597 1798 2652 gene-

217 2699 332 2740 rare
359 2691 708 2739 eoa-ternum.
737 2681 836 2749 Qui
874 2679 1155 2749 intelligit,
1195 2678 1418 2748 gaudeat
1451 2697 1462 2729 :
1491 2677 1580 2747 qui
1621 2683 1799 2730 autem

221 2790 320 2830 non
360 2772 640 2842 intelligit,
693 2770 893 2826 credat.
941 2769 1200 2835 Quoniam
1245 2769 1466 2822 verbum
1518 2765 1800 2835 PrOphetm

219 2867 458 2923 evacuari
485 2880 590 2919 non
616 2872 790 2934 potest
814 2881 827 2916 :
851 2861 968 2915 Nisi
995 2859 1304 2914 credideritis
1323 2900 1339 2927 ,
1366 2875 1467 2913 non
1494 2856 1798 2927 intelligetis.

713 2994 940 3051 SERMO
967 2993 1130 3049 CXIX
1158 2999 1176 3018 ·
1203 2993 1300 3064 (ιι).

224 3091 298 3147 De
315 3091 499 3145 eisdem
524 3089 682 3144 verbis
723 3087 939 3140 Joannis
967 3129 980 3153 ,
1015 3086 1070 3139 In
1106 3085 1364 3156 principio
1386 3076 1499 3140 ei'at
1527 3084 1795 3153 Verbum,

645 3190 764 3247 etc.,
793 3197 906 3250 cap.
932 3194 970 3246 ι,
1013 3179 1046 3248 ᾖ
1073 3219 1086 3232 .
1114 3178 1245 3262 1-14

289 3295 512 3350 CAPUT
551 3291 834 3348 PRIMUM.
874 3320 947 3331 -—
989 3291 1040 3344 1.
1105 3287 1318 3342 Verbum
1373 3297 1615 3342 aeternum
1661 3287 1801 3358 apud

225 3387 400 3442 Deum.
450 3387 733 3441 Dominum
775 3391 1012 3438 nostrum
1058 3381 1237 3436 Jesum
1287 3379 1556 3434 Christum
1605 3379 1799 3434 factum

223 3495 340 3536 esse
384 3479 654 3533 hominem
695 3474 982 3547 qumrendo
1030 3474 1292 3544 perditum
1343 3474 1611 3527 hominem
1639 3513 1655 3539 ,
1703 3487 1800 3527 ne-

223 3588 328 3642 que
368 3585 595 3640 unquam
632 3560 821 3623 tacuit
873 3565 1178 3636 prmdicatio
1222 3572 1437 3632 nostra,
1485 3571 1539 3619 et
1589 3580 1802 3634 semper

224 3662 404 3716 habuit
429 3661 558 3716 ﬁdes
582 3667 757 3715 vestra
785 3674 797 3710 :
829 3656 970 3711 hunc
988 3664 1166 3710 autem
1198 3654 1479 3710 Dominum
1526 3663 1762 3708 nostrum
1782 3695 1798 3722 ,

224 3755 312 3823 qui
364 3753 519 3807 homo
562 3751 729 3806 factus
762 3760 846 3804 est
907 3757 1123 3820 propter
1181 3762 1316 3812 nos,
1372 3747 1541 3800 Deum
1590 3761 1803 3816 semper

226 3843 388 3900 fuisse
424 3842 557 3913 apud
606 3841 846 3904 Patrem,
880 3850 934 3894 et
961 3853 1174 3908 semper
1212 3836 1444 3892 futurum
1493 3851 1647 3903 esse,
1697 3838 1803 3892 imo

226 3950 436 4004 semper
460 3932 612 3998 esse;
639 3934 760 4002 quia
787 3931 874 3986 ubi
907 3939 1114 4000 tempus
1143 3945 1250 3984 non
1292 3931 1555 3999 praeterit,
1589 3945 1694 3984 non
1721 3940 1804 3985 est

230 4025 299 4079 ibi
335 4024 450 4080 Fuit
489 4035 544 4080 et
571 4026 702 4079 Erit.
730 4023 882 4091 Quod
932 4024 1074 4077 enim
1101 4021 1295 4076 dicitur
1339 4022 1492 4089 Fuit,
1541 4023 1650 4092 jam
1697 4039 1803 4078 non

235 4130 340 4183 est;
361 4116 498 4187 quod
529 4116 722 4170 dicitur
749 4116 889 4180 Erit,
923 4112 1156 4167 nondum
1185 4121 1268 4167 est
1299 4129 1312 4165 :
1345 4112 1438 4167 sed
1465 4128 1676 4182 semper
1699 4123 1801 4180 est,

231 4210 348 4280 quia
369 4225 489 4264 vere
517 4218 622 4272 est,
656 4209 756 4261 hoc
776 4215 894 4272 est,
929 4203 1378 4260 incommutabilis
1399 4212 1500 4258 est.
1527 4204 1682 4259 Modo
1707 4220 1805 4259 nos

232 4300 497 4354 admonuit
525 4291 883 4369 evangelicum
913 4295 1199 4367 capitulum
1221 4337 1236 4359 ,
1264 4295 1508 4364 magnum
1535 4295 1804 4350 divinum~

235 4406 332 4460 que
357 4400 639 4446 secretum.
681 4388 793 4442 11οο
818 4389 959 4442 enim
1015 4387 1332 4456 principium
1360 4387 1629 4456 Evangelii
1678 4402 1806 4442 san-

236 4493 345 4536 ctus
365 4483 596 4538 Joannes
625 4479 906 4544 ructuavit,
927 4479 1049 4549 quia
1077 4477 1142 4532 de
1170 4488 1388 4547 pectore
1413 4478 1622 4534 Domini
1649 4479 1803 4534 bibit.

237 4574 597 4629 Recordamini
640 4577 817 4636 enim,
853 4579 907 4625 et
943 4571 1137 4625 lectum
1163 4579 1244 4625 est
1270 4569 1420 4624 vobis
1457 4572 1764 4640 nuperrime
1788 4613 1803 4639 ,

238 4666 492 4735 quomodo
538 4666 651 4734 ipse
691 4672 908 4718 sanctus
945 4662 1178 4717 Joannes
1224 4662 1543 4731 evangelista
1592 4663 1644 4716 in
1689 4664 1808 4718 sinu

239 4757 436 4812 Domini
475 4755 860 4812 discumbebat.
903 4753 1052 4820 Quod
1080 4761 1262 4822 aperte
1289 4767 1554 4821 exponere
1581 4753 1768 4808 volens
1790 4795 1806 4821 ,

237 4851 324 4916 ait,
359 4850 530 4918 Super
553 4858 724 4918 pectus
757 4844 960 4898 Domini
986 4844 1163 4912 (Joan.
1193 4859 1286 4896 xm
1304 4884 1318 4907 ,
1342 4843 1414 4897 25
1433 4885 1447 4908 ,
1471 4840 1564 4916 25)
1594 4861 1606 4896 :
1642 4853 1697 4898 ut
1722 4846 1806 4899 in—

240 4942 588 5011 telligeremus
619 4936 744 5007 quid
773 4935 1002 5001 dixerit,
1045 4935 1096 4989 in
1124 4933 1242 4988 sinu
1285 4933 1513 4988 Domini.
1548 4934 1638 4990 Ille
1667 4937 1806 4990 enim

287 5079 305 5100 '
331 5075 690 5125 ttecensitusad
711 5071 760 5120 d.
777 5083 853 5133 gr.
877 5083 990 5133 r.v.
1011 5075 1063 5119 et
1083 5068 1142 5118 ad
1165 5067 1301 5118 Ulim.
1329 5075 1433 5118 Par.
1458 5073 1567 5120 ων.
1593 5075 1648 5119 et
1670 5071 1808 5133 Vign.

286 5131 948 5205 (βὶΑιίδνάίέθίῖθτέίεἋτ
1060 5191 1072 5204 .
1136 5197 1198 5205 ,γ
1282 5191 1310 5205 ,γ
1360 5204 1364 5205 ,
1423 5204 1434 5205 ,
1485 5190 1515 5205 ..

287 5190 357 5263 (ὠ
384 5190 608 5266 't‘res'qui
648 5197 1016 5266 subsequuntur
1032 5191 1108 5266 “in
1131 5191 1324 5266 Joanpis
1347 5190 1810 5266 egordiumsermo-

235 5253 484 5325 mi'apud
509 5253 710 5325 veteres
732 5253 880 5304 libros
903 5254 1226 5325 inscribuntur
1250 5253 1472 5325 habiti
1494 5255 1576 5325 die
1601 5255 1808 5325 Pascha}.

237 5327 291 5371 Ex
313 5314 374 5374 iis
390 5314 524 5370 baud
545 5321 848 5386 dubie__sunt,
871 5329 994 5386 quos
1015 5314 1253 5386 Possidius
1276 5316 1322 5362 in
1347 5315 1574 5386 Indiculo,
1599 5328 1705 5376 cap.
1733 5317 1810 5386 19,

239 5393 375 5443 notat,
426 5402 448 5428 ιι
472 5389 560 5430 Per
603 5379 794 5447 vigilias
838 5377 1026 5447 Pascha:
1071 5383 1300 5447 tractatus
1339 5377 1503 5447 viginti
1553 5383 1672 5447 tres:
1691 5393 1742 5447 η.
1763 5380 1812 5426 εἰ

241 5438 435 5510 mirique
459 5438 666 5504 tempori
688 5444 1027 5510 congruenter.
1042 5445 1093 5487 et
1133 5450 1277 5508 quam
1312 5444 1580 5510 opportune
1619 5438 1814 5510 diceba-

242 5513 308 5550 lm-
327 5510 392 5550 de
413 5507 572 5550 mnite
595 5505 751 5550 primo
789 5499 1031 5550 Evangelii
1067 5506 1284 5550 Joannis.
1326 5498 1457 5547 unde
1502 5497 1626 5546 ﬁlios
1647 5505 1732 5547 Det
1753 5512 1813 5550 se

242 5513 308 5554 tur
327 5510 392 5557 de
413 5510 572 5568 capite
595 5510 751 5566 primo
789 5510 1031 5562 evangelii
1067 5510 1284 5557 Joannis,
1326 5510 1457 5572 unde
1502 5510 1626 5570 unos
1647 5510 1732 5570 pet
1753 5512 1813 5550 se

242 5565 378 5632 iactos
400 5581 512 5632 esse
551 5563 888 5632 intelligerent
931 5574 1120 5632 recens
1149 5561 1388 5632 baptizati,
1422 5559 1552 5632 quod
1575 5573 1690 5620 IpSIS
1712 5561 1814 5610 col-

245 5627 380 5741 ἓῶιέι
419 5622 834 5684 beneﬁcium—hic,
857 5635 996 5687 capp.
1023 5623 1054 5672 4
1076 5630 1127 5674 et
1148 5622 1197 5683 5,
1237 5622 1536 5672 manifestius
1568 5634 1814 5674 maximen-

1625 263 1861 324 SERMO
1897 264 1981 323 CX
1996 263 2086 320 IX.

1867 1197 1874 1203 ’
1899 1205 2041 1274 quod
2068 1205 2202 1259 facta
2249 1215 2374 1261 sunt
2403 1209 2579 1262 omnia

3377 287 3477 345 στι

1901 382 1988 449 qui
2013 396 2173 452 super
2197 393 2383 454 pectus
2414 385 2621 443 Domini
2651 388 3049 460 discumbebat,
3084 404 3332 465 putamus
3357 401 3482 470 quid

1901 472 2151 528 bibebat?
2180 475 2296 530 Non
2342 486 2621 546 putemus,
2671 482 2766 536 sed
2817 493 3060 554 petemus
3097 506 3113 539 :
3145 489 3305 544 modo
3341 491 3484 546 enim

1900 572 1955 617 et
1980 580 2076 618 nos
2098 565 2398 622 audivimus
2419 571 2560 638 quod
2585 572 2844 628 bibamus.

1969 653 2196 712 CAPUT
2235 658 2300 712 11.
2334 690 2405 698 -
2449 659 2661 715 Verbum
2695 662 2791 716 Dei
2839 682 2938 719 non
2982 675 3054 720 est
3083 667 3291 734 factum.
3322 701 3394 712 —
3416 671 3484 727 In

1901 747 2152 816 principio
2179 760 2286 803 erat
2321 749 2566 817 Verbum,
2595 763 2640 806 et
2675 752 2892 808 Verbum
2917 766 3024 809 erat
3051 761 3193 828 apud
3216 760 3408 826 Deum,
3439 773 3486 817 et

1902 836 2039 891 Deus
2063 848 2169 892 erat
2208 839 2444 894 Verbum.
2481 843 2524 896 0
2553 843 2870 912 praedicare!
2903 861 2937 899 ο
2963 849 3198 916 saginam
3224 850 3484 906 Dominici

1902 931 2134 998 pectoris
2178 935 2488 988 cructuare!
2534 933 2601 988 In
2647 937 2894 1006 principio
2936 948 3044 992 erat
3081 939 3316 997 Verbum.
3348 943 3485 1009 Quid

1901 1023 2096 1090 quaeris
2124 1024 2248 1092 quid
2277 1034 2402 1079 ante
2429 1027 2582 1080 erat?
2628 1025 2696 1080 In
2723 1029 2972 1097 principio
3005 1041 3110 1083 erat
3161 1029 3394 1087 Verbum.
3428 1034 3485 1089 Si

1903 1111 2099 1168 factum
2147 1122 2291 1168 esset
2337 1115 2566 1169 Verbum
2625 1135 2638 1171 :
2694 1133 2800 1171 non
2843 1128 2926 1172 est
2961 1120 3103 1174 enim
3145 1122 3338 1175 factum
3392 1140 3486 1193 per

2632 1227 2644 1262 :
2697 1211 2740 1263 si
2784 1211 2976 1265 factum
3028 1223 3170 1267 esset
3220 1215 3482 1284 Verbum,

1899 1294 2169 1365 Scriptura
2209 1298 2444 1363 diceret,
2475 1300 2529 1353 In
2575 1300 2830 1370 principio
2872 1304 2997 1358 fecit
3038 1305 3180 1360 Deus
3213 1307 3481 1374 Verbum;

1900 1389 2168 1457 quomodo
2193 1391 2325 1445 dixit
2348 1393 2403 1445 in
2426 1391 2654 1458 Genesi,
2688 1393 2755 1447 In
2785 1395 3034 1465 principio
3064 1399 3180 1467 fecit
3218 1398 3354 1453 Deus
3389 1416 3487 1454 cm-

1901 1479 2004 1550 lum
2034 1489 2081 1534 et
2110 1489 2295 1534 terram
2327 1481 2476 1551 (Gen.
2502 1499 2548 1549 ι,
2581 1484 2656 1552 1).
2687 1485 2804 1539 Νοη
2835 1501 2964 1556 ergo
2985 1488 3034 1541 in
3067 1489 3326 1559 principio
3362 1491 3488 1546 fecit

1903 1568 2042 1624 Deus
2067 1571 2296 1626 Verbum
2327 1591 2340 1625 :
2369 1575 2489 1643 quia
2512 1615 2526 1639 ,
2576 1575 2640 1628 In
2686 1578 2935 1648 principio
2961 1589 3068 1632 erat
3106 1579 3340 1635 Verbum.
3374 1583 3487 1638 lloc

1901 1659 2135 1716 Verbum
2163 1664 2304 1732 quod
2332 1664 2384 1718 in
2413 1667 2672 1735 principio
2697 1679 2845 1736 erat,
2889 1671 2975 1724 ubi
3021 1675 3172 1727 erat?
3201 1674 3435 1744 Sequere
3469 1695 3484 1731 :

1901 1749 1969 1804 Et
2002 1751 2214 1806 Verbum
2253 1766 2361 1810 erat
2396 1759 2536 1826 apud
2574 1759 2755 1812 Deum.
2793 1760 2896 1814 Sed
2927 1762 3192 1830 solemus,
3222 1764 3487 1820 audiendo

1900 1844 2134 1912 quotidie
2154 1845 2384 1900 humana
2406 1849 2588 1911 verba,
2614 1851 2714 1904 vile
2737 1851 2930 1906 habere
2953 1869 3145 1908 nomen
3173 1855 3273 1910 hoc
3306 1857 3484 1911 Verbi.

1902 1933 1999 1988 IIic
2021 1935 2128 1989 noli
2157 1937 2357 1992 habere
2384 1939 2488 1994 vile
2511 1955 2704 1995 nomen
2727 1943 2872 1996 verbi
2899 1961 2911 1996 :
2936 1943 3075 1999 Deus
3102 1955 3206 1999 erat
3249 1947 3485 2002 Verbum.

1904 2023 2037 2088 Hoc,
2053 2026 2104 2080 id
2129 2036 2211 2081 est
2235 2028 2465 2083 Verbum
2487 2071 2504 2097 ,
2527 2041 2631 2083 erat
2647 2033 2697 2084 in
2715 2034 2963 2102 principio
2985 2037 3124 2104 apud
3148 2036 3330 2091 Deum.
3358 2038 3487 2092 0m-

1901 2115 1988 2168 nia
2016 2133 2104 2184 per
2138 2118 2305 2185 ipsum
2339 2121 2475 2186 facta
2497 2130 2612 2172 sunt
2642 2137 2662 2173 .'
2687 2130 2731 2173 et
2754 2123 2864 2175 sine
2896 2125 3005 2192 ipso
3035 2129 3222 2195 factum
3243 2129 3484 2181 estnihil.

1974 2208 2196 2264 CAPUT
2238 2210 2324 2263 Ill.
2348 2241 2417 2250 ——
2463 2211 2516 2265 5.
2567 2210 2783 2265 Verbum
2836 2213 2930 2268 Dei
2966 2217 3483 2286 incompreltensibile.

1903 2297 2183 2352 Extendite
2220 2300 2380 2353 corda
2417 2310 2624 2366 vestra,
2669 2303 2916 2372 adjuvate
2962 2317 3326 2376 paupertatem
3369 2326 3488 2366 ser-

1905 2390 2079 2443 monis
2117 2390 2304 2443 nostri.
2355 2390 2507 2457 Quod
2553 2391 2734 2446 dicere
2777 2403 3034 2462 potuero,
3076 2397 3254 2452 audite
3299 2401 3488 2470 :qnod

1904 2496 2008 2535 non
2050 2493 2304 2551 potuero,
2335 2484 2582 2553 cogitate.
2629 2485 2759 2551 Quis
2799 2487 3216 2554 comprehendat
3257 2489 3488 2546 Verbum

1905 2574 2159 2626 manens?
2188 2573 2374 2629 Omnia
2420 2577 2579 2630 verba
2628 2587 2810 2632 nostra
2856 2588 3049 2634 sonant
3090 2591 3145 2635 et
3186 2590 3482 2637 transeunt.

1904 2663 2032 2732 Quis
2055 2667 2474 2735 comprehendat
2499 2668 2733 2723 Verbum
2762 2686 2983 2726 manens
3004 2712 3020 2738 ,
3052 2673 3152 2727 nisi
3179 2676 3266 2743 qui
3297 2675 3350 2729 in
3375 2677 3489 2745 ipso

1904 2754 2119 2808 manet?
2152 2756 2238 2809 Vis
2280 2752 2736 2827 comprehendere
2793 2761 3021 2817 Verbum
3075 2767 3336 2820 manens?
3370 2766 3489 2822 Noli

1905 2845 2056 2914 sequi
2100 2844 2296 2900 ﬂumen
2341 2850 2541 2902 carnis.
2572 2848 2712 2903 Caro
2745 2851 2940 2921 quippe
2966 2842 3082 2906 ista
3127 2851 3320 2908 ﬂuvius
3358 2864 3440 2910 est
3472 2874 3487 2912 :

1904 2950 2010 2988 non
2037 2935 2177 2989 enim
2208 2945 2407 2990 manet.
2433 2937 2707 3007 Tanquam
2735 2940 2802 2994 de
2830 2939 2975 2996 l‘ntite
3016 2944 3244 3011 quodam
3276 2955 3486 3000 secreto

1905 3033 2108 3079 natura:
2129 3037 2414 3080 nascuntur
2434 3027 2684 3084 homines
2703 3072 2719 3096 ,
2743 3031 2930 3086 vivunt
2956 3033 3197 3088 homines
3213 3075 3228 3100 ,
3249 3036 3490 3090 moriun-

1906 3124 1992 3170 tur
2032 3116 2316 3173 homines:
2351 3133 2451 3174 nec
2505 3121 2644 3175 unde
2690 3121 2906 3176 veniant
2953 3124 3232 3191 novimus,
3261 3141 3357 3181 nec
3384 3143 3491 3197 quo

1904 3215 2030 3260 eant
2070 3209 2337 3262 novimus.
2384 3209 2536 3266 Latet
2583 3226 2749 3280 aqua,
2794 3213 2965 3269 donec
3007 3216 3373 3284 progrediatur
3423 3233 3488 3272 es

1905 3295 2051 3351 fonte
2085 3315 2098 3351 :
2128 3300 2314 3363 currit,
2335 3309 2388 3353 et
2433 3311 2654 3370 apparet
2681 3303 2733 3356 in
2776 3303 2996 3358 ﬂumine
3025 3322 3038 3357 :
3067 3306 3162 3360 sed
3204 3323 3387 3363 rursus
3413 3309 3490 3361 la-

1907 3397 1984 3444 tet
2011 3391 2062 3443 in
2087 3392 2237 3443 mari.
2257 3391 2676 3447 Contemnamus
2715 3393 2932 3448 ﬂuvium
2965 3397 3121 3450 istum
3144 3411 3446 3452 manantem
3469 3437 3487 3464 ,

1906 3478 2206 3534 currentem
2227 3521 2242 3546 ,
2269 3480 2600 3536 desinentem
2622 3523 2639 3549 ,
2667 3493 3092 3538 eontemnan‘ius.
3147 3484 3323 3540 Omnis
3368 3503 3489 3540 caro

1909 3573 2112 3642 fenum,
2141 3580 2189 3624 et
2227 3572 2388 3624 omnis
2428 3574 2589 3626 honor
2631 3575 2802 3628 carnis
2836 3577 2962 3629 sicut
3015 3577 3112 3645 ﬂos
3140 3578 3263 3646 feni.
3287 3577 3488 3632 Ferrum

1906 3661 2074 3724 aruit,
2115 3661 2210 3728 [los
2231 3659 2437 3715 decidit.
2467 3662 2556 3716 Vis
2584 3667 2834 3718 manere?
2871 3663 3085 3719 Verbum
3109 3676 3276 3721 autem
3316 3667 3491 3723 Domi-

1909 3750 1962 3804 ni
1983 3759 2146 3803 manet
2179 3751 2230 3803 in
2253 3761 2495 3804 aeternum
2519 3751 2670 3824 (lsai.
2697 3770 2788 3819 χι,
2814 3754 2952 3827 6-8).

1978 3843 2204 3899 CAPUT
2243 3844 2331 3900 IV.
2361 3875 2432 3885 ——
2451 3847 2503 3899 4.
2541 3845 2750 3900 Verbum
2777 3864 2894 3902 caro
2919 3849 3130 3917 factum.
3159 3850 3261 3906 Sed
3285 3860 3339 3907 ut
3363 3853 3490 3908 sub-

1909 3938 2114 3993 veniret
2161 3937 2350 4004 nobis,
2397 3938 2608 3993 Verbum
2644 3956 2762 3992 caro
2815 3945 3002 4010 factum
3026 3952 3128 4005 est,
3169 3953 3215 3996 et
3253 3944 3492 3998 habitauit

1909 4029 1963 4082 in
1991 4027 2151 4082 nobis.
2189 4028 2322 4094 Quid
2370 4038 2480 4094 est,
2523 4029 2741 4084 Verbum
2781 4048 2897 4084 caro
2919 4032 3107 4101 factum
3151 4036 3262 4089 est?
3288 4037 3490 4091 Aurum

1909 4121 2088 4176 fenum
2125 4121 2316 4176 factum
2345 4129 2446 4176 est.
2471 4122 2671 4177 Fenum
2710 4123 2905 4178 factum
2933 4133 3018 4179 est
3054 4125 3119 4180 ad
3159 4127 3490 4182 succenden-

1912 4211 2037 4266 dum
2072 4229 2086 4264 :
2119 4227 2436 4267 succensum
2469 4221 2550 4267 est
2593 4213 2804 4279 fenum,
2844 4214 2936 4269 sed
2964 4217 3156 4270 mansit
3178 4231 3364 4272 aurum
3398 4235 3410 4270 :
3438 4227 3494 4273 et

1914 4305 1966 4359 in
1996 4305 2118 4359 leno
2145 4321 2248 4359 non
2272 4307 2462 4374 periit,
2493 4314 2548 4360 et
2574 4306 2750 4360 l‘enum
2777 4309 3018 4362 mutavit.
3050 4309 3330 4377 Quomodo
3375 4327 3495 4365 mu-

1913 4396 2081 4448 tavit?
2113 4395 2498 4460 Resuscitavit,
2530 4397 2845 4463 viviﬁcavit,
2879 4398 2930 4452 in
2951 4399 3145 4454 omium
3177 4401 3392 4468 levavit,
3425 4402 3490 4456 ad

1919 4487 2090 4542 Patris
2125 4487 2398 4543 dexteram
2431 4489 2730 4544 collocavit.
2762 4490 2832 4546 Ut
2875 4502 3051 4547 autem
3099 4493 3396 4558 diceretur,
3428 4495 3495 4549 Et

1926 4579 2139 4633 Verbum
2181 4596 2298 4634 caro
2333 4582 2521 4648 factum
2559 4593 2663 4647 est,
2715 4591 2763 4636 et
2805 4582 3042 4637 habitavit
3069 4586 3122 4639 in
3163 4586 3337 4653 nobis,
3369 4588 3495 4656 quid

1913 4671 2186 4742 przecessit
2212 4673 2511 4726 recolamus
2537 4673 2931 4742 paulnlnmJn
2970 4692 3063 4728 sua
3092 4678 3300 4746 propria
3327 4679 3459 4731 venit
3477 4719 3494 4743 ,

1914 4772 1962 4816 et
1987 4763 2068 4816 sui
2102 4778 2216 4815 eum
2241 4779 2339 4816 non
2367 4773 2676 4832 receperunt.
2723 4761 2978 4830 Quotquot
3003 4775 3169 4818 autem
3202 4783 3494 4834 receperunt

1914 4871 2048 4921 eum,
2071 4855 2208 4909 dedit
2228 4855 2299 4908 eis
2320 4864 2607 4924 potestatem
2633 4854 2765 4922 ﬁlios
2787 4853 2882 4906 Dei
2909 4855 3040 4922 ﬁeri.
3071 4855 3363 4925 Fieri,quia
3389 4871 3493 4910 non

1915 4955 2066 5000 erant
2095 4963 2107 4999 :
2139 4945 2252 5014 ipse
2289 4951 2465 4997 autem
2508 4942 2558 4996 in
2603 4942 2862 5011 principio
2887 4952 3022 4998 erat.
3057 4943 3206 4997 Dedit
3252 4959 3378 5014 ergo
3424 4946 3497 4998 eis

1917 5047 2209 5108 potestatem
2233 5036 2368 5104 ﬁlios
2395 5033 2492 5087 Dei
2515 5034 2625 5102 fieri
2645 5073 2661 5098 ,
2689 5033 3002 5086 credentibus
3025 5034 3077 5087 in
3110 5035 3311 5087 nomine
3341 5036 3451 5106 ejus
3479 5050 3498 5090 :

1916 5130 2002 5198 qui
2029 5143 2130 5181 non
2156 5141 2218 5179 ex
2235 5122 2591 5194 sanguinibus,
2619 5138 2778 5192 neque
2809 5138 2873 5177 ex
2909 5121 3162 5177 voluntate
3179 5125 3345 5178 carnis
3364 5166 3379 5189 ,
3410 5142 3498 5180 ne-

1917 5237 2012 5293 que
2029 5235 2092 5272 ea:
2115 5216 2368 5271 uoluntate
2391 5214 2484 5268 uiri
2497 5253 2513 5278 ,
2543 5214 2632 5268 sed
2649 5229 2713 5268 ea:
2739 5212 2844 5268 Deo
2866 5213 2973 5267 nati
3003 5223 3139 5268 sunt.
3174 5215 3310 5269 Ecce
3333 5227 3456 5270 sunt
3481 5258 3495 5281 ,

1920 5311 1972 5366 in
1998 5321 2332 5380 quacumque
2384 5306 2492 5360 sint
2519 5313 2678 5360 mtate
2730 5306 2906 5360 carnis
2939 5323 2953 5360 :
2985 5305 3176 5360 videtis
3223 5306 3494 5362 infantes:

1919 5401 2097 5456 videte
2125 5408 2180 5454 et
2205 5397 2450 5468 gaudete.
2483 5397 2617 5452 Ecce
2643 5405 2767 5451 sunt
2796 5414 2810 5450 :
2837 5396 2931 5451 sed
2959 5412 3027 5451 ex
3055 5397 3165 5451 Deo
3185 5397 3294 5452 nati
3311 5406 3436 5452 sunt
3455 5399 3498 5453 ί.

1919 5491 2087 5548 Vulva
2118 5489 2303 5544 matris
2323 5530 2338 5556 ,
2366 5502 2501 5558 aqua
2528 5486 2886 5556 Baptismatis.

1985 5615 3205 5696 ¹*ξιξείιιεςιΕ’ίοωῑίξιυξὲἕίτ,ἵίέξὲἑδρὲξιεηεεθρ
3221 5618 3423 5696 ηεέάεείε
3456 5626 3504 5696 et.

1923 5677 2158 5752 gaudetis.
2206 5693 2327 5736 Ecce
2370 5687 2494 5734 sunt.
2543 5679 2781 5744 Numquid
2820 5691 2912 5732 non
2933 5677 3135 5744 lilii'Dei
3158 5677 3266 5735 sum
3283 5681 3307 5732 .9
3326 5695 3419 5734 non
3440 5693 3504 5733 ex
