3852 6182
388 334 495 390 6'15

459 444 684 506 (APUT
724 441 787 496 V.
822 467 885 481 -—
904 437 959 491 5.
989 425 1365 487 [incarnationis
1392 421 1679 492 mysterium
1692 413 1963 506 suadetur.

390 503 559 609 Nemo
602 530 923 608 pauperculo
970 525 1150 580 animo
1172 517 1396 581 sentiat,
1429 522 1483 568 et
1520 510 1698 566 volvat
1743 503 1883 576 apud
1911 516 1972 557 se

393 595 565 707 ipsum
602 595 1021 683 ineridicissimas
1050 618 1068 650 ί
1107 611 1487 683 cogitationes,
1531 612 1588 658 et
1608 600 1776 707 'diclat
1803 595 1905 652 sibi
1953 610 1967 646 :

386 690 671 795 ᾆιιοηιοάο
707 719 761 772 in
792 711 1038 787 principio
1079 714 1185 762 erat
1220 701 1469 761 Verbum,
1509 704 1557 749 et
1592 690 1829 795 versant
1867 693 1974 741 erat

392 782 532 890 apud
556 815 753 876 Deum,
793 782 841 863 et
870 806 1004 860 Deus
1039 808 1147 856 erat
1184 794 1437 855 Verbum;
1467 786 1638 843 omnia
1676 800 1765 855 per
1805 782 1975 850 ipsum

398 875 533 987 facta
561 916 676 963 sunt
699 920 718 959 :
735 912 790 958 et
809 915 934 956 core
965 894 1183 951 Verbum
1206 903 1323 944 caro
1346 887 1633 987 [aeternam
1652 918 1667 944 ,
1698 885 1745 931 et
1770 875 1973 987 nubitu-

576 998 760 1054 uobis?
788 990 982 1047 Audite
1007 984 1149 1041 unde
1178 984 1371 1036 factum
1401 983 1502 1031 est.
1528 971 1689 1026 Certe
1710 963 1977 1059 credenti-

398 1054 581 1151 b'nsin
611 1088 824 1145 nomine
850 1085 965 1153 ejus
991 1077 1140 1134 dedit
1177 1076 1493 1144 petestatem
1526 1062 1671 1153 lilios
1695 1058 1787 1153 Dei
1807 1151 1814 1153 Α
1832 1054 1967 1109 ﬁeri.

401 1150 508 1241 Nec
536 1182 634 1251 ipsi
662 1177 853 1248 quibus
881 1150 1027 1227 dedit
1056 1170 1374 1251 potestatem
1402 1156 1541 1251 ﬁlios
1706 1150 1819 1251 lieri
1837 1188 1853 1213 ,
1882 1161 1979 1215 pu-

400 1286 514 1331 tent
555 1241 883 1340 impossibile
921 1276 1047 1316 esse
1096 1256 1232 1310 filios
1274 1250 1365 1305 Dei
1421 1245 1557 1301 ﬁeri.
1607 1241 1823 1295 Verbum
1863 1251 1981 1290 caro

402 1326 590 1441 factum
627 1326 696 1414 εει
718 1401 732 1421 ,
761 1365 807 1410 et
835 1350 1073 1406 habitavit
1108 1347 1162 1399 in
1200 1342 1342 1396 nobis
1388 1335 1566 1391 Nolite
1611 1340 1794 1441 putatae.
1839 1326 1983 1441 mini-

402 1420 512 1516 inm
541 1470 661 1511 esse
689 1420 754 1505 ad
777 1463 893 1512 vos,
918 1442 1032 1500 ﬁeri
1057 1440 1146 1494 lilii
1178 1435 1272 1491 Dei
1296 1450 1311 1486 :
1339 1437 1554 1501 propter
1582 1439 1678 1478 vos
1719 1422 1858 1476 lilius
1887 1420 1985 1472 ho-

585 1547 752 1600 lactus
778 1510 890 1600 est,
919 1534 1009 1604 qui
1030 1539 1145 1587 erat
1170 1527 1307 1580 illius
1334 1521 1447 1581 Dei.
1469 1519 1525 1574 Si
1553 1517 1721 1570 iactus
1740 1510 1985 1578 estipsc,

402 1653 462 1698 ut
489 1640 662 1694 minus
681 1639 825 1690 esset
852 1629 937 1698 qui
956 1626 1074 1695 plus
1100 1629 1249 1683 erat;
1278 1630 1383 1670 non
1410 1616 1583 1681 potest
1620 1606 1796 1660 facere
1818 1617 1883 1656 ex
1923 1613 1990 1653 eo

403 1730 547 1803 quod
591 1728 767 1782 minus
814 1732 1048 1782 eramus,
1078 1722 1137 1767 ut
1163 1705 1356 1777 aliquid
1386 1704 1503 1773 plus
1542 1712 1672 1803 esse.
1693 1690 1990 1803 possimps?

409 1782 691 1877 Descendit
720 1812 788 1867 ad
816 1823 912 1863 nos
931 1847 947 1873 ,
974 1814 1028 1861 ct
1051 1818 1157 1857 non
1192 1798 1260 1852 ad
1306 1797 1450 1850 illum
1479 1782 1866 1845 ascendemns?
1889 1784 1991 1835 Ac-

404 1910 553 1980 cepit
581 1920 677 1978 pro
720 1900 871 1957 nobis
899 1903 1122 1951 mortem
1150 1896 1383 1943 nostram
1400 1924 1415 1948 ,
1437 1890 1493 1935 et
1518 1892 1623 1933 non
1658 1873 1811 1931 nobis
1840 1870 1995 1925 datu-

530 1964 613 2057 est
639 1998 800 2053 vitam
824 1988 1018 2048 suam?
1047 1985 1244 2041 Passus
1279 1987 1357 2034 est
1388 1979 1605 2044 propter
1631 1978 1685 2023 te
1711 1964 1849 2021 maia
1870 1971 1991 2026 tua,

406 2104 465 2151 et
501 2108 606 2147 non
636 2087 731 2143 tibi
766 2084 988 2140 daturus
1013 2084 1092 2132 est
1118 2075 1256 2128 bona
1284 2082 1379 2123 sua
1403 2064 1427 2118 ?

480 2145 709 2240 (VIVAPUT
750 2175 837 2231 Vl.
883 2198 959 2215 --
1016 2169 1071 2223 6.
1113 2159 1405 2218 Incarnotio
1454 2169 1584 2223 opus
1641 2145 1997 2240 omnipotentis

421 2237 591 2330 Verbi.
631 2269 740 2326 Sed
773 2260 1074 2337 quomodo.
1103 2254 1305 2324 inquit,
1337 2246 1451 2303 ﬁeri
1481 2242 1650 2315 potuit
1678 2247 1736 2293 ut
1767 2237 1996 2293 Verbum

415 2369 547 2432 Dei,
576 2378 684 2433 quo
711 2333 1036 2430 gubernatur
1081 2344 1345 2408 mundus,
1387 2353 1486 2410 per
1528 2333 1670 2406 quod
1704 2340 1773 2433 ἐι
1819 2336 1998 2431 creata

413 2417 547 2514 sunt,
569 2417 625 2508 εἰ
664 2417 916 2505 creamur
954 2440 1201 2496 universa
1220 2475 1236 2497 ,
1265 2434 1564 2487 coarctaret
1596 2438 1660 2478 se
1703 2421 1757 2475 in
1783 2417 2001 2488 virginis

360 2578 375 2589 κ
414 2512 665 2610 carnem;
729 2540 1023 2601 dimitteret
1081 2526 1374 2589 mundum,
1435 2528 1492 2576 et
1531 2517 1832 2610 desereret
1892 2512 2004 2610 ἔη-

417 2600 606 2713 gelos,
653 2600 719 2688 in
770 2600 922 2685 utero
981 2623 1137 2678 unius
1173 2616 1383 2673 femina:
1439 2604 1835 2713 includeretur?
1894 2600 2004 2656 Nec

418 2696 560 2787 :10in
592 2696 786 2781 divina
825 2716 1081 2787 cogitare.
1132 2708 1363 2765 Verbum
1403 2701 1496 2756 Dei
1551 2698 1667 2771 (tibi
1697 2696 1884 2787 loquor
1905 2733 1923 2758 ,
1970 2704 2005 2747 ε

420 2782 585 2877 homo
602 2858 617 2884 ,
638 2816 708 2871 de
730 2782 1115 2879 omnipotentis
1144 2799 1243 2856 Dei
1285 2792 1445 2851 Verbi
1474 2791 1574 2884 tibi
1610 2782 1819 2884 loquor)
1852 2797 2007 2854 pror-

421 2876 518 2969 sus
572 2876 739 2965 totum
786 2876 988 2973 potuit,
1031 2895 1152 2966 quia
1186 2900 1243 2945 et
1270 2886 1499 2943 Verbum
1552 2880 1647 2934 Dei
1670 2876 2007 2945 omnipotens

422 3013 542 3071 est,
574 3011 630 3057 et
658 2968 878 3053 manere
906 2987 1046 3060 apud
1087 2986 1329 3043 Patrem,
1373 2985 1428 3032 et
1471 2972 1656 3028 venire
1681 2968 1749 3023 ad
1792 2980 1924 3028 nos;
1954 2970 2023 3017 et

510 3059 673 3151 carne
702 3084 991 3160 procedere
1031 3078 1099 3134 ad
1138 3090 1265 3138 nos,
1310 3079 1366 3126 et
1409 3066 1550 3138 apud
1595 3064 1766 3133 ipsum
1818 3059 2005 3113 latere.

430 3189 610 3256 Neque
634 3154 778 3237 enim
798 3219 814 3244 ,
845 3175 890 3230 si
920 3180 1074 3227 nauis
1099 3182 1166 3222 ex
1192 3176 1351 3220 carne
1375 3173 1481 3214 non
1507 3163 1677 3219 esset,
1709 3166 1816 3205 non
1843 3154 2005 3202 esset.

432 3247 559 3333 Erat
587 3282 709 3327 ante
735 3280 951 3323 cantem
980 3273 1130 3316 suam
1161 3275 1174 3312 :
1205 3256 1317 3324 ipse
1342 3247 1543 3306 creavit
1566 3253 1793 3299 matrem
1833 3251 2008 3293 suam.

432 3365 606 3436 Elegit
646 3363 697 3417 in
727 3373 831 3429 qua
873 3350 1283 3421 conciperetur,
1328 3338 1531 3395 ereavit
1559 3334 1629 3390 de
1665 3348 1767 3402 qua
1796 3342 2015 3436 ἐπαιτε-

430 3419 560 3513 it."
551 3452 689 3523 Quid
705 3419 940 3503 miraris?
957 3419 1120 3497 neum
1143 3436 1235 3490 tibi
1255 3434 1474 3501 loquor:
1491 3427 1627 3481 Deus
1642 3433 1750 3477 erat
1773 3419 2011 3523 Verbum.

500 3511 729 3602 ειῖιιυτ
768 3537 878 3593 vn.
921 3562 997 3576 ..-
1031 3533 1085 3584 7.
1140 3520 1486 3582 minimam
1521 3516 1805 3586 explicatur
1847 3511 2018 3564 incar-

433 3640 573 3696 nario
606 3632 777 3689 Verbi.
806 3630 883 3683 De
907 3624 1084 3680 Verbo
1105 3615 1301 3688 aliquid
1327 3627 1460 3683 ago,
1482 3619 1539 3665 et
1563 3607 1796 3663 Verbum
1826 3603 2017 3696 huma-

434 3694 564 3787 num
606 3727 742 3781 forte
769 3717 966 3789 aliquid
995 3712 1171 3769 simile
1207 3715 1418 3779 potest;
1456 3701 1699 3773 quamvis
1720 3700 1878 3769 longe
1920 3694 2021 3749 im-

441 3839 567 3894 par,
597 3821 753 3886 longe
790 3814 1078 3868 discretum
1099 3846 1115 3870 ,
1147 3817 1213 3856 ex
1240 3798 1382 3854 nulla
1416 3792 1674 3866 particula
1701 3800 2021 3859 comparan-

436 3880 565 3972 dum
588 3955 602 3979 ,
632 3880 808 3964 tamen
845 3902 998 3957 vobis
1035 3898 1209 3965 aliqua
1238 3887 1583 3946 similitudine
1620 3880 2018 3938 insinuandum.

438 3971 708 4072 Ecee'ego
749 3996 969 4052 verbum
996 3987 1139 4060 quod
1167 3983 1318 4038 vobis
1356 3980 1577 4048 loquor,
1614 3975 1666 4030 in
1692 3971 1856 4028 corde
1901 3981 2023 4024 meo

437 4098 587 4169 prius
612 4065 804 4154 habui;
832 4081 1094 4156 processit
1117 4077 1183 4132 ad
1211 4084 1265 4130 te
1280 4116 1295 4139 ,
1325 4086 1425 4127 nec
1452 4065 1675 4125 recessit
1700 4079 1730 4120 a
1753 4077 1841 4118 me
1909 4074 2023 4115 cm-

442 4151 519 4259 pit
544 4198 668 4241 esse
690 4181 746 4235 in
773 4151 854 4242 te,
882 4171 1026 4245 quod
1054 4186 1158 4224 non
1179 4173 1295 4221 erat
1324 4164 1378 4217 in
1407 4170 1496 4225 te;
1521 4156 1716 4213 mansit
1741 4151 1886 4224 apud
1913 4165 2021 4213 me,

439 4244 566 4334 cum
594 4274 764 4330 exiret
787 4268 854 4323 ad
878 4244 948 4321 te.
975 4263 1124 4319 Sicut
1151 4272 1282 4328 ergo
1312 4254 1535 4309 verbum
1560 4262 1735 4303 meum
1758 4244 2023 4317 prolatum

445 4380 531 4426 est
556 4365 734 4423 sensui
768 4370 860 4416 tuo
879 4399 895 4425 ,
926 4369 1027 4410 nec
1070 4350 1294 4407 recessit
1319 4362 1351 4400 a
1378 4344 1542 4400 corde
1583 4356 1704 4396 meo
1734 4357 1747 4393 :
1779 4339 1857 4393 sic
1894 4332 2026 4390 illud

450 4459 682 4516 Verbum
724 4451 985 4522 prolatare
1010 4452 1095 4499 est
1136 4438 1316 4496 sensui
1359 4444 1571 4501 nostro,
1621 4447 1723 4489 nec
1752 4429 1973 4486 recessit
1996 4440 2031 4481 ιι

452 4552 609 4606 Patre
636 4558 758 4599 suo.
784 4537 1016 4593 Verbum
1055 4546 1232 4587 meum
1274 4534 1391 4582 erat
1416 4523 1557 4594 apud
1586 4537 1692 4588 me,
1720 4529 1778 4576 et
1815 4530 2031 4589 proces-

446 4640 521 4695 sit
546 4638 602 4691 in
646 4643 836 4688 vocem
885 4622 1163 4680 :Vorbuzn
1212 4616 1309 4673 Dei
1345 4626 1461 4671 erat
1507 4612 1649 4683 apud
1679 4611 1927 4676 Patrem,
1977 4617 2032 4663 et

452 4725 715 4801 processit
756 4722 809 4776 in
855 4729 1093 4774 cantem.
1134 4711 1240 4769 Sed
1288 4706 1544 4777 numquid
1572 4719 1672 4775 ego
1718 4718 1935 4774 possum
1978 4700 2031 4758 id

452 4795 631 4881 iacere
659 4818 728 4872 de
770 4826 903 4868 voce
928 4823 1043 4865 mea
1060 4850 1076 4874 ,
1127 4804 1268 4876 quod
1299 4802 1473 4873 potuit
1499 4800 1588 4853 ille
1615 4798 1684 4854 de
1711 4812 1873 4853 carne
1899 4795 2033 4851 sua?

453 4919 565 4989 Ego
607 4913 750 4969 enim
794 4906 1061 4962 volantem
1104 4912 1288 4955 vocem
1327 4909 1498 4951 mmm
1543 4902 1726 4949 tenere
1765 4906 1869 4946 non
1910 4904 2034 4960 pos-

452 4985 572 5067 sum
602 4998 616 5061 ξ
646 5004 736 5060 illc
774 5012 993 5056 cantem
1032 5008 1182 5049 suam
1223 5005 1328 5046 non
1374 4988 1543 5043 solum
1598 4985 1799 5049 tenuit,
1846 4991 1907 5038 ut
1943 4997 2037 5036 na-

452 5108 726 5161 sceretur,
755 5094 989 5155 viveret,
1016 5094 1229 5157 ageret;
1271 5080 1365 5138 sed
1390 5080 1549 5136 etiam
1569 5087 1829 5134 mortuam
1870 5074 2037 5130 susci-

456 5192 610 5256 tavit,
637 5197 692 5243 et
716 5182 1013 5241 vehiculum
1043 5175 1309 5248 quoddam
1334 5173 1385 5227 in
1408 5185 1515 5242 quo
1532 5168 1795 5239 processit
1819 5166 1885 5220 ad
1915 5180 2035 5231 nos,

451 5285 525 5341 ad
573 5283 811 5339 Patrem.
838 5272 1049 5330 levavit.
1095 5270 1306 5323 Vestem
1355 5265 1503 5319 dicas
1530 5275 1746 5316 carnem
1796 5257 2037 5323 Christi,

460 5374 762 5435 vehiculum
807 5368 987 5430 dicas,
1015 5374 1064 5418 et
1107 5357 1375 5432 quomodo
1419 5358 1555 5409 forte
1603 5354 1716 5423 ipse
1741 5350 2042 5422 signiﬁcare

457 5504 786 5581 mguiuibns,
800 5490 1314 5581 ρςςιΈεπΜΕςιωιιαιε
1338 5484 1514 5546 cumis,
1539 5498 1690 5551 neque
1726 5497 1792 5537 ea:
1813 5483 2046 5539 volturnus

463 5558 572 5627 iii:
595 5558 676 5617 sed
700 5558 1154 5627 ex'neonptismd.
1196 5624 1203 5627 _
1298 5613 1329 5627 __

529 5612 1135 5681 t''tfili‘ti,iui-vtdacr'stinmv.
1158 5624 1210 5666 Αι
1231 5613 1426 5679 Optimae
1442 5619 1566 5681 noue
1588 5612 1927 5681 cornuuensis
1943 5617 2044 5681 Msa,

467 5671 859 5738 πυηιῶξςξῦἦίίέ.
904 5688 1046 5733 Beier
1069 5680 1128 5729 ad
1151 5671 1399 5742 superiora
1436 5676 1601 5734 verba,
1637 5671 1926 5737 paupercula
1947 5673 2049 5725 ani-

1622 299 1678 355 S.
1722 289 2080 351 Αυῦυετικι
2118 289 2420 347 ENSCOPI

2086 408 2334 480 dignatus
2381 418 2498 477 est,
2524 408 2822 479 jumcutum
2856 396 3035 477 ipsius
3060 401 3244 468 dicas;
3284 400 3411 472 quia
3457 399 3517 455 in
3548 410 3677 470 ipso

2080 500 2326 569 jumeuto
2355 500 2550 555 levavit
2586 511 2717 554 eum
2752 496 2844 566 qui
2871 495 3041 551 fuerat
3063 509 3095 547 ιι
3132 491 3429 548 latronibus
3454 490 3669 546 mucis-

2082 602 2169 647 tns
2190 591 2345 662 (Luc.
2367 608 2430 655 ι,
2458 591 2551 661 34)
2584 608 2598 644 :
2633 598 2931 660 postremo,
2975 584 3118 657 quod
3146 586 3262 654 ipse
3296 583 3536 653 apertius
3579 580 3667 635 di-

2086 683 2204 745 xit,
2234 682 2487 753 templum
2538 681 2688 736 dicas
2713 679 2893 751 (Jaau.
2945 693 3017 741 ιι,
3063 676 3157 746 l9)
3204 691 3220 727 :
3266 674 3371 729 hoc
3406 671 3673 742 tcrnplsm

2075 773 2192 842 jam
2244 772 2392 827 novit
2438 780 2700 835 mortem,
2733 769 2800 824 ad
2848 763 3341 823 dexteram'Patris
3384 763 3587 819 sedet:
3620 762 3678 815 in

2086 865 2203 935 ipso
2244 864 2446 934 templo
2474 871 2730 917 venturus
2756 869 2843 915 est
2875 858 3116 929 judicare
3141 856 3295 911 vivos
3318 863 3376 909 et
3405 861 3679 908 mortuos.

2085 954 2238 1023 Quod
2277 967 2377 1009 nos
2418 952 2625 1008 monuit
2666 958 2963 1020 praecepto,
2988 945 3373 1002 demonstravit
3402 943 3683 1011 ειειιψιοο

2080 1049 2237 1116 Quod
2265 1045 2499 1103 ostendit
2540 1045 2598 1099 in
2626 1058 2804 1099 carne
2831 1055 2961 1105 sua,
3001 1039 3106 1094 hoc
3155 1052 3373 1107 sperare
3396 1035 3571 1091 debes
3622 1034 3681 1088 iu

2087 1155 2251 1196 carne
2278 1147 2390 1194 tua.
2421 1137 2549 1192 limo
2581 1144 2670 1190 est
2692 1133 2860 1194 ﬁdes.
2892 1140 3015 1187 tene
3055 1128 3201 1199 quod
3238 1126 3473 1183 nondum
3503 1124 3686 1181 vides.

2084 1230 2340 1300 Oimsest
2368 1236 2426 1281 ut
2452 1228 2503 1281 in
2524 1239 2591 1281 eo
2608 1265 2623 1287 .
2648 1223 2791 1294 quod
2821 1236 2926 1277 non
2959 1219 3142 1285 vides,
3169 1216 3442 1275 credendo
3464 1230 3690 1285 perura-

2090 1335 2250 1384 neas;
2278 1333 2348 1375 ne
2372 1330 2495 1373 cum
2526 1315 2757 1379 videris,
2791 1312 3098 1368 erubescas.

2593 1443 2821 1501 sanun
2849 1442 2990 1499 cxx
3014 1448 3034 1466 -
3064 1439 3164 1512 (a).
3656 1448 3703 1467 ν

2097 1563 2172 1618 De
2196 1560 2382 1617 eisdem
2406 1560 2565 1615 verbis
2596 1557 2815 1613 Joannis
2833 1599 2849 1624 ,
2886 1555 2941 1611 In
2975 1552 3238 1624 principio
3263 1560 3380 1608 erat
3403 1549 3652 1607 Verbum
3676 1590 3695 1617 ,

2587 1662 2707 1717 etc.,
2736 1667 2849 1720 cap.
2885 1650 2936 1715 ι,
2984 1648 3056 1717 ᾗ.
3087 1646 3201 1701 1-5.

2169 1810 2220 1863 1.
2271 1805 2485 1860 Verbum
2506 1803 2599 1858 Dei
2630 1798 3125 1871 incomprehensibile
3144 1796 3198 1851 in
3231 1793 3516 1865 Evangelia
3540 1807 3695 1847 reve-

2098 1902 2278 1961 latum.
2303 1896 2575 1965 Evangelii
2596 1892 2817 1949 Joannis
2843 1888 3181 1960 principium,
3206 1885 3271 1940 In
3298 1884 3558 1955 principio
3583 1890 3697 1935 cru

2109 1988 2346 2045 Verbum.
2375 1989 2464 2042 Sic
2484 1985 2666 2057 coepit,
2695 1985 2796 2038 hoc
2819 1981 2968 2043 vidit,
2993 1988 3048 2034 et
3070 1974 3454 2032 transcenderis
3470 1973 3698 2029 univer-

2098 2095 2214 2136 sam
2244 2088 2566 2141 creaturam,
2595 2080 2826 2137 montes,
2854 2085 3007 2133 aera,
3036 2067 3226 2132 caelos,
3257 2064 3433 2121 sidera
3451 2105 3467 2130 ,
3494 2060 3693 2125 Sedes.

2106 2170 2521 2232 Dominationes,
2547 2165 2901 2234 Principatus,
2932 2161 3226 2216 Potestates
3249 2199 3262 2222 ,
3288 2171 3479 2212 omnes
3507 2156 3694 2224 Ange-

2102 2264 2205 2329 los,
2229 2273 2415 2317 omncs
2436 2256 2817 2327 Archangelos,
2840 2250 3221 2308 transcendens
3238 2247 3436 2311 omnia,
3458 2245 3513 2299 in
3543 2243 3695 2314 prin-

2102 2354 2247 2425 cipio
2274 2351 2503 2406 Verbum
2532 2348 2687 2414 vidit,
2718 2354 2774 2401 et
2795 2344 2943 2400 bibit.
2965 2343 3139 2411 Super
3158 2353 3370 2394 omnem
3391 2343 3692 2392 creatur-an.

2104 2446 2257 2511 vidit,
2287 2444 2356 2499 de
2381 2450 2599 2514 pectore
2626 2437 2835 2495 Domini
2857 2436 3008 2491 bibit.
3032 2434 3152 2504 ipse
3179 2439 3265 2487 est
3287 2430 3429 2485 enim
3457 2427 3695 2514 manes

2105 2536 2430 2607 evangelista
2457 2541 2673 2589 sanctus
2689 2573 2703 2594 ,
2743 2544 2901 2601 quem
2928 2527 3196 2598 praecipue
3222 2522 3477 2594 diligebat
3496 2513 3692 2583 Iesus;

2108 2630 2178 2684 ita
2193 2638 2251 2682 ut
2269 2642 2428 2696 super
2446 2632 2633 2694 pectus
2652 2621 2767 2689 ejus
2780 2620 3117 2676 recumberet
3134 2614 3192 2686 (1
3196 2631 3313 2669 oau.
3330 2628 3449 2677 xm,
3463 2611 3561 2677 23,
3576 2610 3692 2682 Β).

2106 2718 2184 2773 lbi
2198 2727 2314 2771 emt
2332 2715 2435 2771 hoc
2455 2722 2740 2774 secretum,
2754 2722 2813 2765 ut
2830 2708 2952 2765 inde
2974 2708 3260 2770 biberetur,
3275 2703 3416 2775 quod
3439 2702 3494 2757 in
3518 2702 3695 2756 Evan-

2109 2809 2251 2879 gelio
2272 2813 2624 2862 rnetuaretur.
2668 2801 2876 2856 Felices
2904 2798 2994 2869 qui
3024 2797 3244 2852 audiunt
3275 2802 3330 2849 et
3373 2792 3695 2863 intelligunt.
3764 2808 3769 2809 ν

2108 2898 2396 2969 Sequentis
2426 2895 2695 2950 felicitatis
2724 2901 2884 2958 sunt,
2910 2890 2999 2961 qui
3039 2894 3096 2944 et
3135 2888 3179 2943 si
3226 2900 3330 2941 non
3374 2884 3694 2954 intelligunt,

2112 2990 2358 3047 credunt.
2385 2988 2650 3054 Quantum
2679 2994 2763 3040 est
2784 2983 2931 3039 eriiin
2963 2981 3065 3036 hoc
3091 2979 3270 3035 videre
3300 2977 3399 3032 Dei
3429 2974 3696 3041 Verbum,

2114 3080 2233 3150 quis
2258 3077 2504 3133 humanis
2528 3075 2757 3145 explicet
2779 3071 2992 3128 verbis?

2183 3169 2240 3223 2.
2278 3166 2496 3222 Verbum
2548 3163 2643 3219 Dei
2677 3164 2857 3236 ubique
2906 3171 3083 3215 totum.
3139 3158 3336 3228 Erigite
3384 3155 3554 3212 corda
3608 3169 3702 3227 ve;

2116 3269 2249 3325 stra,
2275 3257 2467 3313 fratres
2487 3256 2625 3320 mei;
2648 3263 2903 3324 quantum
2927 3250 3166 3322 potestis.
3190 3248 3381 3320 erigite
3404 3264 3419 3301 :
3442 3244 3700 3317 quidquid

2119 3351 2269 3406 vobis
2294 3365 2392 3421 per
2422 3346 2851 3416 imaginationem
2879 3342 3159 3414 cujuslibet
3187 3341 3428 3410 corporis
3450 3353 3703 3394 occurre-

2119 3442 2212 3507 rit,
2244 3441 2498 3512 respuite.
2521 3439 2576 3495 Si
2602 3437 2895 3493 occurrerit
2921 3436 3013 3492 tibi
3034 3433 3263 3489 Verbum
3294 3433 3406 3498 Dei,
3437 3429 3707 3503 quomodo

2120 3533 2322 3603 cogitas
2370 3531 2540 3585 lucem
2589 3529 2716 3584 solis
2771 3527 2961 3598 hujus,
3018 3523 3404 3596 quantumlibet
3456 3522 3706 3594 pandas,

2122 3619 2508 3692 quantumlibet
2558 3615 2849 3681 extendas,
2897 3614 3072 3670 nullos
3120 3614 3235 3683 ejus
3287 3612 3419 3668 lucis
3469 3610 3607 3667 lines
3658 3612 3710 3666 in

2122 3711 2445 3783 cogitatione
2491 3710 2819 3772 constituas;
2874 3706 2939 3760 ad
2989 3705 3225 3760 Verbum
3275 3703 3369 3760 Dei
3422 3701 3557 3757 nihil
3608 3711 3709 3759 est.

2125 3800 2391 3873 Quidquid
2420 3800 2523 3855 tale
2543 3798 2740 3869 cogitat
2760 3797 2954 3864 anima,
2979 3796 3154 3849 minus
3172 3802 3255 3850 est
3280 3795 3330 3847 in
3354 3801 3530 3864 parte,
3552 3807 3711 3863 quam

2126 3899 2180 3949 in
2201 3901 2335 3948 toto.
2358 3890 2540 3961 Cogita
2561 3876 2798 3942 Verbum
2821 3886 3013 3957 ubique
3044 3894 3232 3940 totum.
3263 3883 3547 3953 lntclligite
3571 3881 3713 3953 quod

2126 3984 2291 4040 dico:
2320 3990 2574 4053 quantum
2616 3993 2869 4049 possum,
2915 3985 3132 4031 coarcto
3171 3991 3258 4031 me
3300 3988 3398 4045 per
3439 3974 3717 4045 angustias

2129 4089 2276 4129 nicas
2302 4081 2519 4142 propter
2547 4082 2662 4124 vos.
2689 4067 2971 4138 lntclligite
2994 4066 3136 4137 quod
3162 4064 3304 4121 dico.
3328 4064 3469 4120 Ecce
3495 4064 3585 4119 lux
3618 4064 3717 4119 ista

2127 4161 2199 4219 de
2222 4162 2377 4226 coelo,
2405 4174 2524 4232 quae
2552 4160 2680 4214 solis
2704 4157 2918 4212 nomine
2940 4156 3250 4227 appellatur,
3285 4169 3405 4211 cum
3435 4168 3721 4225 processe-

2129 4256 2220 4323 rit,
2250 4255 2480 4309 illustrat
2506 4261 2694 4316 terras,
2718 4249 2949 4320 explicat
2975 4250 3137 4316 diem,
3169 4248 3294 4303 fa'cit
3318 4246 3541 4312 formas,
3567 4247 3722 4301 colo-

2132 4361 2325 4417 resque
2348 4342 2623 4400 discernit.
2653 4342 2901 4412 Magnum
2928 4340 3123 4395 bonum
3144 4380 3159 4405 ,
3192 4352 3439 4409 magnum
3470 4338 3727 4393 omnibus

2134 4436 2447 4493 mortalibus
2477 4435 2568 4490 Dei
2597 4433 2794 4488 donum
2830 4450 2843 4486 :
2885 4431 3223 4502 magniﬁcent
3251 4446 3374 4486 eum
3403 4444 3569 4498 opera
3598 4444 3719 4484 sua.

2132 4531 2189 4586 Si
2229 4536 2337 4582 tam
2368 4525 2587 4596 pulcher
2615 4534 2692 4579 εει
2727 4523 2837 4589 sol;
2866 4522 2996 4578 solis
3025 4521 3223 4576 factore
3247 4519 3371 4591 quid
3410 4519 3730 4591 pulchrius?

2138 4620 2207 4674 Et
2231 4627 2406 4673 tamen
2436 4616 2611 4671 videte
2630 4656 2644 4679 ,
2682 4612 2876 4668 fratres
2908 4629 2921 4665 :
2951 4627 3076 4667 ecce
3100 4610 3342 4667 diffundit
3382 4609 3563 4666 radios
3596 4624 3732 4665 suos

2139 4727 2234 4782 per
2260 4710 2559 4765 universam
2593 4714 2825 4772 terram;
2865 4704 3096 4775 patentia
3131 4711 3396 4774 penetrat,
3424 4702 3609 4757 clausa
3637 4717 3730 4757 reo

2132 4802 2332 4857 sistunt
2363 4817 2376 4853 :
2410 4798 2583 4853 lucem
2613 4810 2763 4850 suam
2790 4794 2955 4850 mittit
2973 4809 3069 4866 per
3088 4794 3365 4859 fenestras,
3393 4791 3658 4864 numquid
3680 4801 3735 4848 et

2141 4908 2236 4964 per
2275 4890 2570 4964 parietem?
2611 4888 2788 4944 Verbo
2830 4887 2921 4942 Dei
2961 4895 3128 4941 totum
3155 4893 3331 4956 patet,
3360 4884 3599 4940 Verbum
3634 4884 3730 4940 Dei

2140 4985 2272 5041 nihil
2299 4985 2448 5039 latet.
2480 4980 2669 5037 Videte
2693 4980 2851 5035 aliam
2880 4978 3252 5041 ditl'erentiain,
3282 4994 3442 5048 quam
3470 4977 3632 5048 longe
3663 4977 3732 5031 sit

2142 5093 2172 5133 a
2201 5078 2457 5133 Creatore
2493 5082 2736 5132 creatura
2757 5113 2772 5137 ,
2807 5072 3041 5128 maxime
3074 5071 3391 5141 corporalis.
3420 5070 3655 5139 Quando
3680 5077 3735 5127 in

2144 5171 2350 5226 oriente
2375 5176 2458 5224 est
2475 5168 2579 5236 sol,
2607 5165 2660 5222 in
2681 5165 2961 5221 occidente
2983 5177 3087 5219 non
3112 5172 3211 5218 est.
3239 5162 3354 5218 Lux
3375 5160 3599 5233 quidem
3618 5160 3735 5233 ejus

2147 5264 2214 5319 de
2243 5264 2333 5319 illo
2360 5261 2547 5333 grandi
2575 5274 2802 5330 corpore
2820 5257 2986 5313 eﬂ'usa
3008 5297 3025 5323 ,
3059 5255 3322 5327 pertendit
3345 5269 3519 5325 usque
3548 5254 3602 5310 in
3639 5268 3732 5309 oc-

2147 5355 2435 5416 cidentem;
2468 5350 2561 5407 sed
2592 5351 2706 5421 ipso
2735 5349 2803 5405 ibi
2837 5364 2942 5404 non
2967 5356 3067 5404 est.
3095 5346 3318 5416 Quando
3344 5345 3594 5403 occidere
3620 5359 3735 5401 οων

2153 5446 2323 5516 perit,
2367 5453 2493 5499 tunc
2533 5441 2604 5496 ibi
2642 5440 2765 5496 erit.
2802 5438 3028 5505 Quando
3065 5438 3261 5502 oritur,
3288 5436 3345 5492 in
3370 5437 3581 5492 oriente
3603 5444 3733 5491 est:

2153 5536 2365 5609 quando
2393 5533 2610 5601 occidit,
2634 5532 2688 5587 in
2714 5531 2994 5587 occidente
3030 5538 3132 5585 est.
3168 5529 3268 5583 Per
3305 5528 3406 5584 ista
3443 5526 3553 5584 duo
3577 5538 3736 5601 Opera

2223 5670 2240 5690 '
2267 5667 2551 5717 necensitus
2575 5671 2651 5715 est.
2673 5665 2730 5713 ad
2754 5664 2802 5712 d.
2828 5677 2869 5711 r.
2900 5670 2934 5714 t.
2965 5668 3125 5714 V.“DV

2224 5732 2294 5793 (ιι)
2321 5728 2459 5790 alias,
2483 5730 2546 5778 de
2572 5729 2781 5778 Diversis
2802 5726 2881 5775 84.
