  <div class='ocr_page' id='page_1' title='image "/cluster/home/n/w/nwhite01/storage/ocr_20150623/38/hvd.32044096580600/345.png"; bbox 0 0 3852 6182; ppageno 0'>
   <div class='ocr_carea' id='block_1_1' title="bbox 299 409 1870 492">
    <p class='ocr_par' dir='ltr' id='par_1_1' title="bbox 299 409 1870 492">
     <span class='ocr_line' id='line_1_1' title="bbox 299 409 1870 492; baseline -0.017 -5"><span class='ocrx_word' id='word_1_1' title='bbox 299 429 554 487; x_wconf 72' lang='lat' dir='ltr'><strong>Pharismi</strong></span> <span class='ocrx_word' id='word_1_2' title='bbox 591 426 837 484; x_wconf 82' lang='lat' dir='ltr'><strong>dixerunt</strong></span> <span class='ocrx_word' id='word_1_3' title='bbox 869 426 920 481; x_wconf 87' lang='lat' dir='ltr'><strong>ei</strong></span> <span class='ocrx_word' id='word_1_4' title='bbox 949 441 962 478; x_wconf 94' lang='lat'>:</span> <span class='ocrx_word' id='word_1_5' title='bbox 991 422 1258 492; x_wconf 78' lang='lat' dir='ltr'><strong>Compesce</strong></span> <span class='ocrx_word' id='word_1_6' title='bbox 1291 431 1471 489; x_wconf 74' lang='lat' dir='ltr'><strong>pueros</strong></span> <span class='ocrx_word' id='word_1_7' title='bbox 1490 456 1507 482; x_wconf 90' lang='lat'><strong>,</strong></span> <span class='ocrx_word' id='word_1_8' title='bbox 1534 429 1637 468; x_wconf 74' lang='lat' dir='ltr'><strong>non</strong></span> <span class='ocrx_word' id='word_1_9' title='bbox 1662 409 1750 464; x_wconf 81' lang='lat' dir='ltr'><strong>tibi</strong></span> <span class='ocrx_word' id='word_1_10' title='bbox 1773 413 1870 461; x_wconf 80' lang='lat' dir='ltr'><strong>ista</strong></span> 
     </span>
    </p>
   </div>
   <div class='ocr_carea' id='block_1_2' title="bbox 298 503 1869 578">
    <p class='ocr_par' dir='ltr' id='par_1_2' title="bbox 298 503 1869 578">
     <span class='ocr_line' id='line_1_2' title="bbox 298 503 1869 578; baseline -0.015 -3"><span class='ocrx_word' id='word_1_11' title='bbox 298 524 533 576; x_wconf 73' lang='lat' dir='ltr'><strong>clament.</strong></span> <span class='ocrx_word' id='word_1_12' title='bbox 575 519 643 573; x_wconf 83' lang='lat' dir='ltr'><strong>Et</strong></span> <span class='ocrx_word' id='word_1_13' title='bbox 683 519 770 573; x_wconf 90' lang='lat' dir='ltr'><strong>ille</strong></span> <span class='ocrx_word' id='word_1_14' title='bbox 799 535 814 571; x_wconf 87' lang='lat'><strong>:</strong></span> <span class='ocrx_word' id='word_1_15' title='bbox 855 516 916 572; x_wconf 88' lang='lat' dir='ltr'><strong>Si</strong></span> <span class='ocrx_word' id='word_1_16' title='bbox 939 515 1024 570; x_wconf 79' lang='lat' dir='ltr'><strong>isti</strong></span> <span class='ocrx_word' id='word_1_17' title='bbox 1046 511 1291 577; x_wconf 84' lang='lat' dir='ltr'><strong>tacebunt,</strong></span> <span class='ocrx_word' id='word_1_18' title='bbox 1331 508 1525 578; x_wconf 78' lang='lat' dir='ltr'><strong>lapides</strong></span> <span class='ocrx_word' id='word_1_19' title='bbox 1564 503 1869 559; x_wconf 70' lang='lat' dir='ltr'><strong>clamabunt.</strong></span> 
     </span>
    </p>
   </div>
   <div class='ocr_carea' id='block_1_3' title="bbox 298 592 1875 679">
    <p class='ocr_par' dir='ltr' id='par_1_3' title="bbox 298 592 1875 679">
     <span class='ocr_line' id='line_1_3' title="bbox 298 592 1875 679; baseline -0.015 -12"><span class='ocrx_word' id='word_1_20' title='bbox 298 612 409 667; x_wconf 90' lang='lat' dir='ltr'><strong>Nos</strong></span> <span class='ocrx_word' id='word_1_21' title='bbox 433 610 659 676; x_wconf 79' lang='lat' dir='ltr'><strong>videbat,</strong></span> <span class='ocrx_word' id='word_1_22' title='bbox 689 609 900 679; x_wconf 81' lang='lat' dir='ltr'><strong>quando</strong></span> <span class='ocrx_word' id='word_1_23' title='bbox 924 608 1022 663; x_wconf 90' lang='lat' dir='ltr'><strong>ista</strong></span> <span class='ocrx_word' id='word_1_24' title='bbox 1050 605 1260 661; x_wconf 88' lang='lat' dir='ltr'><strong>dicebat</strong></span> <span class='ocrx_word' id='word_1_25' title='bbox 1287 619 1301 656; x_wconf 90' lang='lat'>:</span> <span class='ocrx_word' id='word_1_26' title='bbox 1333 602 1394 657; x_wconf 88' lang='lat' dir='ltr'><strong>Si</strong></span> <span class='ocrx_word' id='word_1_27' title='bbox 1413 600 1497 652; x_wconf 86' lang='lat' dir='ltr'><strong>isti</strong></span> <span class='ocrx_word' id='word_1_28' title='bbox 1524 597 1772 659; x_wconf 82' lang='lat' dir='ltr'><strong>tacebunt,</strong></span> <span class='ocrx_word' id='word_1_29' title='bbox 1796 592 1875 646; x_wconf 87' lang='lat' dir='ltr'><strong>la-</strong></span> 
     </span>
    </p>
   </div>
   <div class='ocr_carea' id='block_1_4' title="bbox 300 684 1869 775">
    <p class='ocr_par' dir='ltr' id='par_1_4' title="bbox 300 684 1869 775">
     <span class='ocr_line' id='line_1_4' title="bbox 300 684 1869 775; baseline -0.013 -17"><span class='ocrx_word' id='word_1_30' title='bbox 300 706 443 775; x_wconf 77' lang='lat' dir='ltr'><strong>pides</strong></span> <span class='ocrx_word' id='word_1_31' title='bbox 471 704 758 758; x_wconf 86' lang='lat' dir='ltr'><strong>clamabunt</strong></span> <span class='ocrx_word' id='word_1_32' title='bbox 787 700 999 772; x_wconf 72' lang='lat' dir='ltr'><strong>(Matth.</strong></span> <span class='ocrx_word' id='word_1_33' title='bbox 1029 714 1126 754; x_wconf 76' lang='lat' dir='ltr'><strong>ut</strong></span> <span class='ocrx_word' id='word_1_34' title='bbox 1146 738 1161 761; x_wconf 85' lang='lat'><strong>,</strong></span> <span class='ocrx_word' id='word_1_35' title='bbox 1191 697 1246 761; x_wconf 88' lang='grc'><strong>9,</strong></span> <span class='ocrx_word' id='word_1_36' title='bbox 1277 694 1362 757; x_wconf 78' lang='grc'><strong>16.</strong></span> <span class='ocrx_word' id='word_1_37' title='bbox 1392 701 1442 747; x_wconf 89' lang='lat' dir='ltr'><strong>et</strong></span> <span class='ocrx_word' id='word_1_38' title='bbox 1479 689 1606 743; x_wconf 84' lang='lat' dir='ltr'><strong>Luc.</strong></span> <span class='ocrx_word' id='word_1_39' title='bbox 1637 701 1753 751; x_wconf 73' lang='lat' dir='ltr'><strong>xu,</strong></span> <span class='ocrx_word' id='word_1_40' title='bbox 1781 684 1869 749; x_wconf 79' lang='lat'><strong>39,</strong></span> 
     </span>
    </p>
   </div>
   <div class='ocr_carea' id='block_1_5' title="bbox 300 774 1872 866">
    <p class='ocr_par' dir='ltr' id='par_1_5' title="bbox 300 774 1872 866">
     <span class='ocr_line' id='line_1_5' title="bbox 300 774 1872 866; baseline -0.015 -15"><span class='ocrx_word' id='word_1_41' title='bbox 300 774 414 866; x_wconf 62' lang='lat'><strong>10).</strong></span> <span class='ocrx_word' id='word_1_42' title='bbox 446 795 543 862; x_wconf 89' lang='lat' dir='ltr'><strong>Qui</strong></span> <span class='ocrx_word' id='word_1_43' title='bbox 578 794 810 860; x_wconf 97' lang='lat' dir='ltr'><strong>lapides,</strong></span> <span class='ocrx_word' id='word_1_44' title='bbox 842 793 942 847; x_wconf 83' lang='lat' dir='ltr'><strong>nisi</strong></span> <span class='ocrx_word' id='word_1_45' title='bbox 981 789 1068 861; x_wconf 91' lang='lat' dir='ltr'><strong>qui</strong></span> <span class='ocrx_word' id='word_1_46' title='bbox 1098 788 1277 843; x_wconf 90' lang='lat' dir='ltr'><strong>colunt</strong></span> <span class='ocrx_word' id='word_1_47' title='bbox 1306 782 1546 853; x_wconf 74' lang='lat' dir='ltr'><strong>lapides?</strong></span> <span class='ocrx_word' id='word_1_48' title='bbox 1584 778 1643 835; x_wconf 89' lang='lat' dir='ltr'><strong>Si</strong></span> <span class='ocrx_word' id='word_1_49' title='bbox 1671 774 1872 847; x_wconf 78' lang='lat' dir='ltr'><strong>parvuli</strong></span> 
     </span>
    </p>
   </div>
   <div class='ocr_carea' id='block_1_6' title="bbox 300 869 1874 952">
    <p class='ocr_par' dir='ltr' id='par_1_6' title="bbox 300 869 1874 952">
     <span class='ocr_line' id='line_1_6' title="bbox 300 869 1874 952; baseline -0.015 -9"><span class='ocrx_word' id='word_1_50' title='bbox 300 887 471 943; x_wconf 67' lang='lat' dir='ltr'><strong>Judaei</strong></span> <span class='ocrx_word' id='word_1_51' title='bbox 499 887 744 942; x_wconf 87' lang='lat' dir='ltr'><strong>tacebunt</strong></span> <span class='ocrx_word' id='word_1_52' title='bbox 769 927 783 951; x_wconf 89' lang='lat'><strong>,</strong></span> <span class='ocrx_word' id='word_1_53' title='bbox 828 883 1057 952; x_wconf 85' lang='lat' dir='ltr'><strong>majores</strong></span> <span class='ocrx_word' id='word_1_54' title='bbox 1081 890 1136 935; x_wconf 92' lang='lat' dir='ltr'><strong>et</strong></span> <span class='ocrx_word' id='word_1_55' title='bbox 1164 880 1399 932; x_wconf 80' lang='lat' dir='ltr'><strong>minores</strong></span> <span class='ocrx_word' id='word_1_56' title='bbox 1435 873 1635 929; x_wconf 83' lang='lat' dir='ltr'><strong>Gentes</strong></span> <span class='ocrx_word' id='word_1_57' title='bbox 1674 869 1874 923; x_wconf 88' lang='lat' dir='ltr'><strong>clama-</strong></span> 
     </span>
    </p>
   </div>
   <div class='ocr_carea' id='block_1_7' title="bbox 300 963 1876 1050">
    <p class='ocr_par' dir='ltr' id='par_1_7' title="bbox 300 963 1876 1050">
     <span class='ocr_line' id='line_1_7' title="bbox 300 963 1876 1050; baseline -0.016 -12"><span class='ocrx_word' id='word_1_58' title='bbox 300 984 450 1038; x_wconf 89' lang='lat' dir='ltr'><strong>bunt.</strong></span> <span class='ocrx_word' id='word_1_59' title='bbox 481 982 578 1050; x_wconf 91' lang='lat' dir='ltr'><strong>Qui</strong></span> <span class='ocrx_word' id='word_1_60' title='bbox 608 979 841 1049; x_wconf 84' lang='lat' dir='ltr'><strong>lapides,</strong></span> <span class='ocrx_word' id='word_1_61' title='bbox 883 976 982 1031; x_wconf 83' lang='lat' dir='ltr'><strong>nisi</strong></span> <span class='ocrx_word' id='word_1_62' title='bbox 1019 975 1087 1029; x_wconf 90' lang='lat' dir='ltr'><strong>de</strong></span> <span class='ocrx_word' id='word_1_63' title='bbox 1121 973 1311 1042; x_wconf 89' lang='lat' dir='ltr'><strong>quibus</strong></span> <span class='ocrx_word' id='word_1_64' title='bbox 1342 967 1472 1024; x_wconf 89' lang='lat' dir='ltr'><strong>dicit</strong></span> <span class='ocrx_word' id='word_1_65' title='bbox 1507 967 1620 1035; x_wconf 82' lang='lat' dir='ltr'><strong>ipse</strong></span> <span class='ocrx_word' id='word_1_66' title='bbox 1643 963 1876 1018; x_wconf 82' lang='lat' dir='ltr'><strong>Joannes</strong></span> 
     </span>
    </p>
   </div>
   <div class='ocr_carea' id='block_1_8' title="bbox 303 1051 1876 1145">
    <p class='ocr_par' dir='ltr' id='par_1_8' title="bbox 303 1051 1876 1145">
     <span class='ocr_line' id='line_1_8' title="bbox 303 1051 1876 1145; baseline -0.018 -14"><span class='ocrx_word' id='word_1_67' title='bbox 303 1077 403 1131; x_wconf 90' lang='lat' dir='ltr'><strong>iste</strong></span> <span class='ocrx_word' id='word_1_68' title='bbox 422 1118 437 1143; x_wconf 94' lang='lat'><strong>,</strong></span> <span class='ocrx_word' id='word_1_69' title='bbox 465 1074 551 1145; x_wconf 87' lang='lat' dir='ltr'><strong>qui</strong></span> <span class='ocrx_word' id='word_1_70' title='bbox 592 1071 738 1126; x_wconf 88' lang='lat' dir='ltr'><strong>venit</strong></span> <span class='ocrx_word' id='word_1_71' title='bbox 769 1080 826 1124; x_wconf 92' lang='lat' dir='ltr'><strong>ut</strong></span> <span class='ocrx_word' id='word_1_72' title='bbox 853 1066 1207 1123; x_wconf 87' lang='lat' dir='ltr'><strong>testimonium</strong></span> <span class='ocrx_word' id='word_1_73' title='bbox 1238 1060 1544 1133; x_wconf 83' lang='lat' dir='ltr'><strong>perhiberet</strong></span> <span class='ocrx_word' id='word_1_74' title='bbox 1570 1055 1637 1110; x_wconf 89' lang='lat' dir='ltr'><strong>de</strong></span> <span class='ocrx_word' id='word_1_75' title='bbox 1678 1051 1876 1107; x_wconf 86' lang='lat' dir='ltr'><strong>lumine</strong></span> 
     </span>
    </p>
   </div>
   <div class='ocr_carea' id='block_1_9' title="bbox 308 1148 1877 1235">
    <p class='ocr_par' dir='ltr' id='par_1_9' title="bbox 308 1148 1877 1235">
     <span class='ocr_line' id='line_1_9' title="bbox 308 1148 1877 1235; baseline -0.017 -14"><span class='ocrx_word' id='word_1_76' title='bbox 308 1166 483 1235; x_wconf 80' lang='lat' dir='ltr'><strong>(Joan.</strong></span> <span class='ocrx_word' id='word_1_77' title='bbox 514 1183 562 1229; x_wconf 83' lang='lat' dir='ltr'><strong>I,</strong></span> <span class='ocrx_word' id='word_1_78' title='bbox 591 1163 691 1235; x_wconf 89' lang='lat'><strong>8)?</strong></span> <span class='ocrx_word' id='word_1_79' title='bbox 721 1161 849 1216; x_wconf 91' lang='lat' dir='ltr'><strong>Cum</strong></span> <span class='ocrx_word' id='word_1_80' title='bbox 875 1159 1016 1214; x_wconf 90' lang='lat' dir='ltr'><strong>enim</strong></span> <span class='ocrx_word' id='word_1_81' title='bbox 1048 1157 1255 1210; x_wconf 90' lang='lat' dir='ltr'><strong>videret</strong></span> <span class='ocrx_word' id='word_1_82' title='bbox 1281 1154 1424 1220; x_wconf 87' lang='lat' dir='ltr'><strong>ipsos</strong></span> <span class='ocrx_word' id='word_1_83' title='bbox 1450 1148 1665 1205; x_wconf 75' lang='lat' dir='ltr'><strong>Judteos</strong></span> <span class='ocrx_word' id='word_1_84' title='bbox 1691 1156 1877 1211; x_wconf 84' lang='lat' dir='ltr'><strong>super-</strong></span> 
     </span>
    </p>
   </div>
   <div class='ocr_carea' id='block_1_10' title="bbox 303 1239 1873 1325">
    <p class='ocr_par' dir='ltr' id='par_1_10' title="bbox 303 1239 1873 1325">
     <span class='ocr_line' id='line_1_10' title="bbox 303 1239 1873 1325; baseline -0.017 -13"><span class='ocrx_word' id='word_1_85' title='bbox 303 1259 421 1312; x_wconf 89' lang='lat' dir='ltr'><strong>bire</strong></span> <span class='ocrx_word' id='word_1_86' title='bbox 445 1256 511 1310; x_wconf 91' lang='lat' dir='ltr'><strong>de</strong></span> <span class='ocrx_word' id='word_1_87' title='bbox 535 1269 727 1325; x_wconf 82' lang='lat' dir='ltr'><strong>genere</strong></span> <span class='ocrx_word' id='word_1_88' title='bbox 746 1251 1004 1313; x_wconf 65' lang='lat' dir='ltr'><strong>Abrahae,</strong></span> <span class='ocrx_word' id='word_1_89' title='bbox 1033 1248 1104 1300; x_wconf 92' lang='lat' dir='ltr'><strong>ait</strong></span> <span class='ocrx_word' id='word_1_90' title='bbox 1132 1246 1251 1305; x_wconf 87' lang='lat' dir='ltr'><strong>illis.</strong></span> <span class='ocrx_word' id='word_1_91' title='bbox 1277 1241 1541 1298; x_wconf 83' lang='lat' dir='ltr'><strong>Generatio</strong></span> <span class='ocrx_word' id='word_1_92' title='bbox 1567 1239 1873 1307; x_wconf 75' lang='lat' dir='ltr'><strong>viperarum.</strong></span> 
     </span>
    </p>
   </div>
   <div class='ocr_carea' id='block_1_11' title="bbox 306 1326 1873 1403">
    <p class='ocr_par' dir='ltr' id='par_1_11' title="bbox 306 1326 1873 1403">
     <span class='ocr_line' id='line_1_11' title="bbox 306 1326 1873 1403; baseline -0.016 0"><span class='ocrx_word' id='word_1_93' title='bbox 306 1348 383 1403; x_wconf 90' lang='lat' dir='ltr'><strong>llli</strong></span> <span class='ocrx_word' id='word_1_94' title='bbox 419 1360 477 1400; x_wconf 88' lang='lat' dir='ltr'><strong>se</strong></span> <span class='ocrx_word' id='word_1_95' title='bbox 503 1345 751 1399; x_wconf 82' lang='lat' dir='ltr'><strong>dicebant</strong></span> <span class='ocrx_word' id='word_1_96' title='bbox 783 1342 917 1394; x_wconf 89' lang='lat' dir='ltr'><strong>ﬁlios</strong></span> <span class='ocrx_word' id='word_1_97' title='bbox 954 1337 1180 1394; x_wconf 71' lang='lat' dir='ltr'><strong>Abrahm</strong></span> <span class='ocrx_word' id='word_1_98' title='bbox 1213 1352 1226 1387; x_wconf 88' lang='lat'><strong>:</strong></span> <span class='ocrx_word' id='word_1_99' title='bbox 1257 1343 1311 1388; x_wconf 84' lang='lat' dir='ltr'><strong>et</strong></span> <span class='ocrx_word' id='word_1_100' title='bbox 1345 1332 1449 1386; x_wconf 87' lang='lat' dir='ltr'><strong>iste</strong></span> <span class='ocrx_word' id='word_1_101' title='bbox 1489 1330 1591 1384; x_wconf 90' lang='lat' dir='ltr'><strong>illis</strong></span> <span class='ocrx_word' id='word_1_102' title='bbox 1627 1326 1873 1391; x_wconf 87' lang='lat' dir='ltr'><strong>dicebat,</strong></span> 
     </span>
    </p>
   </div>
   <div class='ocr_carea' id='block_1_12' title="bbox 307 1417 1872 1503">
    <p class='ocr_par' dir='ltr' id='par_1_12' title="bbox 307 1417 1872 1503">
     <span class='ocr_line' id='line_1_12' title="bbox 307 1417 1872 1503; baseline -0.015 -11"><span class='ocrx_word' id='word_1_103' title='bbox 307 1437 571 1492; x_wconf 81' lang='lat' dir='ltr'><strong>Ceneratio</strong></span> <span class='ocrx_word' id='word_1_104' title='bbox 591 1436 892 1503; x_wconf 83' lang='lat' dir='ltr'><strong>viperarum.</strong></span> <span class='ocrx_word' id='word_1_105' title='bbox 914 1428 1139 1485; x_wconf 78' lang='lat' dir='ltr'><strong>Abraha:</strong></span> <span class='ocrx_word' id='word_1_106' title='bbox 1156 1425 1381 1480; x_wconf 80' lang='lat' dir='ltr'><strong>faciebat</strong></span> <span class='ocrx_word' id='word_1_107' title='bbox 1403 1419 1682 1491; x_wconf 72' lang='lat' dir='ltr'><strong>iniuriam?</strong></span> <span class='ocrx_word' id='word_1_108' title='bbox 1704 1417 1872 1472; x_wconf 82' lang='lat' dir='ltr'><strong>Absit.</strong></span> 
     </span>
    </p>
   </div>
   <div class='ocr_carea' id='block_1_13' title="bbox 305 1507 1880 1583">
    <p class='ocr_par' dir='ltr' id='par_1_13' title="bbox 305 1507 1880 1583">
     <span class='ocr_line' id='line_1_13' title="bbox 305 1507 1880 1583; baseline -0.015 0"><span class='ocrx_word' id='word_1_109' title='bbox 305 1531 383 1583; x_wconf 82' lang='lat' dir='ltr'><strong>Ex</strong></span> <span class='ocrx_word' id='word_1_110' title='bbox 402 1527 637 1583; x_wconf 85' lang='lat' dir='ltr'><strong>moribus</strong></span> <span class='ocrx_word' id='word_1_111' title='bbox 660 1525 817 1579; x_wconf 83' lang='lat' dir='ltr'><strong>dabat</strong></span> <span class='ocrx_word' id='word_1_112' title='bbox 837 1523 915 1577; x_wconf 89' lang='lat' dir='ltr'><strong>eis</strong></span> <span class='ocrx_word' id='word_1_113' title='bbox 937 1533 1150 1574; x_wconf 89' lang='lat' dir='ltr'><strong>nomen.</strong></span> <span class='ocrx_word' id='word_1_114' title='bbox 1173 1516 1305 1583; x_wconf 86' lang='lat' dir='ltr'><strong>Quia</strong></span> <span class='ocrx_word' id='word_1_115' title='bbox 1329 1514 1372 1567; x_wconf 89' lang='lat' dir='ltr'><strong>si</strong></span> <span class='ocrx_word' id='word_1_116' title='bbox 1394 1522 1572 1567; x_wconf 88' lang='lat' dir='ltr'><strong>essent</strong></span> <span class='ocrx_word' id='word_1_117' title='bbox 1598 1509 1686 1563; x_wconf 86' lang='lat' dir='ltr'><strong>ﬁlii</strong></span> <span class='ocrx_word' id='word_1_118' title='bbox 1712 1507 1880 1562; x_wconf 84' lang='lat' dir='ltr'><strong>Abra-</strong></span> 
     </span>
    </p>
   </div>
   <div class='ocr_carea' id='block_1_14' title="bbox 305 1597 1875 1683">
    <p class='ocr_par' dir='ltr' id='par_1_14' title="bbox 305 1597 1875 1683">
     <span class='ocr_line' id='line_1_14' title="bbox 305 1597 1875 1683; baseline -0.016 -10"><span class='ocrx_word' id='word_1_119' title='bbox 305 1617 391 1673; x_wconf 72' lang='lat' dir='ltr'><strong>hte</strong></span> <span class='ocrx_word' id='word_1_120' title='bbox 411 1660 425 1683; x_wconf 93' lang='lat'><strong>,</strong></span> <span class='ocrx_word' id='word_1_121' title='bbox 457 1617 788 1671; x_wconf 84' lang='lat' dir='ltr'><strong>imitarentur</strong></span> <span class='ocrx_word' id='word_1_122' title='bbox 820 1610 1082 1665; x_wconf 83' lang='lat' dir='ltr'><strong>Abraham</strong></span> <span class='ocrx_word' id='word_1_123' title='bbox 1114 1627 1126 1663; x_wconf 88' lang='lat'><strong>:</strong></span> <span class='ocrx_word' id='word_1_124' title='bbox 1158 1607 1304 1662; x_wconf 86' lang='lat' dir='ltr'><strong>Sicut</strong></span> <span class='ocrx_word' id='word_1_125' title='bbox 1326 1605 1404 1658; x_wconf 90' lang='lat' dir='ltr'><strong>eis</strong></span> <span class='ocrx_word' id='word_1_126' title='bbox 1431 1612 1485 1657; x_wconf 90' lang='lat' dir='ltr'><strong>et</strong></span> <span class='ocrx_word' id='word_1_127' title='bbox 1514 1602 1626 1670; x_wconf 87' lang='lat' dir='ltr'><strong>ipse</strong></span> <span class='ocrx_word' id='word_1_128' title='bbox 1652 1599 1757 1663; x_wconf 83' lang='lat' dir='ltr'><strong>ait,</strong></span> <span class='ocrx_word' id='word_1_129' title='bbox 1789 1597 1875 1666; x_wconf 90' lang='lat' dir='ltr'><strong>qui</strong></span> 
     </span>
    </p>
   </div>
   <div class='ocr_carea' id='block_1_15' title="bbox 306 1692 1879 1770">
    <p class='ocr_par' dir='ltr' id='par_1_15' title="bbox 306 1692 1879 1770">
     <span class='ocr_line' id='line_1_15' title="bbox 306 1692 1879 1770; baseline -0.016 -6"><span class='ocrx_word' id='word_1_130' title='bbox 306 1709 490 1764; x_wconf 90' lang='lat' dir='ltr'><strong>dicunt</strong></span> <span class='ocrx_word' id='word_1_131' title='bbox 516 1706 563 1761; x_wconf 89' lang='lat' dir='ltr'><strong>ei</strong></span> <span class='ocrx_word' id='word_1_132' title='bbox 589 1747 603 1770; x_wconf 91' lang='lat'><strong>,</strong></span> <span class='ocrx_word' id='word_1_133' title='bbox 636 1704 745 1758; x_wconf 89' lang='lat' dir='ltr'><strong>Nos</strong></span> <span class='ocrx_word' id='word_1_134' title='bbox 776 1703 915 1757; x_wconf 81' lang='lat' dir='ltr'><strong>liberi</strong></span> <span class='ocrx_word' id='word_1_135' title='bbox 941 1717 1112 1755; x_wconf 85' lang='lat' dir='ltr'><strong>sumus</strong></span> <span class='ocrx_word' id='word_1_136' title='bbox 1135 1739 1150 1763; x_wconf 89' lang='lat'><strong>,</strong></span> <span class='ocrx_word' id='word_1_137' title='bbox 1179 1707 1224 1751; x_wconf 90' lang='lat' dir='ltr'><strong>et</strong></span> <span class='ocrx_word' id='word_1_138' title='bbox 1252 1694 1436 1749; x_wconf 84' lang='lat' dir='ltr'><strong>nemini</strong></span> <span class='ocrx_word' id='word_1_139' title='bbox 1456 1692 1745 1747; x_wconf 80' lang='lat' dir='ltr'><strong>seruiuimus</strong></span> <span class='ocrx_word' id='word_1_140' title='bbox 1784 1703 1879 1740; x_wconf 87' lang='lat' dir='ltr'><strong>un-</strong></span> 
     </span>
    </p>
   </div>
   <div class='ocr_carea' id='block_1_16' title="bbox 305 1778 1880 1872">
    <p class='ocr_par' dir='ltr' id='par_1_16' title="bbox 305 1778 1880 1872">
     <span class='ocr_line' id='line_1_16' title="bbox 305 1778 1880 1872; baseline -0.015 -18"><span class='ocrx_word' id='word_1_141' title='bbox 305 1818 486 1872; x_wconf 88' lang='lat' dir='ltr'><strong>quam,</strong></span> <span class='ocrx_word' id='word_1_142' title='bbox 527 1815 616 1851; x_wconf 89' lang='lat' dir='ltr'><strong>nos</strong></span> <span class='ocrx_word' id='word_1_143' title='bbox 654 1808 845 1868; x_wconf 84' lang='lat' dir='ltr'><strong>patrem</strong></span> <span class='ocrx_word' id='word_1_144' title='bbox 874 1794 1109 1848; x_wconf 79' lang='lat' dir='ltr'><strong>habemus</strong></span> <span class='ocrx_word' id='word_1_145' title='bbox 1135 1790 1408 1844; x_wconf 75' lang='lat' dir='ltr'><strong>Abraham.</strong></span> <span class='ocrx_word' id='word_1_146' title='bbox 1443 1786 1511 1839; x_wconf 85' lang='lat' dir='ltr'><strong>Et</strong></span> <span class='ocrx_word' id='word_1_147' title='bbox 1536 1784 1624 1838; x_wconf 88' lang='lat' dir='ltr'><strong>ille</strong></span> <span class='ocrx_word' id='word_1_148' title='bbox 1654 1800 1666 1836; x_wconf 92' lang='lat'><strong>:</strong></span> <span class='ocrx_word' id='word_1_149' title='bbox 1697 1781 1756 1836; x_wconf 88' lang='lat' dir='ltr'><strong>Si</strong></span> <span class='ocrx_word' id='word_1_150' title='bbox 1784 1778 1880 1849; x_wconf 80' lang='lat' dir='ltr'><strong>ﬁlii</strong></span> 
     </span>
    </p>
   </div>
   <div class='ocr_carea' id='block_1_17' title="bbox 305 1874 1880 1956">
    <p class='ocr_par' dir='ltr' id='par_1_17' title="bbox 305 1874 1880 1956">
     <span class='ocr_line' id='line_1_17' title="bbox 305 1874 1880 1956; baseline -0.014 -10"><span class='ocrx_word' id='word_1_151' title='bbox 305 1892 523 1946; x_wconf 64' lang='lat' dir='ltr'><strong>Abrahae</strong></span> <span class='ocrx_word' id='word_1_152' title='bbox 542 1890 710 1944; x_wconf 88' lang='lat' dir='ltr'><strong>essetis</strong></span> <span class='ocrx_word' id='word_1_153' title='bbox 734 1930 749 1955; x_wconf 90' lang='lat'><strong>,</strong></span> <span class='ocrx_word' id='word_1_154' title='bbox 780 1888 915 1956; x_wconf 79' lang='lat' dir='ltr'><strong>facta</strong></span> <span class='ocrx_word' id='word_1_155' title='bbox 944 1884 1158 1938; x_wconf 77' lang='lat' dir='ltr'><strong>Abrahaz</strong></span> <span class='ocrx_word' id='word_1_156' title='bbox 1193 1880 1440 1951; x_wconf 81' lang='lat' dir='ltr'><strong>faceretis.</strong></span> <span class='ocrx_word' id='word_1_157' title='bbox 1487 1875 1585 1929; x_wconf 86' lang='lat' dir='ltr'><strong>Vos</strong></span> <span class='ocrx_word' id='word_1_158' title='bbox 1616 1874 1766 1928; x_wconf 84' lang='lat' dir='ltr'><strong>vultis</strong></span> <span class='ocrx_word' id='word_1_159' title='bbox 1803 1887 1880 1924; x_wconf 88' lang='lat' dir='ltr'><strong>me</strong></span> 
     </span>
    </p>
   </div>
   <div class='ocr_carea' id='block_1_18' title="bbox 306 1967 1880 2052">
    <p class='ocr_par' dir='ltr' id='par_1_18' title="bbox 306 1967 1880 2052">
     <span class='ocr_line' id='line_1_18' title="bbox 306 1967 1880 2052; baseline -0.015 -13"><span class='ocrx_word' id='word_1_160' title='bbox 306 1986 529 2040; x_wconf 84' lang='lat' dir='ltr'><strong>occidere</strong></span> <span class='ocrx_word' id='word_1_161' title='bbox 547 2023 562 2048; x_wconf 90' lang='lat'><strong>,</strong></span> <span class='ocrx_word' id='word_1_162' title='bbox 591 1982 709 2052; x_wconf 88' lang='lat' dir='ltr'><strong>quia</strong></span> <span class='ocrx_word' id='word_1_163' title='bbox 732 1981 985 2033; x_wconf 87' lang='lat' dir='ltr'><strong>veritatem</strong></span> <span class='ocrx_word' id='word_1_164' title='bbox 1014 1976 1150 2029; x_wconf 85' lang='lat' dir='ltr'><strong>vobis</strong></span> <span class='ocrx_word' id='word_1_165' title='bbox 1176 1975 1327 2037; x_wconf 84' lang='lat' dir='ltr'><strong>dico;</strong></span> <span class='ocrx_word' id='word_1_166' title='bbox 1372 1972 1464 2024; x_wconf 86' lang='lat' dir='ltr'><strong>hoc</strong></span> <span class='ocrx_word' id='word_1_167' title='bbox 1491 1967 1744 2021; x_wconf 79' lang='lat' dir='ltr'><strong>Abraham</strong></span> <span class='ocrx_word' id='word_1_168' title='bbox 1780 1981 1880 2017; x_wconf 90' lang='lat' dir='ltr'><strong>non</strong></span> 
     </span>
    </p>
   </div>
   <div class='ocr_carea' id='block_1_19' title="bbox 305 2053 1880 2145">
    <p class='ocr_par' dir='ltr' id='par_1_19' title="bbox 305 2053 1880 2145">
     <span class='ocr_line' id='line_1_19' title="bbox 305 2053 1880 2145; baseline -0.013 -17"><span class='ocrx_word' id='word_1_169' title='bbox 305 2078 423 2145; x_wconf 80' lang='lat' dir='ltr'><strong>fecit</strong></span> <span class='ocrx_word' id='word_1_170' title='bbox 455 2073 563 2145; x_wconf 84' lang='lat' dir='ltr'><strong>(ld.</strong></span> <span class='ocrx_word' id='word_1_171' title='bbox 609 2088 701 2125; x_wconf 85' lang='lat' dir='ltr'><strong>vm</strong></span> <span class='ocrx_word' id='word_1_172' title='bbox 722 2112 737 2136; x_wconf 87' lang='lat'><strong>,</strong></span> <span class='ocrx_word' id='word_1_173' title='bbox 765 2071 867 2133; x_wconf 78' lang='lat'><strong>5&#39;5,</strong></span> <span class='ocrx_word' id='word_1_174' title='bbox 897 2068 962 2123; x_wconf 79' lang='grc'><strong>59</strong></span> <span class='ocrx_word' id='word_1_175' title='bbox 987 2108 1002 2131; x_wconf 86' lang='grc'><strong>,</strong></span> <span class='ocrx_word' id='word_1_176' title='bbox 1036 2064 1147 2135; x_wconf 73' lang='grc' dir='ltr'><strong>ω).</strong></span> <span class='ocrx_word' id='word_1_177' title='bbox 1180 2062 1307 2118; x_wconf 89' lang='lat' dir='ltr'><strong>Inde</strong></span> <span class='ocrx_word' id='word_1_178' title='bbox 1330 2058 1561 2131; x_wconf 84' lang='lat' dir='ltr'><strong>generati</strong></span> <span class='ocrx_word' id='word_1_179' title='bbox 1590 2056 1720 2112; x_wconf 86' lang='lat' dir='ltr'><strong>estis</strong></span> <span class='ocrx_word' id='word_1_180' title='bbox 1743 2097 1758 2121; x_wconf 93' lang='lat'><strong>,</strong></span> <span class='ocrx_word' id='word_1_181' title='bbox 1787 2053 1880 2108; x_wconf 84' lang='lat' dir='ltr'><strong>sed</strong></span> 
     </span>
    </p>
   </div>
   <div class='ocr_carea' id='block_1_20' title="bbox 304 2146 1882 2235">
    <p class='ocr_par' dir='ltr' id='par_1_20' title="bbox 304 2146 1882 2235">
     <span class='ocr_line' id='line_1_20' title="bbox 304 2146 1882 2235; baseline -0.016 -15"><span class='ocrx_word' id='word_1_182' title='bbox 304 2162 685 2235; x_wconf 86' lang='lat' dir='ltr'><strong>degenerastis.</strong></span> <span class='ocrx_word' id='word_1_183' title='bbox 728 2162 866 2229; x_wconf 77' lang='lat' dir='ltr'><strong>Ergo</strong></span> <span class='ocrx_word' id='word_1_184' title='bbox 911 2155 1035 2226; x_wconf 87' lang='lat' dir='ltr'><strong>quid</strong></span> <span class='ocrx_word' id='word_1_185' title='bbox 1078 2152 1349 2210; x_wconf 82' lang='lat' dir='ltr'><strong>Joannes?</strong></span> <span class='ocrx_word' id='word_1_186' title='bbox 1387 2148 1649 2203; x_wconf 78' lang='lat' dir='ltr'><strong>Generatio</strong></span> <span class='ocrx_word' id='word_1_187' title='bbox 1686 2146 1882 2216; x_wconf 88' lang='lat' dir='ltr'><strong>vipera-</strong></span> 
     </span>
    </p>
   </div>
   <div class='ocr_carea' id='block_1_21' title="bbox 307 2238 1883 2327">
    <p class='ocr_par' dir='ltr' id='par_1_21' title="bbox 307 2238 1883 2327">
     <span class='ocr_line' id='line_1_21' title="bbox 307 2238 1883 2327; baseline -0.014 -15"><span class='ocrx_word' id='word_1_188' title='bbox 307 2276 442 2321; x_wconf 88' lang='lat' dir='ltr'><strong>rum,</strong></span> <span class='ocrx_word' id='word_1_189' title='bbox 472 2256 584 2327; x_wconf 83' lang='lat' dir='ltr'><strong>quis</strong></span> <span class='ocrx_word' id='word_1_190' title='bbox 613 2254 747 2308; x_wconf 82' lang='lat' dir='ltr'><strong>vobis</strong></span> <span class='ocrx_word' id='word_1_191' title='bbox 771 2250 984 2306; x_wconf 83' lang='lat' dir='ltr'><strong>ostendit</strong></span> <span class='ocrx_word' id='word_1_192' title='bbox 1009 2251 1183 2318; x_wconf 78' lang='lat' dir='ltr'><strong>{ugere</strong></span> <span class='ocrx_word' id='word_1_193' title='bbox 1205 2262 1236 2298; x_wconf 90' lang='lat' dir='ltr'><strong>a</strong></span> <span class='ocrx_word' id='word_1_194' title='bbox 1267 2252 1470 2297; x_wconf 87' lang='lat' dir='ltr'><strong>ventura</strong></span> <span class='ocrx_word' id='word_1_195' title='bbox 1494 2241 1611 2294; x_wconf 80' lang='lat' dir='ltr'><strong>ira?</strong></span> <span class='ocrx_word' id='word_1_196' title='bbox 1635 2238 1765 2305; x_wconf 85' lang='lat' dir='ltr'><strong>Quia</strong></span> <span class='ocrx_word' id='word_1_197' title='bbox 1792 2251 1883 2291; x_wconf 85' lang='lat' dir='ltr'><strong>ve-</strong></span> 
     </span>
    </p>
   </div>
   <div class='ocr_carea' id='block_1_22' title="bbox 309 2328 1878 2414">
    <p class='ocr_par' dir='ltr' id='par_1_22' title="bbox 309 2328 1878 2414">
     <span class='ocr_line' id='line_1_22' title="bbox 309 2328 1878 2414; baseline -0.016 -11"><span class='ocrx_word' id='word_1_198' title='bbox 309 2334 522 2402; x_wconf 82' lang='lat' dir='ltr'><strong>niebant</strong></span> <span class='ocrx_word' id='word_1_199' title='bbox 548 2343 800 2414; x_wconf 81' lang='lat' dir='ltr'><strong>baptizari</strong></span> <span class='ocrx_word' id='word_1_200' title='bbox 833 2339 1093 2409; x_wconf 88' lang='lat' dir='ltr'><strong>baptismo</strong></span> <span class='ocrx_word' id='word_1_201' title='bbox 1131 2334 1349 2391; x_wconf 82' lang='lat' dir='ltr'><strong>Joannis</strong></span> <span class='ocrx_word' id='word_1_202' title='bbox 1400 2333 1451 2385; x_wconf 89' lang='lat' dir='ltr'><strong>in</strong></span> <span class='ocrx_word' id='word_1_203' title='bbox 1495 2328 1878 2401; x_wconf 81' lang='lat' dir='ltr'><strong>paenitentiam.</strong></span> 
     </span>
    </p>
   </div>
   <div class='ocr_carea' id='block_1_23' title="bbox 313 2419 1882 2504">
    <p class='ocr_par' dir='ltr' id='par_1_23' title="bbox 313 2419 1882 2504">
     <span class='ocr_line' id='line_1_23' title="bbox 313 2419 1882 2504; baseline -0.015 -12"><span class='ocrx_word' id='word_1_204' title='bbox 313 2437 436 2504; x_wconf 87' lang='lat' dir='ltr'><strong>Quis</strong></span> <span class='ocrx_word' id='word_1_205' title='bbox 464 2435 599 2489; x_wconf 87' lang='lat' dir='ltr'><strong>vobis</strong></span> <span class='ocrx_word' id='word_1_206' title='bbox 638 2431 848 2486; x_wconf 82' lang='lat' dir='ltr'><strong>ostendit</strong></span> <span class='ocrx_word' id='word_1_207' title='bbox 884 2431 1054 2499; x_wconf 77' lang='lat' dir='ltr'><strong>fugere</strong></span> <span class='ocrx_word' id='word_1_208' title='bbox 1087 2427 1148 2479; x_wconf 90' lang='lat' dir='ltr'><strong>ab</strong></span> <span class='ocrx_word' id='word_1_209' title='bbox 1176 2426 1253 2478; x_wconf 89' lang='lat' dir='ltr'><strong>ira</strong></span> <span class='ocrx_word' id='word_1_210' title='bbox 1291 2422 1537 2478; x_wconf 86' lang='lat' dir='ltr'><strong>ventura?</strong></span> <span class='ocrx_word' id='word_1_211' title='bbox 1562 2419 1740 2473; x_wconf 84' lang='lat' dir='ltr'><strong>Facite</strong></span> <span class='ocrx_word' id='word_1_212' title='bbox 1765 2433 1882 2487; x_wconf 85' lang='lat' dir='ltr'><strong>ergo</strong></span> 
     </span>
    </p>
   </div>
   <div class='ocr_carea' id='block_1_24' title="bbox 309 2508 1884 2599">
    <p class='ocr_par' dir='ltr' id='par_1_24' title="bbox 309 2508 1884 2599">
     <span class='ocr_line' id='line_1_24' title="bbox 309 2508 1884 2599; baseline -0.011 -19"><span class='ocrx_word' id='word_1_213' title='bbox 309 2531 528 2599; x_wconf 78' lang='lat' dir='ltr'><strong>fructum</strong></span> <span class='ocrx_word' id='word_1_214' title='bbox 555 2525 761 2594; x_wconf 87' lang='lat' dir='ltr'><strong>dignum</strong></span> <span class='ocrx_word' id='word_1_215' title='bbox 782 2519 1100 2590; x_wconf 66' lang='lat' dir='ltr'><strong>paenitentiae.</strong></span> <span class='ocrx_word' id='word_1_216' title='bbox 1124 2514 1191 2569; x_wconf 87' lang='lat' dir='ltr'><strong>Et</strong></span> <span class='ocrx_word' id='word_1_217' title='bbox 1216 2514 1368 2568; x_wconf 79' lang='lat' dir='ltr'><strong>nolite</strong></span> <span class='ocrx_word' id='word_1_218' title='bbox 1386 2513 1548 2565; x_wconf 81' lang='lat' dir='ltr'><strong>dicere</strong></span> <span class='ocrx_word' id='word_1_219' title='bbox 1572 2512 1623 2564; x_wconf 90' lang='lat' dir='ltr'><strong>in</strong></span> <span class='ocrx_word' id='word_1_220' title='bbox 1649 2508 1884 2563; x_wconf 86' lang='lat' dir='ltr'><strong>cordibus</strong></span> 
     </span>
    </p>
   </div>
   <div class='ocr_carea' id='block_1_25' title="bbox 309 2598 1884 2681">
    <p class='ocr_par' dir='ltr' id='par_1_25' title="bbox 309 2598 1884 2681">
     <span class='ocr_line' id='line_1_25' title="bbox 309 2598 1884 2681; baseline -0.011 -12"><span class='ocrx_word' id='word_1_221' title='bbox 309 2598 480 2670; x_wconf 73' lang='lat' dir='ltr'><strong>vestris</strong></span> <span class='ocrx_word' id='word_1_222' title='bbox 502 2653 519 2681; x_wconf 91' lang='lat'><strong>,</strong></span> <span class='ocrx_word' id='word_1_223' title='bbox 563 2612 767 2666; x_wconf 87' lang='lat' dir='ltr'><strong>Patrem</strong></span> <span class='ocrx_word' id='word_1_224' title='bbox 808 2610 1047 2662; x_wconf 85' lang='lat' dir='ltr'><strong>habemus</strong></span> <span class='ocrx_word' id='word_1_225' title='bbox 1087 2605 1358 2658; x_wconf 80' lang='lat' dir='ltr'><strong>Abraham.</strong></span> <span class='ocrx_word' id='word_1_226' title='bbox 1409 2602 1593 2655; x_wconf 85' lang='lat' dir='ltr'><strong>Potens</strong></span> <span class='ocrx_word' id='word_1_227' title='bbox 1631 2609 1702 2654; x_wconf 88' lang='lat' dir='ltr'><strong>est</strong></span> <span class='ocrx_word' id='word_1_228' title='bbox 1752 2598 1884 2652; x_wconf 86' lang='lat' dir='ltr'><strong>enim</strong></span> 
     </span>
    </p>
   </div>
   <div class='ocr_carea' id='block_1_26' title="bbox 312 2691 1878 2774">
    <p class='ocr_par' dir='ltr' id='par_1_26' title="bbox 312 2691 1878 2774">
     <span class='ocr_line' id='line_1_26' title="bbox 312 2691 1878 2774; baseline -0.013 -9"><span class='ocrx_word' id='word_1_229' title='bbox 312 2695 450 2764; x_wconf 85' lang='lat' dir='ltr'><strong>Deus</strong></span> <span class='ocrx_word' id='word_1_230' title='bbox 488 2709 550 2763; x_wconf 90' lang='lat' dir='ltr'><strong>de</strong></span> <span class='ocrx_word' id='word_1_231' title='bbox 577 2705 827 2774; x_wconf 86' lang='lat' dir='ltr'><strong>lapidibus</strong></span> <span class='ocrx_word' id='word_1_232' title='bbox 864 2703 970 2756; x_wconf 88' lang='lat' dir='ltr'><strong>istis</strong></span> <span class='ocrx_word' id='word_1_233' title='bbox 998 2700 1238 2755; x_wconf 83' lang='lat' dir='ltr'><strong>suscitare</strong></span> <span class='ocrx_word' id='word_1_234' title='bbox 1265 2698 1398 2766; x_wconf 84' lang='lat' dir='ltr'><strong>ﬁlios</strong></span> <span class='ocrx_word' id='word_1_235' title='bbox 1422 2694 1638 2748; x_wconf 68' lang='lat' dir='ltr'><strong>Abrahae</strong></span> <span class='ocrx_word' id='word_1_236' title='bbox 1666 2691 1878 2762; x_wconf 81' lang='lat' dir='ltr'><strong>(Matth.</strong></span> 
     </span>
    </p>
   </div>
   <div class='ocr_carea' id='block_1_27' title="bbox 309 2785 1884 2871">
    <p class='ocr_par' dir='ltr' id='par_1_27' title="bbox 309 2785 1884 2871">
     <span class='ocr_line' id='line_1_27' title="bbox 309 2785 1884 2871; baseline -0.01 -16"><span class='ocrx_word' id='word_1_237' title='bbox 309 2816 388 2864; x_wconf 83' lang='grc' dir='ltr'><strong>ιιι,</strong></span> <span class='ocrx_word' id='word_1_238' title='bbox 417 2797 559 2871; x_wconf 85' lang='lat'><strong>7-9).</strong></span> <span class='ocrx_word' id='word_1_239' title='bbox 589 2796 777 2850; x_wconf 83' lang='lat' dir='ltr'><strong>Potens</strong></span> <span class='ocrx_word' id='word_1_240' title='bbox 803 2803 874 2848; x_wconf 85' lang='lat' dir='ltr'><strong>est</strong></span> <span class='ocrx_word' id='word_1_241' title='bbox 898 2794 1029 2846; x_wconf 91' lang='lat' dir='ltr'><strong>enim</strong></span> <span class='ocrx_word' id='word_1_242' title='bbox 1062 2791 1196 2844; x_wconf 87' lang='lat' dir='ltr'><strong>Deus</strong></span> <span class='ocrx_word' id='word_1_243' title='bbox 1220 2790 1282 2843; x_wconf 89' lang='lat' dir='ltr'><strong>de</strong></span> <span class='ocrx_word' id='word_1_244' title='bbox 1306 2787 1557 2857; x_wconf 86' lang='lat' dir='ltr'><strong>lapidibus</strong></span> <span class='ocrx_word' id='word_1_245' title='bbox 1582 2785 1690 2839; x_wconf 88' lang='lat' dir='ltr'><strong>istis</strong></span> <span class='ocrx_word' id='word_1_246' title='bbox 1707 2826 1723 2848; x_wconf 86' lang='lat'><strong>,</strong></span> <span class='ocrx_word' id='word_1_247' title='bbox 1750 2797 1884 2852; x_wconf 88' lang='lat' dir='ltr'><strong>quos</strong></span> 
     </span>
    </p>
   </div>
   <div class='ocr_carea' id='block_1_28' title="bbox 310 2874 1880 2954">
    <p class='ocr_par' dir='ltr' id='par_1_28' title="bbox 310 2874 1880 2954">
     <span class='ocr_line' id='line_1_28' title="bbox 310 2874 1880 2954; baseline -0.01 -13"><span class='ocrx_word' id='word_1_248' title='bbox 310 2889 524 2943; x_wconf 83' lang='lat' dir='ltr'><strong>videbat</strong></span> <span class='ocrx_word' id='word_1_249' title='bbox 551 2889 601 2941; x_wconf 91' lang='lat' dir='ltr'><strong>in</strong></span> <span class='ocrx_word' id='word_1_250' title='bbox 632 2885 859 2954; x_wconf 84' lang='lat' dir='ltr'><strong>Spiritu;</strong></span> <span class='ocrx_word' id='word_1_251' title='bbox 894 2883 995 2937; x_wconf 79' lang='lat' dir='ltr'><strong>illis</strong></span> <span class='ocrx_word' id='word_1_252' title='bbox 1016 2881 1243 2944; x_wconf 89' lang='lat' dir='ltr'><strong>dicebat,</strong></span> <span class='ocrx_word' id='word_1_253' title='bbox 1269 2887 1324 2933; x_wconf 89' lang='lat' dir='ltr'><strong>et</strong></span> <span class='ocrx_word' id='word_1_254' title='bbox 1348 2892 1443 2932; x_wconf 93' lang='lat' dir='ltr'><strong>nos</strong></span> <span class='ocrx_word' id='word_1_255' title='bbox 1473 2874 1793 2946; x_wconf 70' lang='lat' dir='ltr'><strong>pmvidebat</strong></span> <span class='ocrx_word' id='word_1_256' title='bbox 1819 2874 1835 2905; x_wconf 77' lang='grc'>³</span> <span class='ocrx_word' id='word_1_257' title='bbox 1867 2890 1880 2926; x_wconf 91' lang='lat'><strong>:</strong></span> 
     </span>
    </p>
   </div>
   <div class='ocr_carea' id='block_1_29' title="bbox 316 2964 1882 3041">
    <p class='ocr_par' dir='ltr' id='par_1_29' title="bbox 316 2964 1882 3041">
     <span class='ocr_line' id='line_1_29' title="bbox 316 2964 1882 3041; baseline -0.011 -7"><span class='ocrx_word' id='word_1_258' title='bbox 316 2979 506 3034; x_wconf 86' lang='lat' dir='ltr'><strong>Potens</strong></span> <span class='ocrx_word' id='word_1_259' title='bbox 532 2988 600 3033; x_wconf 86' lang='lat' dir='ltr'><strong>est</strong></span> <span class='ocrx_word' id='word_1_260' title='bbox 634 2976 764 3029; x_wconf 89' lang='lat' dir='ltr'><strong>enim</strong></span> <span class='ocrx_word' id='word_1_261' title='bbox 802 2974 933 3028; x_wconf 89' lang='lat' dir='ltr'><strong>Deus</strong></span> <span class='ocrx_word' id='word_1_262' title='bbox 966 2972 1029 3025; x_wconf 90' lang='lat' dir='ltr'><strong>de</strong></span> <span class='ocrx_word' id='word_1_263' title='bbox 1052 2969 1302 3041; x_wconf 79' lang='lat' dir='ltr'><strong>lapidibus</strong></span> <span class='ocrx_word' id='word_1_264' title='bbox 1337 2969 1446 3022; x_wconf 90' lang='lat' dir='ltr'><strong>istis</strong></span> <span class='ocrx_word' id='word_1_265' title='bbox 1480 2966 1721 3020; x_wconf 86' lang='lat' dir='ltr'><strong>suscitare</strong></span> <span class='ocrx_word' id='word_1_266' title='bbox 1749 2964 1882 3032; x_wconf 81' lang='lat' dir='ltr'><strong>ﬁlios</strong></span> 
     </span>
    </p>
   </div>
   <div class='ocr_carea' id='block_1_30' title="bbox 314 3057 1886 3136">
    <p class='ocr_par' dir='ltr' id='par_1_30' title="bbox 314 3057 1886 3136">
     <span class='ocr_line' id='line_1_30' title="bbox 314 3057 1886 3136; baseline -0.009 -11"><span class='ocrx_word' id='word_1_267' title='bbox 314 3071 550 3125; x_wconf 64' lang='lat' dir='ltr'><strong>Abrahae.</strong></span> <span class='ocrx_word' id='word_1_268' title='bbox 576 3069 654 3122; x_wconf 85' lang='lat' dir='ltr'><strong>De</strong></span> <span class='ocrx_word' id='word_1_269' title='bbox 673 3068 865 3136; x_wconf 84' lang='lat' dir='ltr'><strong>quibus</strong></span> <span class='ocrx_word' id='word_1_270' title='bbox 888 3062 1143 3133; x_wconf 83' lang='lat' dir='ltr'><strong>lapidibus</strong></span> <span class='ocrx_word' id='word_1_271' title='bbox 1178 3079 1193 3114; x_wconf 71' lang='grc' dir='ltr'>ε</span> <span class='ocrx_word' id='word_1_272' title='bbox 1222 3062 1282 3115; x_wconf 85' lang='lat' dir='ltr'><strong>Si</strong></span> <span class='ocrx_word' id='word_1_273' title='bbox 1309 3061 1390 3113; x_wconf 87' lang='lat' dir='ltr'><strong>isti</strong></span> <span class='ocrx_word' id='word_1_274' title='bbox 1412 3058 1660 3123; x_wconf 88' lang='lat' dir='ltr'><strong>tacebunt,</strong></span> <span class='ocrx_word' id='word_1_275' title='bbox 1692 3057 1886 3127; x_wconf 79' lang='lat' dir='ltr'><strong>lapides</strong></span> 
     </span>
    </p>
   </div>
   <div class='ocr_carea' id='block_1_31' title="bbox 314 3147 1882 3219">
    <p class='ocr_par' dir='ltr' id='par_1_31' title="bbox 314 3147 1882 3219">
     <span class='ocr_line' id='line_1_31' title="bbox 314 3147 1882 3219; baseline -0.008 -6"><span class='ocrx_word' id='word_1_276' title='bbox 314 3159 617 3213; x_wconf 85' lang='lat' dir='ltr'><strong>clamabunt.</strong></span> <span class='ocrx_word' id='word_1_277' title='bbox 642 3156 796 3210; x_wconf 82' lang='lat' dir='ltr'><strong>Modo</strong></span> <span class='ocrx_word' id='word_1_278' title='bbox 815 3153 1057 3219; x_wconf 80' lang='lat' dir='ltr'><strong>audistis,</strong></span> <span class='ocrx_word' id='word_1_279' title='bbox 1081 3160 1134 3206; x_wconf 85' lang='lat' dir='ltr'><strong>et</strong></span> <span class='ocrx_word' id='word_1_280' title='bbox 1161 3150 1445 3205; x_wconf 84' lang='lat' dir='ltr'><strong>clamastis.</strong></span> <span class='ocrx_word' id='word_1_281' title='bbox 1476 3147 1752 3218; x_wconf 89' lang='lat' dir='ltr'><strong>lmpletum</strong></span> <span class='ocrx_word' id='word_1_282' title='bbox 1778 3156 1882 3214; x_wconf 90' lang='lat' dir='ltr'><strong>est,</strong></span> 
     </span>
    </p>
   </div>
   <div class='ocr_carea' id='block_1_32' title="bbox 314 3238 1887 3315">
    <p class='ocr_par' dir='ltr' id='par_1_32' title="bbox 314 3238 1887 3315">
     <span class='ocr_line' id='line_1_32' title="bbox 314 3238 1887 3315; baseline -0.007 -15"><span class='ocrx_word' id='word_1_283' title='bbox 314 3246 534 3315; x_wconf 80' lang='lat' dir='ltr'><strong>Lapides</strong></span> <span class='ocrx_word' id='word_1_284' title='bbox 562 3245 869 3299; x_wconf 87' lang='lat' dir='ltr'><strong>clamabunt.</strong></span> <span class='ocrx_word' id='word_1_285' title='bbox 895 3244 966 3296; x_wconf 88' lang='lat' dir='ltr'><strong>De</strong></span> <span class='ocrx_word' id='word_1_286' title='bbox 986 3240 1241 3296; x_wconf 88' lang='lat' dir='ltr'><strong>Gentibus</strong></span> <span class='ocrx_word' id='word_1_287' title='bbox 1265 3239 1405 3294; x_wconf 90' lang='lat' dir='ltr'><strong>enim</strong></span> <span class='ocrx_word' id='word_1_288' title='bbox 1430 3238 1691 3302; x_wconf 78' lang='lat' dir='ltr'><strong>venimus,</strong></span> <span class='ocrx_word' id='word_1_289' title='bbox 1716 3238 1767 3291; x_wconf 91' lang='lat' dir='ltr'><strong>in</strong></span> <span class='ocrx_word' id='word_1_290' title='bbox 1795 3252 1887 3306; x_wconf 89' lang='lat' dir='ltr'><strong>pa-</strong></span> 
     </span>
    </p>
   </div>
   <div class='ocr_carea' id='block_1_33' title="bbox 316 3328 1887 3402">
    <p class='ocr_par' dir='ltr' id='par_1_33' title="bbox 316 3328 1887 3402">
     <span class='ocr_line' id='line_1_33' title="bbox 316 3328 1887 3402; baseline -0.006 -10"><span class='ocrx_word' id='word_1_291' title='bbox 316 3339 556 3392; x_wconf 90' lang='lat' dir='ltr'><strong>rentibus</strong></span> <span class='ocrx_word' id='word_1_292' title='bbox 600 3336 793 3389; x_wconf 88' lang='lat' dir='ltr'><strong>nostris</strong></span> <span class='ocrx_word' id='word_1_293' title='bbox 834 3332 1035 3402; x_wconf 82' lang='lat' dir='ltr'><strong>lapides</strong></span> <span class='ocrx_word' id='word_1_294' title='bbox 1072 3330 1428 3385; x_wconf 85' lang='lat' dir='ltr'><strong>adnravimus.</strong></span> <span class='ocrx_word' id='word_1_295' title='bbox 1474 3328 1596 3383; x_wconf 89' lang='lat' dir='ltr'><strong>Ideo</strong></span> <span class='ocrx_word' id='word_1_296' title='bbox 1633 3336 1689 3382; x_wconf 91' lang='lat' dir='ltr'><strong>et</strong></span> <span class='ocrx_word' id='word_1_297' title='bbox 1725 3341 1887 3382; x_wconf 88' lang='lat' dir='ltr'><strong>canes</strong></span> 
     </span>
    </p>
   </div>
   <div class='ocr_carea' id='block_1_34' title="bbox 318 3420 1890 3498">
    <p class='ocr_par' dir='ltr' id='par_1_34' title="bbox 318 3420 1890 3498">
     <span class='ocr_line' id='line_1_34' title="bbox 318 3420 1890 3498; baseline -0.007 -13"><span class='ocrx_word' id='word_1_298' title='bbox 318 3429 442 3485; x_wconf 85' lang='lat' dir='ltr'><strong>dicti</strong></span> <span class='ocrx_word' id='word_1_299' title='bbox 485 3443 668 3483; x_wconf 90' lang='lat' dir='ltr'><strong>sumus</strong></span> <span class='ocrx_word' id='word_1_300' title='bbox 712 3425 809 3498; x_wconf 88' lang='lat' dir='ltr'><strong>(a).</strong></span> <span class='ocrx_word' id='word_1_301' title='bbox 860 3423 1227 3480; x_wconf 81' lang='lat' dir='ltr'><strong>Recordamini</strong></span> <span class='ocrx_word' id='word_1_302' title='bbox 1273 3421 1401 3493; x_wconf 88' lang='lat' dir='ltr'><strong>quid</strong></span> <span class='ocrx_word' id='word_1_303' title='bbox 1437 3421 1658 3475; x_wconf 89' lang='lat' dir='ltr'><strong>audierit</strong></span> <span class='ocrx_word' id='word_1_304' title='bbox 1698 3420 1890 3474; x_wconf 86' lang='lat' dir='ltr'><strong>mulier</strong></span> 
     </span>
    </p>
   </div>
   <div class='ocr_carea' id='block_1_35' title="bbox 318 3509 1887 3589">
    <p class='ocr_par' dir='ltr' id='par_1_35' title="bbox 318 3509 1887 3589">
     <span class='ocr_line' id='line_1_35' title="bbox 318 3509 1887 3589; baseline -0.008 -13"><span class='ocrx_word' id='word_1_305' title='bbox 318 3521 429 3586; x_wconf 90' lang='lat' dir='ltr'><strong>illa,</strong></span> <span class='ocrx_word' id='word_1_306' title='bbox 457 3536 578 3589; x_wconf 76' lang='lat' dir='ltr'><strong>qua:</strong></span> <span class='ocrx_word' id='word_1_307' title='bbox 602 3518 863 3572; x_wconf 72' lang='lat' dir='ltr'><strong>clamabat</strong></span> <span class='ocrx_word' id='word_1_308' title='bbox 888 3525 1005 3586; x_wconf 87' lang='lat' dir='ltr'><strong>post</strong></span> <span class='ocrx_word' id='word_1_309' title='bbox 1035 3514 1316 3569; x_wconf 87' lang='lat' dir='ltr'><strong>Dominum</strong></span> <span class='ocrx_word' id='word_1_310' title='bbox 1338 3553 1353 3577; x_wconf 93' lang='lat'><strong>,</strong></span> <span class='ocrx_word' id='word_1_311' title='bbox 1384 3512 1508 3583; x_wconf 91' lang='lat' dir='ltr'><strong>quia</strong></span> <span class='ocrx_word' id='word_1_312' title='bbox 1534 3520 1650 3566; x_wconf 87' lang='lat' dir='ltr'><strong>erat</strong></span> <span class='ocrx_word' id='word_1_313' title='bbox 1674 3509 1887 3566; x_wconf 83' lang='lat' dir='ltr'><strong>Chana-</strong></span> 
     </span>
    </p>
   </div>
   <div class='ocr_carea' id='block_1_36' title="bbox 319 3596 1890 3676">
    <p class='ocr_par' dir='ltr' id='par_1_36' title="bbox 319 3596 1890 3676">
     <span class='ocr_line' id='line_1_36' title="bbox 319 3596 1890 3676; baseline -0.008 -10"><span class='ocrx_word' id='word_1_314' title='bbox 319 3627 469 3676; x_wconf 75' lang='lat' dir='ltr'><strong>mea,</strong></span> <span class='ocrx_word' id='word_1_315' title='bbox 508 3610 769 3664; x_wconf 81' lang='lat' dir='ltr'><strong>idolorum</strong></span> <span class='ocrx_word' id='word_1_316' title='bbox 812 3607 1000 3662; x_wconf 80' lang='lat' dir='ltr'><strong>cultrix</strong></span> <span class='ocrx_word' id='word_1_317' title='bbox 1026 3646 1041 3670; x_wconf 93' lang='lat'><strong>,</strong></span> <span class='ocrx_word' id='word_1_318' title='bbox 1079 3604 1266 3659; x_wconf 89' lang='lat' dir='ltr'><strong>ancilla</strong></span> <span class='ocrx_word' id='word_1_319' title='bbox 1305 3602 1709 3657; x_wconf 76' lang='lat' dir='ltr'><strong>dannoniorum.</strong></span> <span class='ocrx_word' id='word_1_320' title='bbox 1750 3596 1890 3667; x_wconf 86' lang='lat' dir='ltr'><strong>Quid</strong></span> 
     </span>
    </p>
   </div>
   <div class='ocr_carea' id='block_1_37' title="bbox 320 3691 1887 3763">
    <p class='ocr_par' dir='ltr' id='par_1_37' title="bbox 320 3691 1887 3763">
     <span class='ocr_line' id='line_1_37' title="bbox 320 3691 1887 3763; baseline -0.009 -7"><span class='ocrx_word' id='word_1_321' title='bbox 320 3701 453 3756; x_wconf 81' lang='lat' dir='ltr'><strong>dixit</strong></span> <span class='ocrx_word' id='word_1_322' title='bbox 478 3700 525 3755; x_wconf 91' lang='lat' dir='ltr'><strong>ei</strong></span> <span class='ocrx_word' id='word_1_323' title='bbox 555 3699 751 3754; x_wconf 84' lang='lat' dir='ltr'><strong>Jesus?</strong></span> <span class='ocrx_word' id='word_1_324' title='bbox 781 3695 899 3751; x_wconf 85' lang='lat' dir='ltr'><strong>Non</strong></span> <span class='ocrx_word' id='word_1_325' title='bbox 927 3704 998 3750; x_wconf 85' lang='lat' dir='ltr'><strong>est</strong></span> <span class='ocrx_word' id='word_1_326' title='bbox 1024 3696 1205 3749; x_wconf 83' lang='lat' dir='ltr'><strong>bonum</strong></span> <span class='ocrx_word' id='word_1_327' title='bbox 1220 3692 1399 3746; x_wconf 80' lang='lat' dir='ltr'><strong>lollere</strong></span> <span class='ocrx_word' id='word_1_328' title='bbox 1425 3707 1606 3763; x_wconf 84' lang='lat' dir='ltr'><strong>panem</strong></span> <span class='ocrx_word' id='word_1_329' title='bbox 1629 3691 1852 3759; x_wconf 81' lang='lat' dir='ltr'><strong>ﬁliorum</strong></span> <span class='ocrx_word' id='word_1_330' title='bbox 1871 3730 1887 3759; x_wconf 83' lang='lat'><strong>,</strong></span> 
     </span>
    </p>
   </div>
   <div class='ocr_carea' id='block_1_38' title="bbox 320 3781 1890 3856">
    <p class='ocr_par' dir='ltr' id='par_1_38' title="bbox 320 3781 1890 3856">
     <span class='ocr_line' id='line_1_38' title="bbox 320 3781 1890 3856; baseline -0.008 -8"><span class='ocrx_word' id='word_1_331' title='bbox 320 3803 367 3848; x_wconf 83' lang='lat' dir='ltr'><strong>et</strong></span> <span class='ocrx_word' id='word_1_332' title='bbox 396 3794 586 3846; x_wconf 84' lang='lat' dir='ltr'><strong>mittere</strong></span> <span class='ocrx_word' id='word_1_333' title='bbox 617 3789 840 3844; x_wconf 87' lang='lat' dir='ltr'><strong>canibus.</strong></span> <span class='ocrx_word' id='word_1_334' title='bbox 880 3787 1156 3856; x_wconf 86' lang='lat' dir='ltr'><strong>Nunquam</strong></span> <span class='ocrx_word' id='word_1_335' title='bbox 1203 3781 1890 3852; x_wconf 81' lang='lat' dir='ltr'><strong>advertistis,quemadmo-</strong></span> 
     </span>
    </p>
   </div>
   <div class='ocr_carea' id='block_1_39' title="bbox 321 3873 1895 3952">
    <p class='ocr_par' dir='ltr' id='par_1_39' title="bbox 321 3873 1895 3952">
     <span class='ocr_line' id='line_1_39' title="bbox 321 3873 1895 3952; baseline -0.008 -12"><span class='ocrx_word' id='word_1_336' title='bbox 321 3886 444 3940; x_wconf 88' lang='lat' dir='ltr'><strong>dum</strong></span> <span class='ocrx_word' id='word_1_337' title='bbox 473 3898 630 3937; x_wconf 84' lang='lat' dir='ltr'><strong>canes</strong></span> <span class='ocrx_word' id='word_1_338' title='bbox 659 3881 1068 3952; x_wconf 89' lang='lat' dir='ltr'><strong>lapidcs&#39;unctos</strong></span> <span class='ocrx_word' id='word_1_339' title='bbox 1087 3875 1333 3946; x_wconf 79' lang='lat' dir='ltr'><strong>lingunt?</strong></span> <span class='ocrx_word' id='word_1_340' title='bbox 1358 3874 1447 3929; x_wconf 87' lang='lat' dir='ltr'><strong>Slc</strong></span> <span class='ocrx_word' id='word_1_341' title='bbox 1471 3881 1592 3927; x_wconf 90' lang='lat' dir='ltr'><strong>sunt</strong></span> <span class='ocrx_word' id='word_1_342' title='bbox 1611 3888 1796 3928; x_wconf 88' lang='lat' dir='ltr'><strong>omnes</strong></span> <span class='ocrx_word' id='word_1_343' title='bbox 1820 3873 1895 3928; x_wconf 89' lang='lat' dir='ltr'><strong>si-</strong></span> 
     </span>
    </p>
   </div>
   <div class='ocr_carea' id='block_1_40' title="bbox 323 3961 1893 4032">
    <p class='ocr_par' dir='ltr' id='par_1_40' title="bbox 323 3961 1893 4032">
     <span class='ocr_line' id='line_1_40' title="bbox 323 3961 1893 4032; baseline -0.011 -3"><span class='ocrx_word' id='word_1_344' title='bbox 323 3974 675 4029; x_wconf 88' lang='lat' dir='ltr'><strong>mulacrorum</strong></span> <span class='ocrx_word' id='word_1_345' title='bbox 710 3969 964 4024; x_wconf 88' lang='lat' dir='ltr'><strong>cultores.</strong></span> <span class='ocrx_word' id='word_1_346' title='bbox 1003 3965 1109 4021; x_wconf 89' lang='lat' dir='ltr'><strong>Sed</strong></span> <span class='ocrx_word' id='word_1_347' title='bbox 1151 3963 1295 4018; x_wconf 89' lang='lat' dir='ltr'><strong>venit</strong></span> <span class='ocrx_word' id='word_1_348' title='bbox 1335 3962 1483 4016; x_wconf 82' lang='lat' dir='ltr'><strong>vobis</strong></span> <span class='ocrx_word' id='word_1_349' title='bbox 1508 3962 1694 4032; x_wconf 83' lang='lat' dir='ltr'><strong>gratia.</strong></span> <span class='ocrx_word' id='word_1_350' title='bbox 1731 3961 1893 4028; x_wconf 83' lang='lat' dir='ltr'><strong>Quot-</strong></span> 
     </span>
    </p>
   </div>
   <div class='ocr_carea' id='block_1_41' title="bbox 322 4052 1895 4136">
    <p class='ocr_par' dir='ltr' id='par_1_41' title="bbox 322 4052 1895 4136">
     <span class='ocr_line' id='line_1_41' title="bbox 322 4052 1895 4136; baseline -0.007 -19"><span class='ocrx_word' id='word_1_351' title='bbox 322 4072 440 4136; x_wconf 88' lang='lat' dir='ltr'><strong>quot</strong></span> <span class='ocrx_word' id='word_1_352' title='bbox 475 4073 641 4116; x_wconf 82' lang='lat' dir='ltr'><strong>autent</strong></span> <span class='ocrx_word' id='word_1_353' title='bbox 670 4068 956 4128; x_wconf 85' lang='lat' dir='ltr'><strong>receperunt</strong></span> <span class='ocrx_word' id='word_1_354' title='bbox 981 4073 1118 4122; x_wconf 87' lang='lat' dir='ltr'><strong>eum,</strong></span> <span class='ocrx_word' id='word_1_355' title='bbox 1152 4055 1286 4108; x_wconf 87' lang='lat' dir='ltr'><strong>dedit</strong></span> <span class='ocrx_word' id='word_1_356' title='bbox 1328 4054 1398 4108; x_wconf 86' lang='lat' dir='ltr'><strong>eis</strong></span> <span class='ocrx_word' id='word_1_357' title='bbox 1440 4060 1730 4123; x_wconf 80' lang='lat' dir='ltr'><strong>potestatem</strong></span> <span class='ocrx_word' id='word_1_358' title='bbox 1762 4052 1895 4136; x_wconf 74' lang='lat' dir='ltr'><strong>ﬁlios</strong></span> 
     </span>
    </p>
   </div>
   <div class='ocr_carea' id='block_1_42' title="bbox 326 4128 1891 4223">
    <p class='ocr_par' dir='ltr' id='par_1_42' title="bbox 326 4128 1891 4223">
     <span class='ocr_line' id='line_1_42' title="bbox 326 4128 1891 4223; baseline -0.009 -15"><span class='ocrx_word' id='word_1_359' title='bbox 326 4128 420 4208; x_wconf 74' lang='lat' dir='ltr'><strong>Dei</strong></span> <span class='ocrx_word' id='word_1_360' title='bbox 446 4152 575 4223; x_wconf 84' lang='lat' dir='ltr'><strong>ﬁeri.</strong></span> <span class='ocrx_word' id='word_1_361' title='bbox 604 4151 742 4205; x_wconf 89' lang='lat' dir='ltr'><strong>Ecce</strong></span> <span class='ocrx_word' id='word_1_362' title='bbox 772 4147 978 4203; x_wconf 84' lang='lat' dir='ltr'><strong>habetis</strong></span> <span class='ocrx_word' id='word_1_363' title='bbox 1002 4144 1159 4201; x_wconf 89' lang='lat' dir='ltr'><strong>modo</strong></span> <span class='ocrx_word' id='word_1_364' title='bbox 1188 4156 1339 4200; x_wconf 87' lang='lat' dir='ltr'><strong>natos</strong></span> <span class='ocrx_word' id='word_1_365' title='bbox 1352 4142 1426 4216; x_wconf 92' lang='lat' dir='ltr'><strong>(b)</strong></span> <span class='ocrx_word' id='word_1_366' title='bbox 1459 4161 1471 4196; x_wconf 90' lang='lat'><strong>:</strong></span> <span class='ocrx_word' id='word_1_367' title='bbox 1502 4142 1638 4196; x_wconf 86' lang='lat' dir='ltr'><strong>dedit</strong></span> <span class='ocrx_word' id='word_1_368' title='bbox 1661 4143 1732 4223; x_wconf 83' lang='lat' dir='ltr'><strong>eis</strong></span> <span class='ocrx_word' id='word_1_369' title='bbox 1750 4128 1891 4214; x_wconf 69' lang='lat' dir='ltr'><strong>pale-</strong></span> 
     </span>
    </p>
   </div>
   <div class='ocr_carea' id='block_1_43' title="bbox 323 4220 1896 4312">
    <p class='ocr_par' dir='ltr' id='par_1_43' title="bbox 323 4220 1896 4312">
     <span class='ocr_line' id='line_1_43' title="bbox 323 4220 1896 4312; baseline -0.008 -15"><span class='ocrx_word' id='word_1_370' title='bbox 323 4220 503 4298; x_wconf 72' lang='lat' dir='ltr'><strong>stalein</strong></span> <span class='ocrx_word' id='word_1_371' title='bbox 528 4241 661 4312; x_wconf 74' lang='lat' dir='ltr'><strong>ﬁlios</strong></span> <span class='ocrx_word' id='word_1_372' title='bbox 693 4239 786 4292; x_wconf 88' lang='lat' dir='ltr'><strong>Dei</strong></span> <span class='ocrx_word' id='word_1_373' title='bbox 826 4238 956 4307; x_wconf 81' lang='lat' dir='ltr'><strong>ﬁeri.</strong></span> <span class='ocrx_word' id='word_1_374' title='bbox 986 4236 1188 4303; x_wconf 86' lang='lat' dir='ltr'><strong>Quibus</strong></span> <span class='ocrx_word' id='word_1_375' title='bbox 1216 4233 1402 4290; x_wconf 79' lang='lat' dir='ltr'><strong>dedit?</strong></span> <span class='ocrx_word' id='word_1_376' title='bbox 1435 4231 1530 4287; x_wconf 86' lang='lat' dir='ltr'><strong>His</strong></span> <span class='ocrx_word' id='word_1_377' title='bbox 1566 4232 1651 4303; x_wconf 83' lang='lat' dir='ltr'><strong>qui</strong></span> <span class='ocrx_word' id='word_1_378' title='bbox 1687 4220 1896 4286; x_wconf 76' lang='lat' dir='ltr'><strong>credunt</strong></span> 
     </span>
    </p>
   </div>
   <div class='ocr_carea' id='block_1_44' title="bbox 323 4334 752 4402">
    <p class='ocr_par' dir='ltr' id='par_1_44' title="bbox 323 4334 752 4402">
     <span class='ocr_line' id='line_1_44' title="bbox 323 4334 752 4402; baseline -0.012 -15"><span class='ocrx_word' id='word_1_379' title='bbox 323 4335 376 4389; x_wconf 90' lang='lat' dir='ltr'><strong>in</strong></span> <span class='ocrx_word' id='word_1_380' title='bbox 405 4334 603 4388; x_wconf 85' lang='lat' dir='ltr'><strong>nomine</strong></span> <span class='ocrx_word' id='word_1_381' title='bbox 625 4334 752 4402; x_wconf 85' lang='lat' dir='ltr'><strong>ejus.</strong></span> 
     </span>
    </p>
   </div>
   <div class='ocr_carea' id='block_1_45' title="bbox 395 4414 1896 4490">
    <p class='ocr_par' dir='ltr' id='par_1_45' title="bbox 395 4414 1896 4490">
     <span class='ocr_line' id='line_1_45' title="bbox 395 4414 1896 4490; baseline -0.009 -8"><span class='ocrx_word' id='word_1_382' title='bbox 395 4428 450 4482; x_wconf 71' lang='grc' dir='ltr'><strong>Δ.</strong></span> <span class='ocrx_word' id='word_1_383' title='bbox 511 4423 765 4477; x_wconf 82' lang='lat' dir='ltr'><strong>Nativitas</strong></span> <span class='ocrx_word' id='word_1_384' title='bbox 808 4421 1014 4490; x_wconf 73' lang='lat' dir='ltr'><strong>duplex.</strong></span> <span class='ocrx_word' id='word_1_385' title='bbox 1046 4419 1117 4474; x_wconf 84' lang='lat' dir='ltr'><strong>Et</strong></span> <span class='ocrx_word' id='word_1_386' title='bbox 1154 4416 1419 4487; x_wconf 88' lang='lat' dir='ltr'><strong>quomodo</strong></span> <span class='ocrx_word' id='word_1_387' title='bbox 1461 4415 1555 4471; x_wconf 87' lang='lat' dir='ltr'><strong>lilii</strong></span> <span class='ocrx_word' id='word_1_388' title='bbox 1600 4415 1691 4472; x_wconf 91' lang='lat' dir='ltr'><strong>Dei</strong></span> <span class='ocrx_word' id='word_1_389' title='bbox 1729 4414 1896 4469; x_wconf 79' lang='lat' dir='ltr'><strong>ﬁunt?</strong></span> 
     </span>
    </p>
   </div>
   <div class='ocr_carea' id='block_1_46' title="bbox 330 4507 1898 4584">
    <p class='ocr_par' dir='ltr' id='par_1_46' title="bbox 330 4507 1898 4584">
     <span class='ocr_line' id='line_1_46' title="bbox 330 4507 1898 4584; baseline -0.006 -16"><span class='ocrx_word' id='word_1_390' title='bbox 330 4518 429 4584; x_wconf 85' lang='lat' dir='ltr'><strong>Qui</strong></span> <span class='ocrx_word' id='word_1_391' title='bbox 466 4533 563 4569; x_wconf 87' lang='lat' dir='ltr'><strong>non</strong></span> <span class='ocrx_word' id='word_1_392' title='bbox 590 4531 652 4569; x_wconf 71' lang='lat' dir='ltr'><strong>ex</strong></span> <span class='ocrx_word' id='word_1_393' title='bbox 690 4511 1019 4583; x_wconf 86' lang='lat' dir='ltr'><strong>sanguinibus</strong></span> <span class='ocrx_word' id='word_1_394' title='bbox 1041 4552 1058 4578; x_wconf 90' lang='lat'><strong>,</strong></span> <span class='ocrx_word' id='word_1_395' title='bbox 1087 4524 1243 4579; x_wconf 87' lang='lat' dir='ltr'><strong>neque</strong></span> <span class='ocrx_word' id='word_1_396' title='bbox 1269 4524 1332 4562; x_wconf 76' lang='lat' dir='ltr'><strong>ea:</strong></span> <span class='ocrx_word' id='word_1_397' title='bbox 1363 4508 1615 4561; x_wconf 88' lang='lat' dir='ltr'><strong>voluntate</strong></span> <span class='ocrx_word' id='word_1_398' title='bbox 1651 4507 1746 4560; x_wconf 87' lang='lat' dir='ltr'><strong>viri</strong></span> <span class='ocrx_word' id='word_1_399' title='bbox 1766 4546 1781 4571; x_wconf 87' lang='lat'><strong>,</strong></span> <span class='ocrx_word' id='word_1_400' title='bbox 1808 4522 1898 4559; x_wconf 88' lang='lat' dir='ltr'><strong>nec</strong></span> 
     </span>
    </p>
   </div>
   <div class='ocr_carea' id='block_1_47' title="bbox 326 4600 1893 4670">
    <p class='ocr_par' dir='ltr' id='par_1_47' title="bbox 326 4600 1893 4670">
     <span class='ocr_line' id='line_1_47' title="bbox 326 4600 1893 4670; baseline -0.006 -6"><span class='ocrx_word' id='word_1_401' title='bbox 326 4626 390 4664; x_wconf 84' lang='lat' dir='ltr'><strong>ea:</strong></span> <span class='ocrx_word' id='word_1_402' title='bbox 418 4609 671 4661; x_wconf 86' lang='lat' dir='ltr'><strong>voluntate</strong></span> <span class='ocrx_word' id='word_1_403' title='bbox 697 4606 895 4669; x_wconf 86' lang='lat' dir='ltr'><strong>carnis;</strong></span> <span class='ocrx_word' id='word_1_404' title='bbox 925 4603 1014 4657; x_wconf 90' lang='lat' dir='ltr'><strong>sed</strong></span> <span class='ocrx_word' id='word_1_405' title='bbox 1037 4618 1098 4657; x_wconf 82' lang='lat' dir='ltr'><strong>ea:</strong></span> <span class='ocrx_word' id='word_1_406' title='bbox 1123 4601 1230 4655; x_wconf 88' lang='lat' dir='ltr'><strong>Deo</strong></span> <span class='ocrx_word' id='word_1_407' title='bbox 1256 4600 1363 4654; x_wconf 87' lang='lat' dir='ltr'><strong>nati</strong></span> <span class='ocrx_word' id='word_1_408' title='bbox 1382 4608 1516 4654; x_wconf 87' lang='lat' dir='ltr'><strong>sunt.</strong></span> <span class='ocrx_word' id='word_1_409' title='bbox 1545 4600 1775 4669; x_wconf 82' lang='lat' dir='ltr'><strong>Accepta</strong></span> <span class='ocrx_word' id='word_1_410' title='bbox 1801 4610 1893 4670; x_wconf 83' lang='lat' dir='ltr'><strong>po-</strong></span> 
     </span>
    </p>
   </div>
   <div class='ocr_carea' id='block_1_48' title="bbox 326 4688 1896 4759">
    <p class='ocr_par' dir='ltr' id='par_1_48' title="bbox 326 4688 1896 4759">
     <span class='ocr_line' id='line_1_48' title="bbox 326 4688 1896 4759; baseline -0.006 -5"><span class='ocrx_word' id='word_1_411' title='bbox 326 4708 516 4754; x_wconf 86' lang='lat' dir='ltr'><strong>testate</strong></span> <span class='ocrx_word' id='word_1_412' title='bbox 546 4705 603 4752; x_wconf 90' lang='lat' dir='ltr'><strong>ut</strong></span> <span class='ocrx_word' id='word_1_413' title='bbox 628 4695 719 4751; x_wconf 83' lang='lat' dir='ltr'><strong>ﬁlii</strong></span> <span class='ocrx_word' id='word_1_414' title='bbox 752 4695 843 4750; x_wconf 87' lang='lat' dir='ltr'><strong>Dei</strong></span> <span class='ocrx_word' id='word_1_415' title='bbox 867 4693 1072 4759; x_wconf 88' lang='lat' dir='ltr'><strong>ﬁerent,</strong></span> <span class='ocrx_word' id='word_1_416' title='bbox 1104 4708 1169 4748; x_wconf 77' lang='lat' dir='ltr'><strong>ex</strong></span> <span class='ocrx_word' id='word_1_417' title='bbox 1199 4691 1312 4746; x_wconf 89' lang='lat' dir='ltr'><strong>Deo</strong></span> <span class='ocrx_word' id='word_1_418' title='bbox 1335 4690 1441 4744; x_wconf 89' lang='lat' dir='ltr'><strong>nati</strong></span> <span class='ocrx_word' id='word_1_419' title='bbox 1468 4697 1608 4744; x_wconf 89' lang='lat' dir='ltr'><strong>sunt.</strong></span> <span class='ocrx_word' id='word_1_420' title='bbox 1636 4688 1896 4746; x_wconf 86' lang='lat' dir='ltr'><strong>lntendite</strong></span> 
     </span>
    </p>
   </div>
   <div class='ocr_carea' id='block_1_49' title="bbox 324 4779 1896 4864">
    <p class='ocr_par' dir='ltr' id='par_1_49' title="bbox 324 4779 1896 4864">
     <span class='ocr_line' id='line_1_49' title="bbox 324 4779 1896 4864; baseline -0.01 -15"><span class='ocrx_word' id='word_1_421' title='bbox 324 4808 454 4864; x_wconf 81' lang='lat' dir='ltr'><strong>ergo</strong></span> <span class='ocrx_word' id='word_1_422' title='bbox 486 4809 498 4845; x_wconf 91' lang='lat'><strong>:</strong></span> <span class='ocrx_word' id='word_1_423' title='bbox 532 4790 617 4845; x_wconf 88' lang='lat' dir='ltr'><strong>isti</strong></span> <span class='ocrx_word' id='word_1_424' title='bbox 644 4805 707 4844; x_wconf 78' lang='lat' dir='ltr'><strong>ex</strong></span> <span class='ocrx_word' id='word_1_425' title='bbox 734 4789 845 4843; x_wconf 85' lang='lat' dir='ltr'><strong>Deo</strong></span> <span class='ocrx_word' id='word_1_426' title='bbox 865 4786 972 4840; x_wconf 89' lang='lat' dir='ltr'><strong>nati</strong></span> <span class='ocrx_word' id='word_1_427' title='bbox 1000 4793 1161 4850; x_wconf 87' lang='lat' dir='ltr'><strong>sunt;</strong></span> <span class='ocrx_word' id='word_1_428' title='bbox 1189 4799 1291 4838; x_wconf 79' lang='lat' dir='ltr'><strong>non</strong></span> <span class='ocrx_word' id='word_1_429' title='bbox 1314 4798 1377 4837; x_wconf 83' lang='lat' dir='ltr'><strong>ea:</strong></span> <span class='ocrx_word' id='word_1_430' title='bbox 1395 4779 1737 4852; x_wconf 78' lang='lat' dir='ltr'><strong>sanguinibus,</strong></span> <span class='ocrx_word' id='word_1_431' title='bbox 1767 4795 1896 4852; x_wconf 90' lang='lat' dir='ltr'><strong>qua-</strong></span> 
     </span>
    </p>
   </div>
   <div class='ocr_carea' id='block_1_50' title="bbox 326 4870 1895 4951">
    <p class='ocr_par' dir='ltr' id='par_1_50' title="bbox 326 4870 1895 4951">
     <span class='ocr_line' id='line_1_50' title="bbox 326 4870 1895 4951; baseline -0.01 -12"><span class='ocrx_word' id='word_1_432' title='bbox 326 4885 392 4939; x_wconf 91' lang='lat' dir='ltr'><strong>lis</strong></span> <span class='ocrx_word' id='word_1_433' title='bbox 418 4892 500 4937; x_wconf 91' lang='lat' dir='ltr'><strong>est</strong></span> <span class='ocrx_word' id='word_1_434' title='bbox 523 4881 690 4951; x_wconf 89' lang='lat' dir='ltr'><strong>prima</strong></span> <span class='ocrx_word' id='word_1_435' title='bbox 721 4877 984 4942; x_wconf 80' lang='lat' dir='ltr'><strong>nativitas,</strong></span> <span class='ocrx_word' id='word_1_436' title='bbox 1007 4875 1176 4945; x_wconf 86' lang='lat' dir='ltr'><strong>qualis</strong></span> <span class='ocrx_word' id='word_1_437' title='bbox 1194 4880 1275 4928; x_wconf 89' lang='lat' dir='ltr'><strong>est</strong></span> <span class='ocrx_word' id='word_1_438' title='bbox 1295 4870 1538 4927; x_wconf 84' lang='lat' dir='ltr'><strong>nativitas</strong></span> <span class='ocrx_word' id='word_1_439' title='bbox 1560 4871 1772 4935; x_wconf 83' lang='lat' dir='ltr'><strong>misera,</strong></span> <span class='ocrx_word' id='word_1_440' title='bbox 1801 4886 1895 4924; x_wconf 87' lang='lat' dir='ltr'><strong>ve-</strong></span> 
     </span>
    </p>
   </div>
   <div class='ocr_carea' id='block_1_51' title="bbox 327 4961 1895 5036">
    <p class='ocr_par' dir='ltr' id='par_1_51' title="bbox 327 4961 1895 5036">
     <span class='ocr_line' id='line_1_51' title="bbox 327 4961 1895 5036; baseline -0.009 -7"><span class='ocrx_word' id='word_1_441' title='bbox 327 4976 481 5031; x_wconf 88' lang='lat' dir='ltr'><strong>niens</strong></span> <span class='ocrx_word' id='word_1_442' title='bbox 523 4973 591 5028; x_wconf 90' lang='lat' dir='ltr'><strong>de</strong></span> <span class='ocrx_word' id='word_1_443' title='bbox 624 4970 871 5026; x_wconf 87' lang='lat' dir='ltr'><strong>miseriis.</strong></span> <span class='ocrx_word' id='word_1_444' title='bbox 903 4967 1008 5022; x_wconf 87' lang='lat' dir='ltr'><strong>Sed</strong></span> <span class='ocrx_word' id='word_1_445' title='bbox 1050 4966 1137 5036; x_wconf 89' lang='lat' dir='ltr'><strong>qui</strong></span> <span class='ocrx_word' id='word_1_446' title='bbox 1179 4981 1242 5020; x_wconf 81' lang='lat' dir='ltr'><strong>ex</strong></span> <span class='ocrx_word' id='word_1_447' title='bbox 1282 4964 1390 5017; x_wconf 91' lang='lat' dir='ltr'><strong>Deo</strong></span> <span class='ocrx_word' id='word_1_448' title='bbox 1429 4962 1534 5028; x_wconf 80' lang='lat' dir='ltr'><strong>nati</strong></span> <span class='ocrx_word' id='word_1_449' title='bbox 1574 4970 1733 5027; x_wconf 87' lang='lat' dir='ltr'><strong>sunt,</strong></span> <span class='ocrx_word' id='word_1_450' title='bbox 1770 4961 1895 5031; x_wconf 91' lang='lat' dir='ltr'><strong>quid</strong></span> 
     </span>
    </p>
   </div>
   <div class='ocr_carea' id='block_1_52' title="bbox 325 5052 1895 5133">
    <p class='ocr_par' dir='ltr' id='par_1_52' title="bbox 325 5052 1895 5133">
     <span class='ocr_line' id='line_1_52' title="bbox 325 5052 1895 5133; baseline -0.009 -13"><span class='ocrx_word' id='word_1_451' title='bbox 325 5063 520 5120; x_wconf 80' lang='lat' dir='ltr'><strong>erant?</strong></span> <span class='ocrx_word' id='word_1_452' title='bbox 546 5062 684 5118; x_wconf 89' lang='lat' dir='ltr'><strong>unde</strong></span> <span class='ocrx_word' id='word_1_453' title='bbox 705 5061 872 5133; x_wconf 86' lang='lat' dir='ltr'><strong>primo</strong></span> <span class='ocrx_word' id='word_1_454' title='bbox 898 5058 1007 5114; x_wconf 91' lang='lat' dir='ltr'><strong>nati</strong></span> <span class='ocrx_word' id='word_1_455' title='bbox 1031 5056 1219 5112; x_wconf 85' lang='lat' dir='ltr'><strong>erant?</strong></span> <span class='ocrx_word' id='word_1_456' title='bbox 1241 5055 1318 5109; x_wconf 76' lang='lat' dir='ltr'><strong>Ex</strong></span> <span class='ocrx_word' id='word_1_457' title='bbox 1343 5052 1686 5124; x_wconf 81' lang='lat' dir='ltr'><strong>sanguinibus</strong></span> <span class='ocrx_word' id='word_1_458' title='bbox 1711 5069 1726 5107; x_wconf 91' lang='lat'><strong>:</strong></span> <span class='ocrx_word' id='word_1_459' title='bbox 1755 5052 1895 5107; x_wconf 76' lang='lat' dir='ltr'><strong>mix-</strong></span> 
     </span>
    </p>
   </div>
   <div class='ocr_carea' id='block_1_53' title="bbox 327 5145 1897 5228">
    <p class='ocr_par' dir='ltr' id='par_1_53' title="bbox 327 5145 1897 5228">
     <span class='ocr_line' id='line_1_53' title="bbox 327 5145 1897 5228; baseline -0.011 -13"><span class='ocrx_word' id='word_1_460' title='bbox 327 5161 395 5215; x_wconf 82' lang='lat' dir='ltr'><strong>tis</strong></span> <span class='ocrx_word' id='word_1_461' title='bbox 421 5157 762 5228; x_wconf 81' lang='lat' dir='ltr'><strong>sanguinibus</strong></span> <span class='ocrx_word' id='word_1_462' title='bbox 791 5151 1008 5209; x_wconf 81' lang='lat' dir='ltr'><strong>masculi</strong></span> <span class='ocrx_word' id='word_1_463' title='bbox 1035 5159 1091 5203; x_wconf 91' lang='lat' dir='ltr'><strong>et</strong></span> <span class='ocrx_word' id='word_1_464' title='bbox 1118 5148 1347 5212; x_wconf 68' lang='lat' dir='ltr'><strong>feminte,</strong></span> <span class='ocrx_word' id='word_1_465' title='bbox 1376 5145 1752 5201; x_wconf 80' lang='lat' dir='ltr'><strong>commixtione</strong></span> <span class='ocrx_word' id='word_1_466' title='bbox 1776 5159 1897 5199; x_wconf 86' lang='lat' dir='ltr'><strong>car-</strong></span> 
     </span>
    </p>
   </div>
   <div class='ocr_carea' id='block_1_54' title="bbox 325 5233 1897 5307">
    <p class='ocr_par' dir='ltr' id='par_1_54' title="bbox 325 5233 1897 5307">
     <span class='ocr_line' id='line_1_54' title="bbox 325 5233 1897 5307; baseline -0.011 -3"><span class='ocrx_word' id='word_1_467' title='bbox 325 5251 408 5305; x_wconf 90' lang='lat' dir='ltr'><strong>nis</strong></span> <span class='ocrx_word' id='word_1_468' title='bbox 451 5247 667 5303; x_wconf 89' lang='lat' dir='ltr'><strong>masculi</strong></span> <span class='ocrx_word' id='word_1_469' title='bbox 696 5254 751 5301; x_wconf 89' lang='lat' dir='ltr'><strong>et</strong></span> <span class='ocrx_word' id='word_1_470' title='bbox 776 5244 985 5298; x_wconf 71' lang='lat' dir='ltr'><strong>femina:</strong></span> <span class='ocrx_word' id='word_1_471' title='bbox 1002 5282 1017 5307; x_wconf 88' lang='lat'><strong>,</strong></span> <span class='ocrx_word' id='word_1_472' title='bbox 1053 5239 1177 5295; x_wconf 84' lang='lat' dir='ltr'><strong>inde</strong></span> <span class='ocrx_word' id='word_1_473' title='bbox 1204 5239 1312 5294; x_wconf 86' lang='lat' dir='ltr'><strong>nati</strong></span> <span class='ocrx_word' id='word_1_474' title='bbox 1337 5247 1507 5294; x_wconf 87' lang='lat' dir='ltr'><strong>erant.</strong></span> <span class='ocrx_word' id='word_1_475' title='bbox 1533 5235 1689 5291; x_wconf 82' lang='lat' dir='ltr'><strong>Modo</strong></span> <span class='ocrx_word' id='word_1_476' title='bbox 1712 5233 1897 5290; x_wconf 84' lang='lat' dir='ltr'><strong>unde?</strong></span> 
     </span>
    </p>
   </div>
   <div class='ocr_carea' id='block_1_55' title="bbox 328 5326 1899 5403">
    <p class='ocr_par' dir='ltr' id='par_1_55' title="bbox 328 5326 1899 5403">
     <span class='ocr_line' id='line_1_55' title="bbox 328 5326 1899 5403; baseline -0.012 -7"><span class='ocrx_word' id='word_1_477' title='bbox 328 5339 412 5396; x_wconf 78' lang='lat' dir='ltr'><strong>Es:</strong></span> <span class='ocrx_word' id='word_1_478' title='bbox 450 5338 561 5403; x_wconf 77' lang='lat' dir='ltr'><strong>Deo</strong></span> <span class='ocrx_word' id='word_1_479' title='bbox 608 5336 713 5391; x_wconf 86' lang='lat' dir='ltr'><strong>nati</strong></span> <span class='ocrx_word' id='word_1_480' title='bbox 750 5342 887 5390; x_wconf 78' lang='lat' dir='ltr'><strong>sunt.</strong></span> <span class='ocrx_word' id='word_1_481' title='bbox 932 5332 1109 5388; x_wconf 87' lang='lat' dir='ltr'><strong>Prima</strong></span> <span class='ocrx_word' id='word_1_482' title='bbox 1164 5329 1411 5385; x_wconf 86' lang='lat' dir='ltr'><strong>nativitas</strong></span> <span class='ocrx_word' id='word_1_483' title='bbox 1451 5342 1519 5383; x_wconf 79' lang='lat' dir='ltr'><strong>ex</strong></span> <span class='ocrx_word' id='word_1_484' title='bbox 1561 5326 1796 5380; x_wconf 84' lang='lat' dir='ltr'><strong>masculo</strong></span> <span class='ocrx_word' id='word_1_485' title='bbox 1843 5332 1899 5378; x_wconf 92' lang='lat' dir='ltr'><strong>et</strong></span> 
     </span>
    </p>
   </div>
   <div class='ocr_carea' id='block_1_56' title="bbox 388 5502 1899 5583">
    <p class='ocr_par' dir='ltr' id='par_1_56' title="bbox 388 5502 1899 5583">
     <span class='ocr_line' id='line_1_56' title="bbox 388 5502 1899 5583; baseline -0.005 -17"><span class='ocrx_word' id='word_1_486' title='bbox 388 5517 408 5583; x_wconf 59' lang='grc' dir='ltr'><strong>ξ</strong></span> <span class='ocrx_word' id='word_1_487' title='bbox 436 5516 571 5583; x_wconf 52' lang='lat' dir='ltr'><strong>apud</strong></span> <span class='ocrx_word' id='word_1_488' title='bbox 583 5525 696 5583; x_wconf 48' lang='lat' dir='ltr'><strong>Am.</strong></span> <span class='ocrx_word' id='word_1_489' title='bbox 710 5523 793 5583; x_wconf 36' lang='lat' dir='ltr'><strong>Er;</strong></span> <span class='ocrx_word' id='word_1_490' title='bbox 805 5513 925 5583; x_wconf 68' lang='lat' dir='ltr'><strong>etin</strong></span> <span class='ocrx_word' id='word_1_491' title='bbox 949 5509 1371 5583; x_wconf 64' lang='lat' dir='ltr'><strong>Appendice_lpv.,</strong></span> <span class='ocrx_word' id='word_1_492' title='bbox 1391 5515 1521 5581; x_wconf 60' lang='lat' dir='ltr'><strong>Quae</strong></span> <span class='ocrx_word' id='word_1_493' title='bbox 1844 5507 1899 5559; x_wconf 75' lang='lat' dir='ltr'><strong>in</strong></span> 
     </span>
    </p>
   </div>
   <div class='ocr_carea' id='block_1_57' title="bbox 322 5568 1681 5638">
    <p class='ocr_par' dir='ltr' id='par_1_57' title="bbox 322 5568 1681 5638">
     <span class='ocr_line' id='line_1_57' title="bbox 322 5568 1681 5638; baseline -0.004 -13"><span class='ocrx_word' id='word_1_494' title='bbox 322 5568 514 5638; x_wconf 69' lang='lat' dir='ltr'><strong>spiritu,</strong></span> <span class='ocrx_word' id='word_1_495' title='bbox 538 5579 599 5628; x_wconf 88' lang='lat' dir='ltr'><strong>de</strong></span> <span class='ocrx_word' id='word_1_496' title='bbox 621 5577 719 5630; x_wconf 76' lang='lat' dir='ltr'><strong>illis</strong></span> <span class='ocrx_word' id='word_1_497' title='bbox 741 5575 927 5629; x_wconf 82' lang='lat' dir='ltr'><strong>dicebat</strong></span> <span class='ocrx_word' id='word_1_498' title='bbox 956 5568 1081 5625; x_wconf 71' lang='lat' dir='ltr'><strong>:&#39;nos</strong></span> <span class='ocrx_word' id='word_1_499' title='bbox 1100 5572 1350 5638; x_wconf 70' lang='lat' dir='ltr'><strong>siquidem</strong></span> <span class='ocrx_word' id='word_1_500' title='bbox 1369 5568 1681 5636; x_wconf 74' lang='lat' dir='ltr'><strong>prmvidebat.</strong></span> 
     </span>
    </p>
   </div>
   <div class='ocr_carea' id='block_1_58' title="bbox 383 5636 1166 5697">
    <p class='ocr_par' dir='ltr' id='par_1_58' title="bbox 383 5636 1166 5697">
     <span class='ocr_line' id='line_1_58' title="bbox 383 5636 1166 5697; baseline 0.003 -12"><span class='ocrx_word' id='word_1_501' title='bbox 383 5639 457 5697; x_wconf 74' lang='grc' dir='ltr'><strong>(α)</strong></span> <span class='ocrx_word' id='word_1_502' title='bbox 481 5636 595 5688; x_wconf 66' lang='lat' dir='ltr'><strong>Vide</strong></span> <span class='ocrx_word' id='word_1_503' title='bbox 615 5650 889 5688; x_wconf 74' lang='lat' dir='ltr'><strong>sermonem</strong></span> <span class='ocrx_word' id='word_1_504' title='bbox 911 5638 990 5695; x_wconf 87' lang='lat'><strong>77,</strong></span> <span class='ocrx_word' id='word_1_505' title='bbox 1014 5650 1061 5684; x_wconf 87' lang='grc' dir='ltr'><strong>ιι.</strong></span> <span class='ocrx_word' id='word_1_506' title='bbox 1090 5636 1166 5687; x_wconf 81' lang='grc' dir='ltr'><strong>1ος</strong></span> 
     </span>
    </p>
   </div>
   <div class='ocr_carea' id='block_1_59' title="bbox 384 5690 1894 5762">
    <p class='ocr_par' dir='ltr' id='par_1_59' title="bbox 384 5690 1894 5762">
     <span class='ocr_line' id='line_1_59' title="bbox 384 5690 1894 5762; baseline -0.004 -13"><span class='ocrx_word' id='word_1_507' title='bbox 384 5690 458 5761; x_wconf 66' lang='grc' dir='ltr'><strong>(ὁ)</strong></span> <span class='ocrx_word' id='word_1_508' title='bbox 480 5706 527 5749; x_wconf 87' lang='lat' dir='ltr'><strong>tn</strong></span> <span class='ocrx_word' id='word_1_509' title='bbox 547 5708 616 5760; x_wconf 75' lang='lat' dir='ltr'><strong>IL,</strong></span> <span class='ocrx_word' id='word_1_510' title='bbox 634 5701 693 5748; x_wconf 85' lang='lat' dir='ltr'><strong>ad</strong></span> <span class='ocrx_word' id='word_1_511' title='bbox 715 5690 998 5762; x_wconf 58' lang='lat' dir='ltr'><strong>marginem,</strong></span> <span class='ocrx_word' id='word_1_512' title='bbox 1024 5705 1212 5748; x_wconf 85' lang='lat' dir='ltr'><strong>notatur</strong></span> <span class='ocrx_word' id='word_1_513' title='bbox 1230 5696 1325 5757; x_wconf 85' lang='lat' dir='ltr'><strong>hic,</strong></span> <span class='ocrx_word' id='word_1_514' title='bbox 1351 5707 1514 5749; x_wconf 72' lang='lat' dir='ltr'><strong>recens</strong></span> <span class='ocrx_word' id='word_1_515' title='bbox 1535 5690 1806 5758; x_wconf 65' lang='lat' dir='ltr'><strong>bonum.</strong></span> <span class='ocrx_word' id='word_1_516' title='bbox 1838 5702 1894 5744; x_wconf 72' lang='lat' dir='ltr'><strong>3t.</strong></span> 
     </span>
    </p>
   </div>
   <div class='ocr_carea' id='block_1_60' title="bbox 1524 239 2318 347">
    <p class='ocr_par' dir='ltr' id='par_1_60' title="bbox 1524 239 2318 347">
     <span class='ocr_line' id='line_1_60' title="bbox 1524 239 2318 347; baseline -0.008 0"><span class='ocrx_word' id='word_1_517' title='bbox 1524 292 1582 347; x_wconf 86' lang='lat' dir='ltr'><strong>S.</strong></span> <span class='ocrx_word' id='word_1_518' title='bbox 1624 239 1982 346; x_wconf 69' lang='lat' dir='ltr'><strong>AllGllSTlNl</strong></span> <span class='ocrx_word' id='word_1_519' title='bbox 2020 286 2318 344; x_wconf 78' lang='lat' dir='ltr'><strong>EPISCOPI</strong></span> 
     </span>
    </p>
   </div>
   <div class='ocr_carea' id='block_1_61' title="bbox 1979 397 3550 462">
    <p class='ocr_par' dir='ltr' id='par_1_61' title="bbox 1979 397 3550 462">
     <span class='ocr_line' id='line_1_61' title="bbox 1979 397 3550 462; baseline -0.004 -2"><span class='ocrx_word' id='word_1_520' title='bbox 1979 406 2177 462; x_wconf 80' lang='lat' dir='ltr'><strong>femina</strong></span> <span class='ocrx_word' id='word_1_521' title='bbox 2229 422 2244 459; x_wconf 92' lang='lat'><strong>:</strong></span> <span class='ocrx_word' id='word_1_522' title='bbox 2303 401 2536 459; x_wconf 68' lang='lat' dir='ltr'><strong>secunda</strong></span> <span class='ocrx_word' id='word_1_523' title='bbox 2587 399 2837 456; x_wconf 78' lang='lat' dir='ltr'><strong>nativitas</strong></span> <span class='ocrx_word' id='word_1_524' title='bbox 2891 413 2957 457; x_wconf 77' lang='lat' dir='ltr'><strong>es</strong></span> <span class='ocrx_word' id='word_1_525' title='bbox 3009 397 3123 455; x_wconf 83' lang='lat' dir='ltr'><strong>Deo</strong></span> <span class='ocrx_word' id='word_1_526' title='bbox 3172 404 3231 454; x_wconf 75' lang='lat' dir='ltr'><strong>et</strong></span> <span class='ocrx_word' id='word_1_527' title='bbox 3286 397 3550 454; x_wconf 68' lang='lat' dir='ltr'><strong>Ecclesia.</strong></span> 
     </span>
    </p>
   </div>
   <div class='ocr_carea' id='block_1_62' title="bbox 2045 489 3549 564">
    <p class='ocr_par' dir='ltr' id='par_1_62' title="bbox 2045 489 3549 564">
     <span class='ocr_line' id='line_1_62' title="bbox 2045 489 3549 564; baseline -0.004 -15"><span class='ocrx_word' id='word_1_528' title='bbox 2045 495 2101 550; x_wconf 87' lang='lat'><strong>5.</strong></span> <span class='ocrx_word' id='word_1_529' title='bbox 2148 495 2293 548; x_wconf 84' lang='lat' dir='ltr'><strong>Idem</strong></span> <span class='ocrx_word' id='word_1_530' title='bbox 2331 501 2576 553; x_wconf 81' lang='lat' dir='ltr'><strong>tractatur</strong></span> <span class='ocrx_word' id='word_1_531' title='bbox 2603 499 2969 564; x_wconf 65' lang='lat' dir='ltr'><strong>argumentum</strong></span> <span class='ocrx_word' id='word_1_532' title='bbox 3010 489 3147 545; x_wconf 75' lang='lat' dir='ltr'><strong>Ecce</strong></span> <span class='ocrx_word' id='word_1_533' title='bbox 3174 503 3239 544; x_wconf 72' lang='lat' dir='ltr'><strong>ex</strong></span> <span class='ocrx_word' id='word_1_534' title='bbox 3288 489 3401 544; x_wconf 86' lang='lat' dir='ltr'><strong>Deo</strong></span> <span class='ocrx_word' id='word_1_535' title='bbox 3435 489 3549 544; x_wconf 77' lang='lat' dir='ltr'><strong>nati</strong></span> 
     </span>
    </p>
   </div>
   <div class='ocr_carea' id='block_1_63' title="bbox 1975 579 3551 649">
    <p class='ocr_par' dir='ltr' id='par_1_63' title="bbox 1975 579 3551 649">
     <span class='ocr_line' id='line_1_63' title="bbox 1975 579 3551 649; baseline -0.004 -10"><span class='ocrx_word' id='word_1_536' title='bbox 1975 593 2101 639; x_wconf 86' lang='lat' dir='ltr'><strong>sunt</strong></span> <span class='ocrx_word' id='word_1_537' title='bbox 2129 599 2144 637; x_wconf 87' lang='lat'><strong>:</strong></span> <span class='ocrx_word' id='word_1_538' title='bbox 2173 582 2314 638; x_wconf 90' lang='lat' dir='ltr'><strong>unde</strong></span> <span class='ocrx_word' id='word_1_539' title='bbox 2343 581 2535 636; x_wconf 88' lang='lat' dir='ltr'><strong>factum</strong></span> <span class='ocrx_word' id='word_1_540' title='bbox 2576 590 2660 636; x_wconf 89' lang='lat' dir='ltr'><strong>est</strong></span> <span class='ocrx_word' id='word_1_541' title='bbox 2698 589 2756 636; x_wconf 93' lang='lat' dir='ltr'><strong>ut</strong></span> <span class='ocrx_word' id='word_1_542' title='bbox 2790 594 2857 635; x_wconf 78' lang='lat' dir='ltr'><strong>es</strong></span> <span class='ocrx_word' id='word_1_543' title='bbox 2893 579 3003 634; x_wconf 89' lang='lat' dir='ltr'><strong>Deo</strong></span> <span class='ocrx_word' id='word_1_544' title='bbox 3036 585 3421 645; x_wconf 86' lang='lat' dir='ltr'><strong>nascerentur,</strong></span> <span class='ocrx_word' id='word_1_545' title='bbox 3457 581 3551 649; x_wconf 78' lang='lat' dir='ltr'><strong>qut</strong></span> 
     </span>
    </p>
   </div>
   <div class='ocr_carea' id='block_1_64' title="bbox 1979 654 3655 743">
    <p class='ocr_par' dir='ltr' id='par_1_64' title="bbox 1979 654 3655 743">
     <span class='ocr_line' id='line_1_64' title="bbox 1979 654 3655 743; baseline -0.004 -16"><span class='ocrx_word' id='word_1_546' title='bbox 1979 674 2151 743; x_wconf 86' lang='lat' dir='ltr'><strong>primo</strong></span> <span class='ocrx_word' id='word_1_547' title='bbox 2189 688 2254 727; x_wconf 83' lang='lat' dir='ltr'><strong>ex</strong></span> <span class='ocrx_word' id='word_1_548' title='bbox 2296 671 2597 727; x_wconf 86' lang='lat' dir='ltr'><strong>hominibus</strong></span> <span class='ocrx_word' id='word_1_549' title='bbox 2639 670 2749 725; x_wconf 86' lang='lat' dir='ltr'><strong>nati</strong></span> <span class='ocrx_word' id='word_1_550' title='bbox 2785 669 2952 724; x_wconf 76' lang='lat' dir='ltr'><strong>sunt?</strong></span> <span class='ocrx_word' id='word_1_551' title='bbox 2996 667 3147 725; x_wconf 84' lang='lat' dir='ltr'><strong>Unde</strong></span> <span class='ocrx_word' id='word_1_552' title='bbox 3188 666 3385 723; x_wconf 81' lang='lat' dir='ltr'><strong>factum</strong></span> <span class='ocrx_word' id='word_1_553' title='bbox 3420 668 3557 724; x_wconf 76' lang='lat' dir='ltr'><strong>est?</strong></span> <span class='ocrx_word' id='word_1_554' title='bbox 3637 654 3655 666; x_wconf 76' lang='grc'><em>’</em></span> 
     </span>
    </p>
   </div>
   <div class='ocr_carea' id='block_1_65' title="bbox 1979 759 3552 831">
    <p class='ocr_par' dir='ltr' id='par_1_65' title="bbox 1979 759 3552 831">
     <span class='ocr_line' id='line_1_65' title="bbox 1979 759 3552 831; baseline -0.004 -14"><span class='ocrx_word' id='word_1_555' title='bbox 1979 762 2162 817; x_wconf 78' lang='lat' dir='ltr'><strong>unde?</strong></span> <span class='ocrx_word' id='word_1_556' title='bbox 2189 762 2258 816; x_wconf 86' lang='lat' dir='ltr'><strong>Et</strong></span> <span class='ocrx_word' id='word_1_557' title='bbox 2291 760 2503 814; x_wconf 85' lang='lat' dir='ltr'><strong>Verbum</strong></span> <span class='ocrx_word' id='word_1_558' title='bbox 2529 777 2646 814; x_wconf 85' lang='lat' dir='ltr'><strong>caro</strong></span> <span class='ocrx_word' id='word_1_559' title='bbox 2672 764 2863 831; x_wconf 79' lang='lat' dir='ltr'><strong>factum</strong></span> <span class='ocrx_word' id='word_1_560' title='bbox 2893 768 3000 823; x_wconf 86' lang='lat' dir='ltr'><strong>est,</strong></span> <span class='ocrx_word' id='word_1_561' title='bbox 3027 768 3081 812; x_wconf 79' lang='lat' dir='ltr'><strong>ut</strong></span> <span class='ocrx_word' id='word_1_562' title='bbox 3109 759 3353 813; x_wconf 76' lang='lat' dir='ltr'><strong>habitaret</strong></span> <span class='ocrx_word' id='word_1_563' title='bbox 3372 759 3426 812; x_wconf 91' lang='lat' dir='ltr'><strong>in</strong></span> <span class='ocrx_word' id='word_1_564' title='bbox 3451 774 3552 812; x_wconf 78' lang='lat' dir='ltr'><strong>uo-</strong></span> 
     </span>
    </p>
   </div>
   <div class='ocr_carea' id='block_1_66' title="bbox 1978 848 3555 922">
    <p class='ocr_par' dir='ltr' id='par_1_66' title="bbox 1978 848 3555 922">
     <span class='ocr_line' id='line_1_66' title="bbox 1978 848 3555 922; baseline -0.003 -15"><span class='ocrx_word' id='word_1_565' title='bbox 1978 854 2071 908; x_wconf 86' lang='lat' dir='ltr'><strong>bis.</strong></span> <span class='ocrx_word' id='word_1_566' title='bbox 2120 852 2301 922; x_wconf 82' lang='lat' dir='ltr'><strong>Magna</strong></span> <span class='ocrx_word' id='word_1_567' title='bbox 2353 852 2613 906; x_wconf 89' lang='lat' dir='ltr'><strong>mutatio:</strong></span> <span class='ocrx_word' id='word_1_568' title='bbox 2644 851 2731 905; x_wconf 86' lang='lat' dir='ltr'><strong>ille</strong></span> <span class='ocrx_word' id='word_1_569' title='bbox 2775 848 2943 904; x_wconf 87' lang='lat' dir='ltr'><strong>factus</strong></span> <span class='ocrx_word' id='word_1_570' title='bbox 2977 863 3139 916; x_wconf 85' lang='lat' dir='ltr'><strong>caro,</strong></span> <span class='ocrx_word' id='word_1_571' title='bbox 3186 848 3271 903; x_wconf 87' lang='lat' dir='ltr'><strong>isti</strong></span> <span class='ocrx_word' id='word_1_572' title='bbox 3304 848 3555 919; x_wconf 84' lang='lat' dir='ltr'><strong>spiritus.</strong></span> 
     </span>
    </p>
   </div>
   <div class='ocr_carea' id='block_1_67' title="bbox 1979 940 3557 1015">
    <p class='ocr_par' dir='ltr' id='par_1_67' title="bbox 1979 940 3557 1015">
     <span class='ocr_line' id='line_1_67' title="bbox 1979 940 3557 1015; baseline -0.004 -14"><span class='ocrx_word' id='word_1_573' title='bbox 1979 946 2112 1015; x_wconf 89' lang='lat' dir='ltr'><strong>Quid</strong></span> <span class='ocrx_word' id='word_1_574' title='bbox 2144 955 2225 1000; x_wconf 91' lang='lat' dir='ltr'><strong>est</strong></span> <span class='ocrx_word' id='word_1_575' title='bbox 2265 945 2410 999; x_wconf 76' lang='lat' dir='ltr'><strong>hoc?</strong></span> <span class='ocrx_word' id='word_1_576' title='bbox 2435 943 2615 1011; x_wconf 85' lang='lat' dir='ltr'><strong>Qualis</strong></span> <span class='ocrx_word' id='word_1_577' title='bbox 2638 943 2871 1013; x_wconf 79' lang='lat' dir='ltr'><strong>dignatio</strong></span> <span class='ocrx_word' id='word_1_578' title='bbox 2894 983 2911 1008; x_wconf 92' lang='lat'><strong>,</strong></span> <span class='ocrx_word' id='word_1_579' title='bbox 2952 941 3143 997; x_wconf 81' lang='lat' dir='ltr'><strong>fratres</strong></span> <span class='ocrx_word' id='word_1_580' title='bbox 3176 942 3317 996; x_wconf 87' lang='lat' dir='ltr'><strong>mei!</strong></span> <span class='ocrx_word' id='word_1_581' title='bbox 3350 940 3557 1010; x_wconf 78' lang='lat' dir='ltr'><strong>Erigite</strong></span> 
     </span>
    </p>
   </div>
   <div class='ocr_carea' id='block_1_68' title="bbox 1978 1015 3558 1102">
    <p class='ocr_par' dir='ltr' id='par_1_68' title="bbox 1978 1015 3558 1102">
     <span class='ocr_line' id='line_1_68' title="bbox 1978 1015 3558 1102; baseline -0.002 -13"><span class='ocrx_word' id='word_1_582' title='bbox 1978 1036 2212 1089; x_wconf 90' lang='lat' dir='ltr'><strong>animum</strong></span> <span class='ocrx_word' id='word_1_583' title='bbox 2251 1034 2317 1089; x_wconf 88' lang='lat' dir='ltr'><strong>ad</strong></span> <span class='ocrx_word' id='word_1_584' title='bbox 2346 1032 2607 1102; x_wconf 87' lang='lat' dir='ltr'><strong>speranda</strong></span> <span class='ocrx_word' id='word_1_585' title='bbox 2642 1041 2697 1088; x_wconf 91' lang='lat' dir='ltr'><strong>et</strong></span> <span class='ocrx_word' id='word_1_586' title='bbox 2718 1031 2973 1101; x_wconf 86' lang='lat' dir='ltr'><strong>capienda</strong></span> <span class='ocrx_word' id='word_1_587' title='bbox 3002 1015 3231 1101; x_wconf 81' lang='lat' dir='ltr'><strong>potiora.</strong></span> <span class='ocrx_word' id='word_1_588' title='bbox 3253 1030 3429 1086; x_wconf 84' lang='lat' dir='ltr'><strong>Nolite</strong></span> <span class='ocrx_word' id='word_1_589' title='bbox 3457 1046 3558 1086; x_wconf 83' lang='lat' dir='ltr'><strong>vos</strong></span> 
     </span>
    </p>
   </div>
   <div class='ocr_carea' id='block_1_69' title="bbox 1978 1121 3557 1194">
    <p class='ocr_par' dir='ltr' id='par_1_69' title="bbox 1978 1121 3557 1194">
     <span class='ocr_line' id='line_1_69' title="bbox 1978 1121 3557 1194; baseline -0.002 -14"><span class='ocrx_word' id='word_1_590' title='bbox 1978 1126 2224 1181; x_wconf 86' lang='lat' dir='ltr'><strong>addicere</strong></span> <span class='ocrx_word' id='word_1_591' title='bbox 2266 1124 2641 1194; x_wconf 88' lang='lat' dir='ltr'><strong>cupiditatibus</strong></span> <span class='ocrx_word' id='word_1_592' title='bbox 2688 1123 3031 1179; x_wconf 71' lang='lat' dir='ltr'><strong>smcularibus</strong></span> <span class='ocrx_word' id='word_1_593' title='bbox 3061 1122 3103 1176; x_wconf 78' lang='grc'>⁸.</span> <span class='ocrx_word' id='word_1_594' title='bbox 3160 1121 3337 1178; x_wconf 81' lang='lat' dir='ltr'><strong>Pretio</strong></span> <span class='ocrx_word' id='word_1_595' title='bbox 3387 1123 3557 1192; x_wconf 82' lang='lat' dir='ltr'><strong>empti</strong></span> 
     </span>
    </p>
   </div>
   <div class='ocr_carea' id='block_1_70' title="bbox 1979 1213 3559 1287">
    <p class='ocr_par' dir='ltr' id='par_1_70' title="bbox 1979 1213 3559 1287">
     <span class='ocr_line' id='line_1_70' title="bbox 1979 1213 3559 1287; baseline -0.001 -17"><span class='ocrx_word' id='word_1_596' title='bbox 1979 1216 2109 1272; x_wconf 86' lang='lat' dir='ltr'><strong>estis</strong></span> <span class='ocrx_word' id='word_1_597' title='bbox 2136 1234 2150 1273; x_wconf 89' lang='lat'><strong>:</strong></span> <span class='ocrx_word' id='word_1_598' title='bbox 2180 1224 2397 1287; x_wconf 88' lang='lat' dir='ltr'><strong>propter</strong></span> <span class='ocrx_word' id='word_1_599' title='bbox 2421 1230 2515 1269; x_wconf 92' lang='lat' dir='ltr'><strong>vos</strong></span> <span class='ocrx_word' id='word_1_600' title='bbox 2542 1214 2775 1269; x_wconf 81' lang='lat' dir='ltr'><strong>Verbum</strong></span> <span class='ocrx_word' id='word_1_601' title='bbox 2801 1229 2927 1281; x_wconf 81' lang='lat' dir='ltr'><strong>caro</strong></span> <span class='ocrx_word' id='word_1_602' title='bbox 2956 1213 3152 1268; x_wconf 88' lang='lat' dir='ltr'><strong>factum</strong></span> <span class='ocrx_word' id='word_1_603' title='bbox 3180 1222 3264 1269; x_wconf 87' lang='lat' dir='ltr'><strong>est</strong></span> <span class='ocrx_word' id='word_1_604' title='bbox 3290 1231 3304 1267; x_wconf 92' lang='lat'><strong>:</strong></span> <span class='ocrx_word' id='word_1_605' title='bbox 3336 1224 3559 1285; x_wconf 73' lang='lat' dir='ltr'><strong>propter</strong></span> 
     </span>
    </p>
   </div>
   <div class='ocr_carea' id='block_1_71' title="bbox 1980 1295 3561 1377">
    <p class='ocr_par' dir='ltr' id='par_1_71' title="bbox 1980 1295 3561 1377">
     <span class='ocr_line' id='line_1_71' title="bbox 1980 1295 3561 1377; baseline 0 -19"><span class='ocrx_word' id='word_1_606' title='bbox 1980 1322 2076 1361; x_wconf 85' lang='lat' dir='ltr'><strong>vos</strong></span> <span class='ocrx_word' id='word_1_607' title='bbox 2101 1307 2188 1377; x_wconf 88' lang='lat' dir='ltr'><strong>qui</strong></span> <span class='ocrx_word' id='word_1_608' title='bbox 2217 1317 2329 1361; x_wconf 88' lang='lat' dir='ltr'><strong>erat</strong></span> <span class='ocrx_word' id='word_1_609' title='bbox 2357 1305 2522 1359; x_wconf 90' lang='lat' dir='ltr'><strong>Filius</strong></span> <span class='ocrx_word' id='word_1_610' title='bbox 2548 1305 2645 1359; x_wconf 90' lang='lat' dir='ltr'><strong>Dei</strong></span> <span class='ocrx_word' id='word_1_611' title='bbox 2665 1345 2681 1372; x_wconf 91' lang='lat'><strong>,</strong></span> <span class='ocrx_word' id='word_1_612' title='bbox 2724 1295 2893 1360; x_wconf 78' lang='lat' dir='ltr'><strong>factus</strong></span> <span class='ocrx_word' id='word_1_613' title='bbox 2915 1312 2998 1359; x_wconf 90' lang='lat' dir='ltr'><strong>est</strong></span> <span class='ocrx_word' id='word_1_614' title='bbox 3032 1303 3169 1359; x_wconf 88' lang='lat' dir='ltr'><strong>ﬁlius</strong></span> <span class='ocrx_word' id='word_1_615' title='bbox 3205 1303 3471 1369; x_wconf 87' lang='lat' dir='ltr'><strong>hominis;</strong></span> <span class='ocrx_word' id='word_1_616' title='bbox 3499 1313 3561 1358; x_wconf 81' lang='lat' dir='ltr'><strong>ut</strong></span> 
     </span>
    </p>
   </div>
   <div class='ocr_carea' id='block_1_72' title="bbox 1981 1393 3559 1466">
    <p class='ocr_par' dir='ltr' id='par_1_72' title="bbox 1981 1393 3559 1466">
     <span class='ocr_line' id='line_1_72' title="bbox 1981 1393 3559 1466; baseline -0.001 -15"><span class='ocrx_word' id='word_1_617' title='bbox 1981 1397 2068 1466; x_wconf 89' lang='lat' dir='ltr'><strong>qui</strong></span> <span class='ocrx_word' id='word_1_618' title='bbox 2111 1396 2272 1452; x_wconf 88' lang='lat' dir='ltr'><strong>eratis</strong></span> <span class='ocrx_word' id='word_1_619' title='bbox 2311 1396 2401 1450; x_wconf 92' lang='lat' dir='ltr'><strong>ﬁlii</strong></span> <span class='ocrx_word' id='word_1_620' title='bbox 2430 1396 2703 1450; x_wconf 91' lang='lat' dir='ltr'><strong>hominum</strong></span> <span class='ocrx_word' id='word_1_621' title='bbox 2723 1436 2741 1460; x_wconf 91' lang='lat'><strong>,</strong></span> <span class='ocrx_word' id='word_1_622' title='bbox 2771 1394 3113 1450; x_wconf 87' lang='lat' dir='ltr'><strong>efﬁceremiui</strong></span> <span class='ocrx_word' id='word_1_623' title='bbox 3144 1394 3236 1448; x_wconf 83' lang='lat' dir='ltr'><strong>lilii</strong></span> <span class='ocrx_word' id='word_1_624' title='bbox 3269 1393 3380 1448; x_wconf 88' lang='lat' dir='ltr'><strong>Dei.</strong></span> <span class='ocrx_word' id='word_1_625' title='bbox 3414 1393 3559 1462; x_wconf 85' lang='lat' dir='ltr'><strong>Quid</strong></span> 
     </span>
    </p>
   </div>
   <div class='ocr_carea' id='block_1_73' title="bbox 1980 1478 3561 1554">
    <p class='ocr_par' dir='ltr' id='par_1_73' title="bbox 1980 1478 3561 1554">
     <span class='ocr_line' id='line_1_73' title="bbox 1980 1478 3561 1554; baseline -0.001 -13"><span class='ocrx_word' id='word_1_626' title='bbox 1980 1495 2094 1541; x_wconf 87' lang='lat' dir='ltr'><strong>erat</strong></span> <span class='ocrx_word' id='word_1_627' title='bbox 2120 1486 2226 1552; x_wconf 90' lang='lat' dir='ltr'><strong>ille,</strong></span> <span class='ocrx_word' id='word_1_628' title='bbox 2255 1485 2381 1554; x_wconf 89' lang='lat' dir='ltr'><strong>quid</strong></span> <span class='ocrx_word' id='word_1_629' title='bbox 2408 1486 2575 1540; x_wconf 88' lang='lat' dir='ltr'><strong>factus</strong></span> <span class='ocrx_word' id='word_1_630' title='bbox 2600 1485 2724 1539; x_wconf 81' lang='lat' dir='ltr'><strong>est?</strong></span> <span class='ocrx_word' id='word_1_631' title='bbox 2751 1478 2888 1552; x_wconf 89' lang='lat' dir='ltr'><strong>Quid</strong></span> <span class='ocrx_word' id='word_1_632' title='bbox 2917 1484 3079 1539; x_wconf 88' lang='lat' dir='ltr'><strong>eratis</strong></span> <span class='ocrx_word' id='word_1_633' title='bbox 3104 1498 3196 1538; x_wconf 86' lang='lat' dir='ltr'><strong>vos</strong></span> <span class='ocrx_word' id='word_1_634' title='bbox 3217 1522 3235 1550; x_wconf 89' lang='lat'><strong>,</strong></span> <span class='ocrx_word' id='word_1_635' title='bbox 3263 1483 3391 1554; x_wconf 86' lang='lat' dir='ltr'><strong>quid</strong></span> <span class='ocrx_word' id='word_1_636' title='bbox 3431 1482 3561 1539; x_wconf 83' lang='lat' dir='ltr'><strong>lacti</strong></span> 
     </span>
    </p>
   </div>
   <div class='ocr_carea' id='block_1_74' title="bbox 1980 1574 3565 1643">
    <p class='ocr_par' dir='ltr' id='par_1_74' title="bbox 1980 1574 3565 1643">
     <span class='ocr_line' id='line_1_74' title="bbox 1980 1574 3565 1643; baseline -0.002 -10"><span class='ocrx_word' id='word_1_637' title='bbox 1980 1578 2152 1634; x_wconf 86' lang='lat' dir='ltr'><strong>estis?</strong></span> <span class='ocrx_word' id='word_1_638' title='bbox 2177 1579 2305 1632; x_wconf 89' lang='lat' dir='ltr'><strong>Erat</strong></span> <span class='ocrx_word' id='word_1_639' title='bbox 2328 1577 2417 1632; x_wconf 89' lang='lat' dir='ltr'><strong>ille</strong></span> <span class='ocrx_word' id='word_1_640' title='bbox 2439 1576 2598 1631; x_wconf 84' lang='lat' dir='ltr'><strong>Filius</strong></span> <span class='ocrx_word' id='word_1_641' title='bbox 2620 1576 2736 1630; x_wconf 82' lang='lat' dir='ltr'><strong>Dei.</strong></span> <span class='ocrx_word' id='word_1_642' title='bbox 2764 1576 2898 1643; x_wconf 87' lang='lat' dir='ltr'><strong>Quid</strong></span> <span class='ocrx_word' id='word_1_643' title='bbox 2928 1576 3095 1630; x_wconf 87' lang='lat' dir='ltr'><strong>lactus</strong></span> <span class='ocrx_word' id='word_1_644' title='bbox 3120 1584 3202 1629; x_wconf 91' lang='lat' dir='ltr'><strong>est</strong></span> <span class='ocrx_word' id='word_1_645' title='bbox 3220 1575 3245 1626; x_wconf 70' lang='grc' dir='ltr'><strong><em>τ</em></strong></span> <span class='ocrx_word' id='word_1_646' title='bbox 3274 1574 3439 1630; x_wconf 80' lang='lat' dir='ltr'><strong>Filius</strong></span> <span class='ocrx_word' id='word_1_647' title='bbox 3462 1575 3565 1630; x_wconf 87' lang='lat' dir='ltr'><strong>ho-</strong></span> 
     </span>
    </p>
   </div>
   <div class='ocr_carea' id='block_1_75' title="bbox 1984 1665 3566 1740">
    <p class='ocr_par' dir='ltr' id='par_1_75' title="bbox 1984 1665 3566 1740">
     <span class='ocr_line' id='line_1_75' title="bbox 1984 1665 3566 1740; baseline -0.001 -17"><span class='ocrx_word' id='word_1_648' title='bbox 1984 1668 2160 1723; x_wconf 89' lang='lat' dir='ltr'><strong>minis.</strong></span> <span class='ocrx_word' id='word_1_649' title='bbox 2190 1668 2365 1724; x_wconf 84' lang='lat' dir='ltr'><strong>Eratis</strong></span> <span class='ocrx_word' id='word_1_650' title='bbox 2393 1683 2486 1723; x_wconf 76' lang='lat' dir='ltr'><strong>vos</strong></span> <span class='ocrx_word' id='word_1_651' title='bbox 2515 1668 2606 1721; x_wconf 85' lang='lat' dir='ltr'><strong>lilii</strong></span> <span class='ocrx_word' id='word_1_652' title='bbox 2637 1667 2930 1740; x_wconf 84' lang='lat' dir='ltr'><strong>hominum.</strong></span> <span class='ocrx_word' id='word_1_653' title='bbox 2958 1667 3094 1734; x_wconf 90' lang='lat' dir='ltr'><strong>Quid</strong></span> <span class='ocrx_word' id='word_1_654' title='bbox 3120 1667 3248 1722; x_wconf 87' lang='lat' dir='ltr'><strong>estis</strong></span> <span class='ocrx_word' id='word_1_655' title='bbox 3273 1665 3396 1722; x_wconf 83' lang='lat' dir='ltr'><strong>facti</strong></span> <span class='ocrx_word' id='word_1_656' title='bbox 3416 1668 3443 1720; x_wconf 82' lang='lat'><strong>?</strong></span> <span class='ocrx_word' id='word_1_657' title='bbox 3471 1666 3566 1721; x_wconf 82' lang='lat' dir='ltr'><strong>Fi-</strong></span> 
     </span>
    </p>
   </div>
   <div class='ocr_carea' id='block_1_76' title="bbox 1984 1755 3564 1822">
    <p class='ocr_par' dir='ltr' id='par_1_76' title="bbox 1984 1755 3564 1822">
     <span class='ocr_line' id='line_1_76' title="bbox 1984 1755 3564 1822; baseline -0.001 -10"><span class='ocrx_word' id='word_1_658' title='bbox 1984 1758 2037 1812; x_wconf 92' lang='lat' dir='ltr'><strong>lii</strong></span> <span class='ocrx_word' id='word_1_659' title='bbox 2065 1758 2178 1812; x_wconf 90' lang='lat' dir='ltr'><strong>Dei.</strong></span> <span class='ocrx_word' id='word_1_660' title='bbox 2210 1757 2629 1812; x_wconf 85' lang='lat' dir='ltr'><strong>Communicavit</strong></span> <span class='ocrx_word' id='word_1_661' title='bbox 2658 1757 2932 1811; x_wconf 89' lang='lat' dir='ltr'><strong>nobiscum</strong></span> <span class='ocrx_word' id='word_1_662' title='bbox 2971 1756 3108 1810; x_wconf 89' lang='lat' dir='ltr'><strong>mala</strong></span> <span class='ocrx_word' id='word_1_663' title='bbox 3136 1765 3314 1811; x_wconf 88' lang='lat' dir='ltr'><strong>nostra</strong></span> <span class='ocrx_word' id='word_1_664' title='bbox 3337 1793 3355 1822; x_wconf 89' lang='lat'><strong>,</strong></span> <span class='ocrx_word' id='word_1_665' title='bbox 3399 1755 3564 1810; x_wconf 84' lang='lat' dir='ltr'><strong>nobis</strong></span> 
     </span>
    </p>
   </div>
   <div class='ocr_carea' id='block_1_77' title="bbox 1983 1845 3564 1916">
    <p class='ocr_par' dir='ltr' id='par_1_77' title="bbox 1983 1845 3564 1916">
     <span class='ocr_line' id='line_1_77' title="bbox 1983 1845 3564 1916; baseline -0.002 -14"><span class='ocrx_word' id='word_1_666' title='bbox 1983 1848 2200 1903; x_wconf 87' lang='lat' dir='ltr'><strong>daturus</strong></span> <span class='ocrx_word' id='word_1_667' title='bbox 2244 1848 2378 1901; x_wconf 88' lang='lat' dir='ltr'><strong>bona</strong></span> <span class='ocrx_word' id='word_1_668' title='bbox 2405 1862 2520 1900; x_wconf 86' lang='lat' dir='ltr'><strong>sua.</strong></span> <span class='ocrx_word' id='word_1_669' title='bbox 2547 1846 2653 1902; x_wconf 86' lang='lat' dir='ltr'><strong>Sed</strong></span> <span class='ocrx_word' id='word_1_670' title='bbox 2692 1846 2782 1901; x_wconf 88' lang='lat' dir='ltr'><strong>ille</strong></span> <span class='ocrx_word' id='word_1_671' title='bbox 2820 1846 2935 1914; x_wconf 91' lang='lat' dir='ltr'><strong>ipso</strong></span> <span class='ocrx_word' id='word_1_672' title='bbox 2967 1861 3073 1916; x_wconf 89' lang='lat' dir='ltr'><strong>quo</strong></span> <span class='ocrx_word' id='word_1_673' title='bbox 3114 1846 3281 1901; x_wconf 88' lang='lat' dir='ltr'><strong>factus</strong></span> <span class='ocrx_word' id='word_1_674' title='bbox 3306 1854 3392 1900; x_wconf 90' lang='lat' dir='ltr'><strong>est</strong></span> <span class='ocrx_word' id='word_1_675' title='bbox 3417 1845 3564 1900; x_wconf 82' lang='lat' dir='ltr'><strong>ﬁlius</strong></span> 
     </span>
    </p>
   </div>
   <div class='ocr_carea' id='block_1_78' title="bbox 1984 1937 3563 2007">
    <p class='ocr_par' dir='ltr' id='par_1_78' title="bbox 1984 1937 3563 2007">
     <span class='ocr_line' id='line_1_78' title="bbox 1984 1937 3563 2007; baseline -0.002 -13"><span class='ocrx_word' id='word_1_676' title='bbox 1984 1940 2233 2003; x_wconf 88' lang='lat' dir='ltr'><strong>hominis,</strong></span> <span class='ocrx_word' id='word_1_677' title='bbox 2261 1938 2420 2006; x_wconf 71' lang='lat' dir='ltr'><strong>distat</strong></span> <span class='ocrx_word' id='word_1_678' title='bbox 2441 1952 2472 1992; x_wconf 88' lang='lat' dir='ltr'><strong>a</strong></span> <span class='ocrx_word' id='word_1_679' title='bbox 2500 1938 2671 1993; x_wconf 91' lang='lat' dir='ltr'><strong>nobis.</strong></span> <span class='ocrx_word' id='word_1_680' title='bbox 2693 1937 2802 1992; x_wconf 88' lang='lat' dir='ltr'><strong>Nos</strong></span> <span class='ocrx_word' id='word_1_681' title='bbox 2822 1938 2910 1991; x_wconf 83' lang='lat' dir='ltr'><strong>lilii</strong></span> <span class='ocrx_word' id='word_1_682' title='bbox 2933 1937 3204 1992; x_wconf 88' lang='lat' dir='ltr'><strong>hominum</strong></span> <span class='ocrx_word' id='word_1_683' title='bbox 3235 1952 3328 2007; x_wconf 86' lang='lat' dir='ltr'><strong>per</strong></span> <span class='ocrx_word' id='word_1_684' title='bbox 3354 1951 3563 1992; x_wconf 85' lang='lat' dir='ltr'><strong>concu-</strong></span> 
     </span>
    </p>
   </div>
   <div class='ocr_carea' id='block_1_79' title="bbox 1985 2027 3569 2099">
    <p class='ocr_par' dir='ltr' id='par_1_79' title="bbox 1985 2027 3569 2099">
     <span class='ocr_line' id='line_1_79' title="bbox 1985 2027 3569 2099; baseline -0.003 -13"><span class='ocrx_word' id='word_1_685' title='bbox 1985 2031 2292 2099; x_wconf 88' lang='lat' dir='ltr'><strong>piscentiam</strong></span> <span class='ocrx_word' id='word_1_686' title='bbox 2327 2030 2502 2085; x_wconf 88' lang='lat' dir='ltr'><strong>carnis</strong></span> <span class='ocrx_word' id='word_1_687' title='bbox 2531 2048 2545 2084; x_wconf 91' lang='lat'><strong>:</strong></span> <span class='ocrx_word' id='word_1_688' title='bbox 2574 2030 2663 2085; x_wconf 89' lang='lat' dir='ltr'><strong>ille</strong></span> <span class='ocrx_word' id='word_1_689' title='bbox 2704 2029 2842 2084; x_wconf 91' lang='lat' dir='ltr'><strong>ﬁlius</strong></span> <span class='ocrx_word' id='word_1_690' title='bbox 2869 2029 3100 2084; x_wconf 89' lang='lat' dir='ltr'><strong>hominis</strong></span> <span class='ocrx_word' id='word_1_691' title='bbox 3130 2043 3224 2098; x_wconf 90' lang='lat' dir='ltr'><strong>per</strong></span> <span class='ocrx_word' id='word_1_692' title='bbox 3251 2027 3410 2083; x_wconf 88' lang='lat' dir='ltr'><strong>ﬁdem</strong></span> <span class='ocrx_word' id='word_1_693' title='bbox 3450 2028 3569 2083; x_wconf 82' lang='lat' dir='ltr'><strong>vir-</strong></span> 
     </span>
    </p>
   </div>
   <div class='ocr_carea' id='block_1_80' title="bbox 1982 2118 3564 2192">
    <p class='ocr_par' dir='ltr' id='par_1_80' title="bbox 1982 2118 3564 2192">
     <span class='ocr_line' id='line_1_80' title="bbox 1982 2118 3564 2192; baseline -0.001 -17"><span class='ocrx_word' id='word_1_694' title='bbox 1982 2123 2139 2192; x_wconf 85' lang='lat' dir='ltr'><strong>ginis.</strong></span> <span class='ocrx_word' id='word_1_695' title='bbox 2184 2122 2350 2175; x_wconf 81' lang='lat' dir='ltr'><strong>Mater</strong></span> <span class='ocrx_word' id='word_1_696' title='bbox 2383 2120 2665 2189; x_wconf 85' lang='lat' dir='ltr'><strong>cujuslibet</strong></span> <span class='ocrx_word' id='word_1_697' title='bbox 2703 2119 2930 2174; x_wconf 88' lang='lat' dir='ltr'><strong>hominis</strong></span> <span class='ocrx_word' id='word_1_698' title='bbox 2965 2118 3248 2173; x_wconf 80' lang='lat' dir='ltr'><strong>concubuit</strong></span> <span class='ocrx_word' id='word_1_699' title='bbox 3274 2125 3329 2173; x_wconf 86' lang='lat' dir='ltr'><strong>et</strong></span> <span class='ocrx_word' id='word_1_700' title='bbox 3358 2132 3564 2174; x_wconf 81' lang='lat' dir='ltr'><strong>conce-</strong></span> 
     </span>
    </p>
   </div>
   <div class='ocr_carea' id='block_1_81' title="bbox 1987 2209 3563 2285">
    <p class='ocr_par' dir='ltr' id='par_1_81' title="bbox 1987 2209 3563 2285">
     <span class='ocr_line' id='line_1_81' title="bbox 1987 2209 3563 2285; baseline -0.004 -16"><span class='ocrx_word' id='word_1_701' title='bbox 1987 2216 2062 2285; x_wconf 91' lang='lat' dir='ltr'><strong>pit</strong></span> <span class='ocrx_word' id='word_1_702' title='bbox 2092 2231 2105 2267; x_wconf 87' lang='lat'><strong>:</strong></span> <span class='ocrx_word' id='word_1_703' title='bbox 2138 2213 2498 2282; x_wconf 89' lang='lat' dir='ltr'><strong>unusquisque</strong></span> <span class='ocrx_word' id='word_1_704' title='bbox 2541 2221 2718 2267; x_wconf 85' lang='lat' dir='ltr'><strong>autem</strong></span> <span class='ocrx_word' id='word_1_705' title='bbox 2756 2220 2910 2266; x_wconf 88' lang='lat' dir='ltr'><strong>natus</strong></span> <span class='ocrx_word' id='word_1_706' title='bbox 2942 2219 3018 2265; x_wconf 89' lang='lat' dir='ltr'><strong>est</strong></span> <span class='ocrx_word' id='word_1_707' title='bbox 3053 2210 3121 2265; x_wconf 88' lang='lat' dir='ltr'><strong>de</strong></span> <span class='ocrx_word' id='word_1_708' title='bbox 3159 2209 3374 2264; x_wconf 88' lang='lat' dir='ltr'><strong>homine</strong></span> <span class='ocrx_word' id='word_1_709' title='bbox 3404 2219 3563 2279; x_wconf 83' lang='lat' dir='ltr'><strong>patre</strong></span> 
     </span>
    </p>
   </div>
   <div class='ocr_carea' id='block_1_82' title="bbox 1985 2301 3563 2372">
    <p class='ocr_par' dir='ltr' id='par_1_82' title="bbox 1985 2301 3563 2372">
     <span class='ocr_line' id='line_1_82' title="bbox 1985 2301 3563 2372; baseline -0.004 -11"><span class='ocrx_word' id='word_1_710' title='bbox 1985 2322 2083 2361; x_wconf 91' lang='lat' dir='ltr'><strong>suo</strong></span> <span class='ocrx_word' id='word_1_711' title='bbox 2107 2347 2123 2372; x_wconf 89' lang='lat'><strong>,</strong></span> <span class='ocrx_word' id='word_1_712' title='bbox 2158 2314 2213 2361; x_wconf 90' lang='lat' dir='ltr'><strong>et</strong></span> <span class='ocrx_word' id='word_1_713' title='bbox 2251 2305 2317 2359; x_wconf 88' lang='lat' dir='ltr'><strong>de</strong></span> <span class='ocrx_word' id='word_1_714' title='bbox 2358 2304 2571 2359; x_wconf 88' lang='lat' dir='ltr'><strong>homine</strong></span> <span class='ocrx_word' id='word_1_715' title='bbox 2595 2315 2764 2358; x_wconf 89' lang='lat' dir='ltr'><strong>matre</strong></span> <span class='ocrx_word' id='word_1_716' title='bbox 2790 2319 2906 2357; x_wconf 89' lang='lat' dir='ltr'><strong>sua.</strong></span> <span class='ocrx_word' id='word_1_717' title='bbox 2932 2301 3175 2358; x_wconf 89' lang='lat' dir='ltr'><strong>Christus</strong></span> <span class='ocrx_word' id='word_1_718' title='bbox 3195 2309 3373 2356; x_wconf 83' lang='lat' dir='ltr'><strong>autem</strong></span> <span class='ocrx_word' id='word_1_719' title='bbox 3400 2310 3563 2355; x_wconf 83' lang='lat' dir='ltr'><strong>natus</strong></span> 
     </span>
    </p>
   </div>
   <div class='ocr_carea' id='block_1_83' title="bbox 1985 2388 3560 2464">
    <p class='ocr_par' dir='ltr' id='par_1_83' title="bbox 1985 2388 3560 2464">
     <span class='ocr_line' id='line_1_83' title="bbox 1985 2388 3560 2464; baseline -0.005 -13"><span class='ocrx_word' id='word_1_720' title='bbox 1985 2396 2162 2451; x_wconf 90' lang='lat' dir='ltr'><strong>estde</strong></span> <span class='ocrx_word' id='word_1_721' title='bbox 2204 2395 2402 2464; x_wconf 90' lang='lat' dir='ltr'><strong>Spiritu</strong></span> <span class='ocrx_word' id='word_1_722' title='bbox 2447 2403 2632 2449; x_wconf 90' lang='lat' dir='ltr'><strong>sancto</strong></span> <span class='ocrx_word' id='word_1_723' title='bbox 2671 2402 2724 2449; x_wconf 88' lang='lat' dir='ltr'><strong>et</strong></span> <span class='ocrx_word' id='word_1_724' title='bbox 2765 2393 2927 2447; x_wconf 83' lang='lat' dir='ltr'><strong>Maria</strong></span> <span class='ocrx_word' id='word_1_725' title='bbox 2956 2393 3179 2462; x_wconf 77' lang='lat' dir='ltr'><strong>virgine.</strong></span> <span class='ocrx_word' id='word_1_726' title='bbox 3222 2389 3463 2446; x_wconf 81' lang='lat' dir='ltr'><strong>Accessit</strong></span> <span class='ocrx_word' id='word_1_727' title='bbox 3491 2388 3560 2444; x_wconf 87' lang='lat' dir='ltr'><strong>ad</strong></span> 
     </span>
    </p>
   </div>
   <div class='ocr_carea' id='block_1_84' title="bbox 1987 2482 3563 2553">
    <p class='ocr_par' dir='ltr' id='par_1_84' title="bbox 1987 2482 3563 2553">
     <span class='ocr_line' id='line_1_84' title="bbox 1987 2482 3563 2553; baseline -0.003 -13"><span class='ocrx_word' id='word_1_728' title='bbox 1987 2502 2103 2553; x_wconf 90' lang='lat' dir='ltr'><strong>nos,</strong></span> <span class='ocrx_word' id='word_1_729' title='bbox 2144 2486 2236 2541; x_wconf 86' lang='lat' dir='ltr'><strong>sed</strong></span> <span class='ocrx_word' id='word_1_730' title='bbox 2263 2501 2296 2540; x_wconf 93' lang='lat' dir='ltr'><strong>a</strong></span> <span class='ocrx_word' id='word_1_731' title='bbox 2325 2501 2383 2541; x_wconf 88' lang='lat' dir='ltr'><strong>se</strong></span> <span class='ocrx_word' id='word_1_732' title='bbox 2425 2501 2530 2540; x_wconf 90' lang='lat' dir='ltr'><strong>non</strong></span> <span class='ocrx_word' id='word_1_733' title='bbox 2574 2484 2795 2540; x_wconf 90' lang='lat' dir='ltr'><strong>multum</strong></span> <span class='ocrx_word' id='word_1_734' title='bbox 2834 2484 3082 2548; x_wconf 87' lang='lat' dir='ltr'><strong>recessit;</strong></span> <span class='ocrx_word' id='word_1_735' title='bbox 3116 2484 3221 2537; x_wconf 90' lang='lat' dir='ltr'><strong>imo</strong></span> <span class='ocrx_word' id='word_1_736' title='bbox 3257 2497 3287 2536; x_wconf 90' lang='lat' dir='ltr'><strong>a</strong></span> <span class='ocrx_word' id='word_1_737' title='bbox 3328 2497 3388 2537; x_wconf 89' lang='lat' dir='ltr'><strong>se</strong></span> <span class='ocrx_word' id='word_1_738' title='bbox 3415 2482 3563 2552; x_wconf 83' lang='lat' dir='ltr'><strong>quod</strong></span> 
     </span>
    </p>
   </div>
   <div class='ocr_carea' id='block_1_85' title="bbox 1988 2570 3567 2646">
    <p class='ocr_par' dir='ltr' id='par_1_85' title="bbox 1988 2570 3567 2646">
     <span class='ocr_line' id='line_1_85' title="bbox 1988 2570 3567 2646; baseline -0.003 -15"><span class='ocrx_word' id='word_1_739' title='bbox 1988 2578 2127 2632; x_wconf 89' lang='lat' dir='ltr'><strong>Deus</strong></span> <span class='ocrx_word' id='word_1_740' title='bbox 2169 2584 2251 2631; x_wconf 90' lang='lat' dir='ltr'><strong>est</strong></span> <span class='ocrx_word' id='word_1_741' title='bbox 2290 2590 2554 2646; x_wconf 88' lang='lat' dir='ltr'><strong>nunquam</strong></span> <span class='ocrx_word' id='word_1_742' title='bbox 2598 2576 2862 2630; x_wconf 86' lang='lat' dir='ltr'><strong>recessit:</strong></span> <span class='ocrx_word' id='word_1_743' title='bbox 2891 2573 2984 2628; x_wconf 90' lang='lat' dir='ltr'><strong>sed</strong></span> <span class='ocrx_word' id='word_1_744' title='bbox 3022 2572 3224 2628; x_wconf 91' lang='lat' dir='ltr'><strong>addidit</strong></span> <span class='ocrx_word' id='word_1_745' title='bbox 3258 2570 3401 2643; x_wconf 88' lang='lat' dir='ltr'><strong>quod</strong></span> <span class='ocrx_word' id='word_1_746' title='bbox 3443 2579 3567 2626; x_wconf 88' lang='lat' dir='ltr'><strong>erat</strong></span> 
     </span>
    </p>
   </div>
   <div class='ocr_carea' id='block_1_86' title="bbox 1988 2663 3561 2733">
    <p class='ocr_par' dir='ltr' id='par_1_86' title="bbox 1988 2663 3561 2733">
     <span class='ocr_line' id='line_1_86' title="bbox 1988 2663 3561 2733; baseline -0.004 -12"><span class='ocrx_word' id='word_1_747' title='bbox 1988 2677 2189 2721; x_wconf 74' lang='lat' dir='ltr'><strong>naturae</strong></span> <span class='ocrx_word' id='word_1_748' title='bbox 2216 2677 2430 2722; x_wconf 65' lang='lat' dir='ltr'><strong>nostrae.</strong></span> <span class='ocrx_word' id='word_1_749' title='bbox 2468 2666 2703 2721; x_wconf 84' lang='lat' dir='ltr'><strong>Accessit</strong></span> <span class='ocrx_word' id='word_1_750' title='bbox 2739 2666 2880 2720; x_wconf 90' lang='lat' dir='ltr'><strong>enim</strong></span> <span class='ocrx_word' id='word_1_751' title='bbox 2910 2664 2975 2718; x_wconf 88' lang='lat' dir='ltr'><strong>ad</strong></span> <span class='ocrx_word' id='word_1_752' title='bbox 3010 2663 3062 2718; x_wconf 93' lang='lat' dir='ltr'><strong>id</strong></span> <span class='ocrx_word' id='word_1_753' title='bbox 3100 2663 3242 2733; x_wconf 85' lang='lat' dir='ltr'><strong>quod</strong></span> <span class='ocrx_word' id='word_1_754' title='bbox 3272 2677 3377 2717; x_wconf 91' lang='lat' dir='ltr'><strong>non</strong></span> <span class='ocrx_word' id='word_1_755' title='bbox 3405 2667 3561 2728; x_wconf 88' lang='lat' dir='ltr'><strong>erat,</strong></span> 
     </span>
    </p>
   </div>
   <div class='ocr_carea' id='block_1_87' title="bbox 1988 2751 3565 2827">
    <p class='ocr_par' dir='ltr' id='par_1_87' title="bbox 1988 2751 3565 2827">
     <span class='ocr_line' id='line_1_87' title="bbox 1988 2751 3565 2827; baseline -0.004 -14"><span class='ocrx_word' id='word_1_756' title='bbox 1988 2764 2100 2813; x_wconf 87' lang='lat' dir='ltr'><strong>non</strong></span> <span class='ocrx_word' id='word_1_757' title='bbox 2119 2758 2295 2812; x_wconf 88' lang='lat' dir='ltr'><strong>amisit</strong></span> <span class='ocrx_word' id='word_1_758' title='bbox 2325 2756 2465 2827; x_wconf 83' lang='lat' dir='ltr'><strong>quod</strong></span> <span class='ocrx_word' id='word_1_759' title='bbox 2496 2767 2629 2810; x_wconf 89' lang='lat' dir='ltr'><strong>erat.</strong></span> <span class='ocrx_word' id='word_1_760' title='bbox 2662 2756 2855 2811; x_wconf 86' lang='lat' dir='ltr'><strong>Factus</strong></span> <span class='ocrx_word' id='word_1_761' title='bbox 2878 2765 2961 2811; x_wconf 87' lang='lat' dir='ltr'><strong>est</strong></span> <span class='ocrx_word' id='word_1_762' title='bbox 2990 2754 3129 2809; x_wconf 90' lang='lat' dir='ltr'><strong>ﬁlius</strong></span> <span class='ocrx_word' id='word_1_763' title='bbox 3157 2753 3385 2809; x_wconf 84' lang='lat' dir='ltr'><strong>hominis</strong></span> <span class='ocrx_word' id='word_1_764' title='bbox 3412 2770 3428 2806; x_wconf 92' lang='lat'><strong>:</strong></span> <span class='ocrx_word' id='word_1_765' title='bbox 3464 2751 3565 2807; x_wconf 85' lang='lat' dir='ltr'><strong>sed</strong></span> 
     </span>
    </p>
   </div>
   <div class='ocr_carea' id='block_1_88' title="bbox 1988 2844 3567 2905">
    <p class='ocr_par' dir='ltr' id='par_1_88' title="bbox 1988 2844 3567 2905">
     <span class='ocr_line' id='line_1_88' title="bbox 1988 2844 3567 2905; baseline -0.006 0"><span class='ocrx_word' id='word_1_766' title='bbox 1988 2867 2092 2905; x_wconf 92' lang='lat' dir='ltr'><strong>non</strong></span> <span class='ocrx_word' id='word_1_767' title='bbox 2121 2850 2347 2905; x_wconf 87' lang='lat' dir='ltr'><strong>cessavit</strong></span> <span class='ocrx_word' id='word_1_768' title='bbox 2372 2864 2491 2904; x_wconf 88' lang='lat' dir='ltr'><strong>esse</strong></span> <span class='ocrx_word' id='word_1_769' title='bbox 2520 2848 2684 2903; x_wconf 89' lang='lat' dir='ltr'><strong>Filius</strong></span> <span class='ocrx_word' id='word_1_770' title='bbox 2709 2848 2821 2902; x_wconf 88' lang='lat' dir='ltr'><strong>Dei.</strong></span> <span class='ocrx_word' id='word_1_771' title='bbox 2850 2847 2951 2902; x_wconf 88' lang='lat' dir='ltr'><strong>Per</strong></span> <span class='ocrx_word' id='word_1_772' title='bbox 2970 2846 3073 2903; x_wconf 69' lang='lat' dir='ltr'><strong>hbe</strong></span> <span class='ocrx_word' id='word_1_773' title='bbox 3092 2844 3347 2900; x_wconf 82' lang='lat' dir='ltr'><strong>Modiator</strong></span> <span class='ocrx_word' id='word_1_774' title='bbox 3365 2844 3420 2898; x_wconf 91' lang='lat' dir='ltr'><strong>in</strong></span> <span class='ocrx_word' id='word_1_775' title='bbox 3449 2859 3567 2897; x_wconf 88' lang='lat' dir='ltr'><strong>mc-</strong></span> 
     </span>
    </p>
   </div>
   <div class='ocr_carea' id='block_1_89' title="bbox 1987 2933 3558 3006">
    <p class='ocr_par' dir='ltr' id='par_1_89' title="bbox 1987 2933 3558 3006">
     <span class='ocr_line' id='line_1_89' title="bbox 1987 2933 3558 3006; baseline -0.005 -13"><span class='ocrx_word' id='word_1_776' title='bbox 1987 2939 2094 2993; x_wconf 87' lang='lat' dir='ltr'><strong>dio.</strong></span> <span class='ocrx_word' id='word_1_777' title='bbox 2126 2938 2261 3006; x_wconf 89' lang='lat' dir='ltr'><strong>Quid</strong></span> <span class='ocrx_word' id='word_1_778' title='bbox 2291 2947 2392 3003; x_wconf 85' lang='lat' dir='ltr'><strong>est,</strong></span> <span class='ocrx_word' id='word_1_779' title='bbox 2424 2937 2474 2991; x_wconf 89' lang='lat' dir='ltr'><strong>in</strong></span> <span class='ocrx_word' id='word_1_780' title='bbox 2505 2937 2726 2992; x_wconf 84' lang='lat' dir='ltr'><strong>medio?</strong></span> <span class='ocrx_word' id='word_1_781' title='bbox 2754 2936 2863 2991; x_wconf 86' lang='lat' dir='ltr'><strong>Nec</strong></span> <span class='ocrx_word' id='word_1_782' title='bbox 2896 2949 3124 2997; x_wconf 86' lang='lat' dir='ltr'><strong>sursum,</strong></span> <span class='ocrx_word' id='word_1_783' title='bbox 3154 2949 3253 2988; x_wconf 79' lang='lat' dir='ltr'><strong>nec</strong></span> <span class='ocrx_word' id='word_1_784' title='bbox 3279 2933 3558 3001; x_wconf 85' lang='lat' dir='ltr'><strong>deorsum,</strong></span> 
     </span>
    </p>
   </div>
   <div class='ocr_carea' id='block_1_90' title="bbox 1989 3024 3563 3096">
    <p class='ocr_par' dir='ltr' id='par_1_90' title="bbox 1989 3024 3563 3096">
     <span class='ocr_line' id='line_1_90' title="bbox 1989 3024 3563 3096; baseline -0.003 -16"><span class='ocrx_word' id='word_1_785' title='bbox 1989 3027 2262 3096; x_wconf 87' lang='lat' dir='ltr'><strong>Quomodo</strong></span> <span class='ocrx_word' id='word_1_786' title='bbox 2301 3043 2399 3082; x_wconf 91' lang='lat' dir='ltr'><strong>nec</strong></span> <span class='ocrx_word' id='word_1_787' title='bbox 2426 3042 2672 3094; x_wconf 90' lang='lat' dir='ltr'><strong>sursum,</strong></span> <span class='ocrx_word' id='word_1_788' title='bbox 2718 3041 2819 3082; x_wconf 91' lang='lat' dir='ltr'><strong>nec</strong></span> <span class='ocrx_word' id='word_1_789' title='bbox 2855 3024 3146 3080; x_wconf 87' lang='lat' dir='ltr'><strong>deorsum?</strong></span> <span class='ocrx_word' id='word_1_790' title='bbox 3173 3024 3283 3079; x_wconf 85' lang='lat' dir='ltr'><strong>Nec</strong></span> <span class='ocrx_word' id='word_1_791' title='bbox 3306 3038 3520 3078; x_wconf 87' lang='lat' dir='ltr'><strong>sursum</strong></span> <span class='ocrx_word' id='word_1_792' title='bbox 3545 3064 3563 3088; x_wconf 88' lang='lat'><strong>,</strong></span> 
     </span>
    </p>
   </div>
   <div class='ocr_carea' id='block_1_91' title="bbox 1989 3113 3567 3192">
    <p class='ocr_par' dir='ltr' id='par_1_91' title="bbox 1989 3113 3567 3192">
     <span class='ocr_line' id='line_1_91' title="bbox 1989 3113 3567 3192; baseline -0.004 -16"><span class='ocrx_word' id='word_1_793' title='bbox 1989 3122 2110 3192; x_wconf 89' lang='lat' dir='ltr'><strong>quia</strong></span> <span class='ocrx_word' id='word_1_794' title='bbox 2139 3136 2264 3176; x_wconf 90' lang='lat' dir='ltr'><strong>caro</strong></span> <span class='ocrx_word' id='word_1_795' title='bbox 2295 3139 2308 3173; x_wconf 91' lang='lat'><strong>:</strong></span> <span class='ocrx_word' id='word_1_796' title='bbox 2339 3135 2436 3174; x_wconf 89' lang='lat' dir='ltr'><strong>nec</strong></span> <span class='ocrx_word' id='word_1_797' title='bbox 2464 3120 2709 3175; x_wconf 91' lang='lat' dir='ltr'><strong>deorsum</strong></span> <span class='ocrx_word' id='word_1_798' title='bbox 2731 3160 2746 3185; x_wconf 90' lang='lat'><strong>,</strong></span> <span class='ocrx_word' id='word_1_799' title='bbox 2777 3119 2898 3189; x_wconf 86' lang='lat' dir='ltr'><strong>quia</strong></span> <span class='ocrx_word' id='word_1_800' title='bbox 2923 3134 3026 3172; x_wconf 87' lang='lat' dir='ltr'><strong>non</strong></span> <span class='ocrx_word' id='word_1_801' title='bbox 3054 3127 3317 3187; x_wconf 87' lang='lat' dir='ltr'><strong>peccator.</strong></span> <span class='ocrx_word' id='word_1_802' title='bbox 3345 3113 3454 3171; x_wconf 82' lang='lat' dir='ltr'><strong>Sed</strong></span> <span class='ocrx_word' id='word_1_803' title='bbox 3481 3124 3567 3169; x_wconf 79' lang='lat' dir='ltr'><strong>ta-</strong></span> 
     </span>
    </p>
   </div>
   <div class='ocr_carea' id='block_1_92' title="bbox 1989 3206 3569 3281">
    <p class='ocr_par' dir='ltr' id='par_1_92' title="bbox 1989 3206 3569 3281">
     <span class='ocr_line' id='line_1_92' title="bbox 1989 3206 3569 3281; baseline -0.003 -16"><span class='ocrx_word' id='word_1_804' title='bbox 1989 3227 2109 3265; x_wconf 89' lang='lat' dir='ltr'><strong>men</strong></span> <span class='ocrx_word' id='word_1_805' title='bbox 2141 3210 2191 3266; x_wconf 89' lang='lat' dir='ltr'><strong>in</strong></span> <span class='ocrx_word' id='word_1_806' title='bbox 2220 3219 2471 3281; x_wconf 87' lang='lat' dir='ltr'><strong>quantum</strong></span> <span class='ocrx_word' id='word_1_807' title='bbox 2506 3211 2662 3275; x_wconf 84' lang='lat' dir='ltr'><strong>Deus,</strong></span> <span class='ocrx_word' id='word_1_808' title='bbox 2689 3224 2900 3277; x_wconf 87' lang='lat' dir='ltr'><strong>semper</strong></span> <span class='ocrx_word' id='word_1_809' title='bbox 2931 3223 3161 3263; x_wconf 88' lang='lat' dir='ltr'><strong>sursum.</strong></span> <span class='ocrx_word' id='word_1_810' title='bbox 3187 3206 3294 3261; x_wconf 90' lang='lat' dir='ltr'><strong>Nec</strong></span> <span class='ocrx_word' id='word_1_811' title='bbox 3312 3206 3459 3261; x_wconf 88' lang='lat' dir='ltr'><strong>enim</strong></span> <span class='ocrx_word' id='word_1_812' title='bbox 3487 3206 3569 3261; x_wconf 85' lang='lat' dir='ltr'><strong>sic</strong></span> 
     </span>
    </p>
   </div>
   <div class='ocr_carea' id='block_1_93' title="bbox 1991 3298 3567 3366">
    <p class='ocr_par' dir='ltr' id='par_1_93' title="bbox 1991 3298 3567 3366">
     <span class='ocr_line' id='line_1_93' title="bbox 1991 3298 3567 3366; baseline -0.001 -12"><span class='ocrx_word' id='word_1_813' title='bbox 1991 3302 2139 3356; x_wconf 90' lang='lat' dir='ltr'><strong>venit</strong></span> <span class='ocrx_word' id='word_1_814' title='bbox 2153 3301 2218 3355; x_wconf 92' lang='lat' dir='ltr'><strong>ad</strong></span> <span class='ocrx_word' id='word_1_815' title='bbox 2237 3317 2350 3365; x_wconf 91' lang='lat' dir='ltr'><strong>nos,</strong></span> <span class='ocrx_word' id='word_1_816' title='bbox 2372 3309 2429 3354; x_wconf 92' lang='lat' dir='ltr'><strong>ut</strong></span> <span class='ocrx_word' id='word_1_817' title='bbox 2443 3299 2730 3354; x_wconf 89' lang='lat' dir='ltr'><strong>dimitteret</strong></span> <span class='ocrx_word' id='word_1_818' title='bbox 2744 3299 2975 3354; x_wconf 88' lang='lat' dir='ltr'><strong>Patrem.</strong></span> <span class='ocrx_word' id='word_1_819' title='bbox 2995 3300 3037 3353; x_wconf 80' lang='grc' dir='ltr'><strong>Δ</strong></span> <span class='ocrx_word' id='word_1_820' title='bbox 3058 3298 3210 3354; x_wconf 88' lang='lat' dir='ltr'><strong>nobis</strong></span> <span class='ocrx_word' id='word_1_821' title='bbox 3229 3298 3323 3354; x_wconf 89' lang='lat' dir='ltr'><strong>ivit</strong></span> <span class='ocrx_word' id='word_1_822' title='bbox 3340 3339 3358 3366; x_wconf 88' lang='lat'><strong>,</strong></span> <span class='ocrx_word' id='word_1_823' title='bbox 3379 3306 3437 3352; x_wconf 82' lang='lat' dir='ltr'><strong>et</strong></span> <span class='ocrx_word' id='word_1_824' title='bbox 3455 3312 3567 3353; x_wconf 75' lang='lat' dir='ltr'><strong>non</strong></span> 
     </span>
    </p>
   </div>
   <div class='ocr_carea' id='block_1_94' title="bbox 1994 3388 3501 3456">
    <p class='ocr_par' dir='ltr' id='par_1_94' title="bbox 1994 3388 3501 3456">
     <span class='ocr_line' id='line_1_94' title="bbox 1994 3388 3501 3456; baseline -0.003 -9"><span class='ocrx_word' id='word_1_825' title='bbox 1994 3408 2092 3447; x_wconf 91' lang='lat' dir='ltr'><strong>nos</strong></span> <span class='ocrx_word' id='word_1_826' title='bbox 2121 3390 2323 3447; x_wconf 89' lang='lat' dir='ltr'><strong>dimisit</strong></span> <span class='ocrx_word' id='word_1_827' title='bbox 2354 3410 2367 3445; x_wconf 92' lang='lat'>:</span> <span class='ocrx_word' id='word_1_828' title='bbox 2396 3390 2462 3447; x_wconf 88' lang='lat' dir='ltr'><strong>ad</strong></span> <span class='ocrx_word' id='word_1_829' title='bbox 2488 3405 2588 3446; x_wconf 89' lang='lat' dir='ltr'><strong>nos</strong></span> <span class='ocrx_word' id='word_1_830' title='bbox 2620 3389 2831 3456; x_wconf 85' lang='lat' dir='ltr'><strong>veniet,</strong></span> <span class='ocrx_word' id='word_1_831' title='bbox 2859 3401 2913 3444; x_wconf 88' lang='lat' dir='ltr'><strong>et</strong></span> <span class='ocrx_word' id='word_1_832' title='bbox 2939 3390 3085 3446; x_wconf 88' lang='lat' dir='ltr'><strong>illum</strong></span> <span class='ocrx_word' id='word_1_833' title='bbox 3115 3405 3221 3447; x_wconf 87' lang='lat' dir='ltr'><strong>non</strong></span> <span class='ocrx_word' id='word_1_834' title='bbox 3245 3388 3501 3445; x_wconf 84' lang='lat' dir='ltr'><strong>dimittet.</strong></span> 
     </span>
    </p>
   </div>
   <div class='ocr_carea' id='block_1_95' title="bbox 2475 3521 3098 3594">
    <p class='ocr_par' dir='ltr' id='par_1_95' title="bbox 2475 3521 3098 3594">
     <span class='ocr_line' id='line_1_95' title="bbox 2475 3521 3098 3594; baseline -0.005 -15"><span class='ocrx_word' id='word_1_835' title='bbox 2475 3521 2701 3579; x_wconf 83' lang='lat' dir='ltr'><strong>SERMO</strong></span> <span class='ocrx_word' id='word_1_836' title='bbox 2724 3522 2914 3578; x_wconf 83' lang='lat' dir='ltr'><strong>cxxn</strong></span> <span class='ocrx_word' id='word_1_837' title='bbox 2931 3527 2947 3546; x_wconf 72' lang='grc' dir='ltr'><strong>ο</strong></span> <span class='ocrx_word' id='word_1_838' title='bbox 2965 3521 3063 3594; x_wconf 77' lang='grc' dir='ltr'><strong>(α).</strong></span> <span class='ocrx_word' id='word_1_839' title='bbox 3088 3538 3098 3543; x_wconf 90' lang='grc'><strong>-</strong></span> 
     </span>
    </p>
   </div>
   <div class='ocr_carea' id='block_1_96' title="bbox 1993 3631 3598 3707">
    <p class='ocr_par' dir='ltr' id='par_1_96' title="bbox 1993 3631 3598 3707">
     <span class='ocr_line' id='line_1_96' title="bbox 1993 3631 3598 3707; baseline 0 -18"><span class='ocrx_word' id='word_1_840' title='bbox 1993 3634 2071 3691; x_wconf 89' lang='lat' dir='ltr'><strong>De</strong></span> <span class='ocrx_word' id='word_1_841' title='bbox 2091 3635 2251 3690; x_wconf 84' lang='lat' dir='ltr'><strong>verbis</strong></span> <span class='ocrx_word' id='word_1_842' title='bbox 2278 3633 2541 3707; x_wconf 85' lang='lat' dir='ltr'><strong>Evangelii</strong></span> <span class='ocrx_word' id='word_1_843' title='bbox 2562 3634 2777 3689; x_wconf 79' lang='lat' dir='ltr'><strong>Joannis</strong></span> <span class='ocrx_word' id='word_1_844' title='bbox 2795 3677 2810 3702; x_wconf 90' lang='lat'><strong>,</strong></span> <span class='ocrx_word' id='word_1_845' title='bbox 2835 3635 2969 3689; x_wconf 83' lang='lat' dir='ltr'><strong>Cum</strong></span> <span class='ocrx_word' id='word_1_846' title='bbox 2995 3648 3141 3689; x_wconf 82' lang='lat' dir='ltr'><strong>esses</strong></span> <span class='ocrx_word' id='word_1_847' title='bbox 3164 3633 3262 3690; x_wconf 86' lang='lat' dir='ltr'><strong>sub</strong></span> <span class='ocrx_word' id='word_1_848' title='bbox 3285 3633 3391 3689; x_wconf 84' lang='lat' dir='ltr'><strong>llcu</strong></span> <span class='ocrx_word' id='word_1_849' title='bbox 3408 3674 3426 3699; x_wconf 87' lang='lat'><strong>,</strong></span> <span class='ocrx_word' id='word_1_850' title='bbox 3454 3631 3598 3689; x_wconf 70' lang='lat' dir='ltr'><strong>vidi</strong></span> 
     </span>
    </p>
   </div>
   <div class='ocr_carea' id='block_1_97' title="bbox 2344 3723 3211 3797">
    <p class='ocr_par' dir='ltr' id='par_1_97' title="bbox 2344 3723 3211 3797">
     <span class='ocr_line' id='line_1_97' title="bbox 2344 3723 3211 3797; baseline -0.001 -16"><span class='ocrx_word' id='word_1_851' title='bbox 2344 3733 2432 3793; x_wconf 89' lang='lat' dir='ltr'><strong>te,</strong></span> <span class='ocrx_word' id='word_1_852' title='bbox 2457 3736 2577 3790; x_wconf 86' lang='lat' dir='ltr'><strong>etc.,</strong></span> <span class='ocrx_word' id='word_1_853' title='bbox 2608 3742 2722 3796; x_wconf 83' lang='lat' dir='ltr'><strong>cap.</strong></span> <span class='ocrx_word' id='word_1_854' title='bbox 2754 3741 2798 3791; x_wconf 90' lang='grc' dir='ltr'><strong>ι,</strong></span> <span class='ocrx_word' id='word_1_855' title='bbox 2838 3726 2871 3795; x_wconf 62' lang='grc'><strong>9</strong></span> <span class='ocrx_word' id='word_1_856' title='bbox 2915 3725 3078 3781; x_wconf 75' lang='grc'><strong>48-51</strong></span> <span class='ocrx_word' id='word_1_857' title='bbox 3115 3723 3211 3797; x_wconf 88' lang='lat' dir='ltr'><strong>(b).</strong></span> 
     </span>
    </p>
   </div>
   <div class='ocr_carea' id='block_1_98' title="bbox 2065 3835 3571 3907">
    <p class='ocr_par' dir='ltr' id='par_1_98' title="bbox 2065 3835 3571 3907">
     <span class='ocr_line' id='line_1_98' title="bbox 2065 3835 3571 3907; baseline -0.005 -12"><span class='ocrx_word' id='word_1_858' title='bbox 2065 3838 2289 3895; x_wconf 82' lang='lat' dir='ltr'><strong>CAPUT</strong></span> <span class='ocrx_word' id='word_1_859' title='bbox 2326 3837 2603 3894; x_wconf 84' lang='lat' dir='ltr'><strong>PRIMUM.</strong></span> <span class='ocrx_word' id='word_1_860' title='bbox 2633 3868 2705 3878; x_wconf 89' lang='lat'><strong><em>—</em></strong></span> <span class='ocrx_word' id='word_1_861' title='bbox 2751 3839 2797 3892; x_wconf 88' lang='grc' dir='ltr'><strong>ι.</strong></span> <span class='ocrx_word' id='word_1_862' title='bbox 2830 3837 3118 3891; x_wconf 81' lang='grc' dir='ltr'><strong>ΝαιΙιαηαει</strong></span> <span class='ocrx_word' id='word_1_863' title='bbox 3157 3838 3247 3892; x_wconf 89' lang='lat' dir='ltr'><strong>sub</strong></span> <span class='ocrx_word' id='word_1_864' title='bbox 3288 3835 3427 3905; x_wconf 72' lang='lat' dir='ltr'><strong>ficu,</strong></span> <span class='ocrx_word' id='word_1_865' title='bbox 3478 3852 3571 3907; x_wconf 79' lang='lat' dir='ltr'><strong>ge-</strong></span> 
     </span>
    </p>
   </div>
   <div class='ocr_carea' id='block_1_99' title="bbox 1996 3924 3575 4000">
    <p class='ocr_par' dir='ltr' id='par_1_99' title="bbox 1996 3924 3575 4000">
     <span class='ocr_line' id='line_1_99' title="bbox 1996 3924 3575 4000; baseline -0.003 -16"><span class='ocrx_word' id='word_1_866' title='bbox 1996 3947 2089 3985; x_wconf 87' lang='lat' dir='ltr'><strong>nus</strong></span> <span class='ocrx_word' id='word_1_867' title='bbox 2138 3930 2409 3984; x_wconf 86' lang='lat' dir='ltr'><strong>humanum</strong></span> <span class='ocrx_word' id='word_1_868' title='bbox 2450 3927 2540 3984; x_wconf 86' lang='lat' dir='ltr'><strong>sub</strong></span> <span class='ocrx_word' id='word_1_869' title='bbox 2577 3938 2794 4000; x_wconf 83' lang='lat' dir='ltr'><strong>peccato.</strong></span> <span class='ocrx_word' id='word_1_870' title='bbox 2826 3927 2978 3996; x_wconf 87' lang='lat' dir='ltr'><strong>Quod</strong></span> <span class='ocrx_word' id='word_1_871' title='bbox 3029 3927 3224 3982; x_wconf 88' lang='lat' dir='ltr'><strong>dictum</strong></span> <span class='ocrx_word' id='word_1_872' title='bbox 3272 3924 3575 3980; x_wconf 88' lang='lat' dir='ltr'><strong>audivimus</strong></span> 
     </span>
    </p>
   </div>
   <div class='ocr_carea' id='block_1_100' title="bbox 1995 4016 3571 4089">
    <p class='ocr_par' dir='ltr' id='par_1_100' title="bbox 1995 4016 3571 4089">
     <span class='ocr_line' id='line_1_100' title="bbox 1995 4016 3571 4089; baseline -0.005 -13"><span class='ocrx_word' id='word_1_873' title='bbox 1995 4036 2026 4076; x_wconf 89' lang='lat' dir='ltr'><strong>a</strong></span> <span class='ocrx_word' id='word_1_874' title='bbox 2053 4021 2277 4075; x_wconf 88' lang='lat' dir='ltr'><strong>Domino</strong></span> <span class='ocrx_word' id='word_1_875' title='bbox 2303 4020 2428 4075; x_wconf 89' lang='lat' dir='ltr'><strong>Jesu</strong></span> <span class='ocrx_word' id='word_1_876' title='bbox 2453 4018 2665 4074; x_wconf 90' lang='lat' dir='ltr'><strong>Christo</strong></span> <span class='ocrx_word' id='word_1_877' title='bbox 2689 4018 3020 4083; x_wconf 86' lang='lat' dir='ltr'><strong>Nalbanaeli,</strong></span> <span class='ocrx_word' id='word_1_878' title='bbox 3048 4018 3093 4072; x_wconf 92' lang='lat' dir='ltr'><strong>si</strong></span> <span class='ocrx_word' id='word_1_879' title='bbox 3123 4017 3261 4072; x_wconf 86' lang='lat' dir='ltr'><strong>bene</strong></span> <span class='ocrx_word' id='word_1_880' title='bbox 3297 4016 3571 4089; x_wconf 47' lang='lat' dir='ltr'><strong>intelligat</strong></span> 
     </span>
    </p>
   </div>
   <div class='ocr_carea' id='block_1_101' title="bbox 1997 4106 3577 4179">
    <p class='ocr_par' dir='ltr' id='par_1_101' title="bbox 1997 4106 3577 4179">
     <span class='ocr_line' id='line_1_101' title="bbox 1997 4106 3577 4179; baseline -0.003 -14"><span class='ocrx_word' id='word_1_881' title='bbox 1997 4126 2138 4176; x_wconf 90' lang='lat' dir='ltr'><strong>mus,</strong></span> <span class='ocrx_word' id='word_1_882' title='bbox 2166 4124 2269 4164; x_wconf 90' lang='lat' dir='ltr'><strong>non</strong></span> <span class='ocrx_word' id='word_1_883' title='bbox 2298 4109 2363 4165; x_wconf 92' lang='lat' dir='ltr'><strong>ad</strong></span> <span class='ocrx_word' id='word_1_884' title='bbox 2403 4110 2574 4179; x_wconf 90' lang='lat' dir='ltr'><strong>ipsum</strong></span> <span class='ocrx_word' id='word_1_885' title='bbox 2606 4109 2833 4178; x_wconf 89' lang='lat' dir='ltr'><strong>pertinet</strong></span> <span class='ocrx_word' id='word_1_886' title='bbox 2859 4109 3051 4162; x_wconf 92' lang='lat' dir='ltr'><strong>solum.</strong></span> <span class='ocrx_word' id='word_1_887' title='bbox 3081 4107 3198 4177; x_wconf 84' lang='lat' dir='ltr'><strong>Ipse</strong></span> <span class='ocrx_word' id='word_1_888' title='bbox 3232 4106 3431 4177; x_wconf 89' lang='lat' dir='ltr'><strong>quippe</strong></span> <span class='ocrx_word' id='word_1_889' title='bbox 3466 4106 3577 4161; x_wconf 83' lang='lat' dir='ltr'><strong>Do-</strong></span> 
     </span>
    </p>
   </div>
   <div class='ocr_carea' id='block_1_102' title="bbox 1998 4198 3572 4267">
    <p class='ocr_par' dir='ltr' id='par_1_102' title="bbox 1998 4198 3572 4267">
     <span class='ocr_line' id='line_1_102' title="bbox 1998 4198 3572 4267; baseline -0.004 -11"><span class='ocrx_word' id='word_1_890' title='bbox 1998 4202 2172 4256; x_wconf 92' lang='lat' dir='ltr'><strong>minus</strong></span> <span class='ocrx_word' id='word_1_891' title='bbox 2212 4200 2367 4255; x_wconf 83' lang='lat' dir='ltr'><strong>Jesus</strong></span> <span class='ocrx_word' id='word_1_892' title='bbox 2410 4200 2507 4255; x_wconf 90' lang='lat' dir='ltr'><strong>sub</strong></span> <span class='ocrx_word' id='word_1_893' title='bbox 2546 4200 2643 4253; x_wconf 89' lang='lat' dir='ltr'><strong>ﬁcu</strong></span> <span class='ocrx_word' id='word_1_894' title='bbox 2688 4198 2815 4252; x_wconf 85' lang='lat' dir='ltr'><strong>vidit</strong></span> <span class='ocrx_word' id='word_1_895' title='bbox 2851 4213 3007 4253; x_wconf 90' lang='lat' dir='ltr'><strong>omne</strong></span> <span class='ocrx_word' id='word_1_896' title='bbox 3049 4212 3217 4267; x_wconf 88' lang='lat' dir='ltr'><strong>genus</strong></span> <span class='ocrx_word' id='word_1_897' title='bbox 3254 4198 3572 4251; x_wconf 86' lang='lat' dir='ltr'><strong>humanum.</strong></span> 
     </span>
    </p>
   </div>
   <div class='ocr_carea' id='block_1_103' title="bbox 1998 4285 3576 4358">
    <p class='ocr_par' dir='ltr' id='par_1_103' title="bbox 1998 4285 3576 4358">
     <span class='ocr_line' id='line_1_103' title="bbox 1998 4285 3576 4358; baseline -0.004 -12"><span class='ocrx_word' id='word_1_898' title='bbox 1998 4290 2104 4346; x_wconf 89' lang='lat' dir='ltr'><strong>lsto</strong></span> <span class='ocrx_word' id='word_1_899' title='bbox 2130 4291 2271 4345; x_wconf 88' lang='lat' dir='ltr'><strong>enim</strong></span> <span class='ocrx_word' id='word_1_900' title='bbox 2294 4290 2412 4344; x_wconf 93' lang='lat' dir='ltr'><strong>loco</strong></span> <span class='ocrx_word' id='word_1_901' title='bbox 2433 4289 2739 4358; x_wconf 78' lang='lat' dir='ltr'><strong>intelligitur</strong></span> <span class='ocrx_word' id='word_1_902' title='bbox 2763 4303 2857 4358; x_wconf 87' lang='lat' dir='ltr'><strong>per</strong></span> <span class='ocrx_word' id='word_1_903' title='bbox 2875 4288 3119 4342; x_wconf 87' lang='lat' dir='ltr'><strong>arborem</strong></span> <span class='ocrx_word' id='word_1_904' title='bbox 3141 4287 3221 4342; x_wconf 85' lang='lat' dir='ltr'><strong>fici</strong></span> <span class='ocrx_word' id='word_1_905' title='bbox 3244 4285 3576 4356; x_wconf 82' lang='lat' dir='ltr'><strong>signiﬁcasse</strong></span> 
     </span>
    </p>
   </div>
   <div class='ocr_carea' id='block_1_104' title="bbox 2001 4374 3571 4450">
    <p class='ocr_par' dir='ltr' id='par_1_104' title="bbox 2001 4374 3571 4450">
     <span class='ocr_line' id='line_1_104' title="bbox 2001 4374 3571 4450; baseline -0.004 -15"><span class='ocrx_word' id='word_1_906' title='bbox 2001 4389 2296 4450; x_wconf 89' lang='lat' dir='ltr'><strong>peccatum.</strong></span> <span class='ocrx_word' id='word_1_907' title='bbox 2328 4379 2442 4434; x_wconf 87' lang='lat' dir='ltr'><strong>Non</strong></span> <span class='ocrx_word' id='word_1_908' title='bbox 2479 4378 2674 4447; x_wconf 88' lang='lat' dir='ltr'><strong>ubique</strong></span> <span class='ocrx_word' id='word_1_909' title='bbox 2701 4377 2800 4431; x_wconf 85' lang='lat' dir='ltr'><strong>hoc</strong></span> <span class='ocrx_word' id='word_1_910' title='bbox 2829 4376 3126 4447; x_wconf 86' lang='lat' dir='ltr'><strong>signiﬁcat,</strong></span> <span class='ocrx_word' id='word_1_911' title='bbox 3160 4374 3252 4431; x_wconf 90' lang='lat' dir='ltr'><strong>sed</strong></span> <span class='ocrx_word' id='word_1_912' title='bbox 3280 4375 3380 4430; x_wconf 88' lang='lat' dir='ltr'><strong>hoc</strong></span> <span class='ocrx_word' id='word_1_913' title='bbox 3411 4375 3534 4429; x_wconf 90' lang='lat' dir='ltr'><strong>loco</strong></span> <span class='ocrx_word' id='word_1_914' title='bbox 3553 4415 3571 4440; x_wconf 87' lang='lat'><strong>,</strong></span> 
     </span>
    </p>
   </div>
   <div class='ocr_carea' id='block_1_105' title="bbox 2001 4465 3577 4537">
    <p class='ocr_par' dir='ltr' id='par_1_105' title="bbox 2001 4465 3577 4537">
     <span class='ocr_line' id='line_1_105' title="bbox 2001 4465 3577 4537; baseline -0.004 -12"><span class='ocrx_word' id='word_1_915' title='bbox 2001 4480 2058 4525; x_wconf 94' lang='lat' dir='ltr'><strong>ut</strong></span> <span class='ocrx_word' id='word_1_916' title='bbox 2086 4470 2213 4533; x_wconf 81' lang='lat' dir='ltr'><strong>dixi,</strong></span> <span class='ocrx_word' id='word_1_917' title='bbox 2246 4485 2308 4523; x_wconf 86' lang='lat' dir='ltr'><strong>ea</strong></span> <span class='ocrx_word' id='word_1_918' title='bbox 2337 4468 2537 4523; x_wconf 88' lang='lat' dir='ltr'><strong>scilicet</strong></span> <span class='ocrx_word' id='word_1_919' title='bbox 2564 4466 2889 4537; x_wconf 85' lang='lat' dir='ltr'><strong>signiﬁcandi</strong></span> <span class='ocrx_word' id='word_1_920' title='bbox 2918 4465 3260 4537; x_wconf 83' lang='lat' dir='ltr'><strong>congruentia</strong></span> <span class='ocrx_word' id='word_1_921' title='bbox 3285 4507 3300 4531; x_wconf 88' lang='lat'><strong>,</strong></span> <span class='ocrx_word' id='word_1_922' title='bbox 3333 4480 3436 4535; x_wconf 89' lang='lat' dir='ltr'><strong>qua</strong></span> <span class='ocrx_word' id='word_1_923' title='bbox 3469 4480 3577 4520; x_wconf 84' lang='lat' dir='ltr'><strong>no-</strong></span> 
     </span>
    </p>
   </div>
   <div class='ocr_carea' id='block_1_106' title="bbox 2000 4555 3579 4630">
    <p class='ocr_par' dir='ltr' id='par_1_106' title="bbox 2000 4555 3579 4630">
     <span class='ocr_line' id='line_1_106' title="bbox 2000 4555 3579 4630; baseline -0.004 -15"><span class='ocrx_word' id='word_1_924' title='bbox 2000 4561 2096 4615; x_wconf 87' lang='lat' dir='ltr'><strong>stis</strong></span> <span class='ocrx_word' id='word_1_925' title='bbox 2124 4560 2352 4630; x_wconf 88' lang='lat' dir='ltr'><strong>primum</strong></span> <span class='ocrx_word' id='word_1_926' title='bbox 2380 4558 2647 4612; x_wconf 85' lang='lat' dir='ltr'><strong>hominem</strong></span> <span class='ocrx_word' id='word_1_927' title='bbox 2670 4598 2684 4624; x_wconf 91' lang='lat'><strong>,</strong></span> <span class='ocrx_word' id='word_1_928' title='bbox 2722 4556 2931 4627; x_wconf 88' lang='lat' dir='ltr'><strong>quando</strong></span> <span class='ocrx_word' id='word_1_929' title='bbox 2958 4557 3229 4625; x_wconf 87' lang='lat' dir='ltr'><strong>peccavit,</strong></span> <span class='ocrx_word' id='word_1_930' title='bbox 3256 4555 3397 4611; x_wconf 89' lang='lat' dir='ltr'><strong>foliis</strong></span> <span class='ocrx_word' id='word_1_931' title='bbox 3423 4555 3579 4610; x_wconf 73' lang='lat' dir='ltr'><strong>licuL</strong></span> 
     </span>
    </p>
   </div>
   <div class='ocr_carea' id='block_1_107' title="bbox 2000 4643 3576 4718">
    <p class='ocr_par' dir='ltr' id='par_1_107' title="bbox 2000 4643 3576 4718">
     <span class='ocr_line' id='line_1_107' title="bbox 2000 4643 3576 4718; baseline -0.004 -14"><span class='ocrx_word' id='word_1_932' title='bbox 2000 4652 2117 4704; x_wconf 92' lang='lat' dir='ltr'><strong>neis</strong></span> <span class='ocrx_word' id='word_1_933' title='bbox 2137 4650 2299 4704; x_wconf 88' lang='lat' dir='ltr'><strong>fuisse</strong></span> <span class='ocrx_word' id='word_1_934' title='bbox 2323 4650 2616 4704; x_wconf 71' lang='lat' dir='ltr'><strong>subiectum</strong></span> <span class='ocrx_word' id='word_1_935' title='bbox 2647 4645 2795 4717; x_wconf 84' lang='lat' dir='ltr'><strong>(Gen.</strong></span> <span class='ocrx_word' id='word_1_936' title='bbox 2819 4662 2895 4712; x_wconf 84' lang='grc' dir='ltr'><strong>ιιι,</strong></span> <span class='ocrx_word' id='word_1_937' title='bbox 2925 4643 3003 4718; x_wconf 86' lang='lat'><strong>7).</strong></span> <span class='ocrx_word' id='word_1_938' title='bbox 3029 4645 3121 4700; x_wconf 89' lang='lat' dir='ltr'><strong>llis</strong></span> <span class='ocrx_word' id='word_1_939' title='bbox 3142 4645 3280 4700; x_wconf 90' lang='lat' dir='ltr'><strong>foliis</strong></span> <span class='ocrx_word' id='word_1_940' title='bbox 3305 4644 3449 4699; x_wconf 86' lang='lat' dir='ltr'><strong>enim</strong></span> <span class='ocrx_word' id='word_1_941' title='bbox 3480 4659 3576 4714; x_wconf 83' lang='lat' dir='ltr'><strong>pu-</strong></span> 
     </span>
    </p>
   </div>
   <div class='ocr_carea' id='block_1_108' title="bbox 1999 4732 3575 4807">
    <p class='ocr_par' dir='ltr' id='par_1_108' title="bbox 1999 4732 3575 4807">
     <span class='ocr_line' id='line_1_108' title="bbox 1999 4732 3575 4807; baseline -0.006 -11"><span class='ocrx_word' id='word_1_942' title='bbox 1999 4740 2171 4796; x_wconf 86' lang='lat' dir='ltr'><strong>denda</strong></span> <span class='ocrx_word' id='word_1_943' title='bbox 2202 4746 2463 4803; x_wconf 77' lang='lat' dir='ltr'><strong>texerunt,</strong></span> <span class='ocrx_word' id='word_1_944' title='bbox 2496 4737 2709 4807; x_wconf 88' lang='lat' dir='ltr'><strong>quando</strong></span> <span class='ocrx_word' id='word_1_945' title='bbox 2738 4736 2805 4791; x_wconf 90' lang='lat' dir='ltr'><strong>de</strong></span> <span class='ocrx_word' id='word_1_946' title='bbox 2834 4745 3050 4806; x_wconf 84' lang='lat' dir='ltr'><strong>peccato</strong></span> <span class='ocrx_word' id='word_1_947' title='bbox 3072 4750 3170 4790; x_wconf 89' lang='lat' dir='ltr'><strong>suo</strong></span> <span class='ocrx_word' id='word_1_948' title='bbox 3196 4732 3527 4789; x_wconf 88' lang='lat' dir='ltr'><strong>erubuerunt</strong></span> <span class='ocrx_word' id='word_1_949' title='bbox 3559 4751 3575 4788; x_wconf 88' lang='lat'><strong>:</strong></span> 
     </span>
    </p>
   </div>
   <div class='ocr_carea' id='block_1_109' title="bbox 2000 4823 3575 4900">
    <p class='ocr_par' dir='ltr' id='par_1_109' title="bbox 2000 4823 3575 4900">
     <span class='ocr_line' id='line_1_109' title="bbox 2000 4823 3575 4900; baseline -0.004 -15"><span class='ocrx_word' id='word_1_950' title='bbox 2000 4838 2056 4885; x_wconf 94' lang='lat' dir='ltr'><strong>et</strong></span> <span class='ocrx_word' id='word_1_951' title='bbox 2080 4845 2197 4900; x_wconf 85' lang='lat' dir='ltr'><strong>quae</strong></span> <span class='ocrx_word' id='word_1_952' title='bbox 2227 4829 2365 4883; x_wconf 86' lang='lat' dir='ltr'><strong>Deus</strong></span> <span class='ocrx_word' id='word_1_953' title='bbox 2389 4826 2492 4882; x_wconf 89' lang='lat' dir='ltr'><strong>illis</strong></span> <span class='ocrx_word' id='word_1_954' title='bbox 2512 4826 2769 4891; x_wconf 89' lang='lat' dir='ltr'><strong>membra,</strong></span> <span class='ocrx_word' id='word_1_955' title='bbox 2794 4825 2892 4894; x_wconf 85' lang='lat' dir='ltr'><strong>ipsi</strong></span> <span class='ocrx_word' id='word_1_956' title='bbox 2915 4825 3012 4880; x_wconf 88' lang='lat' dir='ltr'><strong>sibi</strong></span> <span class='ocrx_word' id='word_1_957' title='bbox 3041 4824 3282 4894; x_wconf 85' lang='lat' dir='ltr'><strong>pudenda</strong></span> <span class='ocrx_word' id='word_1_958' title='bbox 3308 4823 3575 4879; x_wconf 88' lang='lat' dir='ltr'><strong>fecerunt.</strong></span> 
     </span>
    </p>
   </div>
   <div class='ocr_carea' id='block_1_110' title="bbox 2000 4914 3579 4986">
    <p class='ocr_par' dir='ltr' id='par_1_110' title="bbox 2000 4914 3579 4986">
     <span class='ocr_line' id='line_1_110' title="bbox 2000 4914 3579 4986; baseline -0.003 -10"><span class='ocrx_word' id='word_1_959' title='bbox 2000 4921 2117 4976; x_wconf 88' lang='lat' dir='ltr'><strong>Non</strong></span> <span class='ocrx_word' id='word_1_960' title='bbox 2145 4920 2286 4975; x_wconf 91' lang='lat' dir='ltr'><strong>enim</strong></span> <span class='ocrx_word' id='word_1_961' title='bbox 2316 4917 2737 4974; x_wconf 81' lang='lat' dir='ltr'><strong>erubescendum</strong></span> <span class='ocrx_word' id='word_1_962' title='bbox 2770 4926 2853 4972; x_wconf 88' lang='lat' dir='ltr'><strong>est</strong></span> <span class='ocrx_word' id='word_1_963' title='bbox 2874 4915 2942 4971; x_wconf 87' lang='lat' dir='ltr'><strong>de</strong></span> <span class='ocrx_word' id='word_1_964' title='bbox 2968 4931 3129 4986; x_wconf 80' lang='lat' dir='ltr'><strong>Opere</strong></span> <span class='ocrx_word' id='word_1_965' title='bbox 3155 4916 3249 4971; x_wconf 87' lang='lat' dir='ltr'><strong>Dei</strong></span> <span class='ocrx_word' id='word_1_966' title='bbox 3281 4932 3294 4969; x_wconf 92' lang='lat'>:</span> <span class='ocrx_word' id='word_1_967' title='bbox 3326 4914 3419 4971; x_wconf 83' lang='lat' dir='ltr'><strong>sed</strong></span> <span class='ocrx_word' id='word_1_968' title='bbox 3445 4931 3579 4971; x_wconf 85' lang='lat' dir='ltr'><strong>con-</strong></span> 
     </span>
    </p>
   </div>
   <div class='ocr_carea' id='block_1_111' title="bbox 2001 5006 3583 5079">
    <p class='ocr_par' dir='ltr' id='par_1_111' title="bbox 2001 5006 3583 5079">
     <span class='ocr_line' id='line_1_111' title="bbox 2001 5006 3583 5079; baseline -0.003 -13"><span class='ocrx_word' id='word_1_969' title='bbox 2001 5011 2261 5066; x_wconf 87' lang='lat' dir='ltr'><strong>fusionem</strong></span> <span class='ocrx_word' id='word_1_970' title='bbox 2307 5008 2578 5079; x_wconf 68' lang='lat' dir='ltr'><strong>praecessit</strong></span> <span class='ocrx_word' id='word_1_971' title='bbox 2605 5022 2760 5063; x_wconf 86' lang='lat' dir='ltr'><strong>causa</strong></span> <span class='ocrx_word' id='word_1_972' title='bbox 2791 5006 3011 5077; x_wconf 87' lang='lat' dir='ltr'><strong>peccati.</strong></span> <span class='ocrx_word' id='word_1_973' title='bbox 3052 5006 3108 5063; x_wconf 88' lang='lat' dir='ltr'><strong>Si</strong></span> <span class='ocrx_word' id='word_1_974' title='bbox 3135 5022 3240 5061; x_wconf 90' lang='lat' dir='ltr'><strong>non</strong></span> <span class='ocrx_word' id='word_1_975' title='bbox 3268 5007 3583 5076; x_wconf 68' lang='lat' dir='ltr'><strong>prmeessis-</strong></span> 
     </span>
    </p>
   </div>
   <div class='ocr_carea' id='block_1_112' title="bbox 2001 5094 3581 5169">
    <p class='ocr_par' dir='ltr' id='par_1_112' title="bbox 2001 5094 3581 5169">
     <span class='ocr_line' id='line_1_112' title="bbox 2001 5094 3581 5169; baseline -0.003 -13"><span class='ocrx_word' id='word_1_976' title='bbox 2001 5109 2086 5156; x_wconf 86' lang='lat' dir='ltr'><strong>set</strong></span> <span class='ocrx_word' id='word_1_977' title='bbox 2126 5099 2376 5169; x_wconf 89' lang='lat' dir='ltr'><strong>iniquitas</strong></span> <span class='ocrx_word' id='word_1_978' title='bbox 2400 5139 2415 5163; x_wconf 90' lang='lat'><strong>,</strong></span> <span class='ocrx_word' id='word_1_979' title='bbox 2464 5112 2731 5168; x_wconf 88' lang='lat' dir='ltr'><strong>nunquam</strong></span> <span class='ocrx_word' id='word_1_980' title='bbox 2774 5096 3113 5152; x_wconf 86' lang='lat' dir='ltr'><strong>erubesceret</strong></span> <span class='ocrx_word' id='word_1_981' title='bbox 3155 5094 3385 5150; x_wconf 80' lang='lat' dir='ltr'><strong>auditas.</strong></span> <span class='ocrx_word' id='word_1_982' title='bbox 3434 5094 3581 5151; x_wconf 82' lang='lat' dir='ltr'><strong>Nudi</strong></span> 
     </span>
    </p>
   </div>
   <div class='ocr_carea' id='block_1_113' title="bbox 2001 5187 3582 5256">
    <p class='ocr_par' dir='ltr' id='par_1_113' title="bbox 2001 5187 3582 5256">
     <span class='ocr_line' id='line_1_113' title="bbox 2001 5187 3582 5256; baseline -0.004 -8"><span class='ocrx_word' id='word_1_983' title='bbox 2001 5192 2142 5248; x_wconf 88' lang='lat' dir='ltr'><strong>enim</strong></span> <span class='ocrx_word' id='word_1_984' title='bbox 2172 5198 2359 5256; x_wconf 87' lang='lat' dir='ltr'><strong>erant,</strong></span> <span class='ocrx_word' id='word_1_985' title='bbox 2387 5198 2444 5246; x_wconf 89' lang='lat' dir='ltr'><strong>et</strong></span> <span class='ocrx_word' id='word_1_986' title='bbox 2471 5205 2575 5244; x_wconf 92' lang='lat' dir='ltr'><strong>non</strong></span> <span class='ocrx_word' id='word_1_987' title='bbox 2597 5188 3071 5244; x_wconf 82' lang='lat' dir='ltr'><strong>confundebantur.</strong></span> <span class='ocrx_word' id='word_1_988' title='bbox 3099 5187 3215 5244; x_wconf 87' lang='lat' dir='ltr'><strong>Non</strong></span> <span class='ocrx_word' id='word_1_989' title='bbox 3253 5187 3397 5242; x_wconf 87' lang='lat' dir='ltr'><strong>enim</strong></span> <span class='ocrx_word' id='word_1_990' title='bbox 3421 5202 3582 5242; x_wconf 86' lang='lat' dir='ltr'><strong>com-</strong></span> 
     </span>
    </p>
   </div>
   <div class='ocr_carea' id='block_1_114' title="bbox 2066 5317 3589 5385">
    <p class='ocr_par' dir='ltr' id='par_1_114' title="bbox 2066 5317 3589 5385">
     <span class='ocr_line' id='line_1_114' title="bbox 2066 5317 3589 5385; baseline 0.001 -14"><span class='ocrx_word' id='word_1_991' title='bbox 2066 5327 2082 5358; x_wconf 73' lang='grc' dir='ltr'><strong>ι</strong></span> <span class='ocrx_word' id='word_1_992' title='bbox 2105 5328 2299 5385; x_wconf 68' lang='lat' dir='ltr'><strong>Am.l&#39;r.</strong></span> <span class='ocrx_word' id='word_1_993' title='bbox 2322 5328 2373 5372; x_wconf 91' lang='lat' dir='ltr'><strong>et</strong></span> <span class='ocrx_word' id='word_1_994' title='bbox 2396 5320 2638 5385; x_wconf 61' lang='lat' dir='ltr'><strong>Appendix</strong></span> <span class='ocrx_word' id='word_1_995' title='bbox 2662 5328 2808 5385; x_wconf 83' lang='lat' dir='ltr'><strong>_l.nv.,</strong></span> <span class='ocrx_word' id='word_1_996' title='bbox 2825 5321 2967 5375; x_wconf 75' lang='lat' dir='ltr'><strong>nolite</strong></span> <span class='ocrx_word' id='word_1_997' title='bbox 2989 5319 3204 5384; x_wconf 82' lang='lat' dir='ltr'><strong>adjicere</strong></span> <span class='ocrx_word' id='word_1_998' title='bbox 3238 5317 3589 5384; x_wconf 67' lang='lat' dir='ltr'><strong>cupiditatibus</strong></span> 
     </span>
    </p>
   </div>
   <div class='ocr_carea' id='block_1_115' title="bbox 2001 5381 2817 5445">
    <p class='ocr_par' dir='ltr' id='par_1_115' title="bbox 2001 5381 2817 5445">
     <span class='ocr_line' id='line_1_115' title="bbox 2001 5381 2817 5445; baseline -0.007 -7"><span class='ocrx_word' id='word_1_999' title='bbox 2001 5383 2311 5438; x_wconf 65' lang='lat' dir='ltr'><strong>saecularibus</strong></span> <span class='ocrx_word' id='word_1_1000' title='bbox 2337 5395 2356 5433; x_wconf 90' lang='lat'><strong><em>:</em></strong></span> <span class='ocrx_word' id='word_1_1001' title='bbox 2378 5381 2567 5445; x_wconf 67' lang='lat' dir='ltr'><strong>supple,</strong></span> <span class='ocrx_word' id='word_1_1002' title='bbox 2592 5382 2817 5435; x_wconf 71' lang='lat' dir='ltr'><strong>intimum.</strong></span> 
     </span>
    </p>
   </div>
   <div class='ocr_carea' id='block_1_116' title="bbox 2065 5441 3590 5508">
    <p class='ocr_par' dir='ltr' id='par_1_116' title="bbox 2065 5441 3590 5508">
     <span class='ocr_line' id='line_1_116' title="bbox 2065 5441 3590 5508; baseline -0.003 -12"><span class='ocrx_word' id='word_1_1003' title='bbox 2065 5449 2081 5465; x_wconf 89' lang='lat'><strong>&#39;</strong></span> <span class='ocrx_word' id='word_1_1004' title='bbox 2106 5446 2312 5508; x_wconf 77' lang='lat' dir='ltr'><strong>Collatus</strong></span> <span class='ocrx_word' id='word_1_1005' title='bbox 2331 5441 2721 5508; x_wconf 70' lang='lat' dir='ltr'><strong>cum’iritmslm.</strong></span> <span class='ocrx_word' id='word_1_1006' title='bbox 2747 5454 2801 5495; x_wconf 81' lang='lat' dir='ltr'><strong>et</strong></span> <span class='ocrx_word' id='word_1_1007' title='bbox 2840 5452 3045 5508; x_wconf 80' lang='lat' dir='ltr'><strong>quatuor</strong></span> <span class='ocrx_word' id='word_1_1008' title='bbox 3089 5442 3151 5493; x_wconf 89' lang='lat' dir='ltr'><strong>cl.</strong></span> <span class='ocrx_word' id='word_1_1009' title='bbox 3184 5455 3294 5492; x_wconf 78' lang='lat' dir='ltr'><strong>cum</strong></span> <span class='ocrx_word' id='word_1_1010' title='bbox 3329 5452 3379 5491; x_wconf 70' lang='grc' dir='ltr'><strong>ι.</strong></span> <span class='ocrx_word' id='word_1_1011' title='bbox 3424 5441 3512 5491; x_wconf 78' lang='lat' dir='ltr'><strong>ob.</strong></span> <span class='ocrx_word' id='word_1_1012' title='bbox 3547 5442 3590 5492; x_wconf 75' lang='grc' dir='ltr'><strong>ί.</strong></span> 
     </span>
    </p>
   </div>
   <div class='ocr_carea' id='block_1_117' title="bbox 2001 5505 3443 5571">
    <p class='ocr_par' dir='ltr' id='par_1_117' title="bbox 2001 5505 3443 5571">
     <span class='ocr_line' id='line_1_117' title="bbox 2001 5505 3443 5571; baseline -0.008 -14"><span class='ocrx_word' id='word_1_1013' title='bbox 2001 5506 2060 5558; x_wconf 88' lang='lat' dir='ltr'><strong>fs.</strong></span> <span class='ocrx_word' id='word_1_1014' title='bbox 2078 5521 2137 5571; x_wconf 9' lang='lat' dir='ltr'><strong>Vg.</strong></span> <span class='ocrx_word' id='word_1_1015' title='bbox 2173 5506 2233 5571; x_wconf 62' lang='grc' dir='ltr'><strong>ις.</strong></span> <span class='ocrx_word' id='word_1_1016' title='bbox 2258 5518 2432 5571; x_wconf 84' lang='lat' dir='ltr'><strong>m._pr.</strong></span> <span class='ocrx_word' id='word_1_1017' title='bbox 2469 5518 2561 5571; x_wconf 75' lang='lat' dir='ltr'><strong>rm.</strong></span> <span class='ocrx_word' id='word_1_1018' title='bbox 2589 5505 2666 5553; x_wconf 91' lang='lat' dir='ltr'><strong>vd.</strong></span> <span class='ocrx_word' id='word_1_1019' title='bbox 2694 5512 2745 5571; x_wconf 79' lang='lat' dir='ltr'><strong>et</strong></span> <span class='ocrx_word' id='word_1_1020' title='bbox 2760 5505 2870 5571; x_wconf 61' lang='lat' dir='ltr'><strong>cum</strong></span> <span class='ocrx_word' id='word_1_1021' title='bbox 2893 5515 2991 5555; x_wconf 67' lang='lat' dir='ltr'><strong>sm.</strong></span> <span class='ocrx_word' id='word_1_1022' title='bbox 3014 5512 3089 5555; x_wconf 82' lang='lat' dir='ltr'><strong>Er.</strong></span> <span class='ocrx_word' id='word_1_1023' title='bbox 3122 5512 3223 5554; x_wconf 82' lang='lat' dir='ltr'><strong>Par.</strong></span> <span class='ocrx_word' id='word_1_1024' title='bbox 3249 5510 3357 5553; x_wconf 67' lang='lat' dir='ltr'><strong>nov.</strong></span> <span class='ocrx_word' id='word_1_1025' title='bbox 3432 5538 3443 5546; x_wconf 87' lang='lat'><strong>.</strong></span> 
     </span>
    </p>
   </div>
   <div class='ocr_carea' id='block_1_118' title="bbox 2064 5565 2879 5628">
    <p class='ocr_par' dir='ltr' id='par_1_118' title="bbox 2064 5565 2879 5628">
     <span class='ocr_line' id='line_1_118' title="bbox 2064 5565 2879 5628; baseline -0.006 -11"><span class='ocrx_word' id='word_1_1026' title='bbox 2064 5565 2136 5628; x_wconf 74' lang='grc' dir='ltr'><strong>(ἂ)</strong></span> <span class='ocrx_word' id='word_1_1027' title='bbox 2163 5566 2299 5625; x_wconf 76' lang='lat' dir='ltr'><strong>Alias,</strong></span> <span class='ocrx_word' id='word_1_1028' title='bbox 2321 5565 2386 5617; x_wconf 82' lang='lat' dir='ltr'><strong>de</strong></span> <span class='ocrx_word' id='word_1_1029' title='bbox 2408 5567 2581 5616; x_wconf 86' lang='lat' dir='ltr'><strong>Verbis</strong></span> <span class='ocrx_word' id='word_1_1030' title='bbox 2600 5566 2778 5615; x_wconf 87' lang='lat' dir='ltr'><strong>Domini</strong></span> <span class='ocrx_word' id='word_1_1031' title='bbox 2802 5565 2879 5614; x_wconf 70' lang='grc' dir='ltr'><strong>ιο.</strong></span> 
     </span>
    </p>
   </div>
   <div class='ocr_carea' id='block_1_119' title="bbox 2064 5623 3601 5701">
    <p class='ocr_par' dir='ltr' id='par_1_119' title="bbox 2064 5623 3601 5701">
     <span class='ocr_line' id='line_1_119' title="bbox 2064 5623 3601 5701; baseline -0.001 -21"><span class='ocrx_word' id='word_1_1032' title='bbox 2064 5623 2145 5701; x_wconf 74' lang='grc' dir='ltr'><strong>(ὁ)</strong></span> <span class='ocrx_word' id='word_1_1033' title='bbox 2158 5623 2305 5701; x_wconf 65' lang='lat' dir='ltr'><strong>ttujus</strong></span> <span class='ocrx_word' id='word_1_1034' title='bbox 2322 5628 2877 5701; x_wconf 80' lang='lat' dir='ltr'><strong>sermonis_mentionem</strong></span> <span class='ocrx_word' id='word_1_1035' title='bbox 2896 5625 3007 5679; x_wconf 78' lang='lat' dir='ltr'><strong>facit</strong></span> <span class='ocrx_word' id='word_1_1036' title='bbox 3030 5626 3323 5690; x_wconf 74' lang='lat' dir='ltr'><strong>Augustinus</strong></span> <span class='ocrx_word' id='word_1_1037' title='bbox 3336 5624 3389 5674; x_wconf 75' lang='lat' dir='ltr'><strong>la</strong></span> <span class='ocrx_word' id='word_1_1038' title='bbox 3403 5623 3601 5678; x_wconf 72' lang='lat' dir='ltr'><strong>subse-</strong></span> 
     </span>
    </p>
   </div>
   <div class='ocr_carea' id='block_1_120' title="bbox 2001 5691 2608 5757">
    <p class='ocr_par' dir='ltr' id='par_1_120' title="bbox 2001 5691 2608 5757">
     <span class='ocr_line' id='line_1_120' title="bbox 2001 5691 2608 5757; baseline -0.013 -14"><span class='ocrx_word' id='word_1_1039' title='bbox 2001 5691 2170 5757; x_wconf 76' lang='lat' dir='ltr'><strong>qucnti</strong></span> <span class='ocrx_word' id='word_1_1040' title='bbox 2195 5698 2412 5751; x_wconf 78' lang='lat' dir='ltr'><strong>tractatu,</strong></span> <span class='ocrx_word' id='word_1_1041' title='bbox 2433 5702 2538 5754; x_wconf 85' lang='lat' dir='ltr'><strong>cap.</strong></span> <span class='ocrx_word' id='word_1_1042' title='bbox 2562 5691 2608 5738; x_wconf 81' lang='grc'><strong>5.</strong></span> 
     </span>
    </p>
   </div>
  </div>
