3934 6184
226 354 336 428 eis

222 498 240 535 τ
263 499 311 539 si
341 478 508 554 piima
548 462 755 546 mulii-r,
788 472 880 550 per
910 462 1239 550 qnain’vvnit
1269 471 1570 548 peccatum,
1606 466 1674 529 de
1702 472 1819 527 viro

200 579 352 631 'sEne
403 574 595 629 ietnina
629 591 641 626 :
689 577 766 627 sic
793 573 891 638 vir,
936 587 1028 642 per
1056 562 1214 641 quem
1244 570 1477 624 deletum
1519 576 1600 623 est
1632 578 1822 639 pecca-

229 678 365 735 tum,
397 665 464 721 de
514 663 709 719 femina
754 648 871 718 sine
922 663 1056 716 viro.
1110 661 1212 716 Per
1260 660 1411 714 illum
1465 656 1690 723 ruimus,
1728 656 1825 728 'per

232 736 374 815 illlliL
404 759 691 826 surgimus.
715 755 781 810 Et
802 754 927 825 quid
952 756 1002 808 in
1033 754 1162 824 ipsis
1188 753 1388 823 nuptiis
1416 748 1568 807 fecit?
1592 750 1667 806 De
1689 766 1821 820 aqua

232 858 439 904 vinum.
474 848 613 917 Quid
647 848 955 919 potentius?
990 846 1093 913 Qui
1127 856 1332 917 poterat
1365 845 1488 899 talia
1522 845 1715 909 facere,
1743 842 1823 897 di-

202 950 425 1013 ‘g‘natus
451 952 543 997 est
574 942 831 1007 indigere.
864 938 963 1009 Qui
996 936 1118 994 fecit
1145 938 1211 993 de
1238 952 1373 1007 aqua
1410 937 1613 1001 vinum,
1653 936 1826 1009 potuit

202 1035 415 1087 Tacere
451 1041 503 1087 et
532 1031 599 1085 de
630 1026 893 1101 lapidibus
923 1044 1134 1100 panem.
1168 1027 1366 1083 Eadem
1405 1028 1638 1099 potentia
1665 1039 1777 1082 erat
1808 1044 1820 1079 :

230 1124 329 1179 sed
376 1135 504 1178 tunc
557 1106 802 1177 diabolus
835 1122 1072 1185 tentavit,
1108 1121 1231 1175 ideo
1269 1121 1513 1176 Christus
1541 1134 1644 1175 non
1678 1119 1822 1175 fecit.

233 1215 397 1270 Scitis
422 1216 564 1269 enim
602 1212 723 1285 quia
753 1213 963 1283 quamio
993 1222 1224 1267 tentatus
1258 1223 1341 1268 est
1386 1213 1638 1267 Dominus
1672 1212 1827 1267 Chri-

233 1316 375 1371 stus,
420 1290 520 1360 hoe
565 1306 612 1359 ei
643 1304 905 1375 suggessit
948 1302 1208 1357 diabolus.
1240 1303 1472 1358 Esurivit
1504 1304 1668 1369 enim,
1705 1304 1825 1374 quia

233 1405 294 1452 ct
318 1397 424 1452 hoc
444 1398 686 1467 dignatus
709 1408 811 1462 est,
844 1388 964 1467 quia
991 1406 1043 1451 et
1071 1397 1171 1451 hoc
1198 1394 1265 1451 ad
1293 1396 1644 1451 humilitatem
1665 1398 1827 1467 perti-

234 1491 375 1545 nuit.
408 1490 637 1545 Esurivit
666 1491 837 1560 putus,
868 1492 1004 1546 sicut
1030 1488 1226 1546 deiecit
1251 1488 1355 1557 via,
1386 1490 1524 1546 sicut
1556 1490 1827 1545 vulnerata

234 1593 322 1640 est
350 1587 570 1651 sanitas,
599 1588 732 1641 sicut
760 1598 966 1641 mortua
993 1597 1074 1641 est
1108 1586 1232 1642 vita.
1261 1584 1394 1640 Cum
1427 1600 1552 1657 ergo
1580 1585 1826 1650 esuriret,

236 1686 298 1733 ut
325 1681 516 1743 nostis,
550 1679 623 1734 ait
657 1676 730 1734 illi
762 1687 991 1734 tentatur
1020 1698 1032 1733 :
1065 1677 1126 1735 Si
1156 1678 1324 1733 Filius
1360 1676 1453 1733 Dei
1478 1696 1551 1745 es,
1582 1678 1664 1732 dic
1694 1678 1828 1747 lapi-

236 1769 388 1823 dibus
425 1770 535 1823 istis
567 1778 622 1824 ut
652 1788 805 1841 panes
844 1772 989 1840 ﬁant.
1023 1770 1089 1826 Et
1133 1770 1407 1842 rCSpoudit
1429 1769 1694 1834 tentatori,
1730 1770 1829 1824 do-

172 1892 179 1897 -
236 1878 369 1915 cens
429 1871 480 1915 le
511 1861 832 1930 respondere
885 1864 1157 1917 tentatori.
1196 1862 1277 1917 Ad
1315 1858 1419 1918 hoc
1464 1860 1606 1917 enim
1638 1872 1833 1932 pugnat

232 1956 558 2026 imperator,
587 1967 644 2011 ut
664 1956 859 2011 milites
887 1956 1113 2011 discant.
1143 1955 1279 2022 Quid
1307 1955 1613 2025 respondit?
1634 1953 1756 2008 Non
1778 1955 1830 2009 in

237 2050 348 2101 solo
373 2065 506 2116 pane
528 2046 641 2100 vivit
665 2046 833 2113 homo,
862 2049 951 2102 sed
974 2049 1025 2102 in
1056 2049 1191 2103 omni
1218 2048 1362 2102 verba
1389 2046 1500 2104 Dei.
1530 2045 1599 2103 Et
1623 2063 1729 2102 non
1757 2047 1834 2125 le-

238 2139 315 2191 cit
361 2137 428 2191 de
460 2137 725 2208 "lapidibus
754 2154 937 2208 panes,
967 2139 1054 2211 qui
1085 2137 1266 2210 utique
1309 2138 1384 2193 sic
1416 2136 1587 2211 potuit
1630 2138 1825 2205 facere,

240 2228 385 2283 sicut
413 2229 480 2283 de
509 2246 641 2298 aqua
684 2231 887 2285 vimnu.
913 2228 1162 2299 Ejusdem
1193 2230 1335 2285 enim
1367 2228 1617 2302 potentia:
1645 2240 1727 2286 est
1753 2230 1833 2285 l'a-

238 2332 372 2371 cere
402 2318 467 2372 de
504 2315 677 2388 lapide
707 2335 893 2388 panem
925 2338 938 2373 :
968 2315 1062 2375 sed
1103 2335 1207 2375 non
1239 2317 1386 2387 iecit,
1421 2327 1476 2376 ut
1504 2320 1834 2377 voluntatem

238 2416 613 2464 contcumcret
646 2407 940 2465 tentatoris.
978 2411 1146 2466 Aliter
1167 2410 1309 2466 enim
1341 2418 1571 2467 teutator
1592 2429 1698 2467 non
1719 2414 1836 2469 vin-

238 2498 407 2564 citur,
443 2499 545 2557 nisi
599 2503 988 2559 contemnatur.
1035 2500 1105 2558 Et
1148 2519 1270 2559 cum
1303 2502 1517 2559 vicisset
1565 2502 1836 2563 diabolum

244 2602 595 2665 lentatorem,
651 2584 1186 2668 veneruttt‘Angeli,
1247 2608 1300 2652 et
1365 2596 1737 2654 ministrabant
1785 2600 1836 2654 ei

245 2672 444 2757 (Matth
497 2704 576 2753 tv,
626 2683 763 2753 2,3,
813 2687 868 2755 4,
905 2687 1016 2761 10).
1064 2684 1165 2757 Qui
1211 2704 1340 2759 ergo
1372 2698 1576 2744 tantum
1605 2699 1832 2760 poterat,

239 2794 411 2848 quare
443 2774 569 2853 illud
595 2795 696 2833 non
728 2776 868 2842 fecit,
890 2770 951 2834 et
981 2779 1081 2834 hoc
1108 2776 1266 2835 fecit?
1294 2780 1461 2853 Lege,
1491 2780 1599 2836 imo
1628 2778 1830 2851 recole,

239 2870 387 2940 quod
416 2869 578 2927 modo
604 2869 817 2939 audisti,
847 2871 1060 2944 quando
1088 2872 1209 2929 fecit
1237 2869 1360 2940 hoc,
1394 2867 1447 2928 id
1474 2883 1576 2939 est,
1605 2870 1671 2928 de
1699 2888 1835 2943 aqua

239 2954 429 3020 viuum
467 2982 481 3016 :
515 2964 639 3035 quid
689 2960 891 3020 addidit
938 2965 1312 3037 Evangelista?
1340 2958 1407 3019 Et
1431 2956 1752 3018 crediderunt
1782 2965 1835 3018 in

240 3072 360 3109 eum
388 3055 631 3127 discipuli
655 3056 785 3128 ejus.
815 3055 1078 3131 Numquid
1108 3066 1232 3113 tunc
1258 3050 1502 3111 diabolus
1519 3053 1692 3110 fuerat
1713 3070 1834 3109 cre-

242 3144 487 3201 diturus?
1133 3132 1136 3141 ’

318 3238 550 3298 CAPUT
590 3236 675 3297 ill.
705 3242 851 3298 —.3.
891 3236 984 3295 Via
1012 3241 1081 3296 ad
1105 3241 1324 3310 patrium
1356 3232 1581 3295 Christus
1607 3235 1832 3294 humilis.

242 3324 348 3400 Qui
373 3347 504 3403 ergo
554 3341 694 3387 tanta
727 3333 918 3407 potuit,
967 3332 1209 3398 esui-ivit,
1242 3331 1423 3396 sitivit,
1453 3326 1699 3402 fatigatus
1720 3339 1829 3399 est,

242 3423 522 3493 dormivit,
573 3410 993 3499 comprehensus
1041 3430 1145 3490 est,
1194 3437 1366 3487 etesiis
1416 3430 1519 3487 est,
1550 3419 1836 3477 cruciﬁxus

244 3525 353 3583 cst,
383 3517 594 3573 occisus
613 3525 725 3570 est.
742 3515 848 3577 ista
873 3524 956 3572 est
980 3517 1062 3573 via
1085 3515 1330 3573 :ambula
1350 3531 1444 3595 per
1459 3514 1833 3580 humilitatem,

247 3616 310 3659 ut
332 3606 514 3663 venias
561 3605 628 3661 ad
675 3607 1051 3685 aeternitatem.
1087 3606 1509 3677 DeusChnistus
1550 3606 1715 3675 patria
1755 3614 1839 3661 est

244 3710 361 3767 quo
383 3697 523 3765 imus
550 3715 564 3750 :
595 3696 755 3769 homo
783 3697 1027 3769 Christus
1053 3698 1134 3753 via
1160 3705 1243 3755 est
1268 3712 1370 3769 qua
1401 3697 1559 3755 imus.
1580 3695 1662 3750 Ad
1687 3696 1834 3759 illum

248 3787 425 3863 imus,
446 3802 541 3859 per
570 3788 739 3859 illum,
762 3789 900 3863 imus
928 3805 946 3840 ;
976 3787 1113 3860 quid
1153 3789 1401 3853 timemus
1444 3804 1513 3844 ne
1561 3787 1837 3855 erremus?

242 3876 370 3935 Non
400 3875 629 3957 recessit
647 3894 676 3931 a
706 3878 887 3949 Patre,
909 3889 963 3933 et
989 3880 1133 3947 venit
1157 3880 1229 3939 ad
1251 3895 1369 3937 nos.
1397 3879 1565 3939 Ubera
1589 3880 1834 3955 sugebat,
1884 3946 1893 3957 ο

243 3969 599 4033 ειειιωιιιιιιω,
616 3968 939 4026 continebat.
961 3971 1014 4027 lu
1038 3972 1261 4042 prtesepi
1278 3971 1510 4043 jaceliat,
1531 3982 1585 4028 et
1602 3972 1838 4045 Angelos

246 4061 527 4130 gemebat.
560 4062 705 4123 Deus
730 4075 784 4119 et
810 4062 993 4135 homo,
1031 4064 1171 4133 idem
1197 4065 1335 4131 Dem
1361 4065 1455 4138 qui
1482 4050 1665 4135 homo.
1694 4066 1835 4137 idem

246 4151 419 4209 homo
461 4154 548 4223 qui
605 4153 769 4235 Deus.
804 4155 911 4213 Sed
961 4172 1087 4213 nou'
1113 4156 1254 4225 unde
1292 4157 1483 4224 homo,
1516 4157 1639 4217 inde
1669 4158 1835 4227 Deus.

248 4245 421 4329 Deus,
444 4245 577 4317 quia
617 4246 848 4307 Verbum
894 4265 917 4303 τι
940 4247 1120 4314 homo,
1174 4248 1298 4318 quia
1328 4247 1567 4307 Verbum.
1598 4263 1731 4305 caro.
1762 4248 1838 4307 fa-

242 4348 402 4393 ctum
428 4347 622 4405 est5,et
648 4338 801 4401 Deus
830 4338 1133 4406 uiaticum,
1157 4349 1213 4397 et
1241 4340 1472 4397 hominis
1505 4355 1840 4405 carnemps-
1861 4371 1890 4419 ιτ

244 4428 549 4497 sumendo;
588 4429 833 4493 addendo
884 4428 1029 4501 quod
1075 4448 1180 4497 non
1228 4444 1377 4500 erat,
1414 4447 1521 4491 non
1566 4432 1838 4503 perdenda

245 4521 398 4588 quod
426 4529 561 4574 erat.
605 4519 751 4590 Ergo
769 4529 824 4576 et
861 4521 1020 4577 modo
1052 4522 1385 4592 jampassus
1404 4539 1504 4593 per
1541 4524 1708 4594 ipsam
1735 4524 1838 4581 hu-

248 4609 560 4679 militatem,
571 4611 681 4678 jam
709 4621 975 4679 mortuus,
987 4612 1099 4682 jam
1113 4614 1377 4683 sepultus,
1389 4614 1500 4684 jam
1516 4614 1836 4682 resurrexit,
1882 4678 1889 4685 ,

241 4702 361 4772 iam
393 4702 635 4757 ascendit
665 4703 717 4757 in
746 4706 963 4777 emtum,
990 4704 1061 4759 ibi
1099 4714 1185 4759 est
1216 4714 1277 4771 et
1300 4705 1453 4762 sedet
1473 4705 1540 4760 ad
1565 4706 1839 4763 dexteram

251 4793 432 4850 Patris
463 4814 478 4849 :
507 4804 561 4850 et
592 4796 677 4851 hic
718 4802 1003 4881 est‘egcns
1050 4798 1103 4851 in
1142 4797 1463 4869 pauperibus
1488 4801 1617 4851 suis.
1664 4797 1839 4852 Etiam

250 4891 516 4945 hesterno
561 4890 650 4946 die
677 4892 777 4948 hoc
821 4892 1187 4949 commendavi
1233 4890 1490 4949 Charitati
1534 4891 1842 4957 vestncUu

244 4982 519 5050 superiore
553 4986 824 5055 sermone).
853 4994 1073 5054 propter
1115 4983 1243 5039 illud
1280 4982 1431 5054 quod
1471 4984 1609 5039 dixit
1645 4982 1842 5039 Nutha-

244 5072 403 5127 meli
432 5091 449 5127 :
482 5072 667 5144 Hujus-
705 5076 784 5129 Itis
829 5075 1034 5130 videbis.
1091 5074 1221 5129 Dico
1254 5076 1393 5131 enim
1432 5074 1587 5140 vobis,
1615 5074 1841 5130 videbitis

242 5165 442 5215 emtum
490 5179 567 5232 ap.
586 5175 738 5229 rtum,
769 5174 813 5218 et
840 5166 1058 5236 Angelos
1103 5165 1195 5220 Dei
1221 5165 1543 5222 ascendentes
1565 5176 1613 5221 et
1637 5165 1842 5220 descen-

245 5253 436 5309 dentes
461 5254 531 5307 ad
562 5253 749 5310 Filium
777 5256 992 5312 hominis
1034 5256 1212 5331 (Joan.
1240 5274 1278 5323 ι,
1307 5259 1395 5325 50,
1585 5256 1842 5331 Qu:_rsivi-

245 5332 537 5416 musrquid
568 5359 729 5417 esset,
761 5359 814 5404 ct
865 5346 953 5405 diu
1007 5348 1166 5406 locuti
1196 5367 1393 5423 sumus
1429 5369 1442 5403 :
1487 5348 1740 5420 numquid
1785 5356 1840 5403 et

247 5435 422 5492 hodie
443 5436 627 5491 eadem
650 5439 906 5508 replicare
925 5436 1182 5497 debemus
1197 5440 1220 5494 ?
1235 5436 1335 5510 Qui
1360 5440 1643 5494 adfuerunt
1662 5453 1842 5493 recor-

243 5527 457 5583 dentur
480 5548 492 5580 :
519 5529 748 5586 breviter
770 5541 948 5587 tamen
975 5546 1359 5589 Commemoro.

330 5616 558 5677 CAPUT
598 5622 771 5677 IV.—
797 5624 852 5680 ι.
883 5623 1112 5682 Christus
1162 5634 1210 5682 et
1245 5642 1449 5681 sursum
1488 5633 1537 5680 et
1587 5624 1840 5679 deorsum.

241 5712 496 5767 Christus
514 5724 559 5768 et
582 5715 718 5771 dives
735 5726 781 5770 et
801 5733 1009 5789 pauper.
1026 5717 1142 5774 Non
1160 5717 1379 5784 diceret,
1416 5716 1755 5772 Assendentes
1777 5717 1846 5771 ad

250 5804 465 5861 Filium
491 5808 728 5877 hominis,
778 5810 875 5865 nisi
903 5826 1110 5865 sursum
1139 5819 1280 5868 esset
1312 5824 1466 5864 :‘nou
1498 5807 1716 5877 diceret,
1752 5810 1841 5862 de-

1614 349 1847 414 SERMO
1882 346 2118 413 CXXW.

1912 4058 2045 4127 test.
2092 4048 2385 4105 Primordia
2429 4062 2603 4107 vestra
2651 4059 2908 4114 attendite

1928 4134 2091 4196 ‘estis.
2122 4141 2183 4196 Et
2213 4152 2265 4198 tu
2297 4159 2423 4217 ergo
2445 4134 2615 4200 nudus
2646 4157 2800 4209 natus
2826 4166 2903 4201 es.
2930 4150 3087 4209 Multa
3122 4153 3205 4227 hic
3234 4144 3477 4217 invenisti
3505 4179 3518 4215 :

3400 364 3505 430 686

1930 470 2219 523 scandentes
2243 471 2310 523 ad
2352 469 2543 525 Filium
2568 472 2803 541 hominis,
2847 476 2946 531 nisi
2976 486 3028 531 et
3053 474 3301 538 deorsum
3345 498 3509 542 esset.

1930 561 2048 629 ipse
2072 575 2304 628 sursum,
2346 563 2462 634 ipse
2489 565 2738 621 deorsum
2772 587 2784 623 :
2817 584 3025 625 sursum
3059 573 3110 627 in
3138 588 3217 641 se,
3260 574 3511 634 deorsum

1926 652 1983 706 in
2010 654 2156 717 suis;
2194 670 2404 710 sursum
2452 656 2591 727 apud
2646 658 2875 726 Patrem,
2924 664 3175 721 deorsum
3230 668 3282 722 in
3334 668 3510 725 nobis.

1932 745 2082 802 Unde
2114 758 2169 801 et
2196 764 2298 802 vox
2347 749 2435 804 illa
2478 751 2544 806 ad
2571 751 2810 819 Saulum,
2847 753 3022 831 Salnle,
3059 758 3237 827 Smth’,
3282 764 3401 831 quia
3435 780 3516 818 me

1930 839 2239 915 persequeris
2281 841 2414 911 (Act.
2448 857 2521 910 ts,
2553 845 2632 913 4).
2671 844 2788 900 Non
2841 838 3063 914 diei-ret,
3098 848 3275 915 Suule,
3327 850 3501 920 Sexte,

1930 928 2030 983 nisi
2062 931 2182 1001 quia
2210 946 2423 986 sursum
2443 942 2583 1013 crat.
2611 928 2831 990 Sursum
2874 955 2993 992 eum
3025 936 3217 994 Saulus
3258 956 3362 997 non
3390 948 3506 1013 pe‘r-

1922 1023 2253 1092 sequebatur
2297 1042 2310 1077 :
2345 1006 2449 1079 non
2483 1020 2704 1094 diceret,
2744 1028 2879 1095 Quid
2925 1046 3003 1087 me
3043 1016 3394 1105 persequeris?
3423 1041 3509 1109 qui

1930 1122 2143 1168 sursum
2175 1125 2311 1181 erat,
2340 1117 2441 1171 nisi
2468 1128 2611 1174 esset
2637 1128 2690 1176 et
2714 1122 2984 1179 deorsum.
3017 1122 3221 1184 Timete
3243 1118 3512 1188 Christum

1930 1204 2164 1271 sursum,
2205 1211 2475 1278 agnoscite
2504 1210 2772 1268 deorsum.
2818 1216 2962 1273 llabe
3006 1217 3273 1277 Christum
3305 1240 3512 1281 sursum

1932 1293 2265 1365 iargientem,
2293 1298 2381 1355 hic
2403 1317 2631 1372 agnosce
2668 1305 3012 1376 indigentem.
3046 1311 3141 1367 ilic
3180 1324 3380 1385 pauper
3408 1331 3511 1378 ctu.

1933 1388 2005 1443 ibi
2030 1389 2179 1445 dives
2208 1401 2308 1446 est.
2336 1393 2486 1461 Quod
2514 1394 2599 1450 hic
2624 1412 2828 1467 pauper
2853 1411 2931 1454 est
2953 1401 3213 1469 Christus,
3245 1424 3339 1476 pro
3362 1410 3513 1464 nobis

1933 1478 2046 1550 ipse
2078 1481 2305 1551 loquitur
2334 1502 2346 1536 :
2377 1482 2597 1554 Esurivi,
2627 1488 2779 1554 sitivi,
2808 1491 2974 1544 multis
2999 1495 3094 1564 fui,
3128 1495 3307 1568 hospes
3333 1498 3427 1569 fui,
3456 1501 3511 1553 in

1933 1587 2134 1626 carcere
2180 1573 2274 1643 fui.
2324 1572 2391 1629 Et
2432 1576 2746 1647 quibusdam
2790 1581 2941 1646 dixit,
2996 1583 3319 1643 Ministrastis
3350 1592 3471 1644 mihi
3497 1606 3518 1646 :

1934 1664 2251 1732 quibusdam
2288 1666 2440 1733 dixit,
2476 1666 2595 1723 Non
2623 1671 2748 1725 mihi
2795 1674 3113 1731 ministrastis
3140 1675 3352 1748 (Matth.
3381 1700 3515 1749 xxv,

1934 1752 2147 1825 55-45).
2174 1755 2311 1811 Ecce
2333 1759 2670 1828 probavimus
2695 1762 2965 1818 Clu-istum
2994 1780 3278 1838 pauperem
3315 1791 3329 1827 :
3360 1772 3518 1829 Citri-

1934 1856 2074 1901 stum
2114 1837 2332 1903 divitem
2362 1851 2478 1919 quis
2528 1852 2731 1908 nescit?
2760 1857 2823 1909 Et
2879 1856 2963 1911 hic
3012 1860 3076 1911 ad
3102 1837 3257 1932 ipsas
3308 1862 3519 1921 divitias

1936 1939 2329 2009 pertinebat,ut
2367 1959 2558 2014 aquam
2588 1946 2639 1999 iu
2680 1947 2857 2004 vinum
2892 1961 3143 2007 verteret.
3175 1954 3228 2010 Si
3264 1957 3410 2012 dives
3437 1971 3519 2016 est

1936 2031 2023 2098 qui
2057 2030 2219 2087 habet
2248 2033 2447 2100 vinum,
2499 2037 2671 2105 qualis
2701 2039 2847 2094 dives
2881 2050 2962 2095 est
2995 2042 3085 2112 qui
3129 2042 3254 2100 facit
3301 2046 3519 2104 vinum?

1937 2120 2078 2193 Ergo
2110 2122 2260 2177 dives
2287 2132 2342 2178 et
2361 2142 2561 2195 pauper
2578 2128 2822 2185 Christus
2855 2150 2867 2184 :
2902 2143 3148 2205 tauquam
3182 2136 3321 2193 Deus
3345 2139 3517 2205 dives,

1936 2219 2185 2285 tanquam
2211 2215 2369 2269 homo
2396 2230 2616 2286 pauper.
2634 2216 2747 2274 Jam
2770 2232 2821 2274 et
2845 2223 2958 2293 ipse
2977 2221 3137 2279 homo
3161 2225 3310 2283 dives
3328 2244 3520 2286 ascen-

1938 2304 2014 2360 dit
2053 2305 2103 2360 in
2136 2308 2349 2371 etelum,
2378 2309 2611 2366 sedi-tad
2640 2309 2881 2368 dextram
2906 2317 3074 2373 Patris
3105 2336 3118 2372 :
3145 2317 3316 2377 adhuc
3344 2330 3520 2379 tamen

1939 2396 2027 2455 hic
2076 2413 2278 2469 pauper
2319 2402 2504 2468 esurit,
2542 2404 2674 2469 sitit,
2723 2406 2895 2461 nudus
2921 2417 3022 2465 est.

2011 2487 2236 2547 CAPUT
2276 2491 2341 2545 ν.
2365 2523 2435 2533 -—-
2464 2491 2517 2548 5.
2562 2492 2736 2550 Ouutis
2774 2498 2922 2553 homo
2953 2516 3145 2572 pauper
3171 2513 3217 2559 et
3260 2506 3518 2564 ntcmlicus

1941 2579 2057 2639 Dci.
2081 2581 2158 2637 To
2194 2583 2317 2652 quid
2344 2583 2438 2640 es?
2486 2580 2663 2654 Dives,
2691 2601 2757 2641 an
2786 2592 3018 2661 pauper?
3071 2589 3220 2650 Multi
3267 2596 3396 2652 mihi
3436 2597 3522 2654 di-

1939 2684 2085 2741 cunt,
2117 2672 2326 2746 Pauper
2344 2691 2460 2731 sum
2498 2694 2511 2730 :
2537 2684 2589 2733 ct
2617 2690 2797 2733 verum
2822 2682 3024 2738 dicunt.
3047 2685 3294 2755 Agnosco
3322 2704 3521 2761 paupe-

1941 2779 2052 2818 rem
2083 2764 2285 2834 aliquid
2328 2765 2635 2836 habentem,
2678 2784 2911 2843 agnosco
2954 2780 3008 2829 et
3036 2775 3380 2846 indigentem.
3414 2776 3521 2837 Sed

1940 2853 2102 2913 habet
2128 2853 2341 2927 quidam
2365 2854 2586 2943 multum
2614 2863 2729 2916 auri
2769 2873 2825 2919 et
2862 2866 3086 2936 argenti.
3125 2866 3171 2925 0
3205 2870 3249 2925 si
3272 2885 3523 2943 agnoscat

1940 2959 1998 3000 se
2043 2948 2360 3019 pauperem!
2400 2952 2657 3020 Agnoscit
2706 2967 2764 3007 se
2811 2968 3135 3033 lmttperCm,
3194 2955 3239 3014 si
3281 2965 3522 3032 agnoscit

1934 3037 2083 3108 juxta
2128 3055 2187 3095 se
2218 3053 2522 3112 pauperem.
2555 3043 2691 3112 Quid
2723 3046 2902 3102 enim?
2928 3038 3275 3116 Quantumvis
3320 3051 3520 3129 habeas

1920 3129 2447 3219 ‘quicunuptedivcs‘
2485 3150 2563 3200 es,
2609 3135 2699 3211 Dei
2747 3139 3020 3201 tnetnlieus
3072 3160 3150 3207 es.
3186 3143 3406 3202 Venitur
3451 3149 3519 3205 ad

1942 3217 2128 3276 horam
2155 3214 2428 3291 orationis,
2449 3234 2496 3279 el
2523 3224 2593 3280 ibi
2622 3230 2672 3281 te
2703 3229 2893 3299 probo.
2921 3225 3080 3288 Petis.
3105 3230 3386 3304 Quomodo
3417 3256 3522 3297 non

1942 3325 2145 3381 pauper
2176 3327 2254 3379 es,
2287 3314 2373 3384 qui
2402 3314 2574 3384 petis?
2618 3318 2742 3373 Plus
2785 3320 2945 3389 addo,
3003 3323 3202 3380 Panem
3251 3324 3407 3397 petis.
3439 3332 3522 3386 An

1942 3416 2050 3456 non
2079 3416 2138 3465 es
2177 3403 2433 3481 dicturus,
2475 3404 2668 3461 Panem
2697 3421 2920 3465 nostrum
2942 3416 3290 3484 quotidianum
3326 3415 3394 3473 da
3431 3438 3526 3475 no-

1941 3497 2014 3552 bis
2039 3492 2249 3570 (Matth.
2300 3515 2371 3566 vt,
2421 3497 2547 3572 ii)?
2597 3502 2694 3570 Qui
2744 3520 2931 3575 panem
2975 3506 3339 3578 quotidianum
3364 3515 3522 3583 petis,

1943 3603 2146 3660 pauper
2187 3604 2266 3654 es,
2322 3607 2389 3644 an
2415 3588 2598 3646 dives?
2626 3588 2692 3647 Et
2738 3603 2910 3651 tamen
2939 3594 3181 3654 Christus
3211 3600 3338 3659 dicit
3382 3604 3472 3661 tibi
3508 3624 3522 3660 :

1942 3680 2018 3737 lia
2055 3680 2183 3753 mihi
2225 3699 2287 3737 ex
2320 3699 2385 3738 eo
2412 3678 2553 3754 quod
2580 3682 2700 3745 dedi
2750 3684 2860 3742 tibi.
2907 3688 3044 3757 Quid
3087 3690 3233 3748 enim
3275 3698 3520 3765 attulisti,

1943 3772 2155 3844 quando
2194 3771 2297 3829 huc
2329 3772 2563 3831 venisti?
2592 3779 2778 3835 Omnia
2808 3796 2925 3851 quae
2954 3784 3150 3854 crcavi,
3201 3799 3413 3844 creatus
3439 3786 3526 3845 hic

1945 3863 2190 3945 invenisti
2212 3885 2223 3919 :
2247 3866 2375 3922 nihil
2394 3868 2633 3935 attulisti,
2658 3870 2786 3925 nihil
2804 3870 2925 3929 hinc
2946 3876 3117 3932 tolles.
3152 3879 3222 3945 De
3242 3895 3364 3935 meo
3393 3882 3522 3938 mihi

1943 3942 2107 4039 quare
2135 3973 2239 4011 non
2273 3950 2626 4027 donas?’Quia
2656 3972 2707 4014 tu
2732 3956 2919 4032 plenus
2945 3979 3024 4034 cs,
3044 3976 3097 4022 et
3127 3942 3327 4041 pauper
3352 3972 3526 4028 inanis

2956 4078 2969 4113 :
3015 4062 3175 4120 ambo
3231 4066 3356 4121 nudi
3413 4072 3521 4125 nati

1944 4230 2201 4307 numquid
2233 4246 2407 4290 tecum
2433 4235 2628 4319 aliquid
2652 4235 2908 4307 attulisti?
2937 4243 3007 4298 De
3031 4261 3149 4300 meo
3178 4264 3395 4317 qttmro:
3430 4252 3521 4319 da,

1943 4336 1997 4380 el
2024 4324 2205 4381 reddo.
2235 4324 2587 4385 llahuisti‘me
2610 4327 2936 4403 iat'gitorem,
2970 4328 3048 4390 iac
3072 4330 3178 4392 cito
3200 4338 3517 4398 debitorem.

1945 4414 2136 4471 Parum
2159 4427 2240 4472 est
2264 4410 2403 4489 quod
2426 4406 2557 4484 dixi,
2587 4414 2822 4476 liabuisti
2846 4422 3287 4497 tne‘largitorcm,
3318 4433 3399 4493 lae
3433 4451 3520 4491 me

1944 4508 2236 4586 debitorem
2265 4526 2278 4560 :
2314 4510 2535 4565 habeam
2562 4520 2612 4567 te
2639 4510 3011 4571 lem-ratorem.
3049 4515 3220 4575 Pauca
3247 4522 3374 4581 mihi
3402 4523 3519 4589 das,

1947 4600 2096 4671 plura
2126 4596 2371 4671 reddam.
2392 4601 2623 4659 Terrena
2675 4606 2801 4658 mihi
2844 4599 2961 4672 das,
2999 4605 3234 4665 cmicstia
3274 4614 3519 4670 reddam.

1947 4692 2278 4763 Temporalia
2307 4688 2433 4749 mihi
2456 4696 2570 4762 das,
2593 4690 2790 4751 teterua
2814 4701 3107 4756 restituam.
3128 4703 3169 4757 Τ
3173 4721 3204 4759 e
3232 4704 3404 4775 ipsum
3427 4709 3520 4764 tibi

1948 4780 2187 4849 reddam,
2221 4782 2434 4855 quando
2465 4793 2517 4840 te
2544 4780 2670 4839 mihi
2702 4785 3001 4843 reddidero.

2404 4896 2639 4954 smnio
2680 4891 2894 4963 cxxn'
2920 4905 2933 4920 ·
2965 4864 3064 4971 (u).

1938 5008 2029 5064 ὐς
2044 5011 2208 5064 verbis
2238 5009 2497 5077 Evangelii
2541 5007 2777 5072 Joannis,
2810 5009 2901 5064 Est
2942 5024 3120 5069 autem
3169 5013 3518 5090 Jerosolymis

2154 5101 2434 5155 Probatica
2460 5100 2681 5168 piscina,
2712 5111 2806 5153 etc.
2829 5099 2956 5170 Cap.
2990 5118 3040 5167 v,
3082 5103 3115 5173 ᾖ
3141 5144 3154 5159 .
3185 5103 3308 5160 2-4.

2016 5212 2241 5270 CAPUT
2266 5209 2562 5269 ῬΒῘΜΙῘΜ.
2594 5244 2665 5253 -—
2716 5212 2767 5268 Ι.
2802 5211 3008 5283 Λίῃνοιὶ
3035 5217 3103 5271 ad
3144 5217 3388 5287 piscinam
3437 5238 3523 5276 slt-

1948 5307 2086 5362 natio
2126 5304 2222 5378 fuit
2266 5305 2549 5377 ﬁgurdtiva.
2595 5305 2976 5360 ReeentiSsima
3015 5309 3031 5341 ¹
3075 5309 3125 5363 ἰιι
3161 5311 3376 5367 auribus
3419 5329 3519 5368 no-

1949 5400 2074 5454 stris
2103 5397 2280 5452 sonuit
2324 5386 2626 5468 evangelica
2666 5396 2841 5456 lcetio.
2879 5406 2933 5452 et
2979 5398 3047 5453 ad
3091 5401 3519 5471 cognoscendum

1949 5490 2071 5561 quid
2109 5490 2207 5544 sibi
2235 5490 2571 5558 vellentque
2615 5488 2745 5543 lecta
2787 5498 2931 5555 sunt,
2977 5487 3099 5544 fecit
3126 5499 3375 5547 attentos.
3406 5493 3517 5554 llos

2014 5632 2027 5663 ¹
2055 5639 2235 5681 Omnes
2256 5638 2383 5687 )tss.,
2409 5626 2808 5680 neverattissium.

2014 5694 2031 5711 ‘
2058 5691 2340 5760 ucecusitus
2361 5689 2432 5760 _ad
2456 5698 2627 5760 omnes
2651 5696 2753 5738 Mss.
2776 5696 2825 5739 ct
2851 5687 2960 5740 lidd.
2988 5687 3037 5739 in
3074 5699 3303 5744 sermone
3342 5700 3524 5760 prme-

1949 5755 2084 5806 deuti
2110 5753 2251 5817 modo
2269 5751 2563 5817 des’guptos.

2014 5819 2087 5880 (α)
2113 5815 2250 5877 Alias,
2274 5815 2337 5864 de
2362 5808 2529 5864 t’ei‘bis
2552 5812 2728 5863 Domini
2762 5808 2830 5863 i2.
