3852 6182
203 508 286 555 tur
326 500 448 551 ante
484 484 649 548 'iilum
692 491 825 546 varii
872 486 1079 545 colores
1107 532 1120 555 ,
1164 482 1425 544 ’et‘novit'
1468 485 1556 542 ubi
1586 492 1774 571 ponat

201 600 455 661 quemque
491 578 747 640 colorem.
794 582 882 637 εει
896 593 951 636 te
998 574 1259 655 peccator
1278 579 1429 657 niger
1463 577 1615 636 Color
1654 592 1785 635 esse

199 678 359 735 voluit
395 695 410 731 :
442 675 579 731 ideo
623 675 793 729 nescit
834 673 969 727 ordo
1008 672 1229 727 artificis
1269 672 1523 728 ubi~eum
1570 671 1773 740 ponat?

195 773 396 841 Quanta
436 766 651 824 ordinat
680 766 749 822 de
786 766 941 835 nigro
983 765 1203 820 colore?
1240 771 1436 835 quanta
1462 769 1771 818 ornamenta

198 862 316 917 facit
350 858 567 930 pictor?
603 857 754 913 Facit
792 856 913 912 inde
938 857 1178 926 capillos,
1211 855 1339 911 facit
1376 853 1613 918 barbam,
1648 852 1773 909 facit

195 948 471 1022 supercilia
499 967 514 1003 :
544 963 651 1003 non
691 947 814 1003 facit
850 948 1099 1012 frontem,
1137 947 1236 1001 nisi
1265 945 1333 1001 de
1357 945 1503 1000 albo.
1536 945 1612 999 'l'n
1652 944 1773 1000 vide

192 1041 471 1115 quid‘velis
507 1054 629 1097 esse
676 1058 690 1093 :
738 1053 841 1095 non
874 1053 1029 1096 cures
1068 1039 1161 1094 ubi
1202 1032 1253 1094 te
1282 1037 1493 1094 ordinet
1534 1038 1622 1109 qui
1664 1052 1775 1094 non

194 1135 334 1192 novit
375 1136 579 1199 errare,
625 1132 726 1189 scit
752 1133 838 1188 ubi
883 1126 943 1188 te'
964 1142 1144 1203 ponat.
1193 1131 1281 1187 Sic
1315 1130 1457 1187 enim
1480 1145 1586 1202 per
1627 1131 1772 1201 leges

194 1231 313 1284 istas
355 1228 538 1282 mundi
570 1224 815 1281 videmus
857 1227 957 1282 hoc
1002 1224 1135 1281 iiet'i.
1176 1225 1438 1281 Effractor
1463 1236 1580 1281 cisse
1605 1224 1773 1280 voluit

193 1321 371 1376 nescio
414 1319 533 1391 quis
578 1337 591 1373 :
640 1317 787 1374 novit
830 1318 918 1374 lex
961 1318 1154 1388 judicis
1203 1318 1323 1389 quia
1368 1326 1553 1373 contra
1596 1317 1768 1388 legem

191 1411 352 1477 fecit;
399 1410 547 1465 novit
590 1408 675 1465 lex
715 1407 911 1478 iudicis
954 1408 1042 1463 ubi
1084 1404 1254 1463 illum
1290 1416 1452 1478 ponat
1502 1425 1515 1462 :
1560 1406 1772 1462 Ordinat

189 1502 334 1557 illum
366 1504 586 1574 optime.
633 1500 729 1558 llle
756 1500 971 1573 quidem
1010 1501 1148 1575 male
1176 1500 1306 1557 vixit
1336 1519 1349 1552 τ
1377 1502 1470 1556 sed
1497 1516 1602 1556 non
1632 1501 1770 1557 male

184 1578 448 1649 eidinavit
478 1593 587 1648 lex.
623 1591 707 1648 Ex
738 1592 1018 1648 ei‘fractore
1055 1592 1160 1647 erit
1202 1592 1500 1648 mctallicus
1540 1591 1616 1664 (η)
1649 1611 1660 1647 :
1701 1592 1770 1648 de

185 1703 346 1758 opere
398 1687 651 1743 metallici
698 1694 894 1758 quanta
936 1701 1099 1759 opera
1150 1686 1570 1742 construuntur?
1624 1684 1770 1741 illius

187 1796 335 1850 ptena
378 1780 616 1835 damnati
662 1788 973 1835 ornamenta
1020 1789 1143 1834 sunt
1185 1779 1413 1834 civitatis
1443 1780 1483 1833 ί.
1528 1768 1619 1835 Sic
1641 1795 1769 1849 ergo

190 1868 324 1920 heus
366 1866 519 1920 novit
563 1864 651 1920 ubi
698 1873 748 1920 te
796 1872 980 1936 ponat.
1027 1862 1151 1919 Noli
1193 1873 1377 1934 putare
1419 1864 1540 1934 quia
1587 1859 1768 1918 turbas

189 1957 468 2012 consilium
499 1954 618 2022 Dei,
644 1957 690 2011 si
717 1968 998 2027 perversos
1023 1968 1142 2011 esse
1169 1955 1420 2011 volueris.
1456 1955 1555 2023 Qui
1585 1970 1768 2011 creare

189 2061 235 2106 te
260 2059 507 2119 nciverat,
536 2049 785 2106 ordinare
812 2060 862 2105 te
891 2065 996 2104 tton
1026 2048 1215 2103 novit?
1248 2040 1453 2128 Bonum
1483 2054 1566 2103 est
1601 2047 1671 2102 ibi
1709 2054 1767 2101 ut

188 2140 306 2197 illnc
335 2139 573 2205 coneris,
602 2149 660 2195 ut
688 2139 829 2196 bono
864 2139 982 2195 loco
1014 2140 1245 2210 ponaris;
1287 2139 1421 2217 Quid
1461 2139 1658 2193 dictum
1685 2144 1769 2193 est

187 2235 245 2288 de
264 2233 400 2290 Juda
424 2233 495 2288 ab
512 2231 806 2303 Apostolo?
827 2231 964 2286 Abiit
988 2233 1039 2285 in
1067 2232 1230 2286 locum
1255 2246 1401 2286 suum
1425 2229 1560 2303 (Act.
1586 2247 1623 2294 ι,
1644 2228 1763 2301 25).

185 2324 449 2394 Oper-aute
473 2323 658 2396 utique
682 2321 857 2380 divina
889 2320 1217 2395 providentia
1236 2366 1251 2389 ,
1279 2322 1401 2397 quia
1433 2316 1547 2396 per
1571 2320 1764 2378 malam

184 2415 508 2470 voluntatem
545 2414 718 2470 malus
754 2429 872 2470 esse
906 2414 1092 2478 voluit.
1131 2429 1235 2468 non
1275 2405 1453 2469 autem
1477 2414 1619 2468 Deus
1654 2428 1767 2467 ma-

184 2508 281 2561 lum
320 2505 630 2563 ordinando
672 2504 817 2563 fecit.
861 2504 968 2561 Sed
1011 2507 1132 2575 quia
1161 2506 1275 2577 ipse
1318 2496 1488 2560 maius
1516 2496 1789 2583 peccator.

184 2614 289 2655 esse
324 2598 535 2666 voluit,
574 2597 700 2654 fecit
736 2597 877 2670 quod
912 2597 1110 2664 voluit,
1147 2596 1240 2654 sed
1280 2582 1468 2669 passus
1505 2607 1588 2653 est
1622 2596 1765 2670 quod

185 2690 365 2746 noluit.
406 2689 468 2745 In
508 2705 581 2746 eo
604 2688 749 2762 quod
789 2690 912 2745 fecit
948 2689 1089 2760 quod
1129 2690 1312 2755 voluit,
1340 2690 1621 2760 peccatum
1648 2688 1766 2760 ejus

183 2781 599 2854 deprehenditur
627 2799 641 2835 :
672 2781 725 2837 in
756 2795 822 2837 eo
859 2780 1002 2853 quod
1043 2796 1229 2852 passus
1268 2789 1351 2837 est
1388 2779 1529 2852 quod
1573 2779 1760 2846 noluit,

181 2872 299 2928 ordo
338 2873 443 2929 Dei
478 2871 747 2929 laudatur.
1264 2860 1267 2865 ’

240 2967 290 3024 6.
333 2965 647 3021 Iudaeorum
698 2964 915 3020 turbatio
958 2981 1024 3019 ea:
1064 2963 1257 3036 duplici
1297 2965 1480 3036 capite.
1514 2961 1764 3036 £grotus

182 3052 525 3111 descendendo
545 3057 598 3109 in
625 3055 870 3126 piscinam
895 3058 1120 3109 auratus.
1147 3052 1291 3110 Unus
1318 3065 1510 3109 tantum
1534 3064 1757 3110 sanatus.

184 3148 280 3204 line
307 3165 483 3221 quare
508 3144 669 3203 dixi?~
695 3146 765 3204 Ut
795 3145 1120 3219 intelligatis,
1150 3147 1362 3214 fratres,
1390 3146 1529 3218 quod
1564 3146 1763 3217 optime

180 3238 371 3297 dictant
400 3240 473 3297 sit
504 3257 535 3295 a
568 3240 796 3295 Domino
818 3239 944 3295 Jesu
973 3239 1213 3304 Christo,
1256 3236 1415 3293 Pater
1447 3255 1582 3294 meus
1609 3255 1764 3311 usque

184 3322 316 3389 nitido
357 3343 630 3406 operatur.
677 3331 809 3400 Quia
836 3347 944 3387 non
989 3330 1191 3387 deserit
1234 3339 1563 3400 creaturam,
1602 3346 1762 3402 quam

185 3424 312 3481 ﬁcit.
347 3427 421 3481 Et
444 3422 610 3490 dixit,
645 3423 909 3492 Quomodo
936 3433 1194 3495 operatur,
1224 3432 1271 3477 et
1296 3438 1388 3495 ego
1416 3440 1612 3494 operor.
1643 3423 1760 3479 Jam

184 3516 245 3572 ibi
264 3535 321 3573 se
348 3516 674 3587 significavit
700 3515 959 3587 tequalem
988 3515 1120 3572 Deo.
1154 3513 1309 3570 Pater
1342 3534 1500 3583 meus,
1527 3517 1632 3585 ait,
1671 3532 1759 3571 us-

181 3608 267 3677 q’ue
287 3610 446 3665 modo
481 3620 752 3680 operatur,
781 3617 827 3664 et
851 3625 942 3681 ego
968 3612 1165 3680 operor.
1194 3608 1287 3665 llle
1314 3610 1542 3666 carnalis
1572 3622 1762 3666 sensus

181 3700 241 3755 de
279 3698 512 3759 sabbato
557 3700 800 3756 turbatus
842 3708 943 3755 est.
991 3700 1255 3755 Putabant
1296 3700 1439 3756 enim
1488 3698 1759 3769 fatigatum

184 3791 456 3845 Dominum
487 3791 837 3862 requievisse,
880 3799 937 3845 ut
975 3790 1107 3847 nihil
1139 3800 1471 3862 operaretur.
1502 3791 1757 3855 Andium,

186 3876 326 3937 Pater
356 3900 501 3937 meus
536 3898 693 3954 usque
716 3883 867 3939 modo
896 3895 1134 3955 operatur
1174 3898 1192 3939 :
1236 3882 1532 3937 turbantur.
1577 3881 1640 3936 Et
1667 3898 1760 3953 ego

180 3993 350 4043 operor
380 3992 402 4029 ε
449 3974 574 4030 fecit
602 3990 664 4030 se
690 3974 945 4045 aequalem
975 3974 1104 4040 Deo,
1133 3974 1430 4030 turbantur.
1464 3972 1570 4029 Sed
1599 3973 1761 4028 nolite

177 4067 274 4137 j-uu
301 4083 690 4138 expavescere.
716 4064 984 4122 Turbatur
1008 4081 1163 4137 aqua,
1192 4065 1369 4120 sanari
1394 4063 1557 4121 habet
1590 4078 1760 4135 aegro—

180 4169 274 4215 tus.
315 4158 463 4228 Quid
486 4167 571 4216 est
597 4158 740 4214 hoc?
792 4157 916 4225 Ideo
945 4157 1225 4213 turbantur
1269 4154 1379 4219 illi,
1424 4162 1483 4209 ιιι
1531 4151 1760 4226 patiatur

183 4250 453 4309 Dominus.
489 4250 699 4306 Patitur
740 4250 1011 4315 Dominus,
1052 4248 1291 4305 funditur
1317 4248 1583 4321 pretiosus
1628 4263 1756 4303 san-

176 4344 305 4413 guis,
338 4343 626 4400 redimitur
654 4334 926 4415 peccator,
958 4340 1187 4397 donatur
1212 4341 1380 4415 gratia
1415 4340 1672 4411 peccanti,
1704 4348 1760 4396 et

180 4432 395 4500 dicenti,
426 4432 590 4489 Miser
616 4450 707 4506 ego
745 4432 915 4500 homo,
966 4430 1076 4507 quis
1105 4450 1183 4487 me
1216 4433 1442 4488 liberavit
1466 4433 1528 4488 de
1551 4448 1761 4503 corpore

179 4516 344 4583 mortis
371 4526 528 4591 huius
545 4526 572 4581 .’
603 4525 779 4581 Gratia
801 4525 897 4580 Dei
926 4544 1015 4597 per
1041 4525 1310 4584 Dominum
1336 4536 1561 4583 nostrum
1578 4524 1757 4582 Iesum

176 4612 433 4673 Christum
473 4617 650 4688 (Rom.
681 4633 770 4681 vtt,
799 4616 900 4683 24,
929 4616 1045 4688 25).
1074 4616 1179 4672 Sed
1207 4617 1477 4688 quomodo
1504 4616 1758 4673 curatur?

175 4707 224 4763 Si
247 4708 566 4766 descendat.
613 4708 703 4765 Sic
723 4710 866 4765 enim
897 4718 1012 4765 erat
1037 4709 1126 4763 illa
1158 4710 1377 4780 piscina,
1405 4727 1512 4784 quo
1534 4711 1757 4768 descen-

175 4794 409 4868 daretur,
452 4818 558 4857 non
600 4817 709 4874 quo
746 4801 1143 4858 ascenderetur.
1183 4801 1407 4857 Possent
1447 4803 1588 4858 enim
1635 4819 1755 4859 esse

176 4891 386 4949 ettales
430 4893 669 4964 piscium,
718 4892 796 4949 sic
842 4892 1134 4956 instructas,
1180 4901 1238 4946 ut
1276 4892 1655 4949 ascenderetur
1688 4893 1754 4949 ad

175 4983 306 5039 illas.
350 4985 530 5053 Quare
561 4994 743 5040 autem
787 4984 874 5039 illa
921 4984 1041 5041 talis
1075 4986 1211 5041 facta
1250 4995 1360 5051 est,
1400 5000 1506 5057 quo
1535 4985 1757 5042 descen-

176 5074 428 5133 dcretur?
476 5076 609 5145 Quia
648 5077 824 5146 passio
852 5075 1059 5131 Domini
1097 5075 1348 5132 humilem
1391 5077 1598 5147 quavrit.
1648 5078 1754 5134 De-

171 5167 392 5223 scendat
435 5166 679 5230 humilis,
729 5184 834 5223 non
877 5169 947 5223 sit
989 5168 1281 5238 superbus,
1324 5168 1368 5223 si
1406 5168 1516 5224 vult
1555 5170 1751 5225 sanari.

168 5258 346 5322 Quare
367 5268 546 5314 autem
570 5260 746 5315 unus?
777 5260 913 5329 Quia
933 5260 1084 5315 unica
1106 5269 1188 5316 est
1208 5259 1441 5316 Ecclesia
1467 5275 1563 5331 per
1585 5270 1752 5317 totum

169 5351 356 5419 urbem
398 5361 685 5420 terrarum,
727 5355 901 5407 unitas
938 5351 1190 5407 solvatur.
1217 5350 1316 5408 Ubi
1358 5366 1486 5423 ergo
1521 5354 1755 5409 salvator

230 5510 245 5540 '
270 5514 354 5558 Ms.
377 5521 468 5565 cr..

229 5569 317 5634 (a)_
335 5571 380 5619 Id
403 5582 499 5634 est,
517 5570 705 5623 metalli
744 5585 935 5634 partem
956 5572 1156 5631 subibit,
1181 5572 1243 5623 ad
1258 5570 1470 5623 secanda
1498 5584 1752 5632 marmora,

172 5632 248 5697 fel
272 5631 370 5680 alia
394 5633 439 5681 id
460 5646 623 5697 genus
641 5631 974 5695 daninabitur;
1000 5636 1071 5684 uti
1101 5635 1332 5685 observat
1350 5631 1751 5697 sirmondtts.ht£lé

170 5690 404 5759 haeres
440 5690 579 5759 enim
615 5697 868 5759 tarietmn,
890 5690 1184 5759 immiserunt
1221 5703 1514 5759 nocturnos,
1548 5695 1753 5759 “tatibus

168 5767 326 5822 ceses
348 5755 395 5804 in
415 5755 666 5822 mentium
689 5757 792 5806 dari
829 5755 1013 5822 solitus,
1056 5767 1221 5822 auctor
1246 5767 1324 5810 est
1356 5757 1597 5822 Ulpiauus,
1619 5764 1665 5808 L.
1702 5758 1750 5819 2,

171 5820 219 5862 tt.
251 5822 364 5869 ene
387 5818 715 5871 emat-toribus
740 5825 789 5869 et
814 5819 1172 5885 expilatorihus.
1195 5836 1216 5865 ι
1412 5818 1427 5822 “
1584 5818 1590 5821 ’
1736 5818 1744 5829 ‘

1478 356 1529 402 5"
1586 354 1842 430 Stulto
2138 378 2155 403 -·
2234 366 2267 403 ε’

3363 370 3501 435 6”“

1886 498 2051 550 unus;
2087 484 2264 542 tiuitas
2288 484 2638 559 significatur.
2674 485 2784 543 Per
2808 483 2981 542 unum
3008 486 3499 545 unitatem‘iateta'

1882 575 2135 647 liget-Ai)
2157 569 2362 634 unitate
2390 590 2527 649 ergo
2558 577 2668 633 noli
2707 579 2961 635 recedere
2980 622 2994 646 ,
3034 580 3079 635 si
3121 590 3231 636 mu
3250 581 3332 635 vis
3358 580 3495 635 itit--

1881 662 2057 724 mimis
2086 682 2208 724 esse
2245 669 2313 725 ab
2349 670 2446 725 i3ta
2476 670 2664 726 salute.
2708 692 2715 697 κ
2828 686 2837 692 ·
3452 688 3461 697 -

1949 761 2003 815 7.
2048 758 2330 830 lnﬁrmitas
2364 761 2574 832 triginta
2627 777 2895 816 annorum.
2955 761 3183 817 Justitite
3226 763 3469 834 perfectio

1877 851 2285 925 quadragenario
2325 864 2534 908 austero
2583 854 2888 925 signiﬁcata.
2945 854 3102 909 Amor
3152 857 3323 910 amenti
3367 872 3473 910 non

1877 943 2188 1014 compatitur
2221 952 2447 998 artiorem
2483 942 2598 997 Dei.
2628 943 2764 1011 Quid
2787 943 2889 1001 sibi
2914 957 3043 1014 ergo
3070 944 3181 1000 vult
3200 945 3342 1016 quod
3372 947 3469 999 tri-

1876 1034 2020 1104 ginta
2047 1043 2100 1090 et
2146 1042 2268 1090 octo
2294 1043 2466 1091 annos
2488 1033 2735 1089 inﬁmus
2760 1035 2921 1090 erat?
2943 1035 3100 1101 Scio,
3128 1034 3350 1102 fratres,
3385 1052 3475 1092 me

1878 1124 1976 1178 ista
2024 1123 2135 1193 jam
2165 1123 2365 1179 dixisse
2394 1142 2409 1180 :
2436 1124 2532 1180 sed
2580 1134 2637 1180 et
2678 1125 2770 1197 qui
2817 1125 2998 1197 legunt
3040 1127 3467 1193 obliviscuntur,

1875 1224 2075 1285 quanto
2100 1215 2270 1286 magis
2296 1215 2393 1286 qui
2409 1226 2533 1272 raro
2557 1215 3093 1273 audiuntillntentlat
3110 1233 3238 1288 ergo
3280 1221 3472 1288 paulu-

1877 1309 1985 1363 lum
2021 1306 2267 1363 Charitas
2305 1316 2498 1364 vestra.
2548 1307 2604 1363 in
2632 1308 3053 1380 quadragenario
3075 1323 3299 1366 numero
3319 1325 3470 1365 com-

1876 1400 2281 1470 pletio’justitiae
2314 1402 2593 1470 ﬁguntur.
2620 1399 2923 1471 Conpletio
2945 1400 3350 1472 justitize,.quia
3382 1401 3469 1456 hic
3526 1404 3533 1407 '

1873 1491 2102 1547 vivimus
2124 1491 2177 1545 in
2219 1491 2433 1556 labore,
2483 1492 2536 1546 in
2584 1490 2872 1558 arumnis,
2920 1493 2973 1546 iu
3002 1494 3362 1559 continentia,
3412 1496 3465 1549 in

1868 1580 2088 1651 ieiuniis
2106 1621 2123 1645 .
2150 1579 2207 1636 in
2229 1581 2453 1652 vigiliis,
2488 1580 2542 1636 in
2569 1578 3037 1649 tribulationibus;
3068 1583 3182 1655 ipsa
3209 1596 3295 1641 est
3316 1601 3468 1641 exer-

1872 1674 2055 1729 citatio
2072 1674 2291 1744 iustitia:
2319 1676 2360 1741 ί,
2392 1674 2532 1730 ferre
2558 1684 2773 1745 tempus
2795 1677 2898 1732 hoc
2917 1717 2931 1741 ,
2963 1686 3018 1732 et
3049 1678 3118 1733 ab
3146 1678 3248 1733 hoc
3266 1680 3466 1735 sa-cuio

1870 1764 2100 1836 quodam
2125 1765 2289 1821 modo
2307 1766 2584 1835 jejunare;
2612 1783 2717 1821 non
2748 1782 2778 1821 a
2802 1767 2924 1824 cibo
2941 1769 3140 1826 carnis.
3170 1769 3311 1837 «puni
3344 1786 3467 1823 raro

1870 1855 2124 1925 facimus;
2171 1855 2269 1913 sed
2311 1858 2381 1913 ab
2405 1840 2586 1913 amere
2612 1859 2828 1925 «ροηδε,
2869 1859 3011 1928 quod
3036 1870 3265 1930 semper
3286 1860 3466 1917 facere

1869 1948 2144 2006 debemus.
2177 1947 2273 2005 llle
2299 1964 2431 2021 ergo
2453 1949 2640 2020 implet
2674 1948 2848 2022 legem
2874 1993 2888 2020 ,
2932 1952 3020 2022 qui
3055 1966 3113 2008 se
3139 1953 3368 2009 abstinet
3397 1956 3465 2007 ah

1869 2039 1974 2096 isto
1998 2041 2215 2096 seculo.
2246 2040 2362 2097 Non
2389 2041 2531 2098 enim
2578 2048 2758 2112 potest
2798 2057 2979 2098 amare
3006 2044 3148 2115 quod
3190 2055 3458 2100 aitet-num

1868 2138 1984 2199 est,
2014 2133 2113 2188 nisi
2141 2133 2407 2189 destiterit
2443 2149 2629 2190 amare
2661 2134 2806 2206 quod
2835 2137 3129 2206 temporale
3151 2145 3252 2192 est.
3287 2140 3466 2192 lntem

1868 2224 1980 2281 dite
2004 2238 2244 2281 amorem
2294 2225 2562 2281 hominis:
2597 2226 2676 2280 sic
2708 2235 2891 2296 putate
2925 2228 3074 2295 quasi
3107 2242 3318 2281 manum
3346 2231 3463 2282 auia

1869 2330 1990 2370 mm.
2011 2314 2072 2372 Si
2098 2314 2295 2388 aliquid
2322 2322 2501 2383 tenet,
2531 2325 2721 2372 tenere
2738 2316 2885 2370 aiiud
2909 2332 3017 2370 non
3050 2326 3240 2386 potest.
3268 2318 3337 2373 υι
3367 2333 3461 2371 an-

1870 2416 1974 2462 tem
2000 2408 2175 2480 possit
2217 2419 2402 2464 tenere
2443 2408 2585 2479 quod
2616 2409 2804 2474 datur,
2833 2409 3065 2464 dimittat
3102 2411 3243 2478 quod
3294 2419 3461 2467 tenet.

1869 2499 1982 2554 Hoc
2008 2499 2160 2567 dico,
2188 2500 2363 2556 videte
2409 2501 2531 2571 quia
2561 2508 2747 2570 aperte
2787 2500 2911 2556 dico
2938 2518 2954 2555 :
2982 2501 3083 2570 Qui
3124 2515 3265 2556 autat
3290 2517 3463 2560 szeett-

1866 2588 1979 2646 lum
1999 2631 2013 2655 ,
2041 2602 2222 2645 amare
2248 2590 2414 2645 Deum
2443 2602 2551 2645 non
2585 2599 2789 2659 pateat;
2816 2601 3129 2660 occupatam
3158 2592 3317 2647 habet
3342 2609 3460 2647 tua-

1867 2694 2016 2739 num.
2056 2682 2195 2739 Dicit
2222 2682 2298 2739 iiii
2332 2682 2471 2739 Betis
2496 2700 2509 2737 :
2538 2682 2687 2738 Tene
2715 2684 2857 2754 quod
2878 2682 2968 2738 do.
2996 2683 3113 2738 Non
3150 2685 3259 2739 vult
3284 2685 3466 2740 dimit-

1869 2785 1981 2831 tere
2006 2775 2149 2846 quod
2172 2776 2424 2832 tenebat:
2455 2793 2561 2833 non
2591 2786 2766 2848 potest
2786 2780 3027 2849 accipere
3052 2780 3195 2850 quod
3219 2777 3459 2835 oil'crtur.

1864 2865 2132 2938 Numquid
2153 2865 2259 2923 dixi
2277 2909 2291 2934 ,
2324 2867 2438 2923 Non
2469 2868 2738 2940 possideat
2766 2870 2947 2925 nescio
2974 2871 3134 2941 quis?
3161 2870 3217 2926 Si
3247 2880 3458 2941 potest,

1867 2954 1913 3014 si
1940 2956 2042 3014 hoc
2068 2956 2136 3014 de
2165 2959 2257 3015 iilo
2283 2959 2448 3031 exigit
2488 2960 2776 3031 perfectio,
2807 2975 2915 3015 non
2940 2961 3234 3032 possideat.
3266 2962 3321 3016 Si
3355 2962 3469 3015 non

1868 3050 2078 3120 potest,
2109 3049 2282 3121 aliqua
2316 3052 2644 3107 necessitate
2669 3051 2956 3122 impeditus
2975 3094 2990 3119 ,
3018 3052 3288 3121 possideat
3309 3096 3322 3119 ,
3350 3068 3459 3108 non

1867 3140 2234 3212 possideatur;
2270 3150 2482 3206 teneat,
2529 3158 2636 3198 non
2678 3144 2962 3198 tcueatun
2990 3144 3240 3200 dominus
3262 3146 3338 3200 ‘sit
3382 3146 3463 3202 rei

1865 3238 2005 3298 suto,
2032 3246 2139 3287 non
2167 3246 2354 3288 servus
2383 3235 2425 3299 ’ς
2450 3234 2583 3291 sicut
2612 3234 2741 3290 dicit
2766 3235 3055 3305 Apostolus
3088 3254 3102 3291 :
3134 3235 3211 3291 De
3240 3248 3419 3293 cetera
3440 3281 3456 3304 ,

1866 3325 2082 3397 fratres,
2126 3332 2329 3396 tempus
2373 3324 2520 3380 breue
2562 3335 2675 3381 est:
2703 3336 2932 3399 superest
2968 3336 3022 3381 ut
3065 3338 3114 3383 et
3165 3330 3252 3400 qui
3279 3331 3469 3384 habent

1865 3428 2048 3469 mres
2066 3455 2083 3482 ,
2125 3425 2369 3483 tanquam
2397 3432 2499 3472 non
2522 3416 2763 3473 habentes
2781 3418 2879 3472 sint
2898 3433 2918 3481 ;
2940 3428 2985 3473 et
3009 3421 3099 3487 qui
3118 3429 3289 3473 emunt
3304 3434 3323 3485 ,‘
3341 3430 3459 3472 tmt-

1863 3519 2014 3574 qmtm
2042 3518 2144 3560 non
2194 3506 2538 3576 possidentes;
2568 3516 2618 3562 et
2657 3508 2747 3577 qui
2785 3509 3039 3579 gaudent,
3071 3520 3309 3579 tanquam
3357 3527 3459 3563 non

1864 3594 2169 3665 gaudentes;
2206 3606 2255 3649 et
2295 3597 2385 3665 qui
2407 3597 2566 3667 ﬂent,
2600 3606 2841 3666 tanquam
2887 3613 2989 3652 non
3028 3601 3206 3669 fientes
3225 3610 3330 3663 :‘et
3372 3604 3469 3670 qni‘

1865 3693 2074 3739 iuuatur
2117 3686 2211 3739 hoc
2256 3687 2475 3753 uacula,
2522 3695 2763 3757 tanquam
2814 3703 2916 3742 non
2958 3696 3171 3742 utantur
3193 3704 3213 3742 τ
3234 3693 3463 3759 proterit

1864 3776 1995 3829 enim
2023 3775 2192 3848 ﬁgura
2235 3777 2388 3848 hujus
2420 3779 2616 3832 utendi.
2661 3777 2793 3833 Volo
2832 3794 2920 3833 vos
2966 3781 3074 3834 sine
3118 3781 3467 3837 sollicitudine

1863 3882 1971 3921 esse
2008 3864 2053 3935 (l
2082 3865 2199 3921 Cor.
2233 3882 2326 3933 vtt,
2364 3865 2583 3933 99-32).
2628 3867 2765 3936 Quid
2795 3880 2912 3932 est,
2957 3868 3075 3923 Noli
3104 3881 3289 3924 amare
3312 3874 3455 3941 quod

1865 3952 2103 4025 possides
2129 3956 2182 4011 in
2222 3958 2323 4012 hoc
2345 3956 2581 4013 sateulo?
2623 3957 2739 4013 Non
2767 3966 2951 4017 teneat
2978 3974 3194 4014 manum
3234 3969 3379 4015 tuum
3411 3962 3452 4027 ³,

1865 4046 2006 4101 unde
2030 4048 2290 4103 tenendus
2310 4058 2398 4102 est
2420 4048 2585 4103 Dens.
2626 4048 2743 4105 Non
2786 4060 3076 4120 occupetur
3097 4067 3251 4106 sutor
3295 4064 3449 4114 tuus,

1862 4154 1968 4210 quo
1993 4151 2142 4211 potes
2168 4142 2232 4195 ad
2280 4143 2443 4197 Deum
2486 4142 2742 4208 tendere,
2790 4154 2845 4198 et
2882 4141 3159 4200 inhaerere
3187 4144 3237 4199 ei
3265 4146 3375 4215 qui-
3400 4154 3459 4199 tu

1861 4234 2081 4289 crearit.

1930 4327 1987 4380 8.
2020 4325 2277 4380 Possessio
2301 4342 2473 4381 rerum
2496 4328 2850 4397 tentporalium
2875 4327 3011 4381 unde
3028 4327 3269 4381 innocens
3293 4343 3461 4398 agnae

1860 4417 2039 4471 scitur.
2074 4417 2260 4484 Dicis,
2313 4425 2370 4472 et
2407 4416 2700 4487 respondes
2733 4417 2903 4471 mihi:
2939 4417 3007 4471 Et
3036 4417 3176 4473 Deus
3200 4418 3301 4473 scit
3327 4419 3452 4488 quin

1861 4509 2179 4564 innocenter»
2208 4507 2479 4577 possideo.
2502 4508 2753 4563 Tentatio
2786 4508 2993 4577 probat.
3043 4507 3313 4564 Turbatur
3354 4508 3449 4563 tibi

1860 4600 1998 4671 quod
2021 4599 2282 4670 possides,
2306 4608 2361 4655 et
2384 4599 2748 4670 blasphemas.
2772 4599 2931 4655 Modo
2953 4600 3074 4655 talia
3097 4599 3451 4670 patiebamtn.

1861 4691 2126 4747 Turbatur
2160 4691 2303 4762 quod
2332 4690 2579 4763 possides
2605 4731 2619 4758 ,
2651 4700 2709 4748 et.
2755 4706 2863 4747 non
2894 4690 3149 4748 inveniris
3173 4692 3267 4763 qui
3291 4706 3412 4747 cras
3432 4732 3450 4757 ,

1859 4793 1913 4840 et
1935 4782 2174 4840 ostendis
2202 4782 2344 4838 aliud
2373 4796 2495 4839 esse
2519 4782 2573 4838 in
2603 4797 2745 4838 voce
2768 4792 2859 4837 tua
2881 4796 3056 4847 nunc,
3084 4789 3145 4837 et
3174 4781 3318 4837 aliud
3342 4783 3453 4851 pri-

1859 4875 1946 4930 die
1974 4875 2028 4930 in
2057 4889 2188 4930 voce
2215 4882 2324 4929 tua.
2352 4875 2530 4944 Atque
2554 4874 2761 4929 utinam
2786 4882 2936 4928 tuum
2966 4872 3048 4928 vel
3070 4886 3193 4928 cum
3213 4874 3459 4929 clamore

1859 4966 2145 5032 defendas,
2175 4975 2356 5041 etnon
2397 4966 2637 5021 alienum
2664 4979 2788 5020 cum
2823 4964 3042 5020 audacia
3073 4980 3328 5034 usurpare
3353 4979 3449 5020 co-

1842 5052 2005 5114 neris
2031 5075 2046 5112 :
2074 5067 2130 5113 et
2169 5056 2314 5127 quod
2359 5055 2512 5126 pejus
2537 5065 2653 5119 est,
2701 5070 2771 5110 ne
2808 5052 3252 5125 reprehenderis,
3302 5054 3449 5123 quod

1860 5149 2092 5205 alienum
2116 5158 2204 5204 est
2227 5156 2374 5202 tuum
2396 5160 2517 5203 esse
2536 5145 2692 5202 dicis.
2717 5145 2822 5202 Sed
2849 5144 2977 5216 quid
3009 5160 3145 5214 opus
3165 5145 3287 5200 est?
3314 5143 3449 5200 illud

1861 5255 2054 5296 moneo
2073 5280 2087 5302 ,
2119 5238 2248 5295 iilud
2270 5237 2428 5304 dico,
2458 5237 2650 5294 fratres
2669 5277 2683 5303 ,
2726 5246 2782 5292 et
2815 5251 2915 5308 ego
2941 5236 3179 5293 fraterne
3216 5248 3447 5303 moneo;

1863 5333 2004 5388 Deus
2024 5332 2209 5403 jubet,
2235 5340 2293 5387 et
2326 5345 2426 5402 ego
2441 5343 2760 5386 commoneo
2779 5370 2794 5397 ,
2816 5330 2939 5400 quia
2962 5343 3324 5384 contumeor.
3351 5328 3449 5388 ille

1925 5509 1939 5541 ί
1970 5515 2049 5558 us.
2071 5520 2164 5568 er.,
2185 5506 2237 5558 in
2272 5504 2462 5570 uigiliis.
2493 5503 2751 5557 tribulatio
2771 5505 2878 5569 ipso
2898 5510 2968 5555 est
2989 5502 3273 5556 exercitatio
3293 5502 3445 5565 ΙΜ-

1858 5569 2126 5689 misum,
2147 5638 2239 5680 non
2261 5641 2423 5692 scmus
2445 5626 2854 5692 ararititc.tis.cr.
2881 5640 2975 5677 non
2998 5626 3165 5686 habet,
3189 5624 3445 5692 ararim;

1864 5692 2004 5752 cujus
2026 5694 2131 5742 loco
2150 5690 2635 5752 subiutciiigeudtnn,
2660 5701 2729 5738 ru
2752 5700 2900 5752 sum._
3112 5749 3120 5752 Α
3210 5728 3217 5735 .

1970 5762 2049 5803 us.
2074 5767 2172 5803 cr.:
2195 5762 2293 5802 Non
2326 5749 2479 5802 teneat
2504 5764 2670 5801 manus
2693 5757 2777 5800 tua
2800 5749 2927 5801 mule
2949 5749 3177 5803 tenendus
3201 5758 3268 5802 est
3298 5760 3440 5803 Deus.

1861 5815 2098 5880 Pauloque
2124 5824 2245 5878 mst,
2274 5828 2364 5879 quo
2383 5821 2513 5879 potes
2538 5821 2687 5863 nomn
2708 5819 2884 5862 tcucrc.
