3852 6182
319 358 422 447 odit

320 513 420 567 vis.
453 518 501 563 et
530 506 725 578 gradus
752 488 1101 559 Oblivisceris.
1129 494 1320 573 Utique
1352 500 1619 570 perverse.
1641 495 1687 552 Ο
1715 488 1898 556 homo,

320 605 366 656 ⁸⁵
393 601 501 672 id"!
533 600 621 655 libi
647 613 855 669 possem
876 594 1157 651 ostendere
1178 592 1319 665 quod
1343 591 1571 658 videres,
1599 605 1703 643 non
1730 587 1903 643 horta-

322 710 408 748 rer
435 702 489 746 ut
514 691 778 745 crederes.

391 768 613 840 CAPUT
638 781 829 835 ll.—5.
853 779 932 835 Ex
956 777 1197 834 creaturis
1225 793 1337 845 qua:
1363 775 1607 836 videntur,
1630 789 1901 839 assurgen-

322 876 440 927 dum
470 872 537 925 ad
566 872 847 927 Creatorrm
884 872 970 942 qui
1015 889 1113 924 non
1162 869 1370 921 videtur.
1430 866 1570 937 Ergo
1626 865 1751 933 [ich
1807 873 1897 924 cst,

319 966 461 1019 sicut
484 960 608 1017 alibi
632 963 906 1018 deﬁnitum
938 973 1037 1025 est,
1062 961 1371 1029 spcrnntiunt
1399 955 1696 1021 substantia,
1729 952 1901 1008 convi-

320 1059 420 1110 ctio
448 1073 614 1109 rerum
641 1071 752 1126 qua:
776 1072 876 1109 non
904 1053 1133 1106 ridentur
1156 1054 1173 1124 (
1198 1049 1350 1105 Hebr.
1377 1066 1453 1113 ιι,
1487 1048 1507 1102 l
1532 1046 1573 1118 ).
1605 1045 1658 1102 Si
1690 1062 1791 1099 non
1823 1043 1897 1097 vi-

320 1149 534 1214 denlur,
562 1147 827 1217 quomodo
853 1146 1238 1203 eonvincuutur
1264 1142 1383 1214 quia
1410 1143 1564 1197 sunt?
1596 1140 1744 1199 Unde
1762 1137 1900 1192 enim

320 1248 444 1291 sunt
474 1238 570 1292 ista
610 1254 728 1308 qua:
758 1237 925 1304 vides,
954 1236 1052 1290 nisi
1080 1252 1141 1291 ev
1178 1232 1265 1291 illo
1289 1234 1428 1306 quod
1453 1248 1555 1289 non
1584 1230 1766 1285 vides?
1794 1228 1902 1285 Uti-

321 1347 425 1396 que
453 1330 601 1385 vides
626 1328 842 1401 aliquid,
876 1339 932 1388 ut
957 1330 1143 1385 credas
1166 1326 1383 1397 aliquid,
1412 1328 1465 1382 et
1492 1343 1554 1380 ex
1583 1342 1647 1380 eo
1667 1322 1805 1397 quod
1830 1323 1903 1376 vi-

319 1421 436 1484 des,
470 1421 656 1476 credas
681 1421 821 1495 quod
855 1439 958 1475 non
991 1421 1158 1476 vides.
1192 1420 1265 1474 Ne
1297 1421 1368 1473 sis
1394 1421 1629 1489 ingratus
1655 1416 1701 1471 ei
1734 1414 1822 1485 qui
1854 1425 1903 1471 te

324 1513 387 1563 tiu
410 1513 448 1564 il
473 1511 671 1579 videro,
698 1512 835 1565 unde
862 1514 1032 1582 passis
1059 1509 1275 1566 credere
1315 1507 1455 1582 quod
1489 1507 1721 1563 nondum
1752 1517 1904 1577 potes

326 1600 524 1656 videre.
553 1601 707 1656 Dedit
734 1603 826 1655 tibi
852 1603 990 1657 Deus
1016 1601 1198 1655 oculos
1226 1600 1275 1654 in
1299 1616 1542 1671 corpore,
1569 1598 1826 1654 rationem
1851 1597 1905 1651 in

326 1692 516 1767 corde;
546 1693 716 1747 exc-ita
750 1692 1006 1748 rationem
1030 1692 1226 1759 cordis,
1253 1691 1397 1762 erige
1420 1691 1729 1745 interiorem
1754 1686 1905 1743 habi—

327 1793 548 1836 tatorem
582 1783 892 1837 interiorum
928 1784 1201 1838 ocolorum
1235 1792 1464 1848 tuorum,
1493 1789 1727 1836 assumat
1759 1780 1904 1835 fene-

326 1862 464 1925 ιιι-ηε
492 1888 635 1937 suas,
669 1872 911 1941 inspiciat
939 1883 1234 1926 creaturam
1265 1870 1376 1926 Dei.
1406 1872 1496 1926 Est
1537 1870 1679 1926 enim
1719 1870 1907 1941 aliquis

328 1960 467 2015 intus
493 1960 580 2029 qui
612 1977 705 2033 per
726 1963 906 2016 nculos
935 1962 1130 2016 videat.
1158 1962 1289 2016 Nam
1315 1962 1522 2033 quando
1544 1960 1827 2032 aliquando
1855 1960 1904 2015 in

326 2070 413 2108 me
457 2055 656 2123 cogitas
686 2054 761 2124 (ιι)
792 2070 980 2108 averso
1025 2054 1247 2108 interius
1294 2052 1609 2120 habitatore,
1640 2070 1757 2125 qum
1787 2061 1923 2108 smit-

325 2156 449 2201 ante
492 2148 676 2201 oculos
723 2156 840 2201 tuos
882 2164 987 2201 non
1028 2146 1191 2201 vides.
1224 2147 1497 2203 Fenestrze
1526 2147 1667 2202 enim
1713 2146 1909 2201 frustra

326 2220 528 2306 patent,
557 2236 768 2308 quando
796 2237 884 2307 qui
920 2253 1014 2307 per
1046 2253 1137 2292 eas
1181 2236 1405 2293 attendit
1442 2238 1636 2293 absens
1669 2249 1769 2293 est.
1791 2237 1910 2293 Non

323 2343 453 2403 ergo
472 2328 608 2383 oculi
638 2326 839 2395 vident,
863 2328 954 2385 sed
987 2328 1201 2400 quidam
1230 2344 1325 2399 per
1352 2327 1535 2383 oculos
1562 2328 1740 2382 videt:
1766 2328 1911 2399 erige

327 2421 494 2483 illunn.
518 2422 687 2476 excita
718 2422 883 2474 illum.
910 2421 1024 2477 Non
1052 2421 1192 2475 enim
1220 2420 1537 2492 denegatum
1560 2432 1640 2477 est
1673 2422 1761 2476 tibi
1790 2440 1802 2476 :
1827 2438 1911 2476 ra-

327 2513 524 2566 tionale
548 2512 745 2566 animal
774 2523 824 2567 te
854 2512 992 2566 Deus
1035 2513 1175 2573 fecit,
1207 2513 1495 2583 praeposuit
1526 2523 1575 2566 te
1605 2511 1902 2583 pecoribus,

327 2590 393 2656 ad
424 2603 706 2672 imaginem
733 2618 880 2657 suam
906 2612 957 2656 te
983 2601 1247 2656 formavit.
1272 2603 1479 2657 Siccine
1501 2602 1571 2656 uti
1602 2602 1704 2656 illis
1724 2601 1909 2669 debes,

326 2703 389 2748 ut
427 2708 622 2763 pectis;
652 2701 853 2746 tantum
905 2701 960 2746 ut
1002 2692 1183 2746 videas
1220 2693 1344 2763 quid
1383 2692 1547 2748 addas
1583 2693 1774 2759 ventri,
1804 2709 1911 2747 non

331 2777 533 2832 tuenti?
560 2776 714 2847 Erige
742 2790 873 2846 ergo
902 2776 1215 2831 rationalem
1245 2786 1537 2848 aspectum,
1571 2787 1719 2832 utere
1746 2777 1913 2832 oeulis

330 2867 593 2930 uthouio,
622 2865 839 2922 attende
866 2867 1062 2922 echon
1089 2876 1143 2922 et
1172 2875 1389 2933 terram,
1424 2877 1737 2925 ornamenta
1764 2869 1909 2934 coeli,

329 2958 713 3015 fecunditatem
736 2968 919 3021 teme.
947 2958 1153 3016 uolatus
1189 2960 1385 3025 avium,
1418 2968 1627 3015 uanitas
1666 2960 1910 3030 piscium,

329 3051 437 3105 vim
465 3051 753 3115 seminum,
782 3049 1024 3105 ordinem
1059 3059 1398 3120 temporum:
1424 3051 1637 3111 intende
1677 3056 1834 3115 uicta,
1860 3059 1917 3106 et

331 3157 512 3212 qua-re
555 3139 837 3206 factorem;
865 3140 1044 3212 aspice
1072 3157 1189 3211 qua:
1232 3141 1397 3207 vides,
1440 3149 1495 3198 ct
1534 3157 1714 3212 qua‘re
1758 3158 1913 3211 quem

336 3253 441 3291 non
488 3233 657 3291 vides.
699 3232 871 3291 Crede
914 3234 967 3289 in
1012 3250 1132 3290 eum
1174 3250 1331 3308 quem
1364 3250 1468 3289 non
1498 3228 1667 3300 vides,
1699 3242 1917 3305 promer

333 3327 433 3382 ista
454 3342 573 3396 qua-
599 3322 858 3381 videsJSt
880 3342 945 3405 ne
975 3340 1222 3381 sermone
1251 3342 1373 3382 meo
1402 3316 1450 3380 ie
1470 3325 1805 3382 exhortatum
1831 3345 1917 3399 pu-

334 3402 434 3483 tes,
460 3417 770 3487 Apostolum
807 3402 929 3472 audi
966 3415 1252 3486 dicentem,
1281 3412 1563 3473 Invisibilia
1592 3420 1721 3474 enim
1745 3416 1859 3486 D‘ei,
1885 3437 1918 3475 a

332 3521 565 3564 erratum
606 3508 817 3577 mundi,
852 3526 943 3580 per
978 3526 1036 3564 ea
1212 3510 1349 3582 facta
1375 3516 1511 3572 sunt,
1543 3510 1920 3585 conspiciuntur

337 3603 510 3676 (Rom.
538 3621 572 3663 ι.
599 3603 716 3676 20).
1350 3604 1355 3607 ’

403 3696 631 3753 CAPUT
673 3672 871 3752 ιιι-ι
928 3694 1176 3752 Miracula
1204 3696 1408 3752 insolita
1435 3697 1552 3770 fecit
1581 3698 1835 3765 Christus,
1864 3672 1939 3755 ut.

333 3799 381 3842 ct
426 3788 476 3840 in
523 3787 827 3859 quotidiani:
867 3804 981 3860 qua:
1022 3788 1299 3858 vilueraut,
1342 3788 1698 3861 agnosceretur
1732 3776 1940 3865 factor!

337 3879 699 3949 Pustpouehas
724 3878 843 3943 ista,
869 3895 967 3935 nec
991 3879 1298 3936 attendebas
1324 3889 1381 3935 ut
1403 3880 1583 3949 homo,
1605 3882 1698 3939 sed
1727 3894 1783 3939 ut
1807 3883 1921 3939 aui-

337 3968 443 4025 mal
479 3969 801 4025 irrationale.
834 3970 1090 4027 Clamavit
1117 3969 1184 4026 ad
1222 3981 1275 4027 te
1317 3974 1595 4043 propheta,
1630 3982 1685 4028 et
1725 3973 1923 4033 frustra

336 4061 586 4115 clamavit
615 4080 627 4116 :
662 4059 835 4116 Nolite
861 4078 967 4117 esse
994 4062 1120 4116 sicut
1146 4079 1302 4137 equus
1327 4074 1372 4117 et
1399 4065 1586 4132 mulus,
1613 4065 1794 4138 quibus
1821 4083 1921 4121 non

338 4165 410 4208 est
452 4154 728 4210 intellectus
760 4156 778 4229 (
811 4152 952 4210 Paul.
987 4172 1138 4223 xui,
1170 4156 1203 4210 9
1233 4156 1272 4227 ).
1309 4155 1536 4213 Videbas
1563 4174 1691 4229 ergo
1721 4158 1840 4223 ista,
1869 4167 1924 4214 et

342 4246 714 4317 postponebas.
744 4245 1059 4316 Quotidiana
1102 4246 1349 4303 miracula
1384 4247 1477 4303 Dei
1508 4266 1614 4305 non
1648 4249 1919 4318 facilitate,

340 4334 433 4390 'sed
463 4337 775 4392 assiduitate
805 4337 1084 4392 viluerant.
1115 4337 1247 4407 Quid
1276 4338 1419 4394 enim
1446 4339 1713 4395 difﬁcilius
1740 4340 1921 4413 cogni—

343 4426 507 4493 tione,
535 4444 692 4499 quam
724 4438 780 4481 ut
812 4439 1059 4482 ιιιιειξειιιιι·
1090 4428 1270 4495 homo,
1300 4430 1577 4486 moriendo
1604 4431 1841 4487 discedat
1871 4416 1931 4488 in.

344 4527 548 4574 secreta
591 4518 679 4588 qui
724 4528 858 4585 erat,
900 4518 1168 4573 nascendo
1208 4520 1462 4591 procedat
1504 4521 1557 4576 in
1596 4523 1801 4593 publica
1835 4526 1924 4595 qui

344 4626 450 4666 non
495 4610 648 4664 erat?
674 4608 811 4677 Quid
856 4618 961 4663 tam
1008 4609 1269 4678 mirabile,
1298 4612 1421 4682 quid
1449 4621 1555 4666 tam
1583 4613 1800 4673 difﬁcile
1831 4632 1926 4669 co—

344 4700 531 4772 gnitu?
587 4700 695 4756 Deo
747 4709 922 4755 autem
980 4699 1132 4755 facile
1189 4700 1345 4756 l'actu.
1398 4684 1588 4759 Mirare
1638 4703 1736 4758 ista
1769 4747 1784 4770 ,
1840 4721 1926 4761 ex-

345 4792 644 4863 pergiscere
672 4809 686 4844 :
716 4789 927 4846 insolita
974 4791 1109 4847 nosti
1151 4793 1353 4860 mirari,
1386 4793 1587 4863 majora
1616 4805 1737 4851 sunt
1765 4812 1924 4868 quam

345 4901 465 4956 qtae
508 4883 688 4939 videre
732 4883 1088 4939 consuevisti?
1113 4884 1282 4940 Mirati
1312 4895 1434 4941 sunt
1463 4885 1705 4943 homines
1745 4889 1926 4943 Domi—

274 4985 280 4990 ’
347 4994 472 5033 ιιιιιιι
502 4976 665 5033 Deum
696 4984 933 5031 nostrum
959 4974 1138 5033 Iesum
1165 4977 1431 5033 Christum
1471 4978 1537 5035 de
1575 4981 1807 5053 quinque
1833 4998 1926 5052 pa-

349 5071 502 5125 nilms
532 5070 803 5142 saginasse
831 5079 906 5125 tot
932 5070 1094 5125 millia
1123 5068 1337 5142 (Matth.
1364 5088 1475 5140 xw,
1505 5073 1717 5145 17-21);
1740 5083 1797 5130 et
1821 5091 1927 5129 non

349 5163 612 5217 mirantur
650 5178 742 5231 per
785 5178 947 5231 pauca
987 5177 1148 5233 grana
1193 5161 1400 5233 impleri
1440 5164 1709 5235 segetibus
1737 5174 1926 5221 terras.

347 5251 479 5320 Qua:
512 5268 647 5322 aqua
688 5261 803 5306 erat
830 5252 1008 5306 viuum
1043 5251 1260 5319 factum,
1300 5252 1548 5308 viderunt
1586 5253 1851 5322 homines,
1878 5265 1933 5311 et

350 5344 738 5412 obstupuerunt
770 5339 946 5414 (loau.
980 5358 1037 5407 ιι,
1066 5342 1120 5407 ει,
1148 5342 1233 5412 Η)
1263 5359 1275 5395 :
1302 5342 1426 5413 quid
1456 5343 1597 5398 aliud
1632 5344 1689 5399 tit
1715 5344 1782 5399 de
1812 5345 1931 5415 plu-

351 5434 434 5487 via
460 5450 554 5504 per
579 5434 809 5490 radicem
834 5434 995 5490 vitis?
1023 5434 1138 5505 Ipse
1165 5433 1250 5489 illa
1282 5435 1425 5502 fecit,
1453 5434 1566 5506 ipse
1594 5435 1734 5492 ista:
1764 5437 1851 5491 illa
1880 5445 1936 5491 ut

353 5527 622 5597 pascaris,
660 5528 759 5583 ista
790 5539 846 5583 ut
876 5527 1107 5583 mireris.
1130 5526 1234 5583 Sed
1268 5536 1488 5598 utraque
1517 5526 1757 5582 miranda
1787 5536 1930 5595 sunt,

352 5620 475 5690 quia
500 5636 662 5690 opera
692 5621 782 5675 Dei
810 5629 955 5677 sunt.
981 5619 1133 5675 Videt
1160 5622 1320 5677 lmine
1346 5619 1557 5677 insoiita
1585 5629 1641 5675 et
1668 5620 1891 5677 miratur
1917 5637 1932 5675 :

419 5744 493 5832 (ni
511 5776 676 5843 forte,
693 5770 904 5843 climate
924 5770 1103 5843 cogitas
1119 5786 1151 5843 ,jr
1173 5774 1251 5823 vel
1271 5809 1288 5834 ,
1307 5774 1358 5828 in
1402 5783 1466 5838 te,
1505 5776 1678 5838 pro,tn
1702 5789 1812 5839 me;
1835 5774 1935 5837 vel.

363 5829 552 5896 quando
572 5829 818 5895 aliquanto
836 5829 1013 5884 intth
1030 5829 1228 5897 cogitas.

1550 376 1611 432 s.
1649 344 2010 431 AUCUS’HNI
2044 366 2344 427 srrscom

3456 368 3567 430 7m-

2013 488 2152 547 unde
2179 494 2259 548 est
2280 493 2397 564 ipse
2428 496 2586 552 homo
2610 493 2697 564 qui
2726 490 2985 549 miratur?
3009 493 3091 550 ubi
3121 496 3265 553 erat?
3284 497 3416 555 unde
3441 504 3547 571 pro.
3574 508 3585 535 ί

2008 584 2209 640 Cessit?
2238 584 2377 640 unde
2424 584 2587 639 forma
2635 585 2906 656 corporis?
2942 585 3082 641 unde
3117 588 3450 647 membrorum
3475 592 3548 647 di~

2007 675 2256 733 stinctio?
2287 677 2425 731 unde
2455 677 2664 731 habitus
2694 674 2792 731 iste
2820 676 3127 746 speciosus?
3151 678 3213 733 de
3240 681 3418 750 quibus
3455 686 3549 752 pri.

2011 768 2270 826 mordii's?
2296 770 2362 826 de
2386 786 2543 847 quam
2571 768 3093 839 comtcmptibilihus.
3124 772 3183 825 Et
3212 772 3419 828 mimtur
3440 776 3547 838 alia,

2007 877 2126 913 ιοιιιιι
2159 861 2227 915 sit
2256 861 2369 932 ipse
2399 862 2619 916 mirator
2645 876 2891 932 maguum
2919 863 3246 917 miraculum.
3272 862 3415 920 Unde
3442 881 3552 937 ergo

2009 953 2107 1006 ista
2151 970 2267 1024 qua:
2296 950 2461 1013 vides.
2490 953 2587 1008 nisi
2623 969 2686 1009 ex
2719 952 2808 1008 illo
2841 966 3000 1023 quem
3037 968 3138 1006 non
3165 952 3343 1010 vides?
3366 956 3481 1020 Sed,
3505 968 3555 1012 ιιι

2009 1044 2187 1101 dicere
2235 1061 2523 1115 coeperam,
2566 1043 2688 1114 quia
2728 1042 2821 1099 tibi
2866 1045 2966 1099 ista
2998 1045 3273 1112 viluerant,
3300 1050 3433 1103 venit
3456 1050 3555 1117 ipse

2007 1128 2073 1188 ad
2106 1134 2343 1189 facienda
2375 1134 2583 1190 insolita
2606 1176 2620 1199 ,
2665 1144 2720 1189 ut
2747 1144 2799 1190 et
2830 1134 2883 1189 in
2912 1132 3043 1205 ipsis
3067 1135 3232 1191 Solitis
3268 1152 3554 1207 agnosceres

2007 1212 2262 1281 artiﬁcem
2286 1238 2453 1282 tumn.
2471 1226 2629 1281 Venit
2654 1226 2745 1282 ille
2771 1225 2855 1281 cui
2877 1225 3073 1280 dictum
3097 1236 3192 1283 est.
3224 1225 3409 1281 Inuera
3430 1230 3556 1299 signa

2009 1316 2195 1386 (Et-cli.
2230 1333 2412 1384 xxxvi,
2445 1317 2540 1391 6):
2568 1318 2650 1372 cui
2678 1317 2875 1372 dictum
2907 1328 3009 1384 est,
3044 1315 3561 1386 Ηῐιὶιῐεαριιιικήεονσ

2008 1408 2119 1461 duis
2144 1419 2253 1462 tua:
2288 1406 2456 1483 (Ρδαι.
2488 1424 2597 1475 xvi,
2621 1408 2697 1479 7);
2721 1406 3068 1478 Largiebatur
3090 1409 3227 1463 enim
3253 1425 3367 1474 eas;
3389 1409 3559 1482 largie-

2009 1500 2183 1562 batur,
2214 1510 2266 1555 et
2294 1516 2451 1554 nemo
2479 1499 2790 1554 mirabatur.
2816 1498 2972 1555 Venit
2997 1514 3125 1571 ergo
3148 1516 3336 1571 parvus
3362 1504 3422 1557 ad
3448 1519 3554 1573 paro

2009 1607 2138 1661 vos,
2180 1593 2323 1647 venit
2373 1591 2608 1648 medicus
2654 1593 2719 1647 ad
2763 1601 3011 1664 a‘grotos,
3044 1594 3135 1664 qui
3175 1602 3374 1665 poterat
3399 1597 3560 1654 venire

2009 1698 2127 1738 Cum
2157 1682 2334 1743 vellet.
2367 1683 2541 1738 redire
2568 1697 2687 1737 cum
2720 1683 2894 1748 vellet,
2925 1682 3103 1739 facere
3131 1684 3374 1755 quidquid
3397 1687 3555 1751 vellet.

2005 1773 2245 1843 judicare
2268 1786 2321 1830 ιιι
2343 1776 2517 1831 vellet.
2546 1776 2609 1831 Et
2631 1775 2730 1833 hoc
2748 1776 2886 1847 quod
2916 1777 3094 1843 Vellet,
3121 1777 3231 1847 ipsa
3255 1778 3443 1846 iustitia
3465 1790 3559 1841 est:

2010 1879 2058 1921 et
2094 1866 2231 1938 quod
2265 1866 2354 1923 ille
2381 1869 2520 1931 vult,
2552 1868 2787 1939 inquam,
2817 1869 2928 1939 ipsa
2956 1868 3161 1938 justitia
3186 1879 3282 1924 est.
3309 1870 3415 1926 Non
3437 1873 3562 1925 enim

2013 1956 2250 2028 iniquum
2295 1965 2377 2013 est
2416 1959 2559 2032 quod
2604 1958 2693 2015 ille
2735 1958 2864 2027 vult,
2902 1966 2993 2014 aut
3020 1974 3230 2030 aequum
3270 1967 3434 2030 potem
3461 1970 3564 2016 esse

2011 2048 2152 2121 quod
2186 2066 2289 2106 non
2317 2051 2448 2106 vult.
2479 2050 2635 2107 Venit
2671 2050 2928 2108 suscitare
2950 2062 3252 2119 mortuum,
3281 2053 3565 2108 mirantibus

2014 2141 2236 2197 reddere
2267 2144 2367 2197 luci
2401 2142 2701 2212 hominem,
2733 2142 2820 2215 qui
2852 2153 2963 2199 erat
2991 2146 3041 2199 in
3075 2145 3222 2212 luce,
3251 2150 3347 2216 qui’
3360 2144 3567 2215 quotidie

2013 2233 2101 2303 qui
2135 2250 2237 2287 nou
2265 2243 2439 2296 erant,
2471 2234 2716 2305 producit
2741 2234 2807 2290 ad
2839 2235 3029 2291 lucem.

2083 2322 2307 2381 CAPUT
2336 2324 2421 2379 ιγ.
2448 2356 2520 2365 -—
2547 2326 2603 2382 5.
2623 2324 2927 2380 Miraculum
2957 2327 3237 2381 nativitatis
3254 2334 3313 2381 ea:
3335 2326 3571 2398 virginei"

2015 2414 2214 2471 Christo
2248 2418 2540 2472 exhibitura.
2602 2417 2752 2473 Fecit
2791 2418 2889 2473 ista
2916 2460 2929 2485 ,
2980 2426 3035 2475 et
3077 2428 3403 2489 contemptus
3438 2428 3510 2473 est
3538 2434 3566 2472 ιι

2015 2508 2195 2565 multis
2214 2551 2229 2575 ,
2267 2509 2384 2580 plus
2413 2510 2804 2566 attendentibus
2833 2527 2936 2565 non
2965 2526 3129 2581 quam
3168 2508 3350 2582 inagna
3378 2512 3566 2573 ulceret.

2015 2597 2109 2654 sed
2140 2616 2296 2669 quam
2325 2614 2518 2670 parvus
2546 2618 2559 2655 :
2589 2610 2837 2673 tanquam
2878 2601 3183 2658 dicentibus
3220 2601 3357 2673 apud
3379 2614 3453 2668 se,
3484 2601 3567 2656 Ista

2016 2690 2192 2746 divina
2215 2702 2357 2758 sunt,
2386 2693 2479 2749 sed
2507 2694 2604 2749 iste
2630 2692 2793 2749 homo
2811 2704 2910 2749 est.
2946 2693 3061 2749 Duo
3082 2712 3212 2763 ergo
3229 2696 3388 2760 vides,
3416 2693 3571 2748 divina

2017 2780 2070 2836 et
2096 2780 2386 2837 hominem.
2416 2782 2469 2838 Si
2497 2782 2674 2837 divina
2702 2796 2806 2837 non
2844 2795 3067 2853 possunt
3104 2784 3219 2839 ﬁeri
3240 2828 3253 2850 ,
3278 2785 3382 2839 nisi
3406 2801 3432 2836 a
3461 2784 3569 2844 ῡιιο.

2016 2872 2138 2929 vide
2186 2890 2251 2928 ne
2294 2873 2345 2927 in
2388 2873 2602 2928 homine
2646 2875 2807 2929 lateat
2835 2876 2994 2929 Deus.
3051 2875 3315 2942 Athande,
3362 2876 3571 2944 inquam.

2017 2981 2143 3043 quae,
2166 2963 2345 3029 vides,
2392 2965 2551 3020 crede
2589 2980 2706 3036 qtne
2737 2981 2841 3021 non
2880 2966 3052 3021 vides.
3106 2964 3221 3023 Non
3262 2977 3313 3023 te
3348 2966 3573 3024 deserunt.

2019 3054 2108 3125 qui
2148 3056 2354 3110 vocavit
2382 3066 2440 3109 ιιι
2468 3054 2658 3111 eredas
2691 3073 2706 3109 :
2736 3057 2979 3126 quamvis
3007 3057 3225 3127 juberet
3250 3067 3302 3115 te
3328 3058 3445 3112 illud
3469 3071 3572 3111 cre-

2019 3145 2147 3200 dere
2172 3186 2188 3211 ,
2215 3143 2355 3215 quod
2386 3160 2491 3200 nou
2532 3155 2684 3217 potes
2710 3145 2925 3214 videre;
2968 3162 3078 3204 non
3128 3159 3300 3205 tamen
3326 3156 3379 3204 te
3400 3147 3577 3203 dimisit

2019 3230 2150 3291 nihil
2181 3236 2493 3303 videntem,
2524 3237 2666 3293 unde
2695 3237 2866 3308 possis
2885 3238 3113 3295 credere
3139 3240 3281 3312 quod
3306 3256 3403 3294 non
3428 3238 3573 3291 videat

2022 3326 2261 3383 Parvane
2302 3329 2487 3398 signa,
2536 3342 2768 3399 parvane
2808 3329 3001 3385 indicia
3038 3340 3166 3384 sont
3191 3328 3445 3386 Creatoris
3478 3328 3576 3399 ipsa

2020 3421 2296 3477 creatura?
2338 3419 2503 3491 Venit
2540 3420 2735 3489 etiam,
2782 3421 2905 3477 fecit
2947 3423 3221 3479 miracula.
3255 3423 3366 3479 Non
3393 3430 3599 3491 ιιιιιιοηι·

2021 3510 2203 3567 videre
2257 3512 2421 3568 Deum
2454 3554 2469 3577 ,
2522 3523 2734 3583 poteras
2772 3511 3045 3567 hominem
3080 3531 3097 3569 :
3131 3515 3268 3569 Deus
3315 3513 3473 3568 factus
3507 3519 3597 3564 esti

2022 3602 2212 3671 homo,
2245 3611 2305 3657 ut
2341 3601 2394 3656 in
2427 3617 2532 3657 uno
2571 3603 2667 3657 tibi
2698 3611 2840 3659 essm
2876 3605 3102 3674 etquod
3130 3606 3332 3659 videres
3353 3646 3365 3667 ,
3389 3610 3442 3658 et
3458 3600 3597 3672 qutul'

2022 3694 2293 3749 crederes.
2340 3691 2408 3748 In
2449 3693 2701 3765 principio
2741 3704 2845 3749 erat
2879 3694 3133 3759 Verbum,
3181 3707 3226 3750 et
3266 3694 3465 3750 Verbum
3489 3698 3599 3746 erat:

2022 3783 2161 3857 apud
2187 3782 2384 3853 Deum,
2415 3794 2461 3840 ct
2482 3784 2620 3840 Deus
2645 3796 2750 3840 erat
2786 3784 3000 3841 Verbum
3026 3788 3210 3861 (Joan.
3243 3805 3279 3851 ι,
3308 3789 3385 3859 1).-
3416 3784 3576 3849 Audis,

2025 3888 2078 3933 et
2099 3874 2332 3932 nondum
2361 3876 2528 3935 vides.
2559 3877 2705 3934 Ecce
2724 3879 2900 3944 venit,
2945 3895 3078 3934 ecce
3100 3882 3334 3935 nascitur
3354 3908 3371 3944 ,-
3394 3892 3507 3933 «ecce
3523 3874 3597 3929 thr

2026 3967 2220 4023 femina
2254 3969 2512 4039 procedit,
2542 3968 2633 4040 qui
2661 3969 2785 4024 fecit
2812 3970 3111 4025 masculum
3139 3981 3193 4027 et
3214 3970 3471 4026 l‘enrinam.
3494 3965 3579 4032 Qui

2025 4058 2149 4114 fecit
2178 4057 2471 4115 masculum
2487 4066 2543 4114 et
2569 4056 2841 4127 feminam,
2871 4074 2975 4114 non
2996 4061 3273 4117 fartus-cst
3292 4070 3583 4131 peramen-

2002 4151 2134 4225 ⁸ιιιιιι
2164 4160 2218 4205 et
2251 4147 2523 4205 feminam.
2572 4148 2989 4220 Contemputrus
3024 4152 3170 4205 enim
3209 4166 3329 4207 eras
3354 4143 3595 4214 meo"?

2030 4253 2379 4309 nasceretur,
2433 4258 2541 4298 non
2588 4243 2888 4300 contemnis
2933 4245 3208 4314 quomodo
3262 4247 3578 4297 misceretur:

2028 4335 2151 4407 quia
2196 4350 2410 4406 semper
2457 4344 2571 4390 erat
2614 4346 2895 4406 antequam
2939 4344 3270 4391 nasceretur.
3323 4332 3484 4396 Ecce,
3510 4328 3583 4383 iu-

2029 4442 2212 4497 quam,
2244 4427 2533 4497 assmnpsit
2561 4441 2788 4496 corpus;
2818 4426 3031 4480 indutus
3052 4436 3139 4481 est
3163 4438 3361 4488 carne.
3382 4433 3578 4493 pracd-

2030 4517 2185 4572 silex
2228 4525 2400 4572 utero.
2448 4515 2636 4573 Iamne
2667 4518 2812 4574 vides
2843 4518 2902 4572 ‘t
2939 4518 3084 4588 jam,
3137 4519 3383 4588 inquam,
3421 4507 3581 4567 vides!

2030 4621 2243 4663 cit-nem
2273 4607 2540 4679 interrogo
2571 4607 2669 4683 (a),
2692 4608 2787 4664 sed
2816 4623 3030 4664 cantem
3058 4608 3284 4664 ostendo
3304 4625 3317 4659 :
3337 4605 3477 4661 vides
3496 4600 3580 4655 alia

2031 4699 2156 4771 quid
2174 4741 2190 4767 ,
2233 4708 2288 4756 et
2318 4715 2422 4756 non
2450 4699 2598 4757 vides
2625 4699 2842 4770 aliquid.
2890 4700 3028 4755 Erce
3053 4701 3106 4755 iu
3134 4701 3252 4770 ipso
3279 4705 3451 4769 portu,
3475 4704 3589 4748 ecce

2026 4794 2137 4865 jam
2166 4792 2271 4849 duo
2295 4801 2418 4849 sunt
2441 4835 2455 4858 ,
2495 4803 2549 4849 et
2585 4793 2724 4865 quod
2751 4793 2932 4850 videas
2953 4834 2969 4859 ,
3009 4802 3063 4848 et
3087 4793 3229 4863 quod
3269 4806 3371 4848 non
3396 4789 3581 4847 vide-ts;

2033 4884 2127 4940 sed
2156 4894 2210 4940 ut
2231 4896 2326 4956 per
2351 4886 2524 4956 ipsum
2546 4885 2683 4955 quod
2710 4885 2857 4941 vides
2880 4927 2895 4951 ,
2931 4884 3118 4941 eredas
3146 4884 3287 4955 quod
3310 4898 3413 4937 non
3436 4877 3580 4933 vidrs.

2034 4977 2388 5035 Coutemnere
2413 4993 2675 5049 coeperas,
2705 4978 2822 5050 quia
2844 4978 2993 5034 vides
3013 4978 3101 5049 qui
3132 4986 3293 5032 natus
3308 4983 3390 5029 est
3409 4988 3423 5025 :
3446 4965 3585 5023 crede

2037 5070 2180 5140 quod
2220 5088 2326 5125 non
2359 5069 2505 5126 vides
2532 5112 2546 5136 ,
2581 5070 2700 5140 quia
2731 5068 2799 5125 de
2838 5069 3048 5140 virgine
3084 5077 3264 5124 natus.
3318 5057 3586 5133 Quantum

2037 5171 2150 5226 est,
2196 5160 2398 5232 inquit,
2442 5162 2532 5232 qui
2562 5171 2717 5215 natus
2743 5161 2862 5215 est?
2899 5160 3004 5216 Sed
3032 5169 3263 5229 quantus
3284 5166 3393 5220 est,
3425 5150 3505 5221 qui
3528 5145 3586 5199 de

2038 5252 2244 5323 virgine
2293 5261 2447 5307 natus
2486 5251 2604 5307 est?
2665 5251 2731 5307 Et
2761 5250 2849 5307 ille
2878 5251 2966 5320 qui
2996 5251 3062 5305 de
3099 5248 3302 5318 virgine
3329 5254 3477 5298 natus
3496 5245 3583 5295 αι.

2040 5343 2353 5398 miraculum
2392 5342 2684 5413 temporale
2726 5342 2818 5397 tibi
2860 5341 3040 5397 attulit
3070 5359 3082 5395 :
3115 5353 3222 5393 non
3247 5345 3328 5392 est
3360 5339 3502 5388 natus
3530 5324 3588 5379 de

2044 5445 2211 5508 patre,
2238 5435 2442 5491 scilicet
2462 5435 2527 5491 de
2544 5444 2693 5507 patre
2723 5434 2960 5498 homine,
2979 5442 3035 5488 et
3059 5441 3216 5484 natus
3239 5423 3402 5483 estde
3423 5431 3579 5475 carne.

2041 5527 2145 5585 Sed
2186 5544 2291 5584 non
2337 5527 2432 5583 tibi
2483 5527 2726 5584 videatur
2763 5525 3130 5598 impossibile,
3181 5521 3301 5592 quia
3344 5524 3486 5572 natus
3517 5516 3587 5562 αι

2110 5712 2285 5774 ξιον..
2300 5710 2427 5773 jam,
2454 5726 2558 5774 pro.
2574 5710 2758 5774 (iamne.
2890 5772 2899 5774 _
3074 5767 3082 5774 _
3271 5768 3285 5774 Α
3306 5772 3319 5774 _
3420 5748 3545 5774 __.

2106 5758 2183 5837 (ui
2194 5758 2285 5886 'I‘T.‘
2300 5758 2496 5825 'Deucd.
2520 5758 2799 5825 liicml'crunt
2843 5772 2901 5823 ad
2936 5767 3237 5835 marginem:
3264 5768 3401 5833 ιοειιδ
3419 5762 3516 5823 me,”
3537 5758 3595 5795 ’θ’

2106 5850 2144 5886 ς.
2208 5877 2217 5885 .
2247 5868 2262 5883 .

2040 5850 2144 5890 οιιε.
2208 5850 2262 5886 .‘l.
