3852 6182
366 300 469 355 707

370 413 617 479 latendo,
647 408 896 486 quidquid
929 408 1086 465 habet
1110 404 1306 471 dando,
1330 412 1383 459 et
1413 418 1472 459 se
1502 401 1831 470 redimendo,
1864 401 1943 483 ιι-

372 503 630 567 borando,
663 501 925 558 cruciatus
948 496 1321 564 molestiasque
1346 493 1678 575 sustinendo,
1707 492 1944 547 medicus

367 594 783 657 adhibendo,.et
822 587 1077 660 quidquid
1121 586 1264 641 aliud
1297 572 1456 639 homo
1501 584 1707 655 potest?
1758 582 1944 665 Videte

368 688 488 757 quia
520 682 843 751 consumptis
870 679 1136 734 laboribus
1162 687 1209 733 et
1243 676 1576 732 facultatibus
1605 675 1738 761 suis,
1764 683 1820 728 ut
1843 673 1941 727 ali-

363 788 618 853 quantum
651 776 785 828 vivat
808 814 822 840 ,
854 780 1026 840 totest
1064 772 1270 826 facere:
1307 776 1362 822 ut
1390 782 1601 837 Semper
1629 763 1806 831 vivat,
1836 779 1941 819 non

364 879 557 942 potest.
589 867 646 923 Si
670 883 798 937 ergo
826 866 1007 920 labore
1034 872 1201 930 tanto,
1232 871 1380 917 tanto
1406 870 1618 924 conatu,
1648 859 1811 914 tantis
1840 858 1942 910 im-

363 962 603 1035 pcndiis,
652 966 792 1015 tattta
823 956 1067 1011 instantia
1088 997 1104 1022 ,
1133 963 1278 1029 tanta
1318 952 1582 1023 vigilantia
1602 992 1618 1019 ,
1644 958 1784 1005 tanta
1815 963 1941 1035 cura

363 1054 570 1127 agitur,
604 1058 659 1103 ut
698 1049 1024 1116 aliquantum
1056 1046 1169 1115 plus
1196 1045 1400 1097 vivatur
1427 1060 1441 1107 ;
1484 1040 1933 1129 qxnommlotngenf

360 1144 485 1197 dum
516 1151 631 1215 est,
666 1151 715 1194 ut
758 1153 971 1208 semper
997 1136 1240 1190 vivatur?
1278 1134 1342 1188 Et
1366 1133 1410 1188 si
1434 1132 1719 1203 prudentes
1754 1131 1944 1213 dicun-

363 1245 466 1298 tur,
498 1235 587 1305 qni
623 1232 868 1297 omnibus
900 1230 1068 1285 modis
1094 1236 1288 1309 agunt,
1321 1238 1376 1282 ttt
1404 1225 1651 1281 dili'erant
1676 1234 1939 1291 mortem,

363 1338 419 1384 et
449 1329 624 1382 vivant
650 1338 846 1396 paucos
872 1323 1008 1389 dies,
1038 1337 1105 1376 ne
1132 1319 1357 1392 perdant
1386 1332 1584 1389 paucos
1608 1318 1753 1381 dies.
1783 1330 1941 1386 quam

362 1419 506 1472 stulti
536 1427 678 1482 sunt,
705 1414 791 1487 qui
820 1415 895 1469 sic
923 1414 1121 1476 vivunt,
1157 1420 1212 1466 ιιι
1237 1410 1459 1481 perdant
1485 1418 1740 1463 mtcrnum
1765 1408 1942 1463 diem?

434 1515 486 1565 5.
533 1511 668 1577 Quid
680 1488 758 1564 sit
786 1519 971 1563 wtcrnu
1000 1507 1132 1570 vita,
1161 1515 1207 1559 ct
1242 1503 1419 1574 quanti
1442 1502 1672 1557 carenda.
1719 1500 1944 1555 Pretium

360 1607 476 1658 vita:
512 1613 730 1659 (clerate.
783 1600 894 1653 Vita
923 1608 1111 1652 aztcrna
1150 1596 1309 1650 verbis
1345 1594 1560 1648 hominis
1602 1610 1703 1648 non
1738 1592 1942 1648 dicitur.

363 1697 475 1750 lloc
516 1695 684 1749 solum
716 1707 841 1761 ergo
876 1690 1027 1744 nobis
1069 1688 1299 1759 promitti
1344 1695 1547 1756 potest,
1574 1694 1631 1741 ut
1675 1685 1946 1741 dulcescat

363 1784 516 1841 ιιιιιιίε
548 1795 831 1852 utcumque
878 1797 1067 1835 munus
1108 1781 1235 1845 Dei,
1266 1794 1330 1835 ex
1374 1778 1475 1843 hoc
1502 1777 1641 1847 quod
1690 1777 1944 1832 habemus

363 1876 561 1931 ttioda:
594 1874 712 1944 quia
750 1872 817 1926 de
846 1886 1063 1927 munere
1098 1870 1263 1939 ipsius
1289 1867 1547 1922 habemus
1581 1877 1637 1922 ut
1662 1867 1941 1932 vivamus,

363 1975 421 2022 nt
445 1967 573 2021 salvi
600 1966 786 2019 simus.
815 1965 1079 2019 I’onamus
1106 1948 1232 2031 ergo
1253 1960 1406 2016 nobis
1433 1970 1554 2021 ante
1580 1960 1762 2015 oculos
1785 1958 1942 2037 talem

361 2058 523 2112 vitam
549 2062 710 2122 ,cmn
742 2054 1066 2124 promittitur
1105 2062 1301 2109 interna
1324 2094 1341 2118 ,
1371 2062 1431 2111 ut
1471 2067 1839 2131 removeamus

364 2149 448 2202 itla
475 2146 729 2218 quidquid
762 2147 844 2200 hic
872 2145 1151 2200 molestum
1177 2144 1426 2216 patimur.
1455 2140 1683 2197 Facilius
1707 2142 1847 2196 enim
1873 2141 1947 2201 iu-

364 2240 607 2293 vcnimtts
635 2235 757 2308 quid
790 2236 860 2290 ibi
884 2252 989 2290 non
1017 2238 1115 2301 sit,
1149 2250 1304 2304 quam
1333 2233 1458 2304 quid
1484 2234 1553 2287 ibi
1578 2233 1667 2288 sit.
1696 2233 1835 2290 Ecce
1861 2232 1946 2291 hic

362 2333 609 2397 vivimus,
640 2332 877 2387 vivemus
905 2338 960 2387 et
982 2330 1073 2385 ibi.
1103 2327 1246 2385 Salvi
1275 2342 1458 2382 sumus
1484 2326 1698 2397 quando
1729 2326 1815 2381 hic
1838 2342 1944 2387 nun

362 2434 703 2495 :egrotamus,
727 2436 897 2491 neque
920 2418 1118 2489 aliquid
1142 2418 1288 2474 dolet
1312 2419 1365 2473 in
1389 2432 1612 2487 corpore
1636 2436 1651 2472 :
1681 2418 1813 2471 salvi
1841 2416 1947 2473 cri-

363 2531 481 2569 mus
502 2523 553 2567 et
582 2511 671 2566 ibi.
693 2511 760 2565 Et
778 2509 989 2581 quando
1011 2508 1163 2563 nobis
1180 2507 1314 2563 bene
1330 2516 1411 2562 est
1433 2508 1485 2561 in
1506 2506 1605 2561 hac
1622 2507 1748 2573 vita,
1772 2507 1946 2562 nullas

364 2621 549 2675 pix-nas
571 2604 803 2675 patimur
828 2620 841 2657 :
875 2600 1048 2657 nullas
1068 2600 1330 2671 patiemur
1353 2608 1408 2654 et
1428 2598 1520 2653 ibi.
1543 2599 1690 2655 Pone
1708 2614 1836 2670 ergo
1857 2598 1947 2654 hic

362 2697 631 2759 hominem
658 2698 942 2761 viventem,
966 2694 1191 2761 salvum,
1218 2692 1391 2748 nullas
1418 2707 1604 2763 poenas
1623 2691 1940 2765 patientem:

362 2792 407 2851 si
431 2789 480 2844 ei
506 2789 730 2853 (limaret
748 2787 1024 2858 quisquam
1054 2794 1112 2841 ut
1130 2800 1344 2856 semper
1366 2786 1445 2841 sic
1471 2794 1636 2851 esset,
1657 2793 1711 2840 et
1726 2784 1832 2840 hoc
1852 2784 1946 2840 bo-

330 2897 493 2943 num
535 2896 638 2935 non
684 2878 1022 2943 desineret‘,
1062 2886 1321 2948 quantum
1355 2876 1651 2948 gauderet?
1688 2885 1942 2948 quantum

362 2968 753 3029 esuilteretur?
788 2967 1058 3039 quomodo
1100 2982 1161 3023 se
1198 2982 1307 3024 non
1347 2975 1564 3037 caperet
1609 2967 1944 3035 lmtitiasine

356 3079 519 3134 paena
542 3105 559 3130 ,
586 3062 706 3119 sine
732 3061 1004 3127 cruciatu,
1042 3060 1159 3115 sine
1200 3059 1305 3115 line
1328 3057 1495 3115 vitae?
1534 3058 1594 3117 Si
1622 3058 1727 3117 hoc
1771 3059 1942 3115 solum

362 3158 516 3219 notus
538 3155 869 3225 protnitterct
888 3154 1049 3220 Deus,
1064 3152 1213 3224 quod
1233 3150 1363 3217 disi,
1389 3151 1529 3224 quod
1552 3151 1737 3216 modo,
1752 3152 1944 3223 quibus

365 3249 552 3321 potui,
581 3248 756 3311 verbis
784 3245 1040 3315 descripsi
1069 3253 1125 3301 et
1163 3243 1574 3311 conmendavi;
1614 3245 1798 3315 quanti
1826 3253 1946 3301 erat

363 3338 671 3397 eluendum.
702 3336 748 3392 si
778 3335 965 3392 venale
984 3345 1146 3401 esset,
1168 3342 1425 3407 quantum
1450 3333 1687 3393 dandum
1706 3344 1823 3391 erat.
1842 3376 1860 3403 ,
1887 3345 1947 3392 ut

362 3429 672 3486 emeretur?

433 3520 657 3579 CAPUT
699 3516 1169 3577 lll.--Sul'liccret
1204 3516 1459 3588 quidquid
1488 3515 1747 3584 haberes,
1782 3516 1942 3573 etiam

361 3614 407 3669 si
439 3622 607 3673 totum
631 3610 885 3669 mundum
916 3609 1235 3679 meamea.
1280 3608 1349 3665 Et
1384 3615 1562 3665 tamen
1592 3609 1778 3671 venale
1820 3617 1939 3667 est:

361 3721 482 3767 cute
510 3703 554 3761 si
713 3702 822 3761 Nec
850 3702 1071 3757 multum
1105 3708 1369 3756 enestues
1396 3699 1465 3755 de
1503 3716 1562 3756 re
1592 3716 1781 3772 magna
1820 3716 1944 3772 pro-

362 3810 482 3870 pter
519 3799 671 3870 pretii
717 3795 1154 3867 magnitudinem.
1199 3794 1426 3852 Tantum
1467 3794 1643 3860 valet,
1685 3809 1941 3865 quantum

364 3892 549 3951 habes.
581 3889 661 3947 Ad
688 3888 888 3958 aliquid
916 3903 1047 3958 ergo
1067 3901 1316 3957 magnum
1341 3894 1391 3941 et
1408 3886 1709 3956 pretiosum
1729 3901 1944 3957 compa-

361 3982 587 4039 randum
615 3996 830 4053 parares
858 3996 1067 4047 aurum,
1098 3980 1179 4037 vel
1207 3988 1506 4049 argentum,
1535 3978 1617 4035 vel
1639 3980 1940 4048 pecuniam,

362 4074 443 4131 vel
470 4073 674 4133 fruente
716 4072 923 4142 aliquos
966 4084 1217 4144 pecorum
1257 4081 1349 4125 aut
1374 4069 1605 4141 frugum,
1649 4071 1822 4142 quiin
1854 4081 1942 4127 tua

364 4164 699 4233 possessione
737 4173 1114 4227 nascerentur,
1149 4171 1206 4219 ut
1235 4177 1443 4218 emeres
1480 4163 1666 4221 nescio
1693 4163 1819 4233 quid
1845 4163 1945 4220 hoc
1996 4174 2003 4179 '

364 4271 610 4324 magnum
636 4262 697 4309 ct
712 4254 1046 4323 praclarum,
1069 4269 1176 4321 quo
1202 4253 1409 4308 viveres
1436 4254 1490 4308 in
1512 4253 1621 4309 hac
1634 4263 1772 4311 terra
1796 4253 1938 4310 felix.

364 4346 430 4403 Et
469 4346 567 4400 hoc
601 4358 741 4408 cute,
768 4345 812 4396 si
852 4342 951 4397 vis.
981 4343 1099 4398 Noli
1128 4358 1369 4413 qna-rere
1408 4344 1532 4411 quid
1577 4345 1800 4406 habeas.
1849 4345 1942 4401 sed

308 4490 315 4497 ,
362 4437 538 4505 «litatis
579 4436 672 4489 sis.
704 4435 808 4489 lies
834 4434 932 4491 ista
964 4443 1021 4488 te
1046 4434 1201 4489 valet.
1230 4434 1459 4495 Tantum
1488 4436 1658 4501 valet,
1688 4445 1941 4505 quantum

362 4542 424 4581 es
440 4537 525 4583 tu.
566 4526 641 4580 Te
672 4525 739 4578 da
758 4566 776 4591 ,
804 4533 858 4580 ct
902 4524 1120 4581 habebis
1148 4525 1311 4579 illam.
1341 4524 1476 4592 Quid
1522 4526 1789 4583 turbaris?
1816 4528 1941 4598 quid

363 4617 666 4675 csa-sinas?
695 4615 960 4688 Numquid
997 4616 1314 4685 qutcsitnrus
1342 4631 1400 4670 es
1427 4626 1506 4679 te,
1536 4627 1627 4675 aut
1669 4628 1944 4688 empturus

363 4725 424 4765 es
445 4709 530 4765 te?
550 4708 687 4764 Ecce
710 4717 765 4762 tu
792 4707 879 4778 qui
902 4722 982 4772 es,
1011 4706 1181 4776 qualis
1206 4723 1281 4770 es,
1304 4707 1367 4761 da
1397 4717 1447 4762 te
1477 4708 1549 4762 illi
1581 4709 1675 4776 rei,
1702 4720 1754 4765 et
1780 4710 1944 4766 babe-

360 4800 446 4857 bis
470 4800 632 4855 illam.
662 4797 767 4854 Sed
799 4797 969 4853 malus
995 4812 1110 4853 sum
1135 4838 1151 4864 ,
1194 4797 1401 4869 inquies
1425 4840 1441 4863 ,
1473 4809 1526 4852 ct
1567 4800 1702 4857 forte
1727 4816 1812 4857 me
1836 4818 1940 4857 non

357 4894 571 4963 accipit.
602 4891 783 4957 Danda
821 4901 871 4951 tu
900 4890 1006 4955 illi,
1051 4890 1220 4947 bonos
1242 4893 1371 4949 eris.
1402 4891 1471 4949 Ut
1496 4892 1621 4951 huic
1646 4893 1769 4951 ﬁdei
1812 4910 1940 4965 pro-

352 4984 707 5053 missionith
734 4995 785 5039 te
818 4983 916 5039 des
934 5023 950 5048 ,
979 4982 1083 5039 hoc
1100 4991 1183 5037 est
1200 4984 1397 5039 bonum
1436 5001 1577 5045 esse.
1600 4984 1733 5041 Cum
1761 4996 1939 5047 autem
1986 5024 1993 5031 -

360 5076 533 5137 inaltus
558 5075 743 5142 fueris,
765 5074 991 5147 pretium
1024 5073 1190 5145 ipsius
1210 5074 1285 5129 rei
1304 5074 1413 5129 eris
1435 5114 1450 5139 ,
1478 5087 1533 5139 et
1561 5076 1803 5144 habebis,
1832 5093 1938 5137 non

352 5164 501 5235 quod
524 5163 634 5229 disi
662 5164 834 5231 solum
852 5204 868 5231 .
896 5164 1156 5235 salutent,
1189 5164 1635 5231 incolumitatem,
1662 5168 1820 5235 vitam
1838 5208 1863 5233 ,ι
1887 5177 1941 5224 et
1980 5180 1987 5191 θ

357 5258 475 5339 sine
505 5255 617 5321 lino
635 5256 830 5321 vitam;
862 5271 966 5313 non
992 5255 1111 5313 hoc
1128 5256 1321 5325 solum.
1336 5255 1560 5319 habebis
1578 5297 1599 5324 ,
1619 5258 1799 5317 adlutc
1834 5261 1938 5315 alia

338 5348 510 5403 .tnllo.
539 5347 657 5417 Eon
705 5347 779 5405 ibi
802 5347 915 5409 erit
940 5345 1133 5407 lassari
1170 5357 1225 5404 et
1273 5347 1545 5413 dormire:
1586 5364 1699 5407 non
1739 5352 1811 5409 ibi
1839 5353 1943 5413 erit

359 5439 564 5493 esurire
584 5448 642 5492 et
680 5438 870 5493 sitire:
916 5455 1021 5493 non
1049 5439 1117 5494 ibi
1139 5440 1241 5495 erit
1265 5454 1510 5501 crescere
1536 5449 1590 5495 et
1627 5456 1936 5515 senescere;

286 5566 289 5569 ι
359 5528 603 5597 quianee
628 5529 769 5584 nasci
790 5529 913 5593 erit.
938 5529 1026 5585 ubi
1047 5529 1235 5601 integri
1257 5532 1469 5587 numeri
1487 5528 1719 5589 manent.
1745 5533 1940 5589 Nume-

363 5632 455 5672 rus
482 5616 570 5683 qui
600 5628 700 5685 cat,
729 5617 843 5689 ipse
871 5628 984 5685 est;
1014 5635 1111 5676 nec
1140 5636 1272 5690 opus
1298 5630 1383 5679 est
1412 5630 1465 5677 ut
1491 5635 1744 5694 angi-ator
1767 5667 1780 5692 ,
1816 5626 1936 5696 quia

425 5721 636 5767 'tmtues
659 5726 785 5780 uss,
808 5719 984 5783 finiret.

1603 290 1661 346 s.
1702 285 2063 369 incusum
2098 288 2400 351 EPISCOPI
3482 318 3579 377 .703

2055 418 2159 457 non
2189 403 2258 459 ibi
2288 405 2345 460 lit
2375 415 2432 460 ut
2460 407 2753 465 minuatur.‘
2782 411 2917 467 Ecce
2944 425 3134 483 quanta
3157 416 3245 473 tuli
3264 457 3280 486 ,
3306 430 3358 476 et
3378 426 3581 483 nondum

2052 495 2157 561 dixi
2187 498 2314 566 quid
2346 498 2416 555 ibi
2442 500 2561 555 crit.
2592 502 2727 559 Ecce
2743 503 2859 573 jam
2892 504 2995 563 vita
3022 515 3121 572 est,
3145 508 3252 579 jam
3288 511 3584 583 incolumitas

2052 597 2157 661 est,
2176 589 2286 657 jam
2320 591 2471 645 nulla
2502 608 2685 663 pocula,
2711 596 2851 650 nulla
2879 594 3042 651 latntes
3064 641 3080 665 ,
3113 602 3247 656 nulla
3269 602 3408 668 sitis.
3434 609 3581 687 nullus

2049 678 2319 746 defectus,
2351 683 2483 738 nihil
2513 684 2702 742 borum
2726 704 2742 753 ;
2770 697 2823 742 et
2864 699 3036 744 tamen
3074 693 3298 755 nonduin
3336 697 3435 752 dixi
3472 678 3585 771 quia

2050 773 2226 827 oculus
2254 791 2353 828 non
2380 776 2533 841 vidit,
2563 794 2652 832 nec
2677 782 2813 839 auris
2843 781 3070 850 audivit,
3097 801 3183 840 nec
3217 787 3268 841 in
3294 804 3374 842 cor
3400 790 3588 849 hominis

2048 864 2293 919 ascrndit.
2321 865 2375 921 Si
2401 867 2542 921 enim
2569 867 2709 935 dixi,
2742 867 2927 926 falsum
2955 875 3194 945 estquod
3220 878 3456 949 scriptum
3482 894 3550 937 est
3571 927 3584 949 ,

2053 953 2201 1021 Quod
2241 956 2416 1013 oculus
2443 974 2543 1013 non
2582 959 2739 1025 vidit,
2772 977 2862 1015 nec
2901 964 3042 1017 auris
3078 965 3293 1034 audivit,
3326 986 3409 1025 nec
3450 973 3494 1026 in
3517 990 3589 1027 cor

2030 1047 2264 1121 .Itontinis
2291 1050 2535 1105 ascendit.
2565 1050 2717 1110 Unde
2742 1054 2886 1109 enim
2908 1040 3214 1114 ascenderet
3235 1062 3282 1114 in
3304 1077 3391 1117 cor
3414 1080 3588 1131 meum,

2030 1145 2108 1201 ait
2134 1136 2366 1196 dicerem
2393 1140 2529 1212 quod
2565 1142 2617 1195 in
2661 1160 2747 1199 cur
2776 1144 2992 1199 hominis
3021 1164 3119 1201 non
3149 1153 3401 1207 ascendit?
3433 1154 3590 1211 Credi-

2050 1234 2137 1282 tur
2157 1270 2172 1295 ,
2196 1238 2250 1282 et
2270 1245 2375 1286 non
2400 1230 2611 1287 videtur
2635 1250 2647 1286 :
2683 1249 2788 1289 non
2812 1235 2985 1291 solum
3011 1253 3118 1293 non
3143 1239 3372 1308 videtur,
3398 1243 3483 1298 sed
3509 1230 3592 1301 nec

2049 1318 2261 1375 dicitur.
2287 1320 2565 1387 Quomodo
2587 1338 2715 1393 ergo
2734 1323 2971 1380 creditur
2988 1368 3004 1393 ,
3036 1328 3080 1383 si
3106 1344 3207 1382 non
3230 1329 3449 1386 dicitur?
3482 1333 3589 1401 Quis

2049 1411 2219 1465 credit
2241 1411 2381 1482 quod
2410 1429 2513 1467 non
2536 1414 2724 1469 audit?
2750 1414 2804 1470 Si
2828 1425 3004 1471 autem
3027 1418 3173 1473 audit
3196 1428 3250 1473 ut
3269 1420 3457 1486 credat,
3481 1423 3591 1478 ilici-

2051 1509 2168 1556 tur:
2197 1500 2240 1557 si
2267 1502 2479 1571 dicitur,
2507 1507 2805 1574 cogitatur:
2832 1507 2875 1561 si
2903 1506 3166 1579 cogitatur
3190 1519 3242 1565 et
3263 1509 3460 1579 dicitur,
3483 1512 3590 1570 etin

2048 1594 2265 1651 auribus
2290 1595 2563 1652 hominum
2608 1599 2789 1654 intrat.
2835 1600 2901 1654 Et
2926 1603 3048 1671 quia
3079 1619 3181 1661 non
3214 1592 3468 1660 diceretur
3507 1607 3591 1662 nisi

2049 1686 2374 1757 cogitaretur
2390 1728 2407 1753 ,
2432 1696 2484 1744 et
2511 1688 2562 1743 in
2587 1704 2679 1743 cor
2702 1690 2929 1745 hominis
2951 1694 3214 1747 ascendit.
3236 1690 3351 1749 'Jam
3378 1712 3491 1752 ecce
3511 1699 3592 1753 ista

2049 1778 2276 1847 quaestio
2324 1788 2482 1836 tantze
2526 1780 2602 1837 rei
2638 1786 2926 1839 conturbat
2969 1800 3089 1851 nos,
3124 1795 3186 1841 ut
3224 1803 3322 1840 non
3364 1790 3593 1857 possimus

2049 1869 2225 1924 verbis
2241 1871 2506 1941 explicare
2530 1874 2898 1945 quaestionem.
2931 1874 3063 1941 Quis
3089 1870 3310 1945 explicat
3336 1878 3476 1931 rem?

2119 1959 2342 2017 CAPUT
2384 1962 2469 2018 IV.
2496 1965 2643 2018 -4.
2673 1962 2842 2019 Filius
2882 1982 3083 2036 semper
3128 1969 3318 2037 genitus
3364 1986 3393 2021 (ι
3442 1950 3590 2022 Patre.

2028 2054 2401 2119 Attendamus
2428 2056 2604 2128 itaque
2645 2057 2987 2128 Evangelium
3008 2099 3025 2124 ,
3059 2058 3217 2115 modo
3262 2052 3494 2113 Dominus
3526 2060 3593 2114 lo-

2049 2145 2344 2215 quebatur,
2373 2155 2427 2200 et
2453 2146 2705 2203 faciamus
2734 2149 2872 2219 quod
2910 2149 3025 2219 ipse
3055 2149 3187 2205 dixit
3214 2140 3229 2203 ἔ
3259 2150 3352 2218 Qui
3390 2151 3527 2205 credit
3551 2150 3593 2203 in

2022 2249 2145 2303 nte.
2178 2234 2381 2305 inquit,
2408 2238 2676 2293 transitum
2704 2238 2827 2308 facit
2854 2255 2887 2297 α
2913 2250 3077 2294 morte
3101 2241 3153 2294 in
3180 2241 3327 2294 vitam
3349 2286 3361 2305 ,
3390 2242 3497 2296 etin
3515 2243 3594 2311 jn-

2049 2324 2237 2380 diciunt
2261 2343 2361 2381 non
2388 2329 2537 2382 venit.
2569 2328 2727 2383 Amen
2754 2330 2867 2384 dico
2895 2329 3058 2398 vobis,
3086 2332 3203 2401 quia
3227 2331 3377 2386 vertici
3404 2332 3536 2398 liora,
3557 2341 3593 2384 rt

2048 2431 2183 2471 nunc
2212 2427 2303 2484 est,
2330 2418 2529 2490 quando
2555 2421 2736 2485 mortui
2757 2422 2962 2474 audient
2988 2437 3160 2476 vocent
3185 2420 3306 2477 Filii
3333 2422 3443 2488 Dei;
3466 2434 3505 2477 rt
3523 2426 3594 2494 qui

2025 2509 2333 2593 audierint,
2372 2512 2554 2567 vivent.
2588 2512 2733 2568 Sicut
2756 2515 2893 2568 enim
2919 2512 3083 2569 Pater
3120 2515 3263 2581 habet
3292 2519 3430 2572 ritam
3462 2518 3505 2571 in
3527 2534 3595 2571 se-

2048 2603 2291 2674 metipso,
2322 2604 2393 2659 sic
2421 2605 2560 2658 dedit
2588 2604 2723 2662 Filio
2751 2605 2933 2662 habere
2960 2608 3122 2663 vitam
3142 2609 3195 2662 in
3221 2609 3483 2678 scmctipso.
3509 2608 3595 2681 Gc-

2017 2694 2285 2765 ,neraudo
2328 2693 2511 2751 dedit:
2546 2695 2664 2767 quia
2715 2697 2929 2768 genuit,
2972 2696 3144 2754 dedit.
3190 2694 3347 2753 Filius
3374 2701 3501 2757 enim
3540 2700 3595 2759 de

2048 2784 2205 2841 Patre
2246 2795 2357 2851 est,
2397 2787 2552 2842 Ρειιιιι·
2591 2805 2695 2844 non
2738 2799 2818 2844 est
2861 2790 2926 2846 de
2959 2790 3143 2847 Filio:
3179 2791 3269 2848 sed
3313 2793 3456 2847 Pater
3497 2776 3594 2847 Filii

2047 2876 2204 2933 Pater
2230 2885 2338 2938 est.
2388 2886 2441 2932 et
2470 2877 2636 2939 Filius
2678 2879 2853 2936 Patris
2893 2890 2974 2936 est
3024 2880 3211 2940 Fitius.
3260 2881 3593 2938 Verumtamen

2047 2964 2213 3022 Filius
2238 2966 2304 3021 de
2331 2967 2485 3025 Patre
2512 2969 2754 3040 genitus,
2786 2986 2891 3024 non
2914 2971 3079 3026 Pater
3109 2973 3173 3025 de
3199 2971 3329 3027 Filio
3355 2989 3370 3026 :
3400 2983 3447 3027 et
3471 2988 3593 3027 scm-

2046 3071 2143 3128 per
2177 3056 2373 3120 Filius;
2420 3075 2633 3137 semper
2679 3075 2806 3130 ergo
2849 3052 3087 3131 genitus.
3134 3064 3260 3131 Quis
3312 3062 3406 3117 hoc
3448 3065 3595 3133 capiat

2045 3163 2261 3218 semper
2277 3138 2553 3221 genitum?
2576 3150 2761 3209 Omnis
2790 3155 2930 3208 enim
2959 3153 3147 3221 homo,
3176 3172 3294 3210 cum
3318 3156 3451 3208 audit
3472 3157 3597 3225 geni-

2050 3248 2181 3307 tum,
2209 3244 2441 3299 occurrit
2467 3238 2539 3299 illi
2563 3259 2576 3296 :
2608 3257 2735 3313 ergo
2761 3255 2874 3299 erat
2902 3254 3138 3317 tempus,
3165 3247 3368 3317 quando
3393 3256 3596 3305 nouerat

2045 3329 2147 3393 iste
2170 3332 2258 3403 qui
2281 3333 2490 3405 genitus
2509 3343 2608 3388 est.
2641 3334 2778 3402 Quid
2804 3352 2931 3407 ergo
2952 3337 3183 3397 dicimus
3204 3339 3227 3392 ?
3250 3338 3359 3395 Noa
3379 3340 3481 3394 sic:
3508 3356 3593 3393 non

2045 3430 2161 3479 erat
2184 3430 2392 3503 tempus
2432 3433 2555 3479 ante
2578 3423 2770 3480 Filium
2794 3466 2810 3493 ,
2837 3427 2956 3497 quia
2991 3429 3168 3485 omnia
3190 3447 3278 3503 per
3312 3430 3465 3501 ipsum
3480 3430 3595 3500 [acta

2045 3525 2161 3570 sunt
2189 3514 2367 3597 (Joan.
2399 3529 2449 3582 t,
2477 3513 2551 3589 5).
2580 3516 2661 3597 Si;
2675 3519 2853 3583 omnia
2880 3535 2978 3591 per
3007 3522 3184 3590 ipsum
3215 3516 3344 3578 facta
3379 3533 3517 3587 sunt;
3550 3529 3595 3575 et

2049 3615 2283 3681 tempora
2317 3621 2409 3677 per
2434 3607 2605 3676 ipsum
2628 3606 2761 3677 facta
2788 3619 2949 3676 sunt;
2978 3613 3249 3680 quomodo
3271 3622 3473 3684 possent
3494 3628 3595 3666 esse

2046 3704 2283 3767 tempora
2321 3707 2446 3752 ante
2481 3696 2670 3753 Filium
2692 3740 2706 3764 ,
2737 3715 2831 3770 per
2856 3716 3012 3773 quem
3046 3701 3180 3758 facta
3206 3715 3322 3758 sunt
3354 3701 3595 3771 tempora?

2048 3787 2195 3843 Tolle
2216 3803 2341 3858 ergo
2368 3788 2544 3842 omnia
2574 3800 2845 3858 tempora;
2877 3784 3094 3861 semper
3116 3810 3235 3849 cum
3263 3794 3409 3850 Patre
3434 3792 3592 3846 Filius.

2046 3876 2103 3931 Si
2126 3892 2340 3946 semper
2364 3893 2485 3931 cum
2517 3878 2674 3933 Patre
2700 3878 2882 3959 Filius,
2915 3891 2971 3935 et
2995 3891 3175 3939 tamen
3206 3882 3386 3948 Filius,
3412 3897 3595 3951 semper

2045 3970 2255 4040 genitus
2278 3986 2291 4022 :
2324 3970 2368 4024 si
2393 3985 2604 4041 semper
2622 3971 2850 4042 genitus,
2877 3988 3095 4045 semper
3113 3993 3232 4031 cum
3256 3976 3477 4047 genitore
3499 3982 3595 4029 erat

2044 4063 2135 4133 qui
2160 4063 2368 4131 genitus
2389 4072 2491 4118 est.
2620 4096 2623 4099 -
2660 4087 2667 4095 π
2815 4082 2818 4087 θ

2116 4155 2169 4209 5.
2199 4152 2465 4208 (ignoratio
2484 4155 2786 4225 sempiterna
2810 4154 2933 4210 Filii
2954 4155 3048 4211 Dei
3065 4159 3309 4228 explicari
3328 4175 3423 4213 non
3439 4163 3589 4227 potest.

2045 4245 2323 4313 Nunquam
2353 4245 2585 4300 hoe'vidi
2608 4287 2622 4308 ,
2652 4247 2862 4315 inquies
2893 4258 2943 4301 tu
2965 4288 2979 4311 ,
3008 4250 3241 4319 aliquem
3263 4256 3591 4320 generantent,

2036 4336 2113 4393 et
2119 4350 2333 4406 semper
2348 4350 2470 4391 cum
2500 4336 2601 4390 illo
2617 4350 2783 4407 quem
2797 4342 3070 4408 generavit
3094 4358 3112 4394 :
3132 4342 3230 4395 sed
3253 4340 3504 4411 praecessit
3521 4337 3593 4389 ille

2042 4430 2135 4500 qui
2164 4430 2457 4500 generavit,
2482 4438 2538 4484 et
2561 4441 2775 4485 secutus
2803 4440 2885 4486 est
2898 4440 3146 4502 tempore
3168 4426 3267 4490 ille
3284 4434 3372 4504 qui
3396 4444 3591 4502 genera-

2048 4530 2131 4573 tns
2159 4529 2260 4574 est.
2291 4520 2432 4575 Bene
2462 4520 2594 4574 dicis
2616 4562 2629 4584 ,
2660 4520 2934 4591 Nunquam
2965 4522 3079 4576 hoc
3109 4524 3211 4578 vidi
3237 4541 3252 4577 :
3281 4524 3397 4595 quia
3426 4523 3515 4576 hoc
3535 4517 3589 4571 ad

2046 4610 2171 4664 illud
2194 4611 2456 4678 pertinet,
2480 4611 2616 4679 quod
2634 4611 2814 4666 oculus
2842 4629 2942 4665 non
2964 4613 3105 4669 sidit.
3134 4615 3339 4681 Qumris
3357 4607 3593 4684 quoumdo

2040 4700 2285 4755 dicatur?
2310 4699 2425 4756 Non
2453 4709 2626 4770 potest
2667 4702 2767 4755 dici
2795 4720 2807 4754 :
2839 4701 2960 4770 quia
2991 4719 3081 4756 nec
3109 4706 3250 4759 auris
3275 4703 3482 4763 audivit,
3517 4711 3592 4752 nec

2043 4793 2094 4846 in
2136 4808 2228 4846 cor
2256 4792 2479 4847 [taurinis
2523 4793 2767 4849 ascendit.
2809 4792 3090 4859 Credatur,
3131 4804 3185 4847 ιιι
3220 4795 3436 4855 colatur.
3478 4788 3590 4844 Cum

2043 4882 2297 4948 creditur,
2329 4882 2553 4947 colitur;
2581 4899 2703 4939 cuin
2728 4884 2955 4949 colitur;
2979 4886 3238 4940 crcscitur
3267 4886 3320 4950 ‘;
3354 4899 3464 4938 cum
3485 4894 3565 4934 ere

2043 4958 2227 5040 scium,
2255 4974 2478 5042 capitur.
2518 4972 2707 5031 Adhuc
2731 4977 2874 5028 enim
2914 4973 2967 5029 in
3002 4975 3101 5029 ista
3129 4990 3321 5038 carne;
3365 4970 3584 5041 quamdiu

2043 5066 2442 5137 peregrinantur
2464 5079 2499 5119 ιι
2525 5065 2769 5126 Domino,
2795 5065 2859 5119 ad
2885 5067 3116 5135 Angulus
3141 5082 3253 5120 sam
3272 5075 3369 5128 tos,
3392 5064 3472 5132 qui
3496 5061 3591 5115 lucc

2032 5157 2241 5222 -vident,
2266 5156 2495 5215 inﬂantes
2510 5170 2720 5217 sumus,
2748 5157 2975 5218 laetandi
2998 5157 3124 5217 title.
3152 5156 3397 5224 pascendi
3416 5152 3587 5222 Specie-

2044 5249 2133 5304 Sic
2152 5250 2294 5303 enim
2322 5247 2449 5302 dicit
2474 5247 2760 5316 Apostolus
2783 5264 2796 5298 :
2832 5247 3291 5327 Quamdiusnmus
3314 5248 3364 5299 in
3387 5255 3586 5314 corpora

2014 5332 2019 5339 ’
2045 5339 2420 5411 peregrinantur
2456 5355 2486 5391 a
2514 5336 2750 5391 Domino.
2797 5336 2898 5393 Per
2923 5338 3072 5407 ﬁdem
3109 5338 3243 5392 enim
3269 5333 3556 5390 ambulamus
3574 5367 3587 5386 .

2044 5447 2146 5486 non
2174 5447 2264 5502 per
2280 5431 2493 5501 speciem
2537 5428 2576 5499 (Ι
2608 5428 2725 5483 Cor.
2756 5444 2787 5485 v
2812 5469 2828 5497 ,
2860 5429 2894 5484 6
2917 5438 2966 5483 et
2991 5427 3070 5501 7).
3094 5426 3308 5483 Venturi
3340 5435 3506 5477 sumus
3532 5415 3586 5469 ad

2107 5613 2124 5645 ⁸
2149 5610 2385 5674 invenitis,
2402 5610 2497 5660 hoc
2521 5616 2575 5674 et
2596 5608 2817 5674 malum
2985 5606 3227 5663 creditur.
3244 5616 3346 5674 pl'p,
3366 5596 3587 5674 (fruituj.

2043 5672 2171 5737 quod
2177 5665 2390 5784 sorbum
2404 5665 2679 5733 reperiuius
2692 5671 2742 5720 in
2764 5665 2980 5721 melimis
3000 5675 3129 5720 notae
3148 5665 3273 5729 uss}
3288 5665 3337 5714 in
3350 5665 3451 5714 “iis
3470 5671 3586 5714 vero,

2044 5748 2176 5788 crae
2219 5769 2230 5780 .
