3934 6184
365 343 472 402 713

360 569 468 608 nes.
501 553 634 607 Boni
657 554 797 620 sint,
821 559 943 611 mali
973 560 1080 614 sint
1098 603 1113 626 ,
1149 563 1368 618 audient
1407 580 1592 621 vocem
1615 608 1631 634 ,
1653 557 1724 624 et.
1747 570 1946 625 exicnt.

359 644 692 712 Ilunipentur
710 647 888 700 omnia
911 651 1113 704 vincula
1142 651 1430 709 inferorum
1456 673 1468 710 :
1488 671 1648 712 omne
1661 657 1802 728 quod
1822 674 1947 729 per-

358 733 438 795 iit,
459 733 568 788 imo
588 736 1057 806 periisseputatur.
1079 743 1404 799 restituetur.
1422 746 1475 802 Si
1502 747 1642 802 enim
1666 748 1804 804 Deus
1820 748 1946 804 fecit

354 822 625 878 hominem
642 826 731 896 qui
760 842 865 882 non
884 837 1018 894 erat,
1039 845 1144 886 non
1172 842 1347 902 potest
1367 851 1614 906 reparare
1636 837 1775 908 quod
1791 838 1944 894 erat?

421 915 650 970 CAPUT
688 915 780 971 XI.
827 948 901 958 ——
935 920 1021 974 I5.
1065 920 1387 978 Mortnorum
1429 927 1687 982 suscitatio
1731 944 1764 981 a
1806 926 1938 996 Deo,

349 1021 452 1058 non
480 1006 648 1060 minus
673 1007 922 1063 credibilis
943 1027 1094 1080 quant
1119 1013 1323 1068 creatio.
1350 1015 1484 1071 Puto
1511 1017 1633 1086 quia
1660 1031 1781 1073 cum
1804 1018 1934 1072 dici~

347 1105 453 1162 tur,
487 1097 625 1152 Deus
649 1107 888 1156 mortuos
930 1103 1283 1160 suscitaturus
1324 1115 1426 1172 est,
1449 1123 1555 1163 non
1581 1123 1668 1164 res
1701 1109 1935 1164 incredi-

344 1185 470 1241 bilis
491 1186 702 1244 dicitur
731 1206 744 1242 :
773 1190 895 1260 quia
933 1190 1001 1247 de
1042 1193 1176 1260 Deo,
1212 1211 1318 1251 non
1357 1196 1426 1252 de
1461 1197 1678 1255 homine
1719 1199 1931 1255 dicitur.

341 1278 532 1350 Magna
560 1294 647 1334 res
665 1288 749 1335 est
772 1297 893 1351 quae
913 1282 1024 1349 liet,
1048 1294 1102 1339 et
1121 1285 1446 1342 incredibilis
1473 1305 1559 1345 res
1583 1299 1797 1360 estquae
1819 1290 1929 1347 fiet.

341 1371 452 1427 Sed
479 1387 582 1427 non
608 1373 678 1426 sit
704 1374 1050 1441 incredibilis,
1077 1378 1199 1447 quia
1247 1379 1369 1434 vide
1391 1381 1481 1451 qui
1509 1382 1652 1437 facit.
1686 1382 1778 1438 Ille
1803 1382 1934 1438 dici-

341 1472 430 1517 tnr
459 1462 598 1532 quod
645 1465 921 1520 suscitabit
953 1476 1004 1521 te
1028 1507 1044 1533 ,
1073 1469 1162 1538 qui
1198 1473 1398 1526 creavit
1444 1483 1513 1528 te.
1554 1474 1668 1530 Non
1709 1491 1850 1542 cras,
1877 1485 1933 1531 et

338 1569 436 1618 es;
463 1567 512 1608 et
543 1555 732 1622 factus,
777 1571 880 1612 non
907 1559 1056 1614 eris?
1094 1560 1280 1629 Absit,
1308 1579 1376 1618 ne
1399 1563 1606 1620 credas.
1638 1566 1931 1622 Mirabilius

334 1645 538 1714 aliquid
583 1646 706 1701 fecit
756 1647 920 1714 Deus,
949 1651 1164 1720 quando
1219 1651 1346 1708 fecit
1394 1656 1535 1725 quod
1564 1673 1666 1712 non
1694 1667 1809 1713 erat
1838 1666 1930 1714 :et

334 1743 520 1790 tamen
541 1736 664 1790 fecit
688 1738 829 1808 quod
860 1755 966 1793 non
997 1749 1147 1807 erat;
1171 1750 1226 1797 et
1250 1758 1355 1797 non
1385 1745 1622 1800 creditur
1653 1756 1928 1818 reparatu-

331 1842 428 1880 rus
448 1827 588 1896 quod
613 1839 746 1893 erat,
769 1829 837 1884 ab
863 1831 943 1886 cis
972 1832 1102 1901 ipsis
1125 1848 1260 1903 quos
1280 1833 1404 1890 fecit
1435 1837 1578 1906 quod
1604 1855 1709 1893 non
1739 1840 1926 1894 erant?

330 1918 447 1972 lIoc
484 1928 567 1973 est
612 1920 753 1990 quod
793 1923 1135 1990 rependimus
1172 1925 1299 1992 Deo,
1329 1927 1418 1997 qui
1462 1945 1567 1984 non
1594 1946 1838 1998 eramus,
1871 1940 1926 1987 et

326 2010 458 2065 facti
481 2014 702 2067 sumus?
731 2014 842 2070 Hoc
872 2015 949 2069 illi
979 2017 1340 2086 rependimus,
1374 2029 1430 2075 ut
1453 2037 1575 2078 eum
1602 2025 1923 2081 resuscitare

327 2105 477 2174 quod
523 2105 648 2161 fecit
696 2123 800 2162 non
852 2123 1010 2178 posse
1052 2111 1364 2166 credamus?
1403 2113 1530 2170 llaec
1581 2124 1665 2171 est
1716 2133 1921 2174 merces

324 2215 490 2268 quam
521 2199 596 2254 illi
632 2201 811 2256 reddit
852 2212 1095 2259 creatura
1146 2207 1280 2261 sua?
1303 2207 1427 2264 Ideo
1449 2217 1500 2266 te
1521 2209 1640 2276 feci,
1670 2211 1799 2268 dicit
1828 2213 1920 2270 tibi

325 2291 472 2345 Deus
490 2331 506 2356 ,
525 2306 561 2346 ο
590 2290 752 2348 homo
771 2335 785 2359 ,
816 2304 1098 2366 antequam
1131 2311 1280 2353 esses
1304 2340 1318 2366 ,
1347 2308 1532 2356 utnon
1563 2301 1694 2356 mihi
1731 2304 1920 2360 credas

323 2383 560 2438 futurum
582 2392 636 2441 te
655 2401 775 2440 esse
805 2387 946 2456 quod
972 2403 1111 2454 eras,
1146 2390 1235 2460 qui
1263 2393 1477 2461 potuisti
1503 2408 1623 2450 esse
1643 2395 1784 2464 quod
1809 2412 1916 2451 non

319 2475 611 2541 eras?Sed
653 2493 813 2545 ecce,
845 2480 1048 2550 inquit",
1083 2483 1136 2537 in
1179 2486 1422 2554 sepulcro
1451 2487 1591 2557 quod
1627 2489 1779 2546 video
1801 2534 1815 2557 ,
1842 2491 1919 2546 fa-

320 2566 452 2621 villa
496 2577 579 2622 cst
600 2611 614 2635 ,
643 2569 777 2624 cinis
810 2580 925 2636 est,
953 2587 1076 2628 ossa
1111 2585 1234 2630 sunt
1265 2594 1278 2630 :
1307 2577 1482 2634 ethoc
1522 2580 1648 2635 item
1695 2584 1918 2652 accipiet

316 2658 508 2724 vitam,
530 2667 728 2725 cutem,
757 2661 965 2732 pulpas,
988 2677 1203 2720 carnem
1228 2707 1242 2733 ,
1271 2675 1326 2723 et
1355 2672 1638 2740 resurget?
1665 2673 1814 2742 quid,
1840 2674 1916 2730 fa-

318 2749 452 2804 villa
495 2749 594 2804 ista
616 2793 632 2817 ,
664 2765 784 2806 ossa
822 2753 922 2808 ista
947 2795 963 2821 ,
995 2771 1113 2825 qua:
1145 2756 1302 2812 video
1342 2758 1396 2813 in
1422 2761 1706 2831 sepulcro?
1740 2764 1831 2820 Vel
1861 2767 1916 2824 in

314 2842 575 2912 sepulcro
606 2843 758 2899 vides
793 2843 1028 2900 favillam
1049 2888 1062 2912 ,
1094 2847 1243 2903 vides
1263 2863 1384 2904 ossa
1411 2869 1424 2904 :
1447 2851 1500 2905 in
1541 2860 1694 2908 utero
1731 2857 1916 2913 matris

315 2944 431 2989 tua:
461 2935 592 2989 nihil
635 2945 772 2991 erat.
812 2937 926 2993 Hoc
953 2938 1100 2994 vides
1123 2981 1138 3006 ,
1173 2943 1258 2996 vel
1292 2941 1462 2998 favilla
1491 2954 1647 3013 sunt,
1679 2948 1765 3003 vel
1790 2963 1910 3005 ossa

311 3034 486 3079 sunt:
521 3033 575 3080 tu
614 3035 895 3096 antequam
939 3043 1120 3096 esses,
1154 3046 1253 3087 nec
1296 3033 1470 3088 favilla
1501 3046 1634 3104 erat,
1662 3053 1762 3095 nec
1791 3056 1910 3099 ossa

313 3125 510 3182 erant;
543 3127 596 3172 ct
625 3127 798 3173 tamen
826 3118 998 3175 factus
1027 3136 1106 3188 es,
1125 3137 1246 3178 cum
1267 3125 1486 3182 omnino
1511 3143 1616 3184 non
1645 3144 1792 3188 esses
1820 3150 1834 3187 :
1857 3140 1915 3189 et

314 3224 427 3263 non
457 3209 632 3265 credis
678 3212 801 3281 quia
829 3227 950 3268 ossa
995 3215 1093 3268 ista
1138 3216 1376 3287 (quoquo
1403 3220 1562 3276 modo
1591 3231 1748 3291 sunt,
1777 3240 1911 3296 qua-

313 3303 621 3374 liacumque
646 3313 790 3371 sunt,
819 3314 943 3361 sunt
967 3309 1165 3379 tamen)
1209 3309 1470 3380 recipient
1493 3311 1718 3369 formam
1747 3332 1910 3387 quam

312 3393 608 3461 habebant,
635 3409 758 3451 cum
787 3405 839 3450 tu
865 3399 1136 3468 acceperis
1161 3400 1301 3470 quod
1335 3417 1440 3457 non
1469 3403 1745 3462 habebas?
1769 3407 1902 3465 Cre-

312 3487 390 3542 de
419 3505 434 3540 :
467 3489 589 3557 quia
619 3489 664 3543 si
699 3489 990 3546 credideris
1019 3491 1153 3558 hoc,
1188 3501 1315 3549 tunc
1352 3496 1695 3553 suscitabitur
1733 3503 1910 3558 anima

314 3587 431 3630 tua.
462 3578 526 3631 Et
553 3579 598 3632 si
629 3580 975 3636 suscitabitur
1015 3583 1192 3638 anima
1233 3592 1319 3639 tua
1347 3602 1526 3653 nunc;
1560 3587 1731 3644 Veniet
1750 3591 1906 3661 hara,

315 3679 368 3722 ct
389 3684 518 3721 nunc
538 3679 613 3723 est
636 3670 687 3724 ':
719 3678 844 3726 tunc
864 3671 1002 3726 bono
1035 3683 1122 3726 tuo
1144 3685 1382 3744 resurget
1413 3691 1540 3732 caro
1571 3686 1680 3746 tua,
1699 3683 1910 3750 quando

314 3760 498 3814 veniet
522 3760 651 3815 hora
673 3802 687 3826 ,
719 3771 777 3816 ut
801 3779 989 3818 omnes
1014 3765 1102 3834 qui
1131 3775 1254 3820 sunt
1282 3766 1334 3820 in
1384 3770 1742 3839 monumentis
1765 3813 1780 3838 ,
1810 3789 1910 3829 au-

315 3853 471 3906 diant
498 3868 683 3908 vocem
705 3855 839 3924 ejus,
872 3866 924 3910 ct
951 3855 1228 3926 prodeant.
1264 3857 1382 3912 Non
1431 3860 1572 3915 enim
1608 3863 1731 3933 quia
1757 3865 1910 3923 audis

316 3955 377 3999 et
403 3945 584 4014 prodis
607 3986 623 4011 ,
650 3947 760 4014 jam
801 3945 1032 4016 gaudere
1072 3947 1238 4004 debes
1266 3967 1280 4003 :
1304 3949 1426 4005 audi
1465 3951 1606 4023 quod
1647 3956 1905 4025 sequitur,

319 4035 425 4101 Qui
457 4036 588 4089 bona
631 4047 874 4107 egerunt,
899 4038 953 4092 in
984 4030 1396 4095 resurrectionem
1427 4043 1578 4107 vine;
1614 4047 1700 4116 qui
1740 4058 1907 4104 autem

315 4129 458 4179 mala
487 4136 727 4198 egerunt,
767 4129 820 4182 in
851 4130 1264 4186 resurrectionem
1289 4132 1496 4204 judicii.
1533 4135 1787 4194 Conversi
1839 4141 1907 4197 ad

316 4217 624 4282 Dominum,
657 4228 760 4274 etc.
791 4218 890 4291 (b).

763 4329 994 4386 SERMO
1029 4331 1287 4390 CXXVIII
1325 4339 1344 4360 ‘
1384 4335 1482 4408 (a).

317 4440 398 4495 De
427 4441 584 4494 verbis
614 4441 875 4514 Evangelii
897 4443 1116 4500 Joannis
1135 4487 1150 4512 ,
1176 4446 1232 4500 Si
1259 4462 1360 4517 ego
1397 4447 1757 4508 testimonium
1779 4470 1906 4526 per-

393 4533 554 4586 hich
574 4533 641 4588 de
670 4549 757 4589 me
783 4576 798 4600 ,
831 4544 952 4600 etc.,
973 4551 1088 4606 cap.
1117 4552 1150 4589 v
1170 4576 1186 4603 ,
1226 4537 1262 4601 7
1286 4576 1301 4590 .
1344 4539 1548 4606 51-55;
1571 4541 1730 4613 deque
1750 4545 1908 4601 verbis

389 4624 639 4693 Apostoli,
672 4624 870 4694 Spiritu
896 4627 1189 4692 ambulate,
1220 4637 1275 4683 et
1295 4631 1754 4701 concupiscentias
1790 4651 1908 4692 car-

390 4715 474 4770 nis
495 4731 562 4770 ne
592 4715 938 4785 perfeceritis.
966 4717 1102 4774 Caro
1121 4720 1265 4774 enim
1287 4724 1636 4794 concupiscit,
1662 4736 1777 4795 etc.,
1804 4729 1907 4784 Ca-

392 4807 486 4860 lat.
517 4824 632 4876 cap.
664 4823 717 4874 v,
752 4809 789 4878 Ῡ
813 4848 827 4862 .
859 4810 1026 4866 14-17
1047 4810 1150 4882 (b).

389 4920 616 4978 CAPUT
655 4922 937 4979 PRIMUM.
963 4953 1037 4965 —-
1066 4926 1116 4980 Ι.
1143 4924 1506 4982 Testimonium
1527 4929 1733 4998 Christi,
1757 4935 1905 4989 etiam

315 5013 384 5066 de
424 5029 482 5066 se
521 5014 632 5082 ipso
659 5031 812 5084 quam
849 5030 1016 5069 verum
1060 5017 1144 5071 sit.
1189 5017 1506 5074 Audivimus
1544 5021 1704 5077 verba
1736 5025 1906 5080 sancti

319 5103 594 5172 Evangelii
622 5121 637 5155 :
663 5113 719 5159 et
760 5104 863 5160 hoc
898 5114 1074 5174 potest
1111 5107 1344 5176 aliquem
1383 5123 1727 5180 permovere,
1763 5115 1906 5184 quod

318 5192 396 5246 ait
419 5191 673 5248 Dominus
700 5193 876 5262 Jestts,
905 5195 966 5250 Si
987 5212 1080 5266 ego
1101 5197 1435 5252 testimonium
1457 5201 1691 5270 perhibeo
1713 5205 1776 5259 de
1802 5223 1900 5274 me,

385 5324 403 5354 ι
430 5323 502 5374 sic
543 5322 710 5389 plures
745 5331 854 5374 Mss.
899 5326 1016 5376 Editi
1056 5334 1240 5388 autem,
1276 5329 1439 5380 anima
1461 5337 1544 5382 tua
1566 5345 1585 5384 :
1609 5339 1722 5386 tunc
1756 5336 1910 5389 veniet

319 5385 450 5448 (aut,
474 5385 616 5448 verm)
629 5385 766 5443 hora,
793 5393 839 5436 et
858 5399 985 5437 nime
1006 5395 1091 5438 est.

385 5448 400 5463 '
425 5449 690 5556 (inﬁgam:
711 5449 771 5498 ad
795 5459 900 5498 tres
921 5451 1001 5498 bu.
1020 5451 1080 5499 ad
1101 5458 1306 5514 quatuor
1323 5453 1386 5504 cl.
1411 5453 1473 5504 ad
1494 5467 1539 5504 a.
1560 5457 1640 5506 ch.
1657 5455 1692 5506 f.
1712 5456 1772 5509 fs.
1789 5473 1840 5524 ε.
1860 5459 1904 5511 ιι·

385 5548 386 5551 η
413 5521 446 5556 ι)
474 5541 488 5555 .
513 5522 604 5556 rm.
695 5543 708 5556 .

317 5522 386 5558 tn.
413 5520 488 5569 pr.
513 5522 604 5569 rm.
630 5520 708 5556 vo.

287 5607 290 5610 .
378 5569 455 5690 ia)
478 5568 614 5628 Alias,
640 5569 706 5617 de
727 5571 897 5620 Verbis
917 5572 1096 5621 Domini
1115 5573 1194 5622 45.

406 5629 456 5690 b)
479 5636 617 5690 Hunc,
639 5630 801 5681 Florus
821 5632 880 5680 ad
915 5640 1044 5681 hom.
1085 5648 1131 5690 v,
1157 5651 1194 5684 Vl

406 5629 805 5720 9333331935:
821 5632 894 5720 ΞΕ.
901 5640 1044 5720 310:“..-
1060 5643 1293 5720 ηῒλχοοέι
1315 5650 1600 5720 5999999}
1616 5641 1684 5720 ﬂ
1703 5641 1767 5720 ste
1774 5651 1904 5720 1'92:

317 5689 399 5741 his
419 5689 692 5754 Evangelii;
719 5699 772 5742 et
792 5700 960 5755 postea
979 5694 1039 5744 ad
1059 5689 1206 5746 Galat.
1240 5713 1287 5758 τ,
1314 5713 1590 5752 sermonem
1611 5689 1677 5753 de

325 5753 494 5804 \‘erhis
513 5752 740 5815 appellat.

573 5833 849 5896 PATROL.
892 5837 1248 5902 XXXVIII.

1748 362 1982 421 SERMO
2016 363 2298 421 CXXVIII.

359 471 479 518 sunt
503 461 557 516 in
581 467 917 522 monumentis
933 469 1135 525 audient
1163 487 1329 527 vocem
1356 474 1486 545 ejus,
1511 484 1555 530 et
1582 477 1814 549 prodient
1835 495 1950 534 om-

3541 393 3641 450 7H

2061 479 2399 536 testimonium
2427 500 2589 542 meum
2616 505 2715 544 non
2751 501 2826 546 est
2852 509 3039 549 verum.
3066 495 3345 563 Quomodo
3379 517 3510 575 ergo
3533 521 3640 561 non

2051 578 2136 623 est
2162 585 2342 625 verum
2372 576 2731 635 testimonium
2758 585 3035 642 veritatis?
3078 589 3264 645 Nonne
3305 593 3419 662 ipse
3444 605 3527 650 est
3549 599 3639 667 qui

2050 655 2184 712 dixit
2211 675 2224 712 :
2249 657 2360 731 Ego
2399 680 2512 717 sum
2541 667 2622 720 uia
2641 709 2656 733 ,
2685 679 2733 722 et
2756 673 2958 742 veritas,
2982 685 3030 730 et
3046 678 3146 732 vita
3180 655 3355 750 (lauti.
3388 699 3510 752 xw,
3542 655 3641 757 6-)?

2049 746 2148 802 Cui
2178 762 2306 820 ergo
2343 753 2667 812 credendum
2715 771 2826 828 est,
2856 764 2904 818 si
2931 767 3140 822 veritati
3161 746 3264 823 non
3293 781 3376 826 est
3408 746 3636 831 creden-

2045 838 2216 895 dum?
2243 842 2487 900 Profecto
2531 849 2672 904 enim
2715 868 2818 908 non
2852 857 2966 911 vult
3006 861 3226 918 credere
3273 865 3372 920 nisi
3399 866 3634 938 falsitati,

2044 929 2136 998 qui
2161 947 2268 986 non
2307 934 2453 1004 eligit
2489 940 2713 997 credere
2753 946 2980 1002 veritati.
3024 949 3231 1006 Dictum
3271 964 3354 1011 est
3380 972 3508 1028 ergo
3534 929 3636 1015 hoc

2043 1020 2338 1109 secundum
2385 1025 2529 1094 ipsos
2553 1069 2568 1095 ,
2600 1039 2656 1085 ut
2679 1033 2760 1090 sic
2800 1035 3066 1109 intelligas
3090 1083 3104 1109 ,
3134 1051 3187 1097 et
3216 1059 3284 1100 ex
3329 1046 3412 1102 his
3443 1020 3636 1107 verbis

2041 1107 2187 1167 hunc
2223 1129 2438 1171 sensum
2475 1122 2785 1192 concipias:
2819 1127 2883 1183 Si
2912 1146 3002 1201 ego
3027 1135 3362 1191 testimonium
3399 1142 3634 1209 perhibeo

2037 1199 2101 1253 de
2125 1217 2223 1270 me,
2253 1206 2588 1264 testimonium
2618 1229 2784 1268 meum
2824 1199 3024 1275 nonest
3045 1239 3236 1289 verum,
3269 1227 3319 1281 id
3351 1238 3460 1296 est,
3491 1231 3632 1287 sicut
3660 1281 3662 1283 ,

2035 1291 2251 1357 putatis.
2281 1293 2374 1349 Ille
2400 1297 2542 1353 enim
2571 1312 2791 1359 noverat
2815 1322 3002 1364 verum
3035 1326 3156 1368 esse
3196 1315 3261 1369 de
3295 1331 3354 1372 se
3386 1291 3627 1376 testimo-

2035 1379 2180 1435 nium
2206 1398 2361 1438 suum
2391 1403 2405 1440 :
2436 1388 2531 1442 sed
2574 1401 2793 1462 propter
2819 1397 3093 1468 infirmos,
3127 1413 3343 1475 praptcr
3375 1409 3626 1466 increduo

2033 1469 2134 1536 los,
2166 1485 2385 1546 propter
2410 1494 2516 1534 non
2540 1481 2894 1556 intelligentes
2913 1532 2927 1555 ,
2959 1494 3037 1546 sol
3066 1469 3309 1554 lucernas
3331 1503 3623 1570 quterebat.

2032 1562 2318 1636 Fulgorem
2362 1572 2560 1644 quippe
2610 1578 2739 1635 solis
2782 1580 3041 1653 lippitudo
3093 1603 3278 1646 eorum
3325 1562 3467 1650 ferre
3517 1612 3625 1651 non

2025 1931 2248 1987 audistis
2269 1935 2397 2005 quid
2423 1938 2536 1992 ait:
2579 1940 2675 1996 Vos
2718 1946 2920 2001 venistis
2959 1950 3027 2002 ad
3063 1951 3338 2012 Joannem.
3385 1956 3486 2012 Ille
3510 1931 3616 2013 erat

2025 2020 2230 2078 lucerna
2257 2027 2443 2082 ardens
2477 2038 2525 2083 et
2570 2032 2770 2102 lucens,
2795 2046 2842 2090 et
2883 2055 2970 2093 vos
3013 2042 3240 2098 voluistis
3275 2048 3528 2104 exsultare
3548 2051 3618 2104 ad

2025 2109 2202 2166 horam
2224 2115 2276 2168 in
2303 2115 2491 2172 lumine
2514 2122 2643 2191 ejus.
2675 2123 2918 2181 Lucerna
2963 2129 3060 2184 ista
3095 2133 3161 2186 ad
3193 2135 3403 2191 illorum
3431 2139 3616 2195 confu-

2021 2203 2226 2260 sionem
2265 2219 2448 2277 parata
2470 2222 2586 2279 est,
2618 2216 2739 2284 quia
2772 2217 2839 2272 de
2872 2219 2974 2276 hoc
3007 2222 3205 2278 dictum
3235 2237 3317 2282 est
3344 2240 3468 2285 ante
3496 2241 3614 2287 tan.

2022 2301 2133 2350 tum
2152 2305 2360 2367 tempus
2380 2301 2431 2354 in
2455 2303 2678 2359 Psalmis
2709 2307 2946 2372 {Paravi
2975 2312 3235 2370 lucernam
3256 2319 3456 2376 Christo
3482 2341 3610 2379 meo.

2023 2386 2220 2458 thuid
2259 2392 2533 2448 lucernam
2568 2397 2702 2452 soli?
2739 2398 2984 2456 Inimicos
3025 2406 3136 2474 ejus
3178 2409 3388 2464 induam
3435 2421 3614 2485 conf»

2019 2478 2198 2534 sione:
2251 2499 2403 2552 super
2443 2485 2608 2554 ipsum
2657 2499 2824 2544 autem
2870 2493 3066 2562 ﬂorebit
3109 2501 3444 2569 sanctiﬁcatio
3499 2478 3610 2560 mea

2022 2569 2192 2640 (Psal.
2215 2588 2394 2641 cxxxr,
2429 2578 2645 2650 17.18).
2695 2581 2932 2652 Denique
2956 2587 3080 2642 hinc
3100 2600 3221 2646 sunt
3248 2593 3456 2650 confusi
3478 2613 3614 2666 quo-

2019 2661 2140 2716 dam
2172 2662 2292 2716 loco
2322 2681 2415 2733 per
2441 2666 2612 2736 ipsum
2657 2669 2938 2740 Joannem,
2969 2679 3180 2746 quando
3217 2682 3470 2740 dixerunt
3495 2661 3609 2743 'Do-

2017 2753 2166 2813 mino
2209 2750 2420 2840 Judaei:
2457 2755 2524 2810 In
2544 2774 2643 2828 qua
2687 2769 2931 2832 potestate
2975 2766 3073 2821 ista
3107 2771 3280 2840 facis?
3305 2773 3391 2828 dic
3434 2777 3608 2832 nobis.

2016 2843 2215 2912 Quibus
2237 2835 2518 2920 respondit
2541 2869 2553 2904 :
2577 2851 2737 2908 Dicite
2765 2857 2890 2910 mihi
2917 2869 2961 2912 ct
2980 2875 3085 2928 vos,
3107 2835 3608 2932 baptismumloan-

2017 2936 2095 2990 nis
2119 2937 2183 2993 de
2206 2942 2330 2995 (telo
2353 2952 2446 3009 est,
2475 2961 2542 2998 an
2573 2963 2636 2999 ex
2652 2949 2934 3005 hominibus
2949 2952 2974 3004 ?
3003 2954 3320 3024 Audierunt,
3343 2968 3398 3015 et
3426 2969 3607 3019 tacue-

2016 3041 2160 3083 runt.
2203 3031 2576 3103 Cogitaveruut
2613 3039 2756 3093 enim
2795 3042 2934 3111 apud
2957 3059 3016 3099 se
3044 3046 3180 3114 cito,
3211 3049 3272 3104 Si
3308 3052 3606 3123 dixerimus,

2015 3119 2091 3175 Ab
2119 3123 2433 3194 hominibus,
2465 3129 2708 3199 lapidabit
2732 3148 2824 3186 nos
2869 3136 3089 3205 populus
3117 3153 3136 3192 :
3162 3140 3281 3211 quia
3307 3119 3606 3214 prophetam

2016 3211 2198 3268 habent
2222 3215 2496 3273 Joannem.
2539 3220 2603 3276 Si
2629 3223 2906 3280 dixerimus
2929 3269 2944 3292 ,
2977 3228 3054 3282 De
3078 3231 3202 3285 caelo
3225 3251 3244 3299 ;
3269 3211 3497 3293 dicturus
3533 3251 3606 3296 est

2015 3303 2156 3357 nobis
2173 3345 2188 3371 ,
2212 3305 2382 3373 Quare
2399 3325 2518 3380 ergo
2539 3327 2638 3364 non
2657 3315 2939 3371 credidistis
2958 3320 3002 3372 ei
3025 3320 3052 3372 ?
3070 3320 3201 3388 Quia
3227 3324 3459 3383 Joannes
3480 3347 3604 3399 per-

2015 3391 2188 3448 hibuit
2225 3397 2440 3452 Christo
2489 3401 2872 3459 testimonium.
2917 3409 3204 3479 Augustali
3253 3415 3304 3469 in
3353 3391 3604 3476 cordibus

2013 3484 2125 3540 suis
2145 3487 2523 3554 qumstionibus
2548 3492 2659 3547 suis
2678 3534 2691 3558 ,
2719 3502 2775 3548 et
2823 3496 3090 3566 illaqueati
3119 3501 3320 3571 laqueis
3345 3508 3456 3563 suis
3475 3549 3488 3573 ,
3515 3525 3602 3566 re-

2013 3575 2358 3643 sponderunt,
2395 3577 2683 3634 Nescimus.
2729 3583 2858 3649 Qtne
2898 3590 3067 3654 potuit
3101 3591 3202 3645 alia
3233 3609 3335 3648 vox
3369 3611 3488 3653 esse
3518 3608 3599 3655 te-

2013 3665 2336 3720 nebrarum?
2374 3668 2595 3724 Rectum
2647 3681 2730 3726 est
2775 3675 2988 3744 quidem
3037 3679 3274 3749 homini,
3299 3694 3354 3740 ut
3386 3691 3600 3757 quando

2013 3755 2216 3821 nescit,
2247 3755 2419 3822 dicat,
2454 3759 2664 3816 Nescio.
2706 3763 2929 3832 Quando
2967 3780 3143 3825 autem
3191 3774 3320 3841 scit,
3351 3755 3417 3832 et
3448 3780 3596 3847 dicit,

2010 3844 2234 3912 Nescio;
2268 3848 2418 3902 testis
2443 3859 2527 3905 est
2565 3862 2749 3907 contra
2787 3869 2866 3910 se.
2900 3857 3090 3929 Utique
3135 3876 3396 3921 noverant
3417 3844 3598 3928 excel;

2010 3935 2228 3992 lentiam
2247 3938 2487 4004 Joannis,
2515 3951 2569 3996 et
2593 3943 2714 4012 quia
2731 3945 2797 4000 de
2816 3948 2952 4002 C(BIO
2973 3960 3088 4004 erat
3108 3953 3428 4023 baptismum
3445 3963 3561 4030 ejus
3580 3983 3594 4018 :

2010 4028 2106 4084 sed
2132 4031 2383 4087 nolebant
2430 4035 2771 4116 acquiescere
2805 4040 2891 4093 cui
2937 4043 3298 4102 testimonium
3329 4028 3599 4120 perhibuit

2009 4117 2264 4176 Joannes.
2311 4121 2383 4177 At
2425 4123 2513 4179 ubi
2541 4123 2822 4195 dixerunt,
2851 4128 3121 4188 Nescimus
3165 4150 3182 4190 :
3219 4117 3495 4211 respondit
3519 4147 3598 4202 eis

2009 4208 2188 4278 Jesus,
2217 4210 2328 4266 Nec
2369 4229 2460 4284 ego
2499 4215 2664 4270 dicam
2705 4217 2842 4273 vobis
2860 4221 2913 4274 in
2931 4238 3032 4292 qua
3066 4208 3426 4295 potestate—ista
3462 4239 3597 4307 facio

2011 4297 2162 4371 (Luc.
2205 4318 2313 4369 xx,
2363 4303 2398 4357 2
2428 4305 2509 4375 8).
2551 4307 2621 4361 Et
2661 4310 2866 4366 confusi
2910 4324 3053 4380 sunt,
3083 4325 3138 4372 et
3177 4297 3593 4398 impletum'est,

2011 4387 2202 4444 Paruvi
2238 4391 2498 4448 lucernam
2533 4395 2733 4453 Christo
2764 4417 2872 4456 meo
2887 4417 2908 4468 ;
2945 4403 3182 4464 inimicos
3226 4387 3338 4481 eius
3387 4387 3596 4474 induam

2010 4480 2322 4549 confusione.

2080 4571 2307 4628 CAPUT
2346 4573 2508 4628 II.'—
2534 4577 2588 4632 3.
2628 4577 2696 4672 In
2737 4585 3040 4655 martyribus
3079 4587 3312 4650 Christus
3350 4598 3449 4653 sibi
3489 4601 3598 4672 ipse

2011 4663 2235 4731 perhibet
2258 4667 2616 4724 testimonium.
2640 4671 2899 4746 Martyres
2926 4693 3104 4737 nonne
3127 4693 3291 4742 testes
3309 4701 3432 4746 sunt
3451 4663 3598 4749 Chri-

2011 4751 2100 4818 sti,
2127 4761 2181 4806 et
2201 4754 2561 4813 testimonium
2593 4755 2878 4829 perhibent
2898 4769 3144 4826 veritati?
3171 4775 3278 4832 Sed
3302 4781 3346 4834 si
3372 4781 3597 4854 diligen-

2011 4843 2116 4899 tius
2145 4846 2472 4916 cogitemus,
2510 4852 2724 4920 quando
2763 4855 2840 4909 illi
2887 4868 3148 4931 martyres
3199 4843 3497 4935 perhibent"
3519 4887 3596 4933 te-

2010 4937 2318 4992 alimonium
2347 4979 2363 5005 ,
2419 4939 2534 5010 ipse
2581 4943 2680 4999 sibi
2755 4947 3000 5016 perhibet
3045 4957 3426 5017 testimonium.
3477 4965 3596 5036 Ipso

2009 5029 2152 5085 enim
2208 5030 2410 5086 habitat
2476 5032 2532 5088 in
2597 5038 2920 5108 martyribus
2953 5081 2970 5107 ,
3027 5053 3085 5098 ut
3134 5048 3450 5116 perhibeant
3499 5029 3598 5115 ἰε-

2011 5121 2318 5176 stimonium
2347 5124 2577 5179 veritati.
2623 5128 2758 5183 Audi
2823 5146 2985 5188 unum
3031 5151 3097 5191 ex
3140 5143 3484 5216 martyribus,
3519 5152 3597 5223 ip-

2009 5226 2126 5267 sum
2189 5215 2484 5283 apostolum
2536 5217 2757 5274 Paulum
2817 5238 2832 5274 :
2877 5223 3148 5297 Numquid
3197 5215 3598 5306 experimaitu-m

2009 5300 2160 5355 uultis
2183 5304 2412 5372 accipere
2446 5306 2556 5375 eius
2575 5309 2662 5377 qui
2687 5309 2740 5363 in
2767 5327 2846 5365 me
2876 5311 3097 5385 loquitur
3121 5300 3350 5383 Christus
3379 5327 3446 5401 (Il

2008 5409 2125 5460 xm,
2158 5394 2257 5464 5)?
2298 5396 2432 5450 Dum
2472 5399 2716 5468 perhibet
2752 5417 2882 5473 ergo
2921 5409 3280 5469 testimonium
3320 5394 3554 5481 Joannes
3579 5469 3596 5493 ,

2009 5487 2250 5544 Christus
2288 5490 2388 5546 sibi
2433 5493 2677 5561 perhibet
2717 5498 3076 5556 testimonium
3102 5546 3116 5571 ,
3167 5509 3257 5580 qui
3308 5510 3506 5572 habitat
3544 5487 3598 5576 in

2010 5581 2233 5638 Joanne.
2257 5583 2540 5640 Perhiheat
2562 5588 2921 5648 testimonium
2943 5593 3147 5662 Petrus,
3172 5602 3451 5671 perhibeat
3471 5610 3602 5667 Pana

2013 5672 2115 5739 lus,
2147 5673 2461 5743 perhibeant
2481 5677 2658 5731 czetcri
2683 5680 2940 5749 Apostoli,
2966 5684 3243 5752 perhibeat
3261 5691 3600 5768 Stephanus;

2013 5765 2126 5836 ipse
2154 5766 2252 5822 sibi
2284 5767 2530 5838 perhibet
2573 5771 2960 5839 testimonium,
2989 5777 3080 5844 qui
3119 5777 3322 5841 habitat
3346 5786 3400 5843 in
3429 5765 3600 5848 omni;

2848 5864 3337 5956 {Vingt-trois.)

3629 5934 3655 5964 λ.
