3852 6182
391 331 493 387 715

375 449 508 501 ωε.
525 443 642 515 ipse
651 443 793 499 enim
809 440 923 495 sine
939 438 1041 492 illis
1065 436 1205 492 Deus
1219 446 1322 502 est;
1341 433 1416 489 illi
1429 431 1652 488 sineillo
1661 430 1788 502 quid
1809 431 1968 486 sunt?

449 540 509 591 4.
544 535 774 592 Charitas
802 548 865 587 ex
891 530 1087 600 Spiritu
1126 537 1318 582 sancto.
1353 526 1434 580 De
1475 524 1591 596 ipso
1619 524 1818 578 dictum
1839 531 1923 577 est
1947 561 1964 586 ,

386 627 620 684 Ascendit
650 628 701 678 in
731 625 890 678 altum
914 663 928 689 ,
959 620 1226 688 captivavit
1259 617 1596 688 captivitatem
1615 657 1629 682 ,
1663 613 1799 669 dedit
1833 613 1968 667 dona

380 715 668 772 hominibus
700 713 869 788 (Psal.
903 729 1044 768 vau
1065 754 1079 778 ,
1113 711 1210 775 l9;
1241 709 1432 780 Ephes.
1465 722 1539 773 tv,
1579 706 1656 777 8).
1685 703 1819 773 Quid
1849 714 1963 769 est,

383 808 649 877 captivavit
675 803 1046 876 captivitatem?
1075 802 1209 856 Vicit
1247 807 1491 854 mortem.
1522 797 1655 864 Quid
1695 807 1780 850 est
1798 835 1812 859 ,
1840 810 1966 864 cap-

385 898 553 957 tioacit
590 894 966 964 captivitatem?
1004 892 1228 946 Mortem
1270 888 1570 958 procuravit
1612 885 1882 947 diabolus,
1914 894 1968 939 et

385 989 498 1058 ipse
518 985 759 1041 diabolus
787 983 854 1037 de
882 991 1050 1036 morte
1088 979 1286 1035 Christi
1323 985 1408 1033 est
1431 977 1742 1046 captivatus.
1774 974 1964 1029 Ascen-

383 1063 456 1132 dit
478 1078 532 1132 in
560 1077 736 1131 altum.
766 1073 900 1140 Quid
927 1072 1084 1126 altius
1122 1070 1260 1126 cosio
1288 1067 1572 1123 novimus?
1600 1065 1887 1121 Evidenter
1911 1072 1965 1119 et

383 1178 507 1224 ante
535 1167 719 1222 oculos
757 1163 1138 1233 discipulorum
1169 1175 1386 1216 suorum
1415 1157 1656 1213 ascendit
1683 1155 1735 1210 in
1769 1155 1964 1211 cmlum

389 1261 523 1328 (Act.
550 1274 567 1313 t
590 1300 604 1326 ,
629 1257 708 1327 9).
745 1256 856 1310 Hoc
882 1254 1081 1309 scimus
1099 1293 1116 1319 ,
1143 1251 1245 1306 hoc
1264 1249 1562 1312 credimus,
1589 1247 1692 1302 hoc
1715 1246 1960 1301 fatemur.

383 1350 538 1404 Dedit
565 1350 699 1402 dona
728 1345 1035 1400 hominibus.
1068 1342 1197 1411 Quae
1217 1341 1354 1396 dona
1370 1340 1396 1394 ἲ
1419 1337 1674 1408 Spiritum
1701 1345 1962 1392 sanctum.

383 1439 480 1508 Qui
513 1439 617 1494 tale
638 1438 732 1494 dat
757 1437 955 1491 donum
975 1477 989 1502 ,
1019 1435 1191 1505 qualis
1219 1433 1334 1502 ipse
1359 1431 1479 1486 est?
1508 1429 1691 1498 Magna
1721 1436 1804 1483 est
1822 1425 1964 1481 enim

363 1528 746 1586 misericordia
789 1527 884 1581 Dei
914 1543 926 1578 :
957 1526 1154 1579 donum
1189 1523 1282 1578 dat
1321 1521 1526 1592 :equale
1554 1519 1689 1583 sibi;
1717 1517 1838 1587 quia
1864 1515 1964 1571 do-

321 1668 327 1674 .
383 1639 510 1677 num
557 1623 674 1691 ejus
721 1619 955 1690 Spiritus
1011 1627 1226 1672 sanctus
1271 1621 1385 1678 est,
1424 1621 1480 1668 et
1511 1626 1646 1666 tinus
1675 1610 1818 1664 Deus
1857 1616 1962 1662 tota

360 1712 612 1769 L'l'rinitas
633 1755 648 1779 ,
693 1714 870 1777 Pater,
901 1720 954 1765 et
993 1710 1157 1764 Filius
1177 1748 1191 1772 ,
1223 1715 1277 1761 et
1297 1705 1522 1774 Spiritus
1558 1709 1792 1758 sanctus.
1828 1697 1964 1768 Quid

357 1802 537 1857 nobis
580 1801 832 1871 praestitit
871 1799 1098 1868 Spiritus
1145 1794 1397 1850 sanctus?
1440 1791 1756 1862 Apostolum
1794 1789 1959 1844 audi:

380 1891 612 1946 Charitas
654 1889 782 1954 Dei,
830 1889 1028 1958 inquit,
1069 1885 1259 1953 di/fusa
1299 1893 1368 1938 est
1405 1883 1459 1936 in
1487 1880 1719 1935 cordibus
1757 1879 1959 1933 nostris.

381 1979 534 2035 Unde
569 1979 694 2044 tibi,
743 1994 776 2032 ο
823 1976 1098 2040 mendice,
1143 1973 1376 2029 charitas
1417 1971 1512 2026 Dei
1555 1970 1745 2024 diffusa
1780 1977 1865 2024 est
1909 1969 1961 2022 in

379 2069 540 2126 corde
565 2068 689 2123 tuo?
709 2060 867 2135 Quid,
897 2075 985 2119 aut
1006 2065 1058 2120 iu
1088 2079 1195 2133 quo
1219 2061 1450 2117 charitas
1467 2059 1560 2115 Dei
1589 2058 1778 2114 dilfusa
1801 2065 1886 2112 est
1907 2058 1964 2112 in

373 2161 540 2216 corde
568 2159 831 2215 humano?
858 2157 1112 2211 Habemus
1133 2195 1146 2220 ,
1178 2153 1382 2223 inquit,
1418 2154 1709 2206 thesaurum
1737 2150 1888 2203 istum
1907 2148 1963 2202 in

359 2253 508 2308 armis
535 2252 785 2321 fictilibus.
820 2249 995 2317 Quare
1025 2248 1076 2300 in
1110 2246 1240 2300 vasis
1279 2242 1560 2314 ﬁctilibus?
1601 2240 1670 2296 Ut
1693 2241 1964 2295 eminentia

378 2346 578 2399 virtutis
601 2345 664 2397 sit
691 2341 787 2397 Dei
818 2343 834 2409 (
858 2341 898 2395 ll
925 2340 1043 2396 Cor.
1073 2353 1149 2403 tv,
1176 2337 1262 2408 7).
1290 2335 1530 2404 Denique
1567 2349 1688 2389 cum
1709 2333 1958 2400 dixisset,

379 2438 612 2494 Charitas
641 2434 732 2488 Dei
759 2434 947 2499 diﬂ'usa
976 2440 1048 2485 est
1077 2431 1128 2482 in
1159 2429 1393 2483 cordibus
1413 2427 1596 2480 nostris
1613 2441 1633 2492 ;
1661 2440 1727 2480 ne
1756 2432 1963 2494 putaret

379 2531 604 2598 quisque
641 2543 670 2579 a
701 2542 758 2580 se
799 2525 899 2579 sibi
929 2537 1048 2578 esse
1083 2520 1226 2592 quod
1265 2519 1443 2590 diligit
1472 2519 1668 2583 Deum,
1710 2517 1961 2572 continuo

378 2618 608 2680 addidit,
657 2633 744 2686 per
800 2615 1051 2683 Spiritum
1106 2620 1336 2665 sanctum
1368 2608 1454 2679 qui
1500 2607 1647 2661 datus
1700 2617 1773 2662 est
1822 2607 1962 2662 nobis

383 2707 558 2781 (itam.
582 2721 636 2773 v,
667 2706 743 2775 5),
772 2704 840 2759 Ut
869 2718 997 2773 ergo
1020 2716 1168 2756 ames
1201 2701 1366 2755 Deum
1384 2739 1400 2765 ,
1424 2697 1626 2752 habitet
1647 2697 1700 2750 in
1727 2705 1780 2752 te
1798 2697 1957 2764 Deus,

360 2812 433 2854 »ει
461 2807 602 2854 amet
627 2813 685 2852 se
711 2798 778 2852 de
797 2806 879 2860 te;
913 2795 965 2849 id
993 2803 1095 2862 est,
1127 2792 1195 2847 ad
1217 2805 1454 2846 amorem
1475 2803 1630 2845 suum
1656 2797 1864 2845 moveat
1884 2797 1955 2855 te,

377 2891 631 2946 accendat
663 2899 713 2944 te
738 2931 751 2951 ,
786 2887 1044 2942 illumiuet
1061 2894 1113 2940 te
1131 2926 1147 2952 ,
1169 2885 1364 2939 excitet
1385 2890 1456 2936 te.

447 2981 672 3037 CAPUT
720 2978 808 3034 111.
831 3009 900 3019 -——
920 2978 972 3032 5.
999 2976 1158 3030 Lucta
1178 2976 1363 3029 anima
1385 2982 1430 3027 et
1457 2972 1643 3026 carnis.
1683 2969 1963 3025 Subdcnda'

375 3077 546 3129 anima
578 3073 710 3139 Deo,
748 3073 931 3126 aninue
967 3084 1105 3122 caro.
1135 3066 1300 3121 Lucta
1335 3073 1416 3119 est
1439 3064 1580 3118 enim
1619 3063 1670 3116 in
1709 3063 1810 3115 isto
1833 3075 1957 3115 cor-

375 3183 506 3238 pore
533 3184 546 3219 :
578 3164 826 3235 quamdiu
856 3163 1082 3216 vivimus
1101 3201 1115 3225 ,
1138 3171 1463 3227 pugnamus;
1486 3151 1734 3222 quamdiu
1764 3166 1959 3220 pugna-

379 3271 534 3323 mus,
569 3256 929 3325 periclitamur
963 3269 975 3304 :
1008 3249 1100 3304 sed
1143 3248 1195 3302 in
1229 3247 1310 3300 his
1335 3245 1582 3299 omnibus
1606 3257 1916 3311 superamus
1938 3281 1954 3306 ,

370 3363 472 3419 per
495 3362 613 3402 ettm
641 3345 727 3416 qui
759 3343 942 3399 dilexit
971 3355 1069 3395 nos
1102 3337 1224 3411 (Id.
1262 3352 1377 3398 VIII,
1415 3335 1480 3390 '57
1499 3335 1540 3404 ).
1584 3333 1818 3401 Puguam
1861 3346 1957 3384 no-

375 3448 562 3501 stram,
584 3436 743 3490 modo
767 3450 887 3488 cum
914 3428 1203 3500 Apostolus
1231 3427 1518 3496 legeretur,
1545 3423 1798 3477 audistis:
1827 3421 1953 3474 0m-

373 3535 481 3599 nis,
515 3530 714 3600 inquit,
748 3526 856 3581 Leo:
881 3527 934 3579 in
977 3540 1078 3577 uno
1107 3535 1334 3575 sermone
1367 3517 1620 3588 impletur,
1652 3515 1705 3568 in
1734 3530 1792 3569 eo
1819 3513 1954 3582 quod

300 3682 302 3685 λ
351 3630 445 3674 west
467 3661 482 3685 ,
513 3618 703 3689 Diliges
734 3615 1017 3685 proximum
1044 3621 1186 3664 tuum
1229 3609 1354 3662 sicut
1385 3615 1432 3660 te
1458 3609 1644 3675 ipsum.
1678 3602 1782 3656 Ista
1821 3601 1957 3656 dile-

371 3711 480 3765 ctio
503 3709 572 3765 de
595 3707 795 3778 Spiritu
819 3712 1003 3760 sancto
1024 3710 1126 3758 est.
1157 3699 1346 3768 Diliges
1369 3697 1653 3764 proximum
1673 3705 1811 3748 tuum
1827 3694 1956 3748 sicut

353 3813 422 3858 «te
445 3804 632 3874 ipsum.
653 3801 806 3856 Prius
826 3798 947 3851 vide
967 3795 1010 3850 si
1037 3795 1144 3864 jam
1175 3791 1314 3846 nosti
1340 3789 1560 3858 diligere
1583 3795 1634 3841 te
1661 3787 1866 3856 ipsum;
1898 3794 1955 3839 et

372 3892 652 3948 committo
672 3891 765 3944 tibi
778 3887 1112 3958 proximum,
1135 3896 1292 3952 quem
1313 3879 1502 3949 diligas
1522 3878 1660 3932 sicut
1685 3886 1736 3931 te
1757 3877 1952 3946 ipsum.

347 3984 430 4040 Si
458 3995 635 4040 autem
662 3981 895 4037 nondum
920 3975 1057 4032 nosti
1079 3973 1298 4041 diligere
1319 3981 1400 4036 te;
1433 3969 1596 4024 timeo
1621 3983 1688 4022 ne
1719 3967 1953 4036 decipies

373 4077 672 4147 proximum
704 4082 848 4127 tuum
876 4071 1012 4123 sicut
1036 4077 1107 4121 te.
1134 4063 1203 4120 Si
1230 4063 1374 4118 enim
1400 4073 1549 4114 amas
1589 4057 1949 4127 iniquitatem,

359 4179 479 4219 non
507 4163 682 4233 diligis
726 4172 797 4216 te.
840 4158 1082 4214 Psalmus
1111 4155 1262 4208 testis
1293 4162 1378 4208 est
1410 4169 1424 4205 :
1459 4149 1560 4217 Qui
1593 4157 1762 4202 autem
1787 4147 1953 4218 diligit

357 4255 686 4324 iniquitatem
705 4292 721 4316 ,
759 4251 864 4303 odit
884 4248 1106 4300 animum
1129 4259 1272 4297 suam
1299 4239 1472 4312 (Psal.
1495 4255 1527 4294 x
1549 4279 1564 4304 ,
1592 4236 1668 4310 6).
1699 4237 1754 4292 Si
1775 4247 1952 4292 autem

372 4345 531 4399 odisti
565 4345 794 4397 animam
845 4348 986 4392 tuam
1013 4378 1028 4402 ,
1068 4334 1194 4405 quid
1236 4333 1328 4388 tibi
1367 4330 1582 4401 prodest
1616 4331 1738 4399 quia
1773 4327 1954 4399 diligis

353 4451 587 4490 .carnem
619 4432 802 4487 tuam?
831 4429 886 4482 Si
913 4427 1072 4481 odisti
1096 4426 1326 4478 animam
1356 4431 1520 4487 tuam,
1551 4430 1604 4474 et
1630 4420 1808 4489 diligis
1829 4434 1951 4474 car-

373 4541 494 4580 uem
519 4533 683 4588 tuam,
707 4525 948 4588 resurget
965 4530 1090 4570 caro
1109 4522 1196 4568 tua
1216 4529 1230 4578 ;
1250 4511 1346 4567 sed
1368 4519 1424 4564 ut
1441 4518 1759 4580 torqueatur
1776 4509 1952 4563 anima

372 4627 461 4672 tua
495 4618 532 4668 '.
568 4614 709 4684 Ergo
731 4613 884 4682 prius
909 4609 1084 4662 anima
1111 4603 1516 4672 diligenda-est,
1543 4617 1663 4671 qua:
1689 4601 1799 4654 Deo
1822 4601 1952 4656 sub-

371 4705 544 4764 deuda
569 4712 683 4768 est,
718 4710 774 4756 ut
807 4698 1049 4755 ordinem
1087 4709 1241 4750 suum
1271 4691 1500 4748 servitus
1537 4691 1633 4744 ista
1660 4691 1948 4758 custodiat,

369 4799 546 4854 anima
578 4797 721 4860 Deo,
747 4793 940 4848 animm
972 4805 1118 4844 em.
1138 4785 1191 4841 ~-V
1198 4788 1240 4840 is
1267 4783 1464 4840 serviat
1489 4795 1617 4837 caro
1646 4791 1732 4835 tua
1761 4781 1952 4836 animae

372 4889 515 4946 tute?
541 4889 650 4944 Deo
671 4885 868 4941 serviat
896 4882 1070 4936 anima
1100 4889 1207 4933 tua.
1242 4876 1410 4930 Debes
1423 4877 1565 4945 regi,
1593 4873 1953 4944 ut-possis—reo

353 4995 514 5051 .gere.
551 4977 681 5033 Nam
710 4977 847 5031 lucta
875 4973 974 5027 ista
1002 4979 1107 5025 tam
1135 4967 1427 5038 periculosa
1444 4973 1560 5032 .est,
1588 4975 1646 5019 ut
1664 4965 1710 5019 si
1739 4963 1954 5020 dimise-

358 5071 438 5126 :rit
461 5078 655 5134 rector,
685 5066 838 5120 ruina
867 5071 1138 5132 sequatur.

425 5157 666 5215 (IAPUJ‘
686 5154 899 5210 lV.—6.
918 5149 1190 5224 Apostolus
1204 5149 1266 5202 tle
1291 5147 1636 5219 pugnacamis
1657 5153 1705 5199 et
1723 5145 1947 5215 spiritus.

369 5253 496 5317 Qua:
515 5246 707 5304 'iucta?
734 5245 798 5300 Si
823 5254 991 5298 autem
1020 5239 1258 5294 mordetis
1276 5248 1322 5292 et
1350 5237 1607 5292 comeditis
1625 5237 1854 5302 invicem,
1881 5237 1954 5290 vi-

372 5345 482 5397 dete
522 5355 587 5394 ne
610 5337 672 5392 ab
699 5335 910 5391 invicem
943 5329 1325 5386 consumamini.
1357 5323 1485 5380 Dico
1528 5336 1725 5391 autem,
1755 5326 1952 5396 Spiritu

370 5431 640 5486 ambulate.
663 5424 902 5498 Apostoli
926 5423 1084 5478 verba
1106 5421 1247 5484 dico,
1271 5433 1390 5487 quae
1410 5416 1568 5471 modo
1588 5417 1806 5471 recitata
1827 5425 1950 5470 sunt

372 5522 438 5575 de
467 5519 704 5590 Epistula
737 5517 905 5587 ipsius
933 5532 947 5568 :
979 5512 1108 5566 Dico
1151 5518 1350 5575 autem,
1380 5508 1580 5577 Spiritu
1616 5506 1866 5560 ambulate
1905 5516 1951 5561 et

370 5611 802 5680 concupiscendus
831 5622 999 5662 carnis
1019 5621 1082 5658 ne
1106 5599 1431 5673 perfeceritis.
1461 5596 1590 5653 Dico
1609 5607 1796 5664 autem,
1826 5598 1950 5669 Spi-

442 5724 460 5757 ι
487 5722 778 5770 ροοεειειιειε
796 5725 941 5770 vetns
961 5713 1138 5774 codex,
1156 5723 1264 5761 cum
1282 5709 1442 5760 aninta
1456 5715 1557 5760 tua.

1585 318 1641 375 S.
1681 311 2047 373 AUGUSTiNl
2087 315 2404 375 EPISCOPL
3501 337 3585 404 716

2078 430 2178 484 ritu
2203 431 2472 499 ambulate,
2499 443 2544 488 et
2565 438 2995 507 concupiscentias
3012 443 3173 497 carnis
3198 462 3214 500 :
3236 462 3332 503 non
3359 450 3472 509 dixit
3486 498 3498 518 .
3523 457 3588 515 Ns

2075 519 2386 589 habueritis;
2411 539 2581 595 neque
2603 526 2702 583 hoc
2727 528 2878 595 dixit,
2908 529 2984 586 Ne
3002 532 3250 603 feceritis;
3281 541 3385 608 sed,
3411 561 3466 597 ne
3487 564 3585 616 per.

2075 616 2312 686 feceritis.
2343 617 2480 684 Quid
2501 618 2571 672 sit
2595 629 2772 676 autem
2805 622 2905 678 hoc
2925 665 2938 687 ,
2963 624 3242 694 adjuvante
3272 631 3471 688 Domino
3488 679 3500 703 ,
3521 640 3590 693 di-

2071 719 2187 760 eam
2230 717 2287 761 ut
2316 718 2501 777 potero
2529 727 2542 762 :
2570 709 2808 766 adestote
2831 752 2846 778 ,
2894 723 2954 768 ut
2997 715 3288 788 intelligetis
3309 763 3322 788 ,
3353 724 3391 777 si
3421 725 3590 794 Spiritu

2071 795 2377 854 ambulatis.
2408 797 2539 853 Dico
2580 811 2780 866 autem,
2814 802 3013 873 Spiritu
3042 807 3303 875 ambulate,
3325 822 3368 865 et
3385 819 3594 886 concupi-

2069 887 2286 941 scentias
2323 890 2490 942 carnis
2515 905 2578 943 ne
2602 893 2926 961 perfeceritis.
2952 893 3213 965 Sequatur
3240 919 3253 954 :
3284 917 3345 955 ne
3368 902 3489 959 forte
3512 909 3593 962 ali-

2069 975 2216 1045 quid,
2236 987 2292 1031 ut
2313 977 2416 1033 hoc
2428 979 2568 1048 quod
2596 979 2681 1034 hic
2693 981 2974 1036 obscurum
2987 994 3089 1050 est,
3106 986 3154 1039 in
3167 987 3278 1058 ejus
3292 995 3597 1060 sequentibus

2069 1065 2244 1121 verbis
2257 1066 2458 1123 facilius
2471 1070 2630 1138 possit
2647 1069 2881 1142 intelligi.
2897 1071 3014 1127 Dixi
3026 1074 3291 1140 enim,non
3303 1080 3475 1135 frustra
3487 1084 3598 1153 Apo-

2069 1157 2263 1211 stolum
2287 1158 2518 1213 noluisse
2542 1160 2740 1226 dicere,
2761 1161 3225 1234 Concupiscentias
3245 1169 3410 1223 carnis
3437 1187 3497 1225 ne
3523 1172 3602 1225 ha-

2070 1243 2309 1312 bueritis;
2323 1262 2493 1317 neque
2505 1247 2608 1304 hoc
2619 1249 2805 1304 saltem
2820 1252 3049 1308 voluisse
3061 1254 3602 1328 dicere,Concupisceu-

2070 1334 2168 1390 tias
2181 1338 2357 1392 carnis
2368 1353 2434 1393 ne
2455 1338 2712 1395 feceritis:
2730 1342 2822 1396 sed
2851 1342 3067 1407 dixisse,
3083 1344 3498 1417 Concupiscentias
3508 1369 3604 1405 car-

2068 1425 2145 1478 nis
2161 1441 2223 1479 ne
2237 1429 2564 1497 pet-feceritis.
2585 1429 2754 1499 Ipsam
2774 1431 2926 1486 nobis
2949 1433 3086 1487 lucta
3094 1450 3142 1487 ιιι
3162 1438 3437 1505 proposuit.
3453 1439 3502 1494 In
3518 1440 3602 1496 hoc

2069 1517 2253 1586 pra-lio
2282 1533 2576 1584 versamur,
2605 1522 2649 1575 si
2685 1521 2792 1576 Deo
2811 1523 3121 1579 militamus.
3153 1526 3282 1592 Quid
3303 1544 3422 1598 ergo
3447 1533 3602 1600 sequi-

2069 1607 2194 1661 tur?
2223 1607 2353 1662 Caro
2381 1611 2513 1663 enim
2537 1613 2845 1682 concupiscit
2878 1615 3118 1668 adversus
3145 1617 3402 1686 spiritum,
3425 1619 3604 1690 spiritus

2067 1708 2235 1750 autem
2277 1698 2514 1753 adversus
2544 1716 2766 1754 carnem.
2798 1701 2922 1756 Ilaec
2961 1706 3095 1758 enim
3129 1706 3332 1760 inuicem
3361 1709 3602 1763 adversan-

2068 1798 2150 1841 tur
2180 1789 2230 1853 ‘;
2263 1797 2317 1841 ut
2346 1805 2445 1842 non
2475 1806 2534 1843 ea
2562 1807 2674 1860 quia
2692 1792 2839 1845 vultis
2858 1834 2872 1857 ,
2900 1794 3123 1864 faciatis.
3151 1795 3259 1850 Hoc
3283 1797 3324 1850 si
3347 1812 3443 1851 non
3467 1801 3605 1854 intel-

2065 1879 2288 1950 ligatur,
2347 1880 2792 1949 periculosissime
2839 1877 3072 1938 auditur.
3119 1885 3239 1941 ldco
3273 1888 3513 1944 sollicitus
3549 1905 3606 1946 nc

2065 1971 2203 2025 male
2228 1971 2472 2026 homines
2494 1972 2833 2043 intelligendo
2855 1988 3097 2044 pereant,
3123 1979 3327 2048 suscepi
3347 1979 3453 2034 luce
3469 1981 3606 2036 verba

2064 2060 2303 2130 Apostoli
2329 2102 2344 2128 ,
2373 2060 2656 2130 adiuvante
2685 2063 2913 2120 Domino
2931 2106 2947 2130 ,
2977 2081 3246 2136 exponere
3272 2080 3450 2125 vestrae
3485 2071 3607 2126 Cha-

2065 2157 2228 2212 ritati.
2257 2157 2423 2212 Vacat
2459 2158 2640 2224 nobis,
2671 2162 2928 2216 matutina
2956 2163 3221 2233 cmpimus
3241 2203 3255 2228 ,
3276 2163 3403 2220 hora
3427 2165 3607 2234 prandii

2063 2267 2169 2306 non
2199 2262 2352 2322 urget
2384 2268 2399 2304 :
2425 2252 2494 2307 ad
2522 2253 2678 2307 istum
2707 2253 2870 2319 diem,
2901 2255 2950 2310 id
2976 2265 3061 2310 est
3093 2257 3386 2324 sabbatum,
3415 2259 3612 2313 maxime

2063 2341 2120 2397 hi
2145 2344 2382 2399 assolent
2407 2346 2722 2412 convenire,
2749 2346 2837 2416 qui
2863 2347 3118 2403 esuriant
3143 2349 3358 2404 verbum
3385 2350 3492 2406 Dei.
3521 2351 3615 2405 Au-

2062 2427 2171 2488 dite
2198 2443 2250 2488 et
2275 2432 2564 2501 attendite;
2596 2433 2766 2491 dicam
2795 2447 3050 2506 quantum
3096 2448 3280 2509 potero
3299 2440 3572 2511 diligenter.

2133 2521 2360 2579 CAPUT
2409 2525 2472 2580 V.
2502 2555 2576 2567 --
2611 2527 2664 2582 7.
2707 2527 2978 2598 Apostolus
3016 2530 3163 2585 male
3194 2531 3479 2586 intellectus.
3513 2529 3617 2601 Oﬁ-

2061 2613 2196 2667 ciuns
2253 2617 2488 2684 pastoris,
2531 2617 2807 2686 explanare
2869 2619 3112 2690 difﬁciles
3155 2623 3290 2677 locos
3351 2623 3618 2692 Scriptura.

2061 2703 2198 2772 Quid
2237 2706 2446 2762 esthoc
2483 2723 2614 2778 ergo
2637 2709 2778 2778 quod
2803 2710 2942 2777 dixi,
2980 2712 3296 2771 Periculose
3331 2715 3552 2781 auditur,
3583 2715 3621 2770 si

2063 2811 2168 2850 non
2206 2796 2569 2868 intelligatur?
2598 2799 2746 2855 Multi
2781 2803 3243 2873 concupiscentiis
3268 2807 3546 2861 carnalibus
3577 2816 3624 2861 et

2059 2885 2449 2941 damnabilihus
2491 2888 2651 2956 victi,
2674 2893 3008 2948 committunt
3039 2911 3284 2966 quicque
3310 2898 3526 2952 facinora
3550 2906 3622 2950 ate

2059 2991 2162 3046 que
2187 2975 2379 3047 ﬂagitia
2409 3017 2426 3043 ,
2456 2987 2510 3033 et
2536 2979 2883 3036 immunditiis
2909 2990 3014 3038 tam
3047 2988 3311 3054 pessimis
3337 2989 3624 3048 volutantur,

2058 3081 2178 3135 qtue
2204 3075 2464 3138 turpeest
2500 3069 2658 3124 etiam
2683 3071 2890 3138 dicere;
2917 3082 2972 3129 et
3012 3075 3064 3129 di
3087 3086 3218 3132 cunt
3245 3079 3343 3133 sibi
3368 3079 3460 3133 ista
3487 3079 3625 3133 verba

2061 3157 2320 3225 Apostoli.
2365 3156 2496 3213 Vide
2524 3159 2649 3228 quid
2682 3161 2815 3215 dixit
2849 3163 3156 3232 Apostolus
3179 3209 3195 3234 ,
3228 3167 3296 3223 Ut
3327 3187 3422 3224 non
3462 3186 3515 3224 ea
3535 3185 3630 3239 qua

2057 3245 2208 3300 vultis
2230 3286 2246 3314 ,
2291 3246 2383 3300 illa
2419 3249 2638 3318 faciatis.
2668 3249 2804 3306 Nolo
2833 3250 3040 3322 facere,
3087 3271 3284 3328 cogor,
3329 3259 3626 3328 compellor,

2059 3337 2262 3401 vincor,
2293 3335 2431 3392 iacio
2450 3353 2569 3408 qua:
2590 3340 2738 3406 nolo,
2763 3341 2900 3396 sicut
2927 3343 3003 3397 ait
3029 3345 3342 3416 Apostolus
3360 3347 3522 3420 (Rom.
3548 3362 3629 3411 vn,

2060 3424 2149 3496 19)
2176 3443 2188 3480 :
2220 3425 2352 3494 Quia
2381 3443 2498 3481 caro
2519 3430 2828 3501 concupiscit
2855 3431 3114 3490 adversus
3145 3437 3379 3508 spiritum
3398 3478 3414 3504 ,
3449 3437 3630 3508 spiritus

2057 3527 2226 3569 autem
2253 3515 2489 3570 adversus
2521 3533 2756 3586 carnem,
2787 3529 2840 3575 ut
2873 3537 2974 3576 non
3003 3539 3080 3578 ea
3109 3542 3226 3597 aute
3252 3528 3398 3584 uultis
3419 3570 3434 3596 ,
3460 3528 3544 3582 illa
3563 3527 3634 3598 [o-

2057 3605 2222 3660 ciatis.
2253 3604 2455 3662 Videtis
2490 3623 2649 3678 quam
2677 3611 2973 3680 periculose
2997 3616 3251 3686 auditur,
3286 3618 3332 3672 si
3360 3634 3464 3673 non
3490 3617 3624 3673 intel-

2059 3693 2257 3766 ligitur.
2288 3695 2490 3754 Videtis
2529 3699 2975 3770 quemadmodum
3021 3709 3306 3776 pertineat
3333 3709 3400 3766 ad
3424 3709 3631 3766 cilicium

2058 3788 2305 3855 pastoris,
2328 3797 2542 3858 opertos
2567 3788 2740 3845 fontes
2763 3792 2992 3864 aperire,
3022 3806 3089 3851 et
3117 3813 3314 3870 aquam
3340 3815 3542 3872 puram,
3563 3800 3630 3852 iu-

2057 3876 2292 3944 noxiam,
2321 3878 2620 3936 sitientibus
2640 3881 2826 3936 ovibus
2854 3885 3188 3944 ministrare.

2131 3969 2184 4023 8.
2216 3966 2400 4039 Pugna
2427 3971 2638 4024 interior
2664 3971 2738 4025 sic
2756 3974 2974 4044 gerenda
2990 4017 3006 4041 ,
3033 3989 3088 4030 ut
3119 3981 3336 4050 spiritus
3364 3998 3461 4036 non
3485 3983 3634 4036 cinea-

2058 4066 2140 4111 tur
2167 4074 2198 4110 a
2236 4074 2404 4111 carne.
2435 4058 2553 4114 Noli
2592 4075 2719 4130 ergo
2745 4063 2919 4130 vinci,
2945 4069 3171 4135 quando
3207 4087 3435 4142 pugnas.
3467 4071 3635 4127 Videte

2056 4149 2212 4252 quale
2255 4149 2448 4252 bonum
2495 4153 2807 4252 proposuit,
2862 4156 3076 4224 qualem
3123 4175 3407 4231 pugnam,
3447 4164 3634 4234 qualem
3717 4156 3720 4158 ⁷

2059 4240 2226 4293 rixam
2254 4279 2269 4306 ,
2301 4240 2473 4306 intus,
2506 4242 2643 4296 intra
2674 4253 2724 4298 te
2752 4244 2944 4313 ipsum.
2976 4247 3113 4303 Caro
3136 4255 3455 4324 concupiscit
3478 4255 3636 4307 adrer-

2055 4346 2141 4384 sus
2168 4331 2420 4399 spiritum.
2452 4332 2508 4387 Si
2541 4347 2646 4386 non
2687 4338 3015 4406 concupiscit
3041 4350 3101 4396 et
3131 4345 3364 4412 spiritus
3402 4347 3636 4402 adversus

2057 4435 2305 4486 carnem,
2341 4421 2424 4477 iac
2452 4422 2788 4480 adulterium.
2827 4426 2882 4481 Si
2922 4437 3106 4485 autem
3149 4435 3380 4504 spiritus
3404 4435 3630 4505 concupi-

2061 4512 2161 4566 scit
2185 4513 2440 4568 adversus
2456 4527 2692 4581 carnem,
2713 4517 2905 4572 luctam
2925 4519 3106 4587 video,
3128 4524 3336 4580 victum
3361 4543 3462 4582 non
3481 4526 3640 4594 video,

2057 4617 2228 4674 pugna
2256 4614 2356 4658 est.
2401 4604 2718 4676 Concupisrit
2754 4624 2872 4663 caro
2908 4611 3159 4668 adversus
3202 4618 3444 4686 spiritum
3469 4635 3488 4672 :
3513 4617 3641 4672 dele-

2057 4702 2167 4749 ctat
2189 4694 2524 4750 adulterium.
2549 4697 2743 4753 Fateor
2756 4699 2876 4768 quia
2897 4699 3154 4758 delectat.
3175 4704 3290 4761 Sed
3306 4710 3515 4778 spiritus
3538 4724 3644 4762 con-

2057 4785 2268 4852 cupiscit
2312 4784 2552 4839 adversus
2595 4803 2798 4841 carnem
2829 4803 2848 4842 :
2876 4789 3111 4846 delectat
3139 4803 3200 4849 et
3229 4798 3472 4852 castitas.
3517 4797 3642 4866 Ergo

2058 4879 2236 4933 vincat
2277 4879 2496 4949 Spiritus
2545 4893 2760 4934 carnem
2793 4891 2924 4936 :aut
2971 4894 3126 4940 certe
3177 4903 3298 4944 non
3340 4891 3577 4946 vincatur
3620 4902 3646 4940 a

2057 4983 2239 5024 carne.
2270 4969 2602 5025 Adulterium
2651 4972 2896 5028 tenebras
2942 4978 3179 5045 quaerit,
3224 4982 3450 5037 castitas
3490 4981 3644 5035 lucem

2057 5056 2345 5113 desiderat.
2390 5059 2670 5126 Quomodo
2696 5061 2776 5115 vis
2804 5061 3153 5122 innotescere
3174 5110 3193 5135 ,
3225 5070 3317 5126 sic
3341 5071 3464 5127 vive
3490 5087 3505 5124 :
3531 5083 3649 5140 quo-

2057 5149 2317 5206 modo-vis
2342 5149 2645 5206 hominibus
2666 5151 3020 5221 innotescere,
3052 5159 3230 5215 etiam
3257 5173 3459 5232 praeter
3482 5163 3646 5217 oculos

2058 5239 2332 5294 hominum
2352 5241 2429 5294 sic
2446 5241 2582 5308 vive;
2603 5243 2851 5314 quoniam
2881 5246 2969 5316 qui
2998 5245 3129 5302 fecit
3162 5260 3238 5318 te,
3265 5263 3322 5308 et
3349 5255 3404 5308 in
3431 5251 3650 5310 tenebris

2058 5331 2206 5386 videt
2223 5342 2292 5386 te.
2311 5332 2486 5400 Quare
2500 5333 2743 5388 laudatur
2763 5338 2976 5392 castitas
2999 5340 3226 5408 publice
3246 5345 3320 5398 ab
3339 5341 3653 5399 hominibus!

2053 5421 2233 5490 Quare
2263 5438 2366 5475 non
2396 5423 2612 5478 laudant
2637 5425 2950 5482 adulterium
2979 5443 3078 5482 nec
3100 5430 3382 5489 adulteri?
3413 5433 3512 5503 Qui
3537 5446 3654 5502 ergo

2059 5517 2250 5585 quaerit
2288 5515 2564 5570 veritatem
2590 5557 2605 5582 ,
2649 5519 2796 5573 venit
2848 5519 2916 5574 ad
2963 5521 3144 5577 lucem
3180 5524 3386 5596 (Joan.
3415 5542 3506 5591 nt,
3533 5525 3591 5578 ει
3615 5524 3654 5593 ).

2123 5648 2242 5724 tur.
2267 5647 2427 5724 taugd.’
2453 5656 2569 5724 ven.
2602 5649 2790 5724 ferunt,
2815 5652 2927 5724 hac
2959 5653 3094 5706 enim
3127 5656 3231 5710 sibi
3265 5660 3476 5716 invicem
3495 5661 3653 5712 adter-

2061 5717 2243 5761 samur.
2269 5710 2340 5758 Sic
2364 5712 2506 5761 etiam
2533 5710 2743 5776 \‘ulgata.
2813 5722 2870 5766 ill.
