3852 6182
251 353 355 409 717

318 483 542 540 CAPUT
578 484 666 541 Vl.
692 516 763 528 --
782 486 886 544 Sed
915 487 1144 544 delectat
1177 489 1520 546 adulterium.
1551 492 1832 547 Contradi-

246 585 428 642 catur,
457 577 775 644 resistatur,
807 590 1146 651 repugnatur.
1174 581 1290 637 Non
1323 584 1465 638 enim
1515 601 1620 639 non
1669 585 1832 641 babes

245 667 383 722 unde
408 682 635 738 pugnos.
671 671 808 725 Deus
839 681 960 727 tuus
978 681 1062 728 est
1088 673 1140 728 in
1163 681 1214 728 te
1239 714 1254 741 ,
1285 675 1516 746 Spiritus
1542 678 1711 733 bonus
1731 677 1829 733 da-

245 770 328 815 tus
367 771 448 816 est
497 762 614 816 tibi.
648 762 713 816 Et
743 771 919 819 tamen
961 764 1284 832 permittitur
1321 767 1435 836 ipsa
1461 782 1590 822 caro
1627 783 1829 824 concu-

243 853 446 920 piscere
491 851 749 907 adversus
788 853 1033 924 spiritum
1055 897 1070 920 ,
1105 857 1534 926 suggestionibus
1560 858 1734 928 pravis
1776 867 1832 914 et

240 940 683 996 delectationibus
730 944 992 1014 genuinis.
1045 944 1161 1000 Fiat
1214 945 1358 1016 quod
1389 948 1463 1002 ait
1505 949 1826 1018 Apostolus,

240 1033 360 1089 Non
384 1045 556 1105 regnet
572 1044 828 1108 peccatum
847 1037 898 1091 in
919 1046 1084 1092 ucstra
1097 1039 1300 1093 mortali
1323 1056 1536 1109 corpore
1552 1040 1724 1110 (Rom.
1747 1059 1824 1110 γι,

238 1124 352 1195 ιε).
383 1125 501 1180 Non
537 1126 706 1192 dixit,
748 1143 854 1182 non
883 1128 971 1182 sit.
1004 1127 1120 1183 iam
1146 1140 1228 1184 est
1255 1129 1350 1184 ibi.
1377 1130 1529 1198 Quod
1558 1131 1678 1187 ideo
1705 1149 1830 1203 pec-

238 1227 416 1270 catum
455 1226 717 1283 vocatur,
764 1219 889 1288 quia
940 1219 1132 1274 merito
1171 1221 1378 1290 peccati
1422 1223 1660 1292 contigit.
1711 1223 1826 1280 Non

233 1308 382 1362 enim
425 1308 477 1362 in
506 1308 755 1377 paradiso
781 1324 908 1366 caro
945 1312 1361 1382 concupiscebat
1389 1313 1645 1370 adversus
1667 1317 1828 1386 spiri-

232 1407 348 1452 tum
369 1439 384 1462 ,
415 1408 506 1453 aut
531 1407 648 1454 erat
675 1400 873 1454 ibi-Ista
901 1416 1072 1472 pugna
1096 1443 1112 1467 ,
1139 1402 1230 1457 ubi
1263 1418 1362 1472 pax
1393 1407 1512 1460 erat
1535 1406 1646 1460 sola
1683 1425 1696 1460 :
1731 1405 1826 1462 sed

231 1487 372 1544 iacta
421 1489 878 1560 transgressione,
924 1500 1271 1563 posteaquam
1301 1493 1462 1549 homo
1490 1497 1663 1552 noluit
1712 1514 1827 1552 ser-

228 1581 346 1637 vire
371 1582 497 1646 Deo,
529 1591 584 1637 et
610 1581 840 1638 donatus
867 1591 952 1639 est
980 1583 1115 1648 sibi;
1147 1601 1245 1640 nec
1266 1585 1344 1641 sic
1367 1586 1596 1643 donatus
1617 1589 1739 1655 sibi,
1768 1598 1824 1644 ut

230 1672 403 1740 possit
446 1671 636 1726 saltem
681 1671 955 1742 possidere
992 1687 1084 1739 se;
1117 1675 1213 1729 sed
1255 1675 1325 1730 ab
1352 1691 1418 1731 eo
1442 1692 1726 1748 possessus
1749 1721 1764 1746 ,
1792 1697 1822 1734 a

227 1775 338 1830 quo
366 1759 654 1831 deceptus;
683 1762 846 1832 cmpit
884 1778 1011 1818 caro
1037 1765 1418 1834 concupiscere
1435 1766 1690 1823 adversus
1715 1770 1824 1840 spi-

227 1853 412 1906 ritum.
440 1852 508 1908 Et
531 1853 705 1908 hocin
731 1853 886 1910 bonis
905 1855 1230 1925 concupiscit
1258 1855 1514 1912 adversus
1533 1859 1776 1928 spiritum
1804 1879 1818 1916 :

229 1959 353 1997 nam
400 1943 454 1998 in
499 1945 655 2000 malis
685 1960 789 2000 nou
821 1946 980 2001 habet
1007 1955 1193 2002 contra
1219 1962 1378 2018 quem
1415 1950 1817 2019 concupiscere.

233 2035 309 2092 Ibi
330 2037 472 2093 enim
491 2037 1088 2107 concupiscitadversus
1101 2040 1365 2110 Spiritum,
1380 2040 1469 2095 ubi
1480 2050 1562 2097 est
1576 2043 1815 2111 spiritus.

295 2126 351 2181 9.
387 2125 634 2199 Pugnare
674 2138 852 2183 contra
877 2129 1046 2183 carnis
1071 2131 1501 2200 concupiscentias
1536 2149 1720 2187 munus
1746 2143 1820 2187 est

231 2217 459 2287 Spiritus
507 2220 669 2272 sancti
705 2220 756 2273 in
788 2220 950 2274 nobis.
990 2219 1128 2274 Bene
1152 2221 1258 2292 agit
1285 2221 1374 2292 qui
1400 2239 1433 2275 a
1462 2225 1590 2277 bono
1628 2225 1816 2296 agitur.

228 2308 380 2377 Quod
411 2309 557 2364 enim
581 2309 690 2376 ait,
719 2309 849 2364 Caro
877 2311 1183 2380 concupiscit
1206 2311 1445 2367 adversus
1473 2313 1734 2384 spiritum,
1770 2323 1820 2367 ct

225 2401 437 2469 spiritus
464 2401 706 2456 adversus
725 2417 927 2455 carnem
947 2442 963 2467 ,
995 2402 1100 2456 noli
1129 2410 1313 2471 putare
1347 2403 1560 2472 spiritui
1588 2404 1818 2464 hominis

227 2503 434 2548 tantum
472 2492 676 2548 datum.
722 2493 949 2564 Spiritus
976 2491 1072 2549 Dei
1107 2495 1303 2564 estqui
1330 2504 1529 2565 pugnat
1557 2496 1608 2550 in
1639 2503 1692 2551 te
1725 2496 1818 2550 ad-

225 2599 412 2638 versus
463 2591 516 2638 te
538 2623 554 2649 ,
585 2583 838 2638 adversus
864 2583 995 2638 illud
1031 2583 1174 2654 quod
1202 2593 1285 2640 est
1319 2585 1373 2638 in
1422 2595 1473 2640 te
1511 2596 1696 2642 contra
1741 2595 1814 2642 te.

225 2672 450 2729 Noluisti
481 2674 623 2728 enim
653 2682 794 2728 stare
814 2673 878 2727 ad
909 2674 1488 2742 Dominum;eecidisti,
1519 2677 1714 2732 fractus
1735 2692 1812 2744 es;

222 2765 496 2836 quomodo
536 2780 630 2820 vas
666 2765 878 2835 quando
902 2765 969 2820 de
1002 2781 1160 2820 manu
1201 2765 1435 2821 hominis
1461 2767 1604 2822 cadit
1629 2768 1680 2823 in
1711 2777 1816 2824 ter-

223 2872 334 2911 ram
354 2899 370 2922 ,
407 2855 606 2912 fractus
632 2871 711 2912 es.
737 2857 804 2911 Et
821 2857 945 2928 quia
971 2856 1175 2912 fractus
1200 2873 1260 2914 es
1283 2897 1298 2924 ,
1332 2858 1454 2914 ideo
1479 2858 1736 2916 adversus
1755 2876 1814 2917 es

223 2948 352 3013 tibi,
386 2949 512 3003 ideo
531 2963 594 3003 es
613 2958 801 3003 contra
826 2957 896 3004 te.
927 2949 1069 3004 Nihil
1090 2949 1159 3004 sit
1178 2949 1230 3003 in
1259 2958 1312 3005 te
1338 2959 1526 3005 contra
1553 2960 1627 3017 te,
1653 2960 1706 3006 et
1735 2952 1814 3006 in-

223 3048 373 3108 teger
401 3039 588 3093 stabis.

284 3127 521 3186 CAPUT
548 3129 658 3184 VII.
687 3129 906 3185 —Nam
948 3140 1005 3184 ut
1030 3131 1242 3186 noveris
1279 3130 1346 3185 ad
1397 3131 1653 3202 Spiritum
1693 3147 1816 3188 san-

220 3228 368 3276 etum
396 3219 502 3276 hoc
520 3221 750 3276 cilicium
773 3222 1040 3292 pertinere
1055 3264 1070 3289 ,
1093 3221 1197 3275 alio
1219 3221 1336 3277 loco
1355 3223 1484 3278 dicit
1503 3224 1810 3294 Apostolus,

221 3310 282 3366 Si
311 3311 452 3366 enim
481 3311 758 3364 secundum
781 3327 981 3365 carnem
1009 3311 1230 3366 viceritis
1249 3353 1264 3378 ,
1290 3312 1572 3366 moriemini
1601 3327 1620 3366 :
1649 3314 1692 3367 si
1715 3329 1813 3366 au-

221 3413 318 3458 tem
350 3404 537 3474 spiritu
571 3404 708 3474 facta
735 3403 906 3457 carnis
937 3403 1386 3473 mortiﬁcavcritis,
1422 3405 1610 3459 vinctis.
1642 3403 1698 3459 lu
1731 3405 1813 3460 his

219 3495 401 3550 verbis
423 3495 534 3564 jam
555 3493 848 3549 extollebat
871 3509 930 3548 se
956 3493 1138 3570 homo,
1166 3494 1315 3564 quasi
1343 3493 1530 3564 Spiritu
1550 3509 1650 3548 suo
1674 3492 1810 3548 facta

217 3587 401 3640 carnis
420 3586 590 3655 possit
614 3585 952 3639 muniﬁcam.
979 3583 1040 3640 Si
1060 3585 1332 3638 secundum
1346 3601 1546 3638 carnem
1568 3575 1808 3652 vixeritis,

217 3677 510 3731 moriemini
538 3692 558 3729 :
576 3677 621 3730 si
637 3685 804 3730 autem
821 3676 1004 3746 spiritu
1023 3679 1160 3747 facta
1184 3675 1351 3729 carnis
1373 3675 1808 3744 ntortiﬁcaveritis,

215 3769 413 3822 rit-etis.
458 3767 685 3838 Expone
717 3767 900 3833 uobis,
932 3769 1184 3837 Apostole
1205 3808 1222 3835 ,
1249 3782 1358 3838 quo
1393 3767 1601 3837 spiritu.
1641 3767 1812 3823 Habet

216 3860 363 3914 enim
395 3869 448 3914 et
489 3858 650 3913 homo
673 3858 917 3928 spiritum
965 3858 1031 3913 ad
1061 3866 1303 3912 naturam
1336 3857 1604 3928 propriam
1639 3858 1812 3928 perti-

215 3959 437 4005 nentem
465 3989 481 4016 ,
518 3964 625 4020 quo
662 3947 822 4004 homo
854 3958 954 4005 est.
986 3948 1159 4004 Homo
1182 3949 1324 4004 enim
1365 3957 1574 4004 constat
1597 3964 1663 4005 ex
1691 3964 1808 4004 cor-

211 4056 349 4112 pore
370 4051 426 4096 et
445 4041 653 4112 spiritu.
678 4042 745 4096 Et
769 4040 838 4096 de
861 4041 978 4112 ipso
1001 4040 1186 4111 spiritu
1209 4039 1443 4094 hominis
1461 4039 1657 4095 dictum
1682 4049 1764 4095 est
1787 4057 1802 4093 :

213 4133 389 4188 Nemo
403 4134 628 4203 scith
644 4142 762 4188 sunt
792 4133 1029 4197 hominis,
1060 4131 1157 4186 nisi
1183 4131 1391 4201 spiritus
1412 4130 1630 4184 hominis
1647 4131 1734 4201 qui
1753 4131 1806 4186 in

209 4225 324 4292 ipso
345 4234 421 4278 est
449 4225 496 4294 (ι
523 4224 641 4279 Cor.
673 4239 732 4291 ιι,
759 4223 871 4294 Η).
903 4222 1069 4278 Video
1095 4237 1223 4293 ergo
1248 4230 1302 4276 et
1331 4221 1502 4292 ipsum
1533 4221 1805 4278 hominem

209 4314 417 4370 habere
445 4314 688 4383 spiritum
715 4329 871 4368 suum
901 4313 1251 4384 pertinentem
1271 4311 1338 4366 ad
1365 4321 1605 4366 naturam
1629 4326 1798 4385 suam,

209 4413 262 4458 rt
280 4403 448 4457 audio
471 4412 522 4458 te
546 4387 842 4469 dicentem,
859 4403 922 4458 Si
947 4413 1113 4456 autem
1129 4403 1306 4473 spiritu
1325 4402 1462 4471 facta
1481 4403 1648 4456 carnis
1667 4419 1802 4457 mor-

208 4495 543 4565 tiﬁcavcritis,
567 4496 754 4550 vinctis.
781 4495 975 4564 Qumro
1001 4510 1107 4564 quo
1135 4494 1324 4563 spiritu
1353 4510 1366 4546 :
1392 4508 1539 4558 meo,
1571 4509 1638 4548 au
1671 4493 1802 4549 Dei?

211 4587 386 4642 Audio
413 4587 556 4642 enim
588 4587 746 4642 verba
779 4596 868 4641 tua
888 4629 902 4652 ,
937 4595 989 4641 et
1013 4586 1188 4640 adhuc
1212 4585 1559 4657 ambiguitate
1581 4600 1797 4655 promo-

209 4697 364 4736 veor.
387 4679 619 4750 Spiritus
647 4679 791 4734 enim
821 4693 942 4732 cum
969 4677 1160 4731 dicitur
1181 4717 1197 4743 ,
1239 4686 1292 4732 et
1317 4676 1549 4731 hominis
1577 4685 1660 4731 est
1697 4676 1797 4730 ali-

203 4769 424 4840 quando
448 4810 463 4835 ,
498 4780 554 4824 et
589 4770 800 4840 pecoris
835 4769 1049 4839 spiritus
1093 4766 1323 4832 dicitur;
1362 4767 1495 4820 sicut
1542 4767 1796 4836 scriptum

203 4872 289 4918 est
310 4905 329 4929 ,
365 4878 460 4933 per
478 4862 733 4918 diluvium
753 4869 1016 4915 mortuam
1042 4874 1160 4914 esse
1181 4872 1393 4912 omnem
1421 4872 1656 4922 carnem,
1678 4873 1796 4926 quze

205 4955 440 5010 habebat
467 4956 519 5009 in
549 4970 608 5009 se
636 4953 880 5024 spiritum
921 4953 1044 5007 vita:
1072 4950 1224 5025 (Gen.
1252 4965 1334 5014 vn,
1371 4950 1458 5017 I7,
1479 4960 1528 5004 et
1551 4965 1644 5015 vn,
1674 4947 1791 5019 22).

201 5050 282 5102 Ac
311 5063 408 5117 per
429 5048 530 5101 hoc
556 5056 609 5101 et
636 5044 844 5114 pecoris
859 5043 1078 5114 spiritus
1091 5042 1301 5104 dicitur,
1325 5050 1377 5095 et
1393 5039 1624 5096 hominis
1637 5040 1795 5111 spiri-

203 5147 290 5192 tus
316 5137 532 5192 dicitur.
557 5134 856 5205 Aliquando
885 5141 940 5188 et
962 5141 1150 5187 ventus
1177 5132 1392 5202 spiritus
1418 5130 1630 5195 dicitur;
1657 5132 1796 5188 sicut

200 5228 503 5284 habeturin
536 5227 765 5290 Psalmo,
786 5225 951 5298 Ignis,
983 5224 1198 5296 grando,
1223 5224 1330 5289 nix,
1359 5223 1563 5296 glacies,
1585 5221 1793 5294 spiritus

201 5319 511 5390 tempestatis
541 5315 710 5390 (Psat.
741 5331 962 5383 CXLVIII,
985 5317 1061 5386 8).
1097 5314 1231 5369 Cum
1267 5329 1394 5385 ergo
1415 5314 1594 5369 multis
1619 5314 1792 5369 modis

197 5410 412 5464 dicatur
439 5410 677 5479 spiritus,
702 5424 807 5479 quo
833 5407 1020 5478 spiritu
1049 5405 1250 5471 dixisti,
1276 5420 1310 5460 ο
1347 5405 1622 5476 Apostole,
1654 5405 1788 5460 facta

197 5502 383 5556 Carnis
409 5499 813 5555 mortiﬁcanda?
843 5514 983 5565 meo,
1013 5513 1079 5552 an
1110 5497 1247 5553 Dei?
1276 5495 1410 5553 Audi
1439 5495 1580 5567 quod
1606 5497 1788 5566 sequi-

196 5601 310 5658 tur,
337 5601 392 5646 et
414 5591 670 5662 iutellige.
693 5590 909 5646 Sublata
936 5597 1018 5644 est
1044 5588 1270 5660 qumstio
1297 5587 1641 5657 sequentibus
1663 5600 1787 5640 ver-

196 5681 305 5736 bis.
329 5679 462 5736 Cum
493 5681 636 5736 enim
662 5680 910 5746 dixisset,
947 5677 1006 5736 Si
1034 5687 1200 5733 autem
1226 5678 1407 5747 spiritu
1443 5677 1578 5746 facta
1619 5677 1785 5729 carnis

196 5771 660 5842 mortiﬁcaucritis,
710 5772 915 5837 vinetis;
959 5772 1210 5827 continuo
1248 5767 1482 5838 addidit,
1535 5767 1785 5838 Quotquot

1606 379 1840 436 SE’MIO
1865 379 2142 442 CXXVIII.

3424 404 3524 459 718

1945 497 2078 548 enim
2105 496 2303 567 Spiritu
2333 492 2429 553 Dei
2466 511 2704 570 aguntur,
2733 502 2786 556 lii
2814 499 2910 574 lilii
2928 517 3044 561 sunt
3070 505 3162 564 Dei
3190 509 3366 582 (Rom.
3395 529 3485 569 vm
3505 555 3524 583 ,

1947 589 2033 679 ιδ,
2063 589 2172 679 μ).
2204 591 2363 662 Agis,
2391 593 2436 648 si
2461 595 2665 664 agaris;
2694 606 2748 652 et
2768 599 2903 654 bene
2928 601 3042 671 agis
3062 644 3078 671 ,
3103 605 3148 658 si
3179 620 3211 659 a
3238 607 3378 662 bono
3396 625 3523 679 aga-

1941 678 2034 732 ris.
2073 678 2214 750 Ergo
2237 683 2380 752 quod
2404 683 2538 739 dixit
2568 685 2660 742 tibi
2681 728 2696 754 ,
2727 687 2790 743 Si
2817 692 3000 759 spiritu
3026 694 3160 763 facta
3186 697 3352 751 carnis
3385 678 3523 753 mor-

1939 769 2246 839 tiﬁcaoeritis
2263 814 2277 838 ,
2311 773 2516 840 vinetis;
2537 787 2590 831 et
2611 778 2911 849 ambiguum
2949 783 3041 838 tibi
3062 794 3175 839 erat
3197 785 3264 842 de
3288 802 3393 858 quo
3413 791 3521 861 spi-

1939 862 2044 917 ritu
2083 863 2321 932 dixerat,
2361 865 2787 937 insequentibus
2825 873 3010 930 verbis
3050 875 3286 948 intellige
3322 895 3522 948 prince-

1938 961 2166 1025 ptorem,
2197 971 2424 1027 agnosce
2471 960 2900 1032 Redemptorem.
2935 965 3143 1022 Etenim
3172 968 3262 1024 ille
3284 969 3520 1026 Redem-

1937 1053 2058 1117 ptor
2072 1047 2163 1102 tibi
2176 1047 2427 1118 Spiritum
2447 1050 2610 1119 dedit,
2627 1068 2734 1124 quo
2750 1057 3039 1113 mortitices
3060 1057 3195 1115 facta
3221 1062 3396 1116 carnis
3416 1061 3490 1134 (a)
3503 1102 3516 1118 .

1940 1135 2194 1206 Quotquot
2237 1139 2368 1193 enim
2406 1141 2605 1212 Spiritu
2634 1143 2732 1199 Dei
2767 1156 3007 1218 aguntur,
3037 1149 3089 1202 Ιιὶ
3127 1150 3222 1219 ﬁlii
3248 1162 3366 1207 sunt
3395 1153 3514 1208 Dei.

1933 1225 2049 1282 Non
2079 1237 2206 1284 sunt
2231 1231 2325 1285 ﬁlii
2355 1232 2480 1298 Dei,
2509 1234 2555 1288 si
2584 1249 2690 1289 non
2719 1246 2948 1307 aguntur
2972 1239 3171 1309 Spiritu
3194 1242 3307 1298 Dei.
3337 1245 3394 1300 Si
3420 1261 3516 1300 au-

1934 1325 2040 1373 tem
2088 1319 2291 1392 Spiritu
2335 1324 2428 1380 Dei
2468 1336 2719 1396 aguntur,
2748 1339 2984 1400 pugnant
3011 1333 3027 1364 ¹
3069 1335 3228 1405 :quia
3265 1351 3514 1407 magnum

1933 1409 2132 1468 habent
2150 1415 2470 1484 adjutorem.
2499 1418 2615 1474 Non
2641 1421 2783 1476 enim
2812 1423 2948 1478 Deus
2974 1425 3053 1480 sic
3079 1440 3177 1481 nos
3201 1437 3406 1497 spectat
3431 1446 3520 1500 pu-

1930 1511 2154 1591 gnantes
2182 1547 2195 1570 ,
2227 1506 2496 1576 quomodo
2523 1518 2726 1580 spectat
2756 1513 2986 1583 populus
3011 1525 3316 1573 venatores.
3346 1519 3518 1591 Popu-

1929 1589 2012 1645 lus
2034 1593 2273 1649 venatori
2302 1595 2478 1654 favere
2505 1607 2699 1668 potest,
2723 1602 3114 1670 periclitantem
3136 1605 3388 1676 adjuvare
3408 1589 3513 1664 non

1930 1690 2126 1750 potest.

1997 1770 2224 1830 CAPUT
2267 1775 2395 1831 VIII.
2419 1807 2490 1818 —
2515 1779 2599 1835 I0.
2641 1780 2820 1836 Sancti
2840 1783 2922 1836 hic
2953 1800 3051 1837 non
3072 1786 3264 1854 faciunt
3282 1804 3397 1860 quae
3421 1805 3510 1843 ro-

1927 1860 2056 1927 lunt,
2096 1865 2369 1935 quomodo.
2395 1865 2499 1938 Sic
2537 1884 2665 1938 ergo
2692 1881 2748 1925 et
2784 1870 2890 1937 hic,
2916 1872 3048 1927 Caro
3090 1873 3396 1946 concupiscit
3421 1879 3518 1932 ad-

1925 1969 2096 2009 versus
2137 1956 2389 2025 spiritum,
2431 1969 2479 2013 et
2507 1961 2717 2030 spiritus
2744 1962 2984 2017 adversus
3018 1982 3239 2021 carnem.
3285 1969 3352 2023 Et
3389 1970 3516 2039 quid

1924 2053 2026 2110 est,
2063 2043 2132 2100 Ut
2163 2062 2263 2100 non
2299 2063 2363 2102 ea
2391 2064 2505 2114 qua:
2531 2050 2700 2117 vultis,
2732 2051 2970 2121 faciatis?
2999 2053 3096 2110 ilic
3129 2057 3270 2112 enim
3301 2059 3514 2129 pericu-

1926 2134 2031 2189 lum
2076 2146 2158 2191 est
2198 2138 2324 2192 mali
2366 2137 2731 2196 intellecturis.
2761 2143 2842 2198 Sit
2867 2160 3008 2201 nunc
3041 2147 3275 2202 ofﬁcium
3310 2151 3513 2220 qualis-

1921 2240 2153 2296 cumque
2195 2228 2537 2298 expositoris.
2572 2229 2642 2284 Ut
2694 2248 2796 2286 non
2832 2249 2892 2288 ea
2928 2251 3042 2304 qua:
3071 2239 3240 2305 vultis,
3285 2241 3509 2310 faciatis.

1925 2316 2214 2384 Attendite,
2263 2319 2430 2373 Sancti
2465 2319 2788 2391 quicumque
2835 2327 3100 2394 pugnatis.
3143 2325 3512 2386 Prteliautibus

1923 2405 2130 2476 loquor.
2157 2407 2458 2478 intelligunt
2481 2410 2570 2479 qui
2602 2420 2836 2481 pugnant
2866 2429 2878 2464 :
2908 2428 3014 2468 non
3037 2430 3123 2470 me
3152 2415 3398 2488 intelligit
3417 2423 3509 2491 qui

1923 2513 2027 2554 nou
2060 2510 2273 2570 pugnat.
2304 2501 2434 2556 Nam
2462 2503 2549 2572 qui
2575 2513 2791 2573 pugnat,
2835 2519 2940 2558 non
2967 2505 3090 2561 dico
3127 2507 3374 2580 intelligit
3394 2526 3522 2578 me,

1924 2588 2016 2643 sed
2049 2591 2306 2659 pnnvenit
2342 2607 2449 2647 me.
2486 2592 2624 2658 Quid
2667 2593 2783 2646 vult
2811 2592 2972 2648 homo
3007 2597 3218 2650 castus?
3259 2597 3327 2652 Ut
3367 2601 3510 2656 nulfa

1921 2682 2140 2737 omnino
2180 2692 2360 2753 surgat
2401 2684 2454 2738 in
2498 2683 2754 2739 membris
2789 2685 2904 2755 ejus
2946 2687 3374 2756 concupiscentia
3412 2690 3510 2744 ad-

1920 2775 2153 2828 versaria
2197 2775 2445 2850 castitati.
2490 2776 2680 2831 Pacem
2727 2777 2860 2843 vult,
2901 2776 2994 2834 sed
3042 2779 3279 2834 nondum
3329 2779 3507 2836 habet.

1919 2857 2144 2924 Quando
2191 2859 2334 2915 enim
2402 2860 2470 2914 ad
2517 2860 2647 2915 illud
2707 2872 2921 2916 ventum
2975 2861 3171 2932 fuerit,
3224 2864 3313 2920 ubi
3364 2867 3510 2923 nulla

1920 2951 2138 3005 omnino
2176 2960 2428 3022 exsungat
2462 2953 2889 3022 concupiscentia
2930 2953 3288 3021 adversanda.
3332 2958 3508 3013 uullus

1917 3043 2022 3096 erit
2054 3040 2222 3097 hostis
2255 3057 2378 3098 cum
2417 3057 2524 3112 quo
2568 3044 2863 3109 luctemur;
2920 3060 3018 3101 nec
3055 3057 3395 3116 exspectatur
3433 3050 3505 3105 ibi

1918 3131 2161 3198 victoria,
2199 3134 2320 3204 quia
2357 3133 2424 3189 de
2452 3133 2604 3189 hoste
2641 3133 2750 3204 jam
2780 3135 2920 3190 victo
2957 3136 3328 3208 triumphatur.
3367 3140 3505 3196 Audi

1919 3221 2087 3290 ipsam
2123 3222 2421 3288 victoriam,
2453 3223 2571 3293 ipso
2600 3225 2856 3294 Apostolo
2881 3224 3111 3292 dicente,
3150 3227 3360 3298 Oportet
3386 3246 3503 3285 cor-

1917 3312 2153 3384 ruptibile
2179 3313 2273 3366 hoc
2301 3313 2507 3368 induere
2534 3314 2977 3386 incorruptionem,
3005 3325 3053 3370 et
3068 3318 3285 3373 mortale
3311 3320 3408 3374 hoc
3426 3322 3505 3375 in-

1916 3403 2073 3456 duere
2102 3403 2551 3457 inmortalitatem.
2580 3402 2706 3458 Cum
2736 3413 2905 3458 autem
2948 3407 3278 3478 corruptibile
3300 3408 3396 3462 hoc
3420 3411 3503 3464 in-

1913 3492 2078 3546 duerit
2107 3493 2552 3563 incorruptionem,
2581 3503 2628 3546 et
2650 3495 2861 3549 mortale
2881 3495 2974 3549 hoc
2994 3495 3212 3550 induerit
3231 3497 3499 3553 immorta-

1919 3585 2146 3649 litatem;
2187 3594 2307 3638 tunc
2343 3585 2428 3652 [iet
2463 3601 2628 3638 sermo
2664 3587 2751 3656 qui
2777 3587 2992 3656 scriptus
3027 3596 3118 3653 est,
3151 3588 3404 3658 Absorpta
3428 3601 3503 3646 est

1916 3691 2052 3729 mors
2086 3676 2138 3728 in
2177 3675 2457 3728 victorions.
2503 3674 2640 3728 Audi
2683 3689 2842 3731 voces
2886 3676 3366 3747 triumphantium:
3401 3679 3500 3734 Ubi

1915 3777 2008 3830 est,
2048 3781 2204 3830 mors,
2245 3767 2496 3820 contentio
2539 3767 2670 3819 tua?
2697 3767 2782 3820 ubi
2823 3776 2915 3832 est,
2947 3784 3103 3833 mors,
3149 3771 3356 3826 aculeus
3383 3781 3500 3827 tuus

1914 3859 1958 3929 (1
1985 3857 2103 3913 Cor.
2133 3874 2226 3923 xv,
2249 3858 2482 3926 55—55)?
2513 3858 2848 3924 Percussisti,
2883 3859 3190 3928 vulnerasti,
3222 3862 3459 3933 dejecisti
3485 3884 3497 3919 :

1913 3949 2006 4006 sed
2035 3950 2346 4005 vulneratus
2368 3957 2458 4004 est
2492 3963 2589 4018 pro
2629 3963 2736 4016 me,
2763 3949 2853 4019 qui
2891 3949 3016 4004 fecit
3054 3965 3158 4006 me.
3190 3952 3234 4007 Ο
3265 3968 3431 4022 mors,
3463 3971 3497 4008 ο

1911 4043 2089 4098 mors!
2119 4042 2422 4098 vulneratus
2438 4050 2522 4098 est
2542 4057 2638 4113 pro
2663 4057 2769 4108 me,
2787 4043 2877 4112 qui
2899 4043 3019 4098 fecit
3034 4059 3140 4112 me,
3165 4045 3303 4101 etde
3325 4057 3498 4104 morte

1909 4150 2004 4190 sua
2031 4135 2155 4190 vicit
2193 4145 2264 4191 te.
2297 4135 2360 4190 Et
2394 4143 2522 4190 tunc
2548 4135 2938 4204 triumphantes
2975 4135 3167 4193 dicturi
3203 4149 3364 4196 sunt:
3397 4139 3498 4196 Ubi

1909 4236 2006 4291 est,
2038 4242 2195 4292 mors,
2220 4226 2470 4280 contentio
2500 4225 2628 4280 tua?
2654 4227 2738 4280 ubi
2776 4236 2871 4292 cst,
2905 4243 3061 4295 mors,
3097 4227 3305 4285 aculeus
3337 4241 3452 4286 tuus
3469 4232 3497 4285 ?

1978 4315 2206 4372 CAPUT
2245 4315 2336 4370 IX.
2371 4345 2445 4357 —
2481 4316 2568 4371 ﬂ.
2615 4313 2736 4369 γαιι
2777 4316 2927 4373 homo
2953 4333 3070 4376 τιιοιι
3105 4335 3211 4374 esse
3251 4321 3494 4392 concupi-

1905 4409 2140 4473 scentias,
2169 4423 2264 4465 nec
2283 4408 2407 4479 facit
2430 4409 2566 4479 quod
2583 4409 2706 4463 uult.
2731 4407 2889 4464 Modo
2906 4418 3106 4478 autem,
3131 4413 3343 4481 quando
3369 4429 3494 4469 caro

1905 4499 2235 4571 concupiscit
2270 4501 2529 4555 adversus
2571 4500 2838 4569 spiritum,
2885 4510 2941 4556 et
2982 4494 3200 4572 spiritus
3235 4504 3492 4562 adversus

1906 4607 2142 4655 carnem,
2191 4591 2465 4646 contentio
2521 4591 2708 4646 mortis
2749 4600 2872 4647 est:
2900 4607 3006 4648 non
3064 4594 3210 4663 quod
3246 4595 3492 4652 volumus

1906 4680 2147 4738 facimus.
2179 4681 2396 4748 Quare?
2429 4681 2564 4749 Quia
2594 4683 2837 4738 volumus
2864 4692 2919 4736 ut
2957 4683 3116 4739 nulla:
3146 4683 3253 4740 sint
3289 4700 3490 4742 concu-

1903 4772 2194 4842 piscentiae,
2226 4773 2319 4828 sed
2354 4788 2460 4827 non
2490 4786 2792 4844 possumus.
2824 4773 3064 4829 Velimus
3091 4773 3350 4844 nolimus,
3396 4777 3485 4832 ha-

1899 4862 2089 4920 bemus
2129 4864 2284 4918 ilias:
2315 4862 2544 4918 velimus
2569 4863 2821 4926 nolimus,
2846 4863 3079 4929 titillant,
3117 4865 3484 4931 blandiuntur,

1901 4954 2193 5016 stimulant,
2215 4951 2484 5016 infestant,
2510 4966 2731 5021 surgere
2754 4952 2956 5006 volunt.
2981 4952 3320 5019 Premuutur,
3349 4970 3482 5020 non-

1899 5042 2024 5099 dum
2051 5042 2490 5113 exstinguuntur;
2519 5039 2769 5112 quamdiu
2784 5056 2903 5094 caro
2924 5043 3229 5109 concupiscit
3242 5043 3479 5099 adversus

1895 5133 2152 5203 spiritum,
2192 5142 2242 5185 et
2281 5131 2491 5202 spiritus
2531 5129 2768 5185 adversus
2809 5147 3031 5184 carnem.
3068 5131 3331 5203 Numquid
3381 5133 3479 5190 hoc

1898 5225 2056 5279 etiam
2077 5237 2198 5277 cum
2214 5230 2470 5277 mortuus
2494 5221 2652 5276 fuerit
2679 5220 2878 5276 homo?
2903 5221 3074 5277 Absit.
3105 5223 3338 5292 Deponis
3363 5241 3481 5279 car.

1899 5330 2044 5379 nem,
2071 5312 2340 5384 quomodo
2380 5320 2552 5368 tecum
2582 5312 2749 5372 trahis
2784 5313 3240 5383 concupiscentias
3267 5316 3479 5371 carnis?

1874 5403 2006 5463 'Sed
2031 5407 2074 5461 si
2112 5405 2249 5462 bene
2286 5404 2552 5477 pugnasti,
2591 5404 2844 5476 reciperis
2867 5404 2940 5458 ad
2979 5406 3235 5474 quietem.
3270 5406 3349 5463 De
3372 5423 3474 5477 qua

1901 5499 2081 5570 quiete
2127 5497 2464 5552 coronandus
2507 5510 2587 5561 es,
2639 5511 2743 5550 non
2787 5493 3118 5551 damnandus
3147 5512 3160 5548 :
3192 5505 3247 5550 ut
3289 5505 3472 5566 postea

1956 5652 2701 5727 i,é‘§9“°‘.”5§-2l”,’9’i‘il“:-.__
2741 5710 2792 5727 ,-
3301 5711 3331 5727 ..
3422 5716 3432 5727 .

1956 5665 1972 5685 υ
2002 5665 2340 5726 suquot_ns_s._,
2397 5665 2587 5718 agnem.
3091 5713 3101 5723 _
3321 5714 3331 5725 O
3422 5716 3432 5727 .

1889 5715 2027 5826 mgna)
2041 5721 2164 5824 ὗιιηο
2193 5665 2449 5776 [amplein
2473 5718 2703 5765 tractatus
2735 5710 2799 5763 de
2834 5719 2994 5777 Pugna
3027 5724 3231 5776 animae,
3270 5711 3384 5764 ohm
3421 5731 3468 5766 in
