3852 6182
382 299 488 358 7η

381 410 687 484 perducaris
708 410 771 468 ad
798 407 1197 480 regnum.‘Ergo
1225 407 1473 479 quamdiu
1496 407 1580 464 hic
1601 408 1816 472 vivitur,
1849 407 1954 460 fra-

385 517 513 572 tres,
542 505 620 560 sic
645 513 727 558 est
752 520 764 555 :
793 502 870 555 sic
893 511 947 554 et
972 515 1073 554 nos
1096 502 1186 570 qui
1207 498 1481 554 senuimus
1501 498 1578 574 (a)
1607 500 1660 552 in
1680 498 1784 552 ista
1818 496 1960 552 mili-

382 596 475 660 tia,
498 595 730 648 minores
755 590 968 660 quidem
996 592 1174 646 hostes
1202 591 1492 646 habemus:
1522 590 1613 645 sed
1647 598 1823 644 unnen
1863 588 1956 641 ha-

383 688 591 740 bemus.
622 683 844 753 Fatigati
870 692 995 739 sunt
1025 682 1431 753 quodammodo
1451 684 1631 737 hostes
1653 680 1821 735 nostri
1842 679 1952 749 jam

381 772 540 830 etiam
558 763 652 844 pe'r
665 782 873 828 aetatem
893 791 906 828 :
923 773 1019 830 sed
1043 780 1215 829 tamen
1232 775 1392 829 etiam
1411 773 1605 842 fatigati
1625 788 1728 826 non
1746 777 1960 825 cessant

381 865 860 935 qualibuscumque
909 864 1140 918 motibus
1187 863 1439 918 infestare
1477 861 1766 917 senectutis
1812 860 1962 930 quie-

380 967 511 1013 tem.
538 958 729 1012 Acrior
755 971 929 1028 pugna
949 955 1202 1026 iuvenum
1230 966 1309 1010 est
1337 974 1350 1010 :
1379 954 1622 1009 novimus
1649 968 1787 1017 eam,
1819 961 1963 1006 tran-

381 1049 602 1103 sivimus
632 1063 728 1119 per
753 1063 893 1103 eam.
914 1047 1056 1102 Caro
1075 1061 1203 1120 ergo
1227 1047 1530 1118 concupiscit
1550 1045 1788 1099 adversus
1812 1043 1966 1114 spiri-

384 1152 511 1208 tum,
549 1150 596 1195 et
625 1141 832 1210 spiritus
867 1140 1104 1195 adversus
1125 1156 1327 1194 carnem
1350 1156 1370 1206 ;
1396 1147 1449 1192 ut
1489 1154 1587 1192 non
1625 1153 1684 1191 ea
1707 1151 1821 1207 qua:
1847 1133 1962 1188 vul-

382 1235 466 1298 tis,
492 1233 708 1305 faciatis.
737 1231 874 1300 Quid
903 1231 1044 1286 enim
1072 1230 1252 1296 vultis,
1277 1245 1312 1285 ο
1333 1229 1524 1295 sancti,
1547 1243 1580 1283 ο
1606 1227 1731 1282 boni
1759 1225 1964 1296 prmlia-

384 1334 550 1390 tores,
582 1338 616 1378 ο
655 1311 818 1377 fortes
847 1323 1041 1377 milites
1083 1319 1313 1377 Christi?
1354 1319 1479 1390 quid
1511 1318 1710 1373 vultis?
1756 1315 1824 1372 Ut
1859 1330 1962 1370 non

382 1418 491 1472 sint
512 1416 731 1472 omnino
757 1413 1200 1484 concupiscentia:
1232 1412 1406 1466 malae.
1447 1411 1552 1466 Sed
1584 1427 1687 1464 non
1717 1409 1959 1479 potestis.

385 1507 644 1564 Exercete
666 1505 886 1571 bellum,
911 1513 1128 1574 sperate
1151 1501 1494 1572 triumphum.
1525 1499 1679 1556 Modo
1705 1500 1845 1554 enim
1881 1499 1964 1552 in-

387 1598 539 1651 terim
569 1604 850 1666 pugnatur.
882 1594 1013 1648 Caro
1034 1593 1342 1662 concupiscit
1371 1591 1608 1644 adversus
1637 1590 1889 1661 spiritum,
1916 1596 1966 1642 et

383 1689 594 1758 spiritus
620 1687 858 1740 adversus
882 1702 1120 1751 carnem;
1149 1693 1205 1739 ut
1239 1700 1339 1738 non
1381 1700 1439 1737 ea
1463 1699 1576 1753 quae
1598 1683 1766 1748 vultis,
1800 1680 1964 1753 {acia-

353 1782 447 1834 -tis
483 1797 501 1834 :
544 1779 598 1834 id
653 1787 766 1847 est,
812 1786 870 1832 ut
920 1778 1141 1832 omnino
1180 1776 1342 1831 nulla:
1387 1776 1494 1830 sint
1525 1772 1966 1845 concupiscentiae

383 1871 587 1925 carnis.

455 1959 678 2016 CAPUT
716 1957 783 2014 Χ.
807 1989 879 1999 -
899 1959 984 2013 12.
1026 1957 1370 2029 Pugnandum
1402 1973 1466 2013 ne
1493 1965 1662 2028 regnet
1685 1965 1962 2028 peccatum.

381 2049 541 2103 Arma
561 2058 748 2104 nostra.
778 2047 1010 2103 Potestas
1048 2049 1189 2102 nobis
1216 2048 1357 2101 data.
1386 2046 1494 2102 Sed
1527 2047 1684 2102 facite
1706 2046 1846 2117 quod
1874 2061 1963 2115 p0:

385 2142 572 2208 testis;
599 2141 739 2211 quod
766 2141 841 2194 ait
871 2141 985 2210 ipse
1026 2140 1310 2209 Apostolus
1340 2140 1444 2193 alio
1476 2140 1614 2206 loco,
1643 2139 1783 2208 quod
1815 2153 1967 2194 com-

379 2245 686 2288 munerare
711 2232 822 2302 jam
851 2245 1122 2300 coeperam
1153 2246 1168 2284 :
1199 2228 1320 2308 Non
1345 2237 1515 2300 regnet
1540 2238 1794 2300 peccatum
1823 2229 1875 2283 in
1895 2244 1970 2283 ve-

383 2332 489 2377 stro
534 2322 738 2377 mortali
781 2338 1011 2392 corpore,
1057 2320 1126 2373 ad
1166 2319 1497 2374 obedientium
1535 2320 1800 2375 desideriis
1837 2323 1965 2391 ejus.

383 2414 526 2469 Ecce
567 2411 708 2483 quod
746 2411 909 2476 nolo;
941 2411 1077 2465 mala
1119 2409 1383 2466 desideria
1421 2419 1644 2479 surgunt
1676 2428 1690 2464 :
1723 2410 1816 2465 sed
1860 2411 1970 2465 noli

381 2503 626 2558 obedire.
659 2503 821 2556 Arma
852 2509 924 2564 te,
966 2513 1119 2554 sume
1146 2499 1497 2553 instrumenta
1528 2500 1803 2554 bellorum.
1826 2501 1971 2555 Prm-

378 2603 540 2662 eepta
564 2591 680 2658 Dei,
708 2606 856 2644 arma
883 2598 971 2644 tua
1001 2599 1146 2643 sunt.
1173 2589 1229 2644 Si
1260 2589 1396 2645 bene
1424 2605 1509 2644 me
1533 2590 1700 2656 audis,
1731 2599 1786 2646 et
1811 2607 1876 2645 ex
1905 2608 1970 2646 eo

384 2683 528 2755 quod
555 2683 748 2753 loquor
769 2681 1016 2736 armaris.
1061 2679 1204 2748 Non,
1232 2681 1419 2752 inquit,
1446 2692 1616 2750 regnet
1645 2692 1898 2753 peccatum
1918 2685 1970 2738 in

376 2789 548 2833 oestro
572 2774 776 2831 mortali
793 2790 1021 2846 corpore.
1053 2773 1311 2841 Quamdiu
1339 2774 1480 2829 enim
1501 2775 1724 2844 portatis
1748 2777 1970 2831 mortale

376 2885 605 2941 corpus,
636 2877 837 2940 pugnat
861 2874 1046 2923 contra
1068 2881 1162 2922 vos
1189 2875 1461 2936 peceatum
1492 2885 1506 2921 :
1537 2867 1629 2922 sed
1657 2884 1756 2922 non
1780 2879 1968 2938 regnet.

377 2963 525 3030 Quid
551 2971 653 3030 est,
687 2977 787 3015 non
823 2961 1039 3030 regnet?
1070 2959 1122 3013 ld
1157 2968 1258 3025 est,
1295 2960 1363 3013 ad
1403 2958 1735 3014 obedientium
1771 2961 1971 3015 deside-

382 3056 481 3108 riis
518 3055 648 3122 eius.
691 3051 748 3107 Si
789 3050 1060 3120 ceperitis
1101 3049 1339 3114 obedire,
1377 3057 1586 3119 regnat.
1629 3049 1696 3103 Et
1725 3051 1848 3121 quid
1890 3060 1973 3107 est

394 3145 634 3210 obedire,
661 3142 763 3196 nisi
789 3150 850 3197 ut
876 3141 1150 3195 exhibeatis
1171 3141 1392 3194 membra
1411 3149 1577 3194 uestra
1602 3157 1744 3195 arma
1788 3143 1975 3213 iniqui-

393 3240 513 3293 tatis
554 3246 756 3311 peccato
803 3237 980 3305 (Rom.
1016 3251 1090 3303 vl,
1127 3235 1213 3302 12,
1250 3220 1386 3307 l3)?
1430 3234 1568 3290 Nihil
1613 3235 1712 3291 hoc
1755 3236 1974 3293 doctore

391 3330 717 3402 praeclarius.
737 3326 884 3398 Quid
913 3328 996 3382 vis
1019 3327 1128 3397 jam
1159 3336 1217 3381 ut
1243 3341 1503 3397 exponam
1543 3326 1674 3382 tibi?
1703 3327 1808 3383 Fac
1829 3327 1972 3399 quod

392 3421 606 3477 audisti.
649 3419 762 3474 Non
805 3418 1061 3475 exhibeas
1107 3419 1343 3474 membra
1372 3428 1458 3472 tua
1493 3433 1640 3473 arma
1681 3418 1974 3490 iniquitatis

392 3523 634 3585 peccato.
687 3511 843 3567 Dedit
892 3510 986 3564 tibi
1032 3511 1173 3564 Deus
1216 3517 1530 3579 potestatem
1575 3525 1670 3579 per
1718 3509 1972 3581 Spiritum

380 3622 568 3670 suum,
602 3613 658 3660 ut
697 3605 934 3659 membra
966 3611 1052 3658 tua
1093 3611 1293 3657 teneas.
1333 3602 1509 3673 Surgit
1547 3603 1732 3671 libido,
1765 3613 1888 3662 tene
1917 3615 1974 3660 tu

376 3699 631 3754 nnembra
661 3714 675 3750 :
705 3696 832 3768 quid
877 3696 1076 3750 factura
1121 3703 1200 3748 est
1248 3709 1365 3763 qua:
1413 3695 1678 3750 surrexit?
1726 3696 1805 3752 Tu
1853 3706 1975 3754 tene

374 3790 634 3846 membra
665 3787 811 3842 :noli
843 3786 1098 3842 exhibere
1123 3785 1361 3840 membra
1400 3793 1488 3842 tua
1517 3801 1660 3841 arma
1686 3788 1975 3858 iniquitatis

372 3878 800 3953 ‘peccato;noli
842 3891 1054 3932 armare
1096 3875 1458 3931 adversarium
1488 3884 1634 3932 tuum
1674 3887 1858 3932 contra
1899 3888 1970 3934 te.

372 3973 540 4028 "fene
565 3970 747 4042 pedes,
773 3977 847 4025 ne
875 3967 1086 4024 eant-ad
1126 3967 1326 4023 iilicita.
1360 3967 1548 4023 Libido
1573 3969 1823 4035 surrexit,
1852 3978 1975 4026 tene

371 4076 461 4122 "tu:
480 4065 718 4122 membra
746 4081 762 4118 :
786 4072 906 4118 tene
934 4071 992 4117 tu
1018 4077 1208 4118 manus
1233 4061 1300 4117 ab
1325 4063 1470 4117 omni
1497 4062 1700 4118 scelere
1728 4081 1742 4116 :
1770 4072 1891 4119 tene
1919 4072 1973 4119 tu

386 4160 616 4224 oculos,
636 4172 703 4212 ne
731 4155 876 4211 male
896 4153 1172 4209 attendant
1199 4170 1214 4207 :
1243 4163 1366 4209 tene
1403 4168 1582 4221 aures,
1615 4170 1684 4210 ne
1713 4155 1872 4210 verba
1905 4156 1974 4211 li-

392 4252 586 4308 bidinis
615 4249 844 4305 libenter
867 4247 1083 4302 audiant
1107 4263 1120 4301 :
1149 4255 1268 4302 tene
1302 4254 1469 4302 totum
1499 4262 1712 4318 corpus.
1733 4257 1866 4305 rtene
1895 4249 1975 4304 la-

381 4347 1098 4411 1cra,1ene.summa,'~tene
1124 4339 1250 4392 ima.
1292 4339 1429 4405 Quid
1465 4339 1587 4394 facit
1616 4341 1818 4396 libido?
1848 4342 1977 4398 Sur-

378 4451 524 4506 'gcre
553 4435 718 4499 novit,
750 4433 967 4487 vincere
990 4445 1096 4485 non
1125 4431 1291 4485 novit.
1322 4429 1598 4500 Surgendo
1623 4433 1836 4490 assidue
1861 4436 1977 4491 sine

373 4539 577 4590 'causa,
605 4522 761 4578 discit
788 4531 843 4577 et
870 4537 975 4577 non
999 4536 1236 4592 surgere.

467 4613 698 4672 CAPUT
736 4613 826 4668 XI.
860 4643 931 4652 —
970 4614 1058 4668 15.
1101 4612 1543 4684 Concupiscentias
1579 4616 1818 4686 perﬁcere
1857 4620 1979 4690 quid

392 4709 480 4765 sit.
517 4705 824 4762 Redeamus
859 4719 986 4775 ergo
1015 4703 1082 4760 ad
1109 4704 1290 4770 verba,
1330 4719 1447 4776 quae
1487 4705 1709 4762 obscura
1739 4708 1807 4764 de
1835 4711 1980 4781 Apo-

378 4801 534 4856 -stolo
557 4812 956 4871 proposueram,
988 4805 1044 4852 et
1071 4797 1220 4867 plana
1239 4797 1349 4868 jam
1375 4813 1493 4854 esse
1521 4799 1835 4858 videbimus.
1863 4803 1979 4859 Hoc

394 4895 538 4950 enim
567 4905 966 4964 proposueram,
992 4889 1134 4961 quod
1157 4905 1259 4946 non
1287 4891 1419 4946 dixit
1442 4892 1747 4963 Apostolus,
1775 4895 1977 4966 Spiritu

379 4984 684 5050 ambulate,
734 4990 789 5039 et
822 4982 1281 5052 concupiscentias
1322 4984 1497 5038 carnis
1540 5001 1606 5040 ne
1644 4984 1975 5043 habueritis:

391 5075 518 5145 quia
563 5085 784 5128 necesse
810 5081 895 5128 est
919 5080 978 5128 ut
992 5071 1298 5128 ‘habeamus
1335 5074 1471 5129 illas.
1503 5075 1676 5143 Quare
1715 5091 1842 5148 ergo
1872 5094 1977 5136 non

396 5163 1051 5236 dixit,‘Concnpiscentias
1078 5166 1253 5219 carnis
1278 5179 1346 5220 ne
1380 5163 1652 5222 feceritis?
1674 5167 1810 5236 Quia
1848 5171 1980 5227 faci-

375 5253 518 5315 ‘mus
541 5272 672 5323 eas;
700 5255 1140 5326 concupiscimus
1167 5255 1328 5310 enim.
1357 5254 1537 5324 Ipsum
1578 5261 1974 5328 concupiscere,

395 5354 575 5406 facere
600 5355 701 5404 est.
727 5346 836 5403 Sed
865 5346 1242 5415 ait'Apostolus
1270 5364 1282 5399 :
1312 5345 1432 5400 Jam
1462 5364 1560 5401 non
1590 5336 1679 5420 ego
1703 5367 1884 5420 operor
1912 5353 1980 5407 il-

399 5441 508 5506 lud,
542 5440 632 5495 sed
659 5439 793 5512 quod
820 5439 1011 5493 habitat
1045 5440 1098 5493 in
1126 5455 1206 5494 me
1241 5449 1515 5510 peccatum.
1546 5441 1718 5513 (llam.
1744 5461 1838 5511 vu,
1871 5446 1977 5517 17).

403 5531 545 5600 Ergo
571 5530 696 5601 quid
726 5529 817 5584 tibi
839 5529 1130 5585 cavendum
1155 5531 1272 5585 est?
1303 5529 1410 5585 Hoc
1436 5531 1549 5586 sine
1568 5532 1749 5601 dubio,
1776 5551 1841 5591 ne
1863 5552 1982 5606 per-

383 5619 572 5674 .ticias.
598 5617 843 5674 Surrexit
861 5618 1025 5674 libido
1046 5619 1382 5690 damnabilis,
1413 5624 1662 5693 surrexit,
1689 5628 1976 5699 suggessit:

464 5707 540 5771 (a)
573 5706 866 5770 augustlnus
881 5708 981 5770 jam
1001 5720 1180 5760 senex.

1620 295 1676 352 S.
1718 289 2081 350 AUGUSTINI
2125 290 2421 348 EPISCOPI
3115 353 3136 359 κ
3500 311 3582 366 τεο

2066 418 2171 457 non
2200 403 2461 460 audiatur.
2507 405 2693 472 Ardet,
2734 423 2841 463 non
2870 423 2928 464 se
2956 413 3256 481 compescit,
3283 423 3333 470 et
3363 419 3507 475 velles
3539 435 3584 480 ut

2067 511 2170 549 non
2192 497 2421 552 arderet.
2443 496 2510 552 Et
2537 499 2622 553 ubi
2651 507 2754 564 est,
2782 500 2848 555 Ut
2876 517 2976 554 non
3003 518 3061 554 ea
3078 519 3185 573 qua:
3205 508 3359 575 vultis,
3387 512 3588 580 faciatis!

2065 584 2181 638 Noli
2206 585 2337 642 dare
2382 587 2642 643 membra.
2685 590 2885 646 Ardeat
2929 593 3045 647 sine
3078 609 3248 661 causa,
3282 608 3345 653 et-
3364 608 3590 660 consumit

2067 691 2145 730 se.
2180 679 2236 732 ln
2266 688 2318 734 te
2359 695 2486 750 ergo
2517 681 2650 736 fiunt
2677 682 2806 752 ipsa:
2843 686 3294 754 concupiscentiae.
3334 691 3587 751 Fatendum

2065 781 2166 835 ost,
2204 771 2357 828 ﬁunt.
2387 773 2511 829 ideo
2539 774 2692 840 dixit,
2725 775 2809 829 Ne
2845 777 3163 848 perfeceritis.
3203 781 3301 836 Sed
3340 798 3434 837 non
3462 791 3594 854 perli-

2065 864 2294 919 ciantur.
2329 865 2617 921 Deerevisti
2661 867 2872 934 facere,
2918 868 3200 939 perfecisti.
3243 873 3486 931 Perfecisd
3525 889 3591 933 et.

2066 956 2231 1022 enim,
2254 956 2299 1010 si
2328 956 2587 1014 decernas
2616 959 2913 1015 faciendum
2939 977 3058 1017 esse
3081 963 3396 1029 adulterium.
3422 978 3470 1023 et
3500 970 3596 1025 ideo

2068 1061 2173 1100 non
2202 1047 2361 1102 facias
2389 1049 2512 1118 quia
2539 1050 2687 1104 locus
2714 1066 2818 1104 non
2847 1061 2932 1106 est
2952 1052 3216 1121 inventus,
3243 1055 3356 1124 quia
3383 1068 3595 1127 opportu-

2068 1136 2208 1190 nitas
2235 1153 2341 1192 non
2369 1138 2544 1206 datur,
2571 1141 2693 1210 quia
2724 1140 2863 1196 forte
2888 1142 2978 1197 illa
3005 1153 3146 1198 casta
3169 1145 3334 1200 estde
3361 1162 3453 1216 qua
3481 1149 3589 1204 vide

2067 1229 2145 1284 ris
2162 1245 2282 1285 esse
2305 1241 2605 1288 commotus
2633 1251 2646 1288 :
2670 1249 2796 1290 ecce
2815 1234 2924 1303 jam
2947 1235 3034 1289 illa
3056 1245 3196 1290 casta
3222 1246 3320 1304 est,
3339 1249 3389 1292 et
3407 1246 3454 1292 tu
3471 1241 3597 1295 adul-

2071 1329 2152 1383 ter
2180 1336 2260 1375 es.
2301 1322 2513 1389 Quare?
2553 1323 2686 1390 Quia
2715 1325 2982 1394 perfecisti
3007 1328 3461 1397 concupiscentias.
3487 1333 3599 1396 Quid

2067 1421 2176 1477 est,
2208 1413 2509 1481 perfecisti?
2542 1415 2596 1470 In
2639 1417 2819 1471 animo
2847 1424 2940 1470 tuo
2965 1415 3260 1473 faciendum
3291 1433 3402 1474 esse
3426 1421 3600 1476 adulte-

2068 1501 2204 1556 rium
2235 1503 2534 1559 decrevisti.
2571 1506 2710 1570 1am,
2738 1507 2880 1576 quod
2915 1507 3074 1574 absit,
3115 1509 3158 1561 si
3191 1519 3244 1562 et
3269 1510 3486 1564 membra
3507 1511 3600 1566 fue-

2069 1592 2176 1646 rint
2195 1603 2432 1662 operata,
2463 1595 2514 1648 in
2544 1605 2768 1650 mortem
2799 1596 3082 1652 devolutus
3111 1613 3188 1652 cs.

2139 1681 2362 1739 CAPUT
2393 1684 2504 1738 Xll.
2527 1715 2600 1724 -—-
2625 1687 2708 1740 14.
2748 1685 2817 1740 In
2843 1687 3000 1741 tribus
3054 1688 3259 1742 mortuis
3283 1706 3312 1741 α
3339 1689 3514 1744 Christo
3529 1707 3600 1744 suo

2069 1773 2258 1827 scitatis
2279 1783 2377 1828 tres
2393 1785 2708 1845 peccatorum
2727 1777 2934 1847 gradus.
2957 1777 3238 1832 Suscitavit
3256 1778 3480 1833 Christus
3497 1796 3606 1832 mor.

2071 1875 2213 1921 tuam
2239 1868 2292 1921 in
2318 1867 2477 1922 domo
2499 1868 3106 1939 filiam.Archisynagngi
3144 1870 3326 1939 (Marc.
3354 1887 3401 1936 v,
3429 1869 3604 1937 22-42).

2073 1959 2129 2014 In
2165 1959 2324 2014 domo
2358 1970 2492 2027 erat,
2524 1962 2662 2016 elata
2705 1961 2938 2016 nondum
2965 1973 3102 2017 erat.
3147 1962 3234 2017 Sic
3258 1971 3337 2016 est
3370 1961 3514 2016 homo
3537 1963 3608 2032 qui

2071 2048 2326 2117 flagitium
2365 2049 2598 2104 decrevit
2634 2052 2685 2105 in
2716 2050 2915 2105 corde:
2943 2061 3187 2105 mortuus
3225 2060 3323 2114 est,
3365 2050 3448 2104 sed
3491 2050 3607 2104 intus

2067 2139 2227 2210 jacet.
2274 2142 2330 2194 Si
2373 2151 2549 2196 autem
2593 2156 2758 2212 usque
2801 2141 2868 2197 ad
2910 2142 3273 2198 membrorum
3301 2141 3606 2214 perpetratiof

2071 2247 2192 2286 nem
2215 2234 2534 2303 pervenerit,
2564 2235 2734 2289 elatus
2775 2243 2856 2289 est
2882 2233 3050 2289 foras.
3095 2233 3201 2288 Sed
3241 2242 3294 2289 et
3315 2233 3536 2302 juvenem
3561 2231 3612 2284 fi-

2073 2324 2200 2378 lium
2231 2325 2398 2380 vidua:
2423 2325 2694 2380 suscitavit
2722 2325 2998 2390 Dominus,
3033 2324 3244 2396 quando
3266 2332 3406 2379 extra
3443 2331 3612 2394 portant

2073 2415 2302 2470 civitatis
2320 2426 2560 2471 mortuus
2588 2416 2927 2472 efferebatur.
2955 2417 3049 2472 Sic
3077 2431 3205 2487 ergo
3229 2415 3393 2470 audeo
3420 2413 3531 2484 quid
3551 2412 3615 2466 di-

2073 2521 2231 2560 cere:
2258 2507 2546 2562 Deerevisti
2591 2507 2642 2561 in
2686 2506 2849 2562 corde
2885 2515 2997 2572 tuo,
3045 2507 3090 2562 si
3130 2516 3182 2562 te
3220 2505 3530 2560 revocaveris
3563 2502 3617 2555 ab

2073 2607 2192 2652 actu
2234 2606 2344 2662 tuo,
2390 2609 2605 2654 sanatus
2633 2599 2741 2654 eris
2777 2607 3068 2669 antequam
3101 2607 3388 2669 perpetres.
3415 2595 3466 2650 Si
3503 2596 3617 2648 enim

2073 2693 2246 2762 egeris
2288 2693 2340 2746 in
2376 2691 2542 2746 corde
2573 2701 2662 2746 tuo
2691 2691 3085 2761 paenitentiam,
3127 2691 3247 2761 quia
3285 2705 3393 2744 rem
3437 2688 3618 2750 malam,

2075 2793 2130 2839 et
2159 2784 2457 2850 scelestam,
2485 2793 2540 2839 et
2565 2783 2877 2853 ﬂagitiosum
2904 2781 3373 2852 damnabilemque
3406 2779 3622 2833 decreve-

2075 2889 2194 2929 ras:
2225 2875 2295 2930 ibi
2325 2875 2416 2930 ubi
2444 2884 2686 2930 mortuus
2705 2874 2922 2943 iacebas
2951 2873 3123 2941 intus,
3151 2874 3230 2927 sic
3262 2858 3397 2926 intus
3415 2866 3620 2924 surrexi-

2075 2965 2164 3019 sti.
2191 2965 2248 3021 Si
2268 2976 2444 3020 autem
2469 2964 2777 3033 perfeceris,
2805 2964 2914 3033 jam
2941 2962 3093 3018 foras
3120 2964 3290 3017 elatus
3313 2977 3369 3017 es
3398 2979 3410 3014 :
3439 2959 3522 3014 sed
3547 2958 3627 3011 ha-

2072 3056 2171 3112 bes
2204 3057 2292 3126 qui
2321 3056 2411 3110 tibi
2441 3055 2604 3121 dicat,
2632 3054 2854 3120 Iuvenis,
2887 3055 2976 3107 tibi
3018 3056 3156 3118 dico,
3200 3069 3345 3124 surge
3385 3051 3516 3122 (Luc.
3540 3062 3624 3111 vn,

2078 3147 2281 3216 1145).
2312 3146 2535 3200 Etiamsi
2563 3146 2898 3216 perpetrasti,
2929 3148 3193 3215 paeniteat
3227 3154 3300 3210 te,
3339 3144 3404 3198 de
3425 3141 3630 3212 proximo

2073 3237 2192 3293 redi
2217 3255 2230 3291 :
2263 3237 2371 3293 noli
2401 3239 2454 3292 in
2497 3237 2801 3307 sepulcrum
2832 3239 3044 3291 venire.
3073 3236 3182 3293 Sed
3210 3247 3267 3292 et
3293 3235 3375 3288 hic
3401 3233 3515 3287 mihi
3539 3238 3628 3284 ter-

2079 3327 2184 3382 tius
2213 3336 2456 3383 mortuus
2483 3337 2583 3392 est,
2623 3327 2714 3397 qui
2751 3328 2912 3382 etiam
2954 3328 3256 3396 perductus
3293 3331 3372 3381 est
3397 3323 3459 3378 ad
3484 3320 3634 3390 sepul-

2076 3434 2248 3475 crum.
2297 3419 2416 3474 Jam
2459 3435 2619 3490 supra
2661 3435 2723 3475 se
2780 3418 2942 3474 habet
2987 3418 3393 3476 consuetudinis
3439 3413 3630 3487 pondus,

2078 3511 2248 3566 moles
2289 3525 2412 3565 eum
2454 3519 2666 3566 terrena
2709 3513 2933 3565 multum
2987 3511 3213 3581 premit.
3265 3509 3476 3564 Multum
3519 3503 3636 3560 enim

2078 3602 2399 3658 exercitatus
2435 3608 2520 3656 est
2562 3601 2617 3655 in
2664 3599 2897 3671 ﬂagitiis,
2933 3599 3331 3657 consuetudine
3375 3613 3465 3652 sua
3502 3592 3634 3648 nimia

2079 3702 2463 3764 praegravatur.
2485 3690 2693 3747 Clamat
2713 3701 2768 3746 et
2793 3690 3071 3758 Christus,
3100 3691 3320 3760 Lazare,
3348 3687 3484 3761 prodi
3504 3689 3636 3758 foras.

2079 3786 2252 3841 Homo
2279 3785 2421 3840 enim
2453 3785 2696 3855 pessima:
2721 3773 3130 3840 consuetudinis
3154 3785 3267 3855 jam
3293 3790 3459 3854 putet.
3485 3775 3640 3833 Merito

2080 3878 2152 3933 ibi
2173 3877 2414 3933 Christus
2433 3877 2718 3932 clamavit:
2745 3891 2842 3931 nec
2869 3876 3046 3930 solum
3077 3877 3352 3941 clamavit,
3373 3872 3464 3930 sed
3487 3883 3642 3940 magna

2079 3985 2196 4024 voce
2217 3969 2450 4023 clamavit
2466 3966 2646 4039 (Joan.
2665 3983 2737 4032 st,
2757 3967 2932 4036 1444)
2945 4004 2960 4020 .
2990 3967 3078 4022 Ad
3099 3967 3302 4022 Christi
3325 3967 3463 4021 enim
3480 3963 3642 4018 clamo-

2079 4075 2194 4116 rem
2222 4059 2381 4115 etiam
2420 4058 2575 4126 tales,
2609 4058 2734 4114 licet
2756 4059 2974 4124 mortui,
3016 4059 3150 4116 licet
3185 4058 3400 4128 sepulti,
3431 4056 3544 4112 licet
3567 4066 3639 4121 pu-

2083 4161 2276 4220 teittes,
2300 4162 2582 4223 resurgent
2606 4161 2780 4206 tamen
2809 4159 2864 4206 et
2901 4152 3039 4222 ipsi;
3080 4162 3386 4222 resurgent.
3421 4150 3492 4205 Dc
3525 4146 3644 4200 nulla

2081 4243 2225 4298 enim
2251 4242 2464 4312 jacente
2496 4242 2886 4312 desperandum
2924 4251 3010 4298 est
3052 4243 3160 4298 sub
3205 4245 3299 4298 tali
3340 4241 3643 4298 suscitatore.

2073 4333 2335 4390 Conversi
2354 4333 2422 4388 ad
2449 4333 2750 4394 Dominum.
2774 4343 2879 4388 etc.

2543 4443 2772 4501 saeuo
2807 4444 3064 4500 CXXIX‘
3095 4446 3200 4520 (a).

2084 4558 2162 4614 De
2197 4559 2356 4614 verbis
2398 4557 2663 4631 Evangelii
2698 4559 2936 4624 Joannis,
2981 4577 3103 4630 cap.
3144 4577 3201 4626 γ,
3243 4560 3432 4624 59-47,
3459 4554 3646 4611 Serula-

2156 4652 2285 4708 mini
2315 4651 2635 4722 Scripturas,
2673 4652 2727 4706 in
2752 4653 2942 4721 quibus
2968 4654 3176 4722 putatis
3203 4666 3302 4706 vos
3330 4651 3487 4705 vitam
3514 4652 3648 4700 aeter-

2156 4757 2279 4796 nam
2311 4741 2527 4808 habere,
2553 4749 2646 4794 etc.
2678 4740 2865 4795 Contra
2890 4741 3198 4796 Donatistas
3226 4742 3328 4813 (ὁ).

2149 4854 2379 4910 CAPUT
2418 4854 2701 4910 PRIMUM.
2727 4884 2800 4894 —
2827 4856 2879 4909 1.
2921 4852 3257 4927 Ευαηρειὶεω
3279 4852 3494 4909 lectionis
3517 4861 3649 4917 expo-

2084 4949 2221 5003 sitio.
2260 4947 2340 5003 Ad
2373 4949 2734 5018 evangelicum
2775 4947 3084 5015 lectionem,
3115 4965 3245 5018 qua:
3290 4960 3477 5003 recens
3500 4939 3649 4997 sonuit

2071 5041 2141 5095 in
2183 5041 2400 5096 auribus
2451 5041 2668 5106 nostris,
2715 5041 2954 5095 advertat
2998 5039 3261 5096 Charitas
3309 5048 3504 5104 vestra,
3547 5032 3652 5088 dum

2069 5147 2252 5203 ,pauea
2284 5133 2549 5203 loquimur
2571 5147 2689 5203 qua:
2708 5132 2971 5188 Dominus
3005 5133 3200 5188 donat.
3234 5133 3318 5189 Ad
3339 5132 3542 5188 Judzeos
3568 5126 3655 5179 Do—

2087 5224 2263 5279 minus
2300 5224 2618 5294 loquebatur
2650 5222 2828 5289 .lcsus,
2856 5232 2919 5279 .et
2959 5222 3187 5279 dicebat
3229 5224 3348 5280 eis:
3377 5211 3655 5278 δεταιαωίΒὶ

2089 5314 2406 5384 Scripturas,
2447 5315 2498 5366 in
2541 5314 2718 5381 quibus
2741 5316 2932 5385 putatis
2966 5329 3062 5368 .vas
3113 5316 3277 5369 vitam
3317 5323 3543 5369 a'ternam
3575 5305 3657 5358 Ιιαο

2092 5406 2234 5472 bere;
2259 5407 2384 5475 ipsa:
2421 5407 2758 5461 testimonium
2785 5407 3048 5476 perhibent
3091 5407 3158 5462 de
3199 5423 3301 5461 me.
3348 5400 3537 5460 Deinde
3560 5401 3659 5469 p05!

2148 5537 2167 5557 ‘
2191 5538 2458 5599 castigatus
2491 5535 2549 5584 ad
2580 5549 2752 5585 omnes
2783 5545 2886 5586 λιες.
2913 5544 2965 5586 et
2984 5535 3108 5586 ΜΔ.
3151 5538 3206 5586 in
3239 5545 3468 5588 sermone
3501 5537 3660 5592 prace-

2070 5599 2220 5649 tdenti
2245 5599 2384 5659 modo
2402 5599 2698 5659 designatos.

2171 5660 2221 5718 a)
2248 5658 2387 5718 Alias,
2411 5659 2475 5708 de
2496 5658 2663 5708 Verbis
2683 5659 2865 5708 Domini
2888 5659 2967 5709 45.

2171 5671 2199 5705 a
2248 5660 2387 5718 Alias,
2411 5660 2475 5708 de
2496 5661 2663 5708 Verbis
2683 5660 2865 5708 Domini
2888 5660 2931 5709 45

2148 5660 2224 5784 διδ
2247 5723 2424 5772 t‘itamr
2447 5732 2475 5770 a
2493 5719 2626 5770 Floro
2649 5720 2706 5770 ad
2727 5727 2854 5770 hom.
2878 5733 2931 5771 ι.
