3852 6182
218 376 312 435 Ἰἰι

186 491 523 566 ,μυιωυωε
553 488 686 562 Ego,
719 488 911 559 inquit,
951 488 1061 543 ueni
1086 489 1140 543 in
1180 484 1380 540 nomine
1413 481 1585 537 Patris
1612 481 1730 545 mei,
1757 490 1804 534 et

216 601 313 639 non
336 583 601 653 accepistis
634 598 714 634 me
740 596 759 635 :
778 580 823 634 si
842 580 975 634 alius
1002 578 1184 632 renerit
1213 578 1266 630 in
1292 575 1491 629 nomine
1518 590 1629 638 suo,
1657 572 1804 626 illum

214 675 488 744 accipietis.
526 672 732 729 Deinde
775 680 902 743 post
929 670 1201 741 paululum
1241 686 1255 724 :
1290 667 1555 735 Quomodo
1598 664 1803 737 potestis

213 768 337 821 mihi
364 766 586 831 credere,
615 765 833 835 gloriam
871 762 933 816 ab
967 763 1178 817 invicem
1205 766 1566 829 exspectantes,
1606 765 1655 812 et
1692 758 1802 828 glo-
1830 784 1835 787 >

213 857 342 911 riam
365 870 482 924 quae
506 871 539 908 a
581 853 693 908 Deo
727 855 838 908 solo
875 862 973 917 est;
1012 869 1113 906 non
1140 851 1459 919 (tumentes?
1503 849 1585 904 Ad
1623 857 1802 905 extre-

212 962 357 1002 mum
393 947 508 1020 ait:
539 944 662 1000 Non
699 961 791 1016 ego
831 960 919 999 vos
944 959 1128 997 accuso
1165 942 1304 1014 apud
1346 941 1589 995 Patrem:
1616 948 1688 994 est
1713 941 1799 1011 qui

209 1054 296 1093 ros
318 1044 527 1092 accusat
554 1035 779 1108 Moyses,
807 1038 861 1090 in
889 1052 1034 1107 quem
1058 1051 1144 1090 ros
1165 1034 1398 1104 speratis.
1430 1033 1490 1089 Si
1526 1033 1659 1088 enim
1686 1049 1812 1101 τῖες,

208 1130 394 1184 deretis
423 1128 615 1199 Moysi,
652 1126 918 1182 crederetis
943 1126 1157 1198 forsitan
1185 1133 1233 1178 et
1268 1125 1392 1177 mihi
1416 1140 1435 1178 :
1453 1123 1517 1179 de
1558 1141 1639 1180 me
1666 1125 1800 1179 enim

207 1222 296 1277 ille
326 1220 550 1290 scripsit.
581 1218 708 1274 Cum
736 1227 904 1273 autem
932 1218 1092 1272 verbis
1120 1217 1259 1273 illius
1294 1234 1393 1272 non
1418 1217 1639 1281 creditis,
1668 1234 1796 1287 quo-

207 1311 359 1365 modo
388 1311 596 1379 potestis
637 1309 762 1362 mihi
785 1307 1029 1363 credere?
1071 1308 1152 1363 Ad
1194 1307 1309 1364 lure
1346 1309 1612 1379 proposita
1644 1308 1797 1365 nobis

206 1402 484 1467 divinitus,
524 1417 590 1456 ex
622 1416 718 1456 ore
745 1399 1002 1464 Lectoris,
1031 1399 1125 1455 sed
1166 1401 1461 1455 ministerio
1484 1401 1792 1470 Salvatoris,

206 1494 389 1548 atulite
416 1508 583 1561 pauca
611 1504 717 1547 non
747 1491 1094 1560 numeranda,
1126 1490 1219 1546 sed
1249 1491 1617 1562 appendenda.

283 1583 512 1640 CAPUT
556 1583 619 1639 ii.
641 1583 785 1638 —2.
813 1580 1002 1639 Christi
1025 1579 1171 1637 verba
1199 1582 1267 1636 ad
1290 1583 1583 1653 discipulos,
1616 1583 1686 1636 ad
1704 1600 1797 1639 nos

207 1678 399 1746 pariter
423 1684 672 1747 spectant.
697 1675 829 1731 Nam
856 1675 955 1729 ista
995 1675 1170 1730 omnia
1197 1673 1352 1730 facile
1386 1682 1471 1730 est
1496 1673 1795 1747 intelligere

207 1771 271 1824 de
294 1767 525 1824 Judaais.
551 1767 981 1824 Sedcavendum
1012 1775 1114 1833 est,
1142 1782 1210 1823 ne
1233 1782 1354 1823 cum
1382 1767 1500 1823 illos
1529 1769 1688 1824 nimis
1712 1760 1796 1823 at-

207 1862 500 1930 tendimus,
533 1877 563 1915 a
588 1860 741 1917 nobis
766 1860 949 1916 oculos
976 1860 1297 1921 auferamus.
1327 1860 1607 1930 Di'scipulis
1648 1863 1792 1917 enim

207 1936 316 2009 suis
342 1952 605 2008 Dominus
625 1950 941 2022 loquebatur
969 1967 982 2004 :
1014 1958 1069 2006 et
1098 1950 1278 2021 utique
1300 1950 1439 2020 quod
1477 1951 1579 2007 illis
1603 1951 1790 2021 loque-

206 2046 387 2111 batur,
432 2052 492 2100 et
532 2043 688 2099 nobis
714 2044 943 2114 posteris
969 2043 1302 2114 loquebatur.
1334 2043 1516 2114 Neque
1554 2043 1696 2099 enim
1724 2043 1791 2099 ad

205 2135 325 2190 illos
358 2134 537 2191 solos'
561 2134 790 2204 pertinet
816 2133 963 2204 quod
1002 2133 1097 2199 ait,
1139 2132 1274 2189 Ecce
1293 2150 1384 2205 ego
1403 2135 1654 2189 vobiscum
1679 2151 1793 2189 sum

206 2242 363 2298 usque
388 2225 462 2279 ad
480 2221 970 2279 consummationem
1003 2222 1178 2279 stecnli
1214 2223 1425 2296 (Matth.
1450 2240 1637 2289 xxvm,
1659 2224 1789 2297 20):

206 2316 295 2371 sed
321 2315 392 2370 ad
442 2328 634 2370 omnes
682 2315 840 2370 etiam
884 2324 1065 2384 postea
1115 2313 1321 2369 futuros
1358 2313 1705 2379 Christianos,
1737 2323 1793 2370 et

207 2423 374 2478 usipte
399 2406 454 2461 in
486 2406 648 2461 linem
669 2406 850 2461 smeuli
873 2414 1240 2475 proventuros.
1271 2406 1517 2476 Loquens
1536 2423 1663 2479 ergo
1686 2408 1791 2464 illis

202 2500 290 2564 ait,
322 2499 510 2554 Cavete
532 2515 565 2552 α
589 2503 833 2571 fermento
861 2496 1262 2554 Pharisaeorum.
1294 2499 1444 2555 Tunc
1472 2508 1793 2570 putauerunt

204 2589 323 2645 ideo
346 2589 640 2645 Dominum
668 2589 865 2646 dixisse
889 2589 1012 2656 hoc,
1037 2592 1158 2662 quia
1192 2605 1356 2661 panes
1382 2607 1485 2647 non
1519 2593 1744 2648 tulerant
1774 2612 1788 2648 :

202 2699 307 2739 non
337 2683 742 2750 intellexerunt,
765 2684 887 2754 quia
930 2681 1112 2739 Cavete
1151 2687 1453 2757 afermento
1492 2682 1789 2739 Pharisteo-

199 2791 333 2839 rum,
362 2773 470 2828 hoc
493 2772 691 2827 dictum
719 2781 823 2839 est,
841 2770 1037 2829 Cavete
1062 2789 1092 2826 a
1118 2773 1361 2828 doctrina
1394 2773 1786 2830 Pharismorum

205 2862 307 2927 (Id.
336 2879 459 2929 xvr,
491 2861 669 2933 6-12).
693 2863 823 2930 Quae
851 2862 948 2917 luit
980 2862 1224 2917 doctrina
1246 2864 1656 2932 Pliarismorum,
1686 2867 1788 2922 nisi

199 2967 360 3023 quam
410 2952 576 3008 modo
621 2952 880 3008 audistis?
910 2952 1137 3008 Gloriam
1161 2955 1223 3008 ab
1259 2955 1467 3010 invicem
1491 2966 1784 3028 quaerentes,

199 3044 421 3112 gloriam
454 3042 519 3097 ab
538 3043 749 3099 inuicem
779 3051 1140 3115 exspectantes,
1168 3054 1218 3099 et
1247 3045 1460 3116 gloriam
1484 3064 1596 3117 qua:
1622 3065 1654 3103 a
1681 3049 1789 3103 solo

202 3132 305 3186 Deo
332 3142 433 3195 est,
462 3148 565 3187 non
598 3144 896 3204 qua'remes.
927 3133 1003 3189 De
1046 3134 1129 3189 his
1172 3137 1443 3205 apostolus
1486 3137 1682 3194 Paulus
1718 3141 1788 3197 ita

198 3221 331 3277 dicit
364 3241 379 3275 :
407 3220 772 3277 Testimonium
808 3224 880 3279 eis
924 3223 1181 3294 perhibeo,
1225 3226 1344 3297 quia
1367 3227 1534 3281 zelum
1570 3226 1667 3283 Dei
1696 3230 1791 3284 ha-

199 3312 335 3380 bent,
390 3312 483 3367 sed
513 3330 612 3368 non
654 3313 932 3368 secundum
979 3316 1531 3383 scientiam.,Zelum,
1580 3310 1784 3392 inquit,

199 3402 294 3458 Dei
348 3403 536 3458 habent
580 3405 771 3473 :novi,
823 3406 957 3474 scio,
1012 3408 1151 3477 apud
1195 3409 1318 3466 illos
1370 3408 1465 3476 fui,
1521 3411 1639 3468 talis
1690 3413 1784 3468 lui.

199 3494 383 3549 Zetum
412 3493 510 3549 Dei
535 3497 740 3562 habent,
765 3497 855 3553 sed
892 3514 996 3552 non
1020 3499 1295 3554 secundum
1331 3501 1629 3556 scientiam?
1650 3503 1788 3570 Quid

195 3586 427 3653 esthoc,
461 3588 736 3657 Apostoie,
768 3605 870 3644 non
915 3592 1188 3645 secundum
1231 3594 1531 3650 scientiam?
1567 3596 1789 3665 Expone

195 3680 359 3734 nobis
385 3693 543 3750 quam
591 3681 935 3737 commendes
963 3682 1262 3750 scientiam,
1304 3701 1461 3753 quam
1500 3686 1688 3742 doleas
1730 3689 1784 3743 in

194 3769 303 3824 illis
335 3782 447 3823 nor:
468 3784 610 3839 esse,
632 3779 687 3826 et
709 3772 763 3825 in
786 3773 941 3827 nobis
967 3772 1099 3828 velis
1114 3788 1252 3829 esse.
1277 3774 1504 3831 Secutus
1522 3776 1783 3847 adjunxit,

195 3870 250 3915 et
283 3859 437 3931 quod
463 3861 701 3917 clausum
734 3872 1002 3933 posuerat,
1039 3866 1268 3936 aperuit.
1299 3865 1435 3935 Quid
1452 3877 1564 3937 est,
1609 3869 1787 3926 Zetum

195 3948 291 4004 Dei
343 3950 551 4019 habent,
590 3952 679 4005 sed
716 3969 816 4007 non
839 3955 1115 4009 secundum
1155 3957 1469 4012 scientiam?
1485 3958 1786 4031 Ignorantes

192 4042 328 4093 enim
377 4038 471 4094 Dei
501 4041 775 4113 justitiam,
821 4051 878 4097 et
893 4060 1039 4098 suam
1078 4045 1298 4101 volentes
1323 4050 1626 4105 constituere
1648 4092 1662 4116 ,
1691 4053 1785 4123 ju-

190 4134 354 4188 stitic
382 4131 475 4186 Dei
499 4149 602 4187 non
641 4142 757 4188 sunt
780 4136 991 4206 subjecti
1033 4136 1208 4207 (Rom.
1237 4155 1293 4208 ι,
1335 4141 1391 4208 2,
1428 4140 1506 4213 5).
1537 4142 1786 4212 ignorare

188 4238 325 4293 ergo
363 4222 452 4277 Dei
473 4222 736 4293 justitiam
760 4232 815 4279 et
839 4240 992 4280 suam
1015 4228 1153 4282 velle
1177 4233 1521 4298 constituere,
1553 4220 1653 4290 huc
1678 4244 1781 4301 est,

190 4316 429 4385 gloriam
452 4316 522 4371 ab
544 4316 771 4372 invicem
793 4327 1110 4389 exspectare
1139 4332 1187 4376 et
1215 4323 1435 4393 gloriam
1456 4341 1573 4396 qum
1611 4342 1640 4381 a
1668 4329 1784 4386 solo

191 4408 304 4462 Deo
334 4416 421 4462 cst
441 4423 546 4461 non
582 4409 877 4479 requirere,
903 4410 1009 4466 hoc
1031 4420 1114 4467 est
1148 4413 1466 4470 lbrmentum
1489 4417 1785 4475 Pharismo-

190 4512 339 4551 rum.
375 4497 456 4553 Ab
482 4498 590 4553 hoc
616 4512 809 4555 cavere
836 4500 1094 4558 Dominus
1118 4503 1286 4573 jubet.
1331 4505 1388 4561 Si
1416 4508 1588 4563 servis
1607 4511 1780 4579 jubet,

187 4597 243 4640 et
291 4588 559 4652 Dominus
599 4588 773 4656 jubet,
821 4604 1133 4659 caveamus;
1176 4610 1243 4649 ne
1270 4596 1565 4666 audiamus,
1597 4599 1785 4672 thnid

188 4678 326 4730 asini
349 4678 536 4744 dicitis,
569 4677 806 4747 Domine,
837 4679 1081 4751 Domine,
1110 4693 1158 4738 et
1183 4702 1282 4739 non
1324 4687 1490 4756 facitis
1531 4708 1646 4762 quae
1672 4694 1784 4747 dico

185 4766 351 4838 (Luc.
380 4785 453 4834 γι,
480 4768 612 4842 46)’ἳ

259 4861 496 4918 CAPUT
538 4862 625 4918 ill.
661 4892 733 4905 --
755 4866 811 4921 5.
851 4865 1154 4922 Iudaeorum
1180 4870 1470 4938 inﬁdelitas.
1502 4873 1785 4945 Relinqua-

184 4965 312 5006 mns
344 4965 473 5023 ergo
498 4952 773 5022 paululum
788 4954 1025 5025 Iudaeos,
1046 4959 1239 5028 quibus
1266 4960 1520 5018 Dominus
1548 4965 1671 5020 t'unc
1701 4966 1782 5020 lo-

183 5043 481 5111 quebatur.
534 5043 694 5100 Foris
744 5056 907 5116 sunt,
964 5049 1151 5105 audire
1204 5060 1302 5106 nos
1346 5052 1553 5107 uolunt.
1608 5044 1783 5125 ipsum

185 5131 546 5204 Evangelium
574 5135 824 5205 oderunt,
880 5137 1012 5194 falsa
1063 5141 1363 5197 testimonia
1419 5144 1470 5198 in
1504 5145 1783 5202 Dominum

180 5234 645 5294 procuraverant,
675 5234 733 5282 ut
765 5227 1084 5286 damnarent
1113 5233 1292 5287 vivum
1322 5252 1334 5287 :
1361 5235 1462 5288 alia
1483 5232 1785 5293 testimonia

180 5325 442 5372 emerunt
466 5319 694 5387 pecunia
741 5330 929 5376 contra
959 5331 1245 5378 mortuum.
1282 5325 1505 5394 Quando
1545 5328 1623 5383 eis
1649 5330 1785 5386 dici-

181 5421 339 5472 mus,
370 5407 589 5465 Credite
615 5411 669 5464 in
710 5410 894 5467 Jesum
914 5449 930 5474 ,
970 5415 1293 5485 respondent
1318 5417 1494 5485 nobis,
1526 5419 1581 5474 in
1612 5420 1785 5478 homi-

181 5513 318 5553 nem
347 5510 620 5556 mortuum
641 5503 896 5560 credituri
921 5508 1142 5562 sumus?
1158 5510 1287 5564 Cum
1317 5520 1492 5567 autem
1517 5513 1780 5583 addimus,

178 5586 298 5644 Sed
326 5593 623 5647 resurrexit
641 5630 658 5653 .
698 5596 1046 5665 respondent,
1072 5598 1251 5666 Absit;
1278 5599 1521 5672 discipuli
1550 5603 1667 5674 ejus
1706 5604 1787 5662 tu-

251 5762 270 5795 '
288 5762 442 5818 Abest
455 5799 471 5828 ,
495 5765 638 5831 solos,
661 5768 723 5819 ab
745 5776 846 5821 Am.
871 5776 946 5822 Er.
972 5779 1024 5825 et
1045 5785 1074 5825 a
1093 5772 1344 5838 plerisque
1366 5751 1718 5844 manusaiptis.

1522 364 1751 425 SERMO
1787 364 2022 421 CXXIX.

3385 378 3489 436 724..

1910 480 2010 534 rati
2035 490 2161 536 sunt
2187 495 2309 537 eum
2339 482 2407 539 de
2431 485 2697 556 scpulero.
2752 489 2957 546 Amant
2989 492 3274 549 anitatem
3314 484 3483 551 Judzci

1909 573 2234 640 emptores‘,
2265 584 2322 630 et
2345 585 2700 634 contemnunt
2719 582 2994 638 veritatem
3024 583 3235 640 Domini
3262 585 3488 641 Bedent-

1908 660 2093 730 ptoris.
2125 662 2277 731 Quod
2316 664 2569 737 loqueris,
2597 669 2802 739 Judtee,
2846 680 3091 742 parentes
3143 676 3218 729 tui
3266 678 3485 747 pecunia

1905 763 2180 821 emerunt;
2224 765 2279 812 et
2321 752 2424 814 hoc
2463 759 2516 814 in
2556 769 2607 816 te
2632 764 2908 832 remansit,
2932 765 3364 835 quod'emerunt.
3394 770 3489 824 At-

1908 843 2065 900 tende
2107 846 2280 914 potius
2307 850 2540 922 eum-qui
2577 852 2708 908 emit
2744 863 2816 920 te,
2870 870 2975 911 non
3015 855 3106 928 qui
3149 857 3485 913 mendacium

1904 935 2035 990 emit
2060 936 2174 991 tibi.

1974 1028 2031 1082 4.
2082 1026 2243 1084 Verba
2287 1030 2477 1088 Christi
2502 1030 2556 1089 in
2573 1035 2805 1106 lndteos,
2832 1036 3083 1094 Ecclesiae
3105 1041 3404 1095 conveniunt
3432 1040 3488 1094 in

1901 1114 2220 1173 Donatistas.
2250 1119 2356 1177 Sed
2400 1123 2550 1192 istos,
2580 1126 2906 1196 utdiximus,
2935 1129 3295 1200 relinquamus
3314 1131 3484 1187 :istos

1901 1208 2239 1266 attendamus
2266 1211 2457 1270 fratres
2482 1226 2713 1284 nostros,
2737 1232 2855 1273 cum
2881 1219 3074 1289 quibus
3097 1221 3325 1291 agimus.
3347 1220 3479 1275 Nam

1901 1298 2145 1356 Christus
2172 1311 2335 1373 caput
2361 1313 2519 1362 estet
2546 1321 2761 1378 corpus.
2789 1308 2965 1380 Caput
2978 1310 3044 1365 in
3064 1311 3203 1367 cisio
3222 1321 3324 1379 est,
3355 1327 3478 1368 cor-

1901 1404 2003 1460 pus
2028 1392 2083 1447 in
2109 1400 2247 1449 terra
2271 1403 2355 1451 est
2385 1413 2401 1454 :
2430 1405 2591 1468 caput
2615 1398 2870 1455 Dominus
2892 1408 2994 1470 est,
3025 1416 3220 1472 corpus
3243 1403 3480 1460 Ecclesia

1899 1483 2035 1552 ejus.
2061 1482 2166 1540 Sed
2192 1487 2508 1544 meministis
2537 1489 2756 1557 dictum,
2788 1490 2952 1546 Erunt
2968 1493 3078 1547 duo
3104 1493 3159 1547 in
3184 1509 3338 1548 carne
3358 1508 3478 1548 una.

1901 1573 2287 1631 Sacramentum
2317 1577 2410 1632 hoc
2431 1595 2669 1651 magnum
2703 1590 2801 1647 est,
2838 1582 2912 1636 ait
2935 1582 3242 1653 Apostolus,
3272 1599 3367 1654 ego
3387 1600 3479 1637 au-

1900 1673 1997 1719 tem
2024 1665 2138 1720 dico
2185 1668 2239 1722 in
2263 1667 2463 1724 Christo
2492 1679 2540 1725 et
2580 1671 2633 1726 in
2663 1670 2894 1727 Ecclesia
2924 1672 3139 1744 (*Epltes.
3167 1689 3218 1743 ν,
3243 1674 3334 1741 23,
3386 1674 3478 1741 Si,

1897 1753 2013 1825 δε).
2040 1756 2093 1811 Si
2120 1773 2247 1828 ergo
2259 1758 2378 1814 duo
2402 1770 2528 1815 sunt
2551 1761 2603 1816 in
2631 1776 2794 1817 carne
2819 1778 2941 1829 una,
2971 1762 3229 1818 duo'osunt
3258 1763 3312 1817 in
3347 1778 3482 1829 voce

1897 1861 2024 1902 una.
2055 1848 2223 1919 Caput
2247 1859 2509 1919 nostrum,
2550 1853 2803 1908 Dominus
2829 1852 3095 1922 Christus,
3147 1855 3363 1912 locutus
3397 1866 3481 1911 est

1895 1938 1963 1993 ad
1989 1938 2203 1996 Judazos
2238 1955 2304 1997 ea
2332 1956 2451 2013 qua:
2475 1942 2793 2011 audivimus,
2825 1959 2945 2000 eum
2965 1945 3307 2017 Evangelium
3339 1947 3479 2018 lege-

1894 2038 2058 2097 retur,
2079 2028 2239 2102 caput
2256 2033 2323 2088 ad
2351 2033 2595 2091 inimicos
2622 2050 2749 2092 suos
2780 2054 2795 2091 :
2823 2038 3153 2108 loquaturet
3180 2054 3396 2113 corpus,
3426 2041 3478 2095 id

1894 2128 1973 2177 est
1983 2164 1997 2187 ,
2013 2122 2271 2189 Ecclesia,
2289 2123 2356 2179 ad
2369 2123 2610 2181 inimicos
2631 2140 2776 2182 suos.
2795 2126 2973 2182 Nostis
2984 2128 3050 2182 ad
3064 2144 3195 2198 quos
3211 2130 3476 2199 loquatur.

1896 2210 2035 2278 Quid
2063 2212 2224 2269 habet
2249 2213 2469 2285 loqui'?
2491 2216 2604 2271 Non
2632 2217 2741 2273 dixi
2769 2218 2838 2273 de
2863 2233 3002 2287 meo,
3031 2229 3209 2276 ut‘vox
3236 2236 3342 2279 una
3366 2224 3435 2278 sit
3462 2241 3476 2279 :

1895 2303 2018 2372 quia
2037 2317 2165 2358 caro
2189 2320 2315 2373 una,
2336 2319 2440 2361 vox
2466 2321 2590 2360 una.
2615 2307 2727 2363 Hoc
2755 2323 2883 2380 ergo
2908 2309 3010 2365 illis
3038 2310 3278 2368 dicamus
3302 2331 3315 2367 :
3346 2328 3478 2369 voce

1895 2395 2152 2451 Ecclesia:
2181 2397 2390 2467 loquor.
2436 2398 2482 2453 0
2528 2396 2743 2467 fratres,
2793 2401 2883 2455 lilii
2927 2400 3174 2472 dispersi,
3223 2419 3351 2459 oves
3389 2419 3477 2460 er-

1894 2499 2096 2556 rantes,
2126 2488 2259 2544 rami
2287 2490 2517 2560 praecisi,
2549 2490 2861 2560 quid-milii
2881 2493 3313 2549 caiumniamini?
3340 2495 3477 2562 Quid

1896 2597 1984 2637 me
2010 2597 2116 2636 non
2141 2583 2468 2654 agnoscitis?
2510 2583 2821 2639 Scrutamini
2850 2585 3169 2656 Scripturas,
3201 2588 3254 2642 in
3300 2589 3478 2660 quibus

1895 2673 2083 2741 putatis
2129 2690 2214 2728 vos
2250 2674 2401 2729 vitam
2430 2685 2666 2730 aeternam
2713 2676 2931 2743 habere;
2980 2678 3108 2750 ipsa:
3143 2681 3478 2736 testimonium

1895 2765 2154 2834 perhibent
2194 2765 2257 2820 de
2301 2783 2380 2821 me
2405 2783 2430 2820 :
2452 2767 2651 2824 Iudaeis
2692 2769 2822 2825 dicit
2860 2780 3017 2842 caput
3046 2781 3308 2842 nostrum,
3335 2777 3478 2847 quod

1892 2854 2046 2911 vobis
2100 2870 2295 2927 corpus
2332 2854 2462 2914 dicit
2508 2877 2522 2912 :

1895 2946 2074 3018 (Joan.
2108 2965 2201 3017 vn,
2247 2951 2363 3022 36).
2414 2951 2623 3020 Quare?
2665 2953 2799 3022 Quia
2842 2971 2948 3010 non
2992 2959 3301 3013 scrutamini
3331 2958 3476 3015 Scri-

1894 3048 2099 3109 pturas,
2131 3056 2250 3110 quae
2281 3041 2638 3098 testimonium
2666 3046 2947 3115 perhibent
2977 3046 3045 3102 de
3074 3063 3180 3102 me.

1962 3130 2195 3187 CAPUT
2227 3131 2316 3188 iV.
2342 3164 2415 3175 ——
2443 3134 2496 3190 5.
2521 3134 2833 3193 Testimonia
2873 3137 3064 3195 Veteris
3089 3139 3391 3196 Testamenti
3416 3143 3479 3196 de

1893 3219 2098 3276 Christo
2121 3233 2169 3277 et
2190 3222 2439 3280 Ecclesia.
2466 3225 2853 3284 Testimonium
2895 3246 2992 3300 pro
3017 3232 3188 3301 capite
3213 3250 3228 3287 :
3260 3233 3475 3289 Abrahae

1858 3310 2049 3365 'dicta:
2072 3321 2188 3366 sunt
2229 3315 2585 3383 promissiones
2610 3325 2656 3372 et
2694 3321 2872 3374 semini
2896 3321 3024 3386 eius.
3074 3310 3195 3377 Νὸη
3238 3323 3380 3391 dicit,
3411 3325 3476 3377 Et

1892 3402 2184 3469 seminibus,
2214 3411 2452 3476 tanquam
2481 3407 2534 3460 in
2560 3409 2767 3476 multis;
2793 3410 2882 3465 sed
2905 3421 3143 3482 tanquam
3168 3414 3220 3467 in
3248 3430 3370 3480 uno,
3407 3413 3475 3471 Et

1890 3493 2070 3546 semini
2094 3503 2203 3559 tuo,
2232 3495 2368 3564 quod
2386 3506 2459 3550 est
2486 3495 2715 3554 Christus
2734 3499 2929 3570 (Galat.
2962 3517 3036 3566 ut,
3070 3500 3193 3572 16)..
3210 3502 3473 3558 Testimo-

1892 3584 2037 3638 nium
2065 3599 2161 3653 pro
2188 3599 2414 3655 corpore
2443 3586 2510 3641 ad
2550 3588 2838 3657 Abraham,
2866 3591 3006 3661 quod
3037 3595 3477 3648 commemoravit

1890 3674 2200 3744 Apostolus.
2232 3676 2452 3733 Abraha:
2479 3679 2628 3733 dicta:
2652 3691 2770 3734 sunt
2796 3682 3169 3752 promissiones.
3212 3684 3330 3738 Vivo
3359 3672 3470 3757 ego,

1892 3766 2014 3820 dicit
2058 3765 2345 3834 Dominus;
2374 3785 2466 3840 per
2513 3772 2857 3841 memctipsum
2891 3774 3035 3845 jura,
3081 3774 3198 3848 quia
3224 3774 3476 3831 obaudiin

1891 3871 2060 3910 uocem
2091 3873 2271 3922 meam,
2302 3868 2350 3914 et
2378 3876 2479 3914 non
2514 3863 2778 3931 pepercisti
2806 3863 2987 3919 dilecto
3015 3865 3122 3933 [illo
3158 3876 3243 3920 tuo
3270 3878 3475 3938 propter

1893 3962 1993 4014 me,
2024 3947 2121 4002 nisi
2143 3946 2437 4005 benedicens
2465 3951 2753 4006 benedicam
2797 3963 2862 4019 te,
2895 3964 2942 4010 et
2973 3955 3229 4029 implendo
3256 3958 3473 4029 implebo

1889 4055 2059 4093 semen
2082 4048 2225 4093 tuum
2249 4041 2379 4095 sicut
2424 4042 2599 4098 stellas
2622 4044 2753 4110 caeli,
2785 4054 2835 4099 et
2859 4046 3009 4099 sicut
3030 4062 3238 4101 arenam
3283 4050 3473 4111 maris;

1890 4138 1939 4183 ct
1963 4129 2316 4185 benedicentur
2351 4132 2404 4185 in
2432 4133 2621 4187 semine
2645 4142 2732 4187 tuo
2759 4151 2931 4191 omnes
2949 4147 3118 4207 gentes
3144 4146 3293 4193 terra:
3318 4139 3469 4210 (Gen.

1893 4234 2037 4286 xm,
2066 4220 2274 4291 lli-l8).
2319 4220 2494 4277 llabcs
2525 4224 2886 4280 testimonium
2931 4241 3028 4296 pro
3062 4227 3260 4302 capite,
3309 4229 3473 4286 habes

1887 4322 1987 4379 pro
2010 4324 2254 4381 corpore.
2282 4311 2417 4367 Audi
2436 4312 2578 4368 aliud
2602 4313 2789 4383 breve,
2814 4323 2869 4371 et
2888 4330 3054 4387 prope
3081 4332 3184 4373 una
3211 4322 3470 4385 sententia

1892 4399 2229 4470 ‘complexum
2264 4417 2362 4472 pro
2407 4406 2579 4474 capite
2606 4414 2673 4460 et-
2704 4420 2800 4475 pro
2837 4420 3081 4479 corpore.
3127 4410 3204 4467 De
3231 4426 3473 4469 resurre-

1893 4494 2069 4550 ctione
2100 4494 2300 4551 Christi
2343 4497 2588 4555 Psalmus
2638 4499 2995 4572 loquebatur:
3026 4502 3273 4560 Emattare
3323 4522 3477 4576 super

1890 4586 2061 4653 emtas,
2094 4585 2251 4642 Deus.
2293 4587 2557 4646 Continuo
2586 4606 2683 4661 pro
2707 4607 2932 4664 corpore
2963 4612 2978 4651 :
3008 4594 3077 4651 Et
3098 4613 3251 4670 super
3278 4614 3475 4653 onlnem

1888 4685 2075 4731 terram
2104 4680 2269 4749 gloria
2297 4688 2384 4733 tua
2413 4678 2719 4752 (PsalJLVI,
2744 4685 2797 4751 6,
2823 4685 2933 4757 12).
2953 4687 3089 4742 Audi
3112 4689 3475 4744 testimonium

1891 4782 1990 4836 pro
2013 4769 2188 4838 capite
2232 4786 2247 4824 :
2294 4768 2557 4825 Foderunt
2585 4789 2765 4829 manus
2792 4776 2928 4831 meas
2964 4785 3012 4831 et
3037 4778 3189 4849 pedes
3214 4796 3374 4845 meos,
3397 4780 3481 4833 dt.

1894 4863 2480 4915 numeraverunt‘omni‘a
2523 4879 2639 4918 ossa
2674 4881 2784 4919 mea
2810 4882 2830 4920 :
2857 4867 2956 4936 ipsi
2982 4884 3097 4923 vero
3124 4870 3475 4925 consideratio—

1889 4958 2007 5004 runt
2033 4960 2078 5004 et
2102 4961 2477 5020 conspexerunt
2495 4969 2592 5020 me,
2616 4955 2892 5011 diviserunt
2917 4958 3012 5012 sibi
3031 4962 3319 5017 vestimenta
3340 4976 3476 5030 mea,

1891 5049 1937 5095 et
1965 5054 2119 5107 super
2141 5050 2323 5097 vestem
2354 5058 2515 5096 meam
2532 5044 2774 5099 miserunt
2808 5056 3012 5102 sortem.
3055 5049 3188 5104 Audi
3216 5050 3477 5113 continuo

1889 5146 1994 5202 pro
2015 5146 2261 5201 corpore,
2285 5142 2406 5203 post
2423 5148 2591 5204 pauca
2612 5136 2772 5192 verba
2800 5155 2814 5192 :
2847 5137 3422 5214 Commemorabuntur,,
3432 5158 3480 5202 et

1892 5230 2242 5278 convertentur
2286 5224 2357 5277 ad
2414 5223 2694 5281 Dominum
2745 5229 2967 5285 universi
3018 5233 3145 5302 ﬁnes
3191 5243 3379 5303 terra;
3425 5251 3474 5294 et

1893 5314 2178 5369 adorabunt
2205 5316 2260 5369 in
2285 5327 2556 5387 conspectu
2584 5319 2695 5389 ejus
2729 5323 2977 5378 uniuersae
2994 5327 3181 5396 patrie
3198 5330 3423 5399 gentium
3459 5349 3477 5386 :

1895 5407 2134 5476 quoniam
2171 5405 2385 5462 Domini
2406 5417 2480 5464 est
2507 5425 2736 5482 regnum,
2765 5422 2810 5467 et
2836 5414 2946 5482 ipse
2986 5416 3329 5473 dominabitur
3354 5436 3477 5492 gen-

1895 5498 2219 5570 tium(Psal.
2266 5515 2384 5569 nt,
2433 5502 2523 5569 Π,
2573 5502 2662 5568 18,
2706 5503 3047 5576 19,28,29).
3072 5507 3217 5565 Audt
3246 5525 3341 5580 pro
3381 5525 3474 5566 οε-

1894 5588 2003 5660 pite
2033 5607 2046 5642 :
2082 5589 2146 5644 Et
2171 5590 2280 5662 ipse
2320 5602 2561 5664 tanquam
2601 5610 2818 5666 sponsus
2861 5597 3136 5667 procedens
3161 5598 3482 5660 dethalama

1962 5726 1980 5794 ξ
2004 5723 2078 5794 sic
2096 5729 2200 5794 tim.
2227 5729 2302 5794 Er.
2328 5732 2384 5794 et.
2401 5733 2508 5794 uss.
2531 5730 3003 5794 Atlantemploris.

1961 5784 1980 5815 ³
2003 5786 2074 5834 sic
2095 5790 2202 5835 Mss.
2231 5792 2285 5837 At
2309 5787 2445 5850 editi,
2469 5788 2562 5851 Qui
2580 5784 2886 5857 Ιιαῦειίοᾳτὶέι

2575 2858 2819 2926 Quwretis
2861 2868 2981 2930 me,
3014 2872 3061 2918 et
3091 2881 3193 2919 non
3218 2866 3480 2921 invenietis
3588 2883 3591 2886 '
