3934 6184
386 292 490 349 723

385 424 500 464 suo.
528 406 597 462 Et
625 407 676 461 in
703 406 818 475 ipso
846 404 1054 475 psalmo
1087 402 1209 458 audi
1252 417 1348 472 pro
1374 417 1597 470 corpore
1627 419 1640 454 :
1675 400 1698 452 l
1709 418 1741 454 ιι
1766 415 1966 454 omnem

389 506 574 550 terram
589 496 740 549 exivit
759 509 912 548 sonus
937 508 1110 546 eorum
1127 533 1144 558 ,
1166 502 1212 560 et
1244 493 1296 546 in
1321 493 1446 561 ﬁnes
1471 491 1604 545 orbis
1637 499 1781 544 term
1818 487 1967 542 verba

387 602 561 640 eorum
591 584 764 655 (Psal.
791 600 942 652 mn,
974 585 1029 652 6,
1051 586 1130 658 5).

456 675 682 732 CAPUT
721 677 786 732 γ.
826 709 901 718 —
925 678 978 732 6.
1009 677 1145 732 Novi
1174 675 1476 733 Testamenti
1505 674 1842 730 testimonium
1873 689 1964 742 pro

388 767 586 822 Christo
632 778 681 823 et
727 768 975 824 Ecclesia.
1028 771 1151 826 "me
1196 769 1432 833 Judmis,
1478 777 1534 823 et
1585 766 1702 821 istis
1745 764 1960 819 nostris.

306 892 315 900 ο
386 857 595 924 Quare?
637 858 772 927 Quia
818 861 944 915 istas
987 861 1287 930 Scripturas
1315 859 1520 914 Veteris
1546 855 1869 912 'l‘estamenti
1911 862 1968 910 et

383 947 552 1003 Judaei
581 950 870 1020 accipiunt,
907 961 962 1007 et
996 951 1160 1006 nostri
1200 951 1286 1006 isti
1330 949 1611 1018 accipiunt.
1644 945 1751 1002 Sed
1790 945 1963 1015 ipsum

383 1035 654 1093 Christum
684 1080 700 1106 ,
758 1055 918 1110 quem
964 1040 1039 1094 illi
1081 1055 1187 1094 non
1233 1039 1504 1110 accipiunt
1533 1078 1550 1104 ,
1605 1035 1879 1092 videamus
1917 1033 1962 1088 si

383 1129 472 1183 isti
501 1131 787 1200 accipiunt.
844 1132 995 1187 Dicat
1035 1141 1089 1187 et
1144 1133 1277 1202 ipse,
1329 1131 1472 1186 dicat
1520 1138 1576 1184 et
1617 1142 1714 1198 pro
1764 1141 1825 1182 se
1875 1125 1966 1196 qui

383 1229 544 1291 caput
588 1230 690 1286 est,
731 1232 788 1278 et
839 1237 936 1294 pro
984 1238 1208 1293 corpore
1258 1238 1356 1278 suo
1409 1221 1552 1292 quod
1592 1228 1676 1276 est
1704 1217 1961 1280 Ecclesia,

381 1311 508 1379 quia
549 1321 604 1367 et
654 1313 710 1368 in
749 1313 902 1368 nobis
931 1323 1090 1384 caput
1129 1313 1359 1384 loquitur
1405 1327 1502 1382 pro
1538 1323 1783 1380 corpore.
1826 1305 1965 1362 Audi

383 1416 489 1471 pro
523 1404 699 1473 capite
749 1423 764 1460 :
808 1405 1118 1462 Resurrexit
1158 1422 1189 1461 a
1234 1404 1459 1460 mortuis
1485 1445 1502 1469 ,
1555 1401 1757 1458 invenit
1800 1399 1965 1454 disci-

384 1493 536 1561 pulos
589 1493 915 1562 bmsitantes,
947 1497 1272 1564 dubitantes,
1305 1511 1414 1566 pra:
1462 1494 1656 1565 gaudio
1707 1507 1813 1546 non
1844 1505 1964 1545 cre-

381 1581 602 1650 dentes;
646 1585 855 1654 aperuit
903 1585 1010 1642 illis
1036 1600 1274 1651 sensum,
1318 1593 1376 1639 ut
1417 1582 1774 1652 intelligerent
1821 1578 1965 1634 Scri-

381 1683 585 1743 pturas,
617 1685 669 1730 et
697 1677 830 1732 dixit
857 1679 957 1743 eis,
983 1677 1115 1744 Quia
1142 1679 1214 1732 sic
1240 1677 1482 1747 scriptum
1511 1685 1605 1741 est,
1633 1684 1681 1729 et
1706 1674 1779 1729 sic
1807 1687 1963 1742 opor-

381 1763 512 1816 tebat
539 1762 792 1819 Christum
825 1768 954 1836 pati,
997 1777 1044 1821 et
1070 1783 1328 1838 resurgere
1365 1783 1397 1818 a
1438 1765 1650 1820 mortuis
1688 1764 1833 1818 tertio
1859 1762 1961 1815 die.

381 1855 557 1912 [labes
580 1871 676 1927 pro
701 1858 904 1928 capite;
935 1857 1076 1913 dicat
1100 1867 1153 1912 et
1188 1873 1285 1927 pro
1309 1871 1574 1926 corpore:
1598 1853 1666 1908 Et
1697 1853 1965 1925 prtedicari

379 1947 432 1999 in
460 1947 660 2002 nomine
688 1949 796 2019 ejus
827 1948 1170 2019 paenitentiam
1197 1957 1243 2001 et
1272 1947 1613 2002 remissionem
1642 1954 1964 2016 peccatorum

380 2053 471 2104 per
486 2053 656 2093 omnes
674 2049 865 2110 gentes,
889 2039 1240 2107 incipientibus
1255 2037 1316 2092 ab
1332 2036 1620 2092 Jerusalem
1640 2034 1788 2108 (Luc.
1811 2051 1880 2089 xx
1890 2050 1960 2099 tv,

376 2127 468 2194 45,
491 2130 638 2200 etc.).
661 2131 807 2186 Dicat
826 2146 954 2202 ergo
971 2131 1208 2187 Ecclesia
1234 2131 1463 2186 inimicis
1484 2127 1616 2196 Suis,
1639 2129 1800 2184 dicat.
1827 2128 1964 2183 Dicit

380 2217 557 2287 plane,
591 2236 695 2276 non
725 2230 861 2278 tacet
892 2240 910 2278 :
940 2222 1034 2278 sed
1066 2223 1142 2277 illi
1185 2222 1424 2278 audiant.
1463 2221 1698 2285 Fratres,
1737 2221 1961 2277 audistis

380 2309 702 2378 testimonia,
725 2313 836 2382 jam
865 2315 1069 2369 noscite
1093 2328 1196 2368 me.
1226 2313 1540 2369 Scrutamini
1569 2313 1884 2384 Scripturas,
1910 2315 1964 2368 in

377 2399 557 2468 quibus
591 2417 677 2457 vos
719 2405 933 2472 speratis
963 2404 1118 2458 vitam
1159 2413 1400 2458 wternam
1427 2404 1644 2469 habere;
1671 2404 1798 2473 ipsa:
1821 2404 1962 2457 testi-

377 2490 602 2544 monium
628 2491 890 2561 perhibent
919 2493 982 2546 de
1007 2510 1101 2547 me.
1125 2492 1254 2560 Quae
1278 2492 1408 2560 dixi,
1441 2506 1549 2547 non
1575 2502 1701 2548 sunt
1725 2493 1792 2548 de
1817 2508 1960 2559 meo,

377 2580 472 2636 sed
489 2580 555 2637 de
570 2583 777 2638 Domini
797 2583 922 2650 mei,
955 2593 1010 2639 et
1027 2594 1202 2639 tamen
1223 2583 1398 2638 adhuc
1410 2583 1775 2649 aversamini‘,
1788 2583 1962 2640 adhuc

379 2673 818 2743 tergiversamini.
855 2675 1118 2743 Quomodo
1173 2678 1377 2746 potestis
1426 2678 1550 2732 mihi
1600 2677 1820 2744 credere,
1846 2677 1960 2748 glo-

376 2762 507 2816 riam
548 2764 610 2818 ab
653 2765 865 2822 invicem
895 2777 1260 2836 exspectantes,
1301 2776 1349 2821 et
1377 2768 1594 2839 gloriam
1629 2785 1744 2836 qua:
1781 2785 1813 2820 a
1855 2768 1963 2822 solo

380 2853 488 2912 Deo
513 2864 606 2924 est,
638 2874 736 2912 non
751 2869 1029 2929 querentes
1047 2860 1071 2912 ?
1089 2858 1218 2925 Quia
1243 2859 1550 2929 ignorantes
1565 2859 1658 2914 Dei
1679 2859 1960 2929 justitiam,

379 2945 549 2999 zelum
609 2946 702 3002 Dei
749 2947 974 3013 habetis,
1015 2949 1107 3004 sed
1153 2964 1258 3003 non
1316 2948 1608 3003 secundum
1661 2949 1959 3003 scientiam.

379 3035 688 3106 Ignorantes
713 3041 854 3094 enim
911 3041 1002 3096 Dei
1053 3041 1334 3111 justitiam,
1362 3050 1416 3094 et
1462 3051 1692 3095 vestram
1723 3040 1964 3094 volentes

377 3130 721 3195 constituere,
747 3130 968 3200 justitizc
1007 3132 1102 3187 Dei
1146 3147 1250 3186 non
1277 3133 1407 3187 estis
1443 3133 1690 3203 subjecti.
1719 3133 1854 3200 Quid
1880 3142 1965 3189 est

378 3219 543 3284 aliud,
577 3222 822 3292 ignorare
873 3223 966 3278 Dei
1007 3223 1292 3295 justitiam,
1323 3233 1377 3279 et
1402 3239 1552 3279 suam
1579 3225 1714 3280 velle
1760 3228 2000 3281 consti--

381 3319 548 3373 tuere,
574 3312 675 3366 nisi
702 3312 880 3369 dicere
913 3332 925 3370 :
953 3315 1065 3384 Ego
1091 3315 1387 3381 sanctillco,
1402 3331 1500 3384 ego
1530 3315 1794 3386 iustitiae;
1821 3317 1962 3387 quod

311 3431 322 3438 η
379 3417 480 3471 ego
511 3402 730 3479 dedero,
763 3405 864 3460 hoc
901 3415 1142 3462 sanctum
1173 3407 1288 3462 est?
1320 3407 1532 3461 Dimitte
1559 3408 1669 3462 Deo
1697 3408 1837 3478 quod
1867 3408 1962 3464 Dei

378 3502 462 3547 est
492 3511 505 3547 :
535 3509 786 3564 agnosce,
833 3495 1014 3564 homo,
1047 3497 1185 3568 quod
1231 3497 1461 3553 hominis
1489 3507 1590 3554 est.
1631 3498 1843 3570 Ignoras
1871 3500 1964 3555 Dei

375 3585 655 3652 institisse,
679 3599 733 3642 et
754 3597 898 3644 tuam
914 3589 992 3644 vis
1017 3590 1365 3650 constituere.
1382 3591 1684 3647 Justiﬁcare
1699 3606 1786 3646 me
1805 3591 1885 3646 vis
1902 3594 1922 3625 ⁸
1947 3608 1961 3646 :

381 3675 581 3729 stillicit
610 3676 704 3730 tibi
729 3686 789 3732 ut
813 3693 1020 3734 mecum
1042 3679 1371 3750 justiﬁceris.

450 3765 675 3823 CAPUT
714 3768 802 3824 Vl.
826 3800 897 3810 —
935 3771 986 3824 7.
1022 3771 1316 3826 Antichristi
1363 3773 1526 3828 scelus
1556 3774 1818 3828 imitantur
1846 3773 1958 3828 Do-

382 3859 597 3914 natistte.
632 3861 708 3916 De
732 3862 1064 3919 Antichristo
1099 3864 1296 3920 dictum
1324 3873 1427 3930 est,
1459 3874 1514 3920 et
1537 3881 1723 3920 omnes
1765 3867 1844 3921 sic
1873 3867 1960 3921 in-

381 3949 626 4019 telligunt
653 3952 794 4022 quod
830 3954 903 4008 ait
929 3954 1205 4020 Dominus,
1237 3953 1352 4025 Ego
1391 3957 1500 4009 veni
1541 3957 1596 4010 in
1625 3957 1827 4011 nomine
1851 3955 1963 4010 Pa-

379 4040 471 4096 tris
514 4041 638 4108 mei,
676 4053 723 4096 et
763 4060 862 4098 non
911 4046 1199 4114 suscepistis
1235 4061 1314 4099 me
1354 4062 1374 4100 :
1410 4047 1456 4100 si
1498 4045 1630 4100 alius
1675 4047 1860 4100 venerit
1910 4046 1963 4102 in

382 4131 582 4184 nomine
608 4148 720 4197 suo,
761 4133 894 4188 hunc
923 4135 1225 4204 suscipiatis.
1268 4133 1374 4190 Sed
1413 4135 1689 4191 audiamus
1713 4143 1768 4191 et
1796 4135 1961 4190 Joan-

379 4238 500 4278 nem
534 4241 547 4277 :
579 4223 810 4280 Audistis.
843 4227 961 4296 quia
996 4227 1126 4281 venit
1155 4226 1510 4291 Antichristus,
1559 4237 1606 4281 et
1649 4243 1784 4280 nunc
1825 4229 1962 4281 anti-

379 4313 555 4366 christi
583 4313 731 4367 multi
779 4315 899 4380 facti
937 4325 1059 4368 sunt
1099 4314 1141 4386 (I
1186 4314 1343 4370 lean.
1374 4331 1432 4380 tt,
1476 4316 1586 4386 18).
1615 4315 1752 4386 Quid
1783 4325 1960 4372 autem

381 4404 787 4471 expavescimus
816 4405 868 4458 in
902 4404 1252 4466 Anticltristo,
1285 4406 1384 4460 nisi
1428 4406 1550 4475 quia
1580 4421 1774 4463 nomen
1805 4423 1960 4464 suum

385 4494 740 4548 hmnoraturus
767 4503 870 4561 est,
917 4502 981 4549 et
1012 4509 1206 4550 nomen
1234 4495 1445 4550 Domini
1472 4495 1492 4526 ³
1517 4499 1964 4567 contempturus?

380 4581 517 4649 Quid
549 4582 690 4637 aliud
722 4582 844 4642 facit
881 4584 970 4654 qui
1012 4583 1140 4640 dicit
1168 4602 1182 4638 :
1215 4583 1326 4655 Ego
1347 4583 1621 4653 justilico?
1652 4586 1965 4655 Responde-

379 4687 466 4733 tur
489 4675 539 4731 ei
564 4693 576 4728 :
608 4675 804 4747 Egoad
825 4676 1094 4733 Christum
1121 4676 1260 4742 veni,
1288 4689 1403 4734 non.
1420 4675 1662 4747 pedibus,
1685 4676 1780 4732 sed
1801 4678 1966 4734 corde

377 4766 509 4821 veni.
539 4785 551 4821 :
583 4767 669 4821 ubi
717 4766 1288 4838 Evangeliumaudivi,
1333 4767 1406 4822 ibi
1435 4766 1658 4834 credidi,
1694 4766 1764 4821 ibi
1791 4767 1963 4838 bapti-

379 4866 530 4913 zatus
558 4873 676 4916 sum
713 4877 726 4913 :
758 4860 881 4929 quia
911 4859 962 4914 in
993 4857 1262 4914 Christum
1293 4858 1518 4926 credidi,
1550 4859 1603 4913 in
1644 4858 1811 4915 Deum
1841 4874 1961 4916 ere-
2045 4887 2049 4892 -

380 4948 511 5005 didi.
541 4949 604 5003 Et
634 4949 720 5005 ille
755 4967 766 5003 :
798 4949 913 5004 Non
941 4963 999 5004 es
1027 4949 1278 5006 mundus.
1319 4949 1538 5018 Quare?
1575 4948 1708 5017 Quia
1756 4964 1862 5005 non
1891 4949 1962 5006 ibi

382 5039 488 5094 lui.
511 5039 608 5098 Dic
632 5055 798 5111 quare
838 5055 944 5095 non
971 5055 1092 5096 sum
1125 5040 1428 5101 mundatus.
1458 5040 1619 5096 homo
1645 5039 1735 5111 qui
1786 5039 1962 5110 bapti-

381 5138 530 5185 zatus
577 5145 694 5186 sum
735 5131 787 5187 in
813 5113 1131 5196 Jerusalem,
1175 5131 1336 5188 homo
1359 5133 1450 5203 qui
1492 5132 1788 5202 baptizatus
1817 5148 1959 5200 sum,

381 5219 532 5278 verbi
573 5222 760 5294 gratia,
810 5220 949 5292 apud
995 5221 1284 5291 Ephesios,
1327 5222 1394 5277 ad
1439 5238 1574 5293 quos
1607 5223 1784 5278 datam
1841 5223 1964 5293 Epi-

380 5314 572 5369 stolam
619 5315 790 5386 legis,
832 5323 890 5370 et
921 5330 1144 5386 quorum
1200 5330 1382 5384 pacem
1431 5315 1673 5386 spernis?
1709 5317 1847 5372 Ecce
1895 5316 1963 5370 ad

385 5406 644 5478 Ephesios
696 5405 910 5476 scripsit
951 5406 1238 5475 Apostolus
1281 5423 1294 5458 :
1339 5405 1548 5462 fundata
1581 5415 1663 5462 est
1705 5407 1960 5473 Ecclesia,

445 5515 1185 5589 ἶθιίίιυοὲωξὲέναάυβηφηίηὲ·
1294 5578 1323 5589 -.

443 5580 463 5609 ’
488 5575 620 5636 I.ov'.,
642 5575 917 5638 Justiﬁcare
941 5584 984 5628 te
1003 5577 1102 5635 vis;
1125 5578 1523 5628 dissentientibus
1542 5578 1646 5629 aliis
1671 5578 1804 5630 libris
1823 5580 1963 5629 editis

386 5645 430 5682 et
457 5649 482 5679 ιι
504 5640 809 5705 anusct'iptis.
932 5699 940 5705 _
1002 5700 1010 5705 _
1445 5698 1453 5705 .

499 5696 667 5749 l‘lurea
699 5696 1040 5757 'maltusct'ipti,
1079 5706 1123 5750 et
1169 5712 1335 5754 nomen
1364 5698 1497 5753 Dei;

1617 289 1675 344 S.
1720 283 2080 342 AUCUSTINI
2123 282 2420 340 EPISCOPI

3551 289 3655 345 ἰε-ι

2085 405 2259 451 manet
2291 411 2456 466 usque
2502 411 2672 463 nunc;
2723 406 2776 451 et
2803 395 3020 453 uberius
3060 407 3258 468 manet,
3311 401 3656 474 multiplicius

2081 497 2280 555 manet,
2329 496 2474 544 tenet
2498 488 2639 559 quod
2690 490 2894 560 accepit
2918 490 2986 545 ab
3005 492 3281 561 Apostolo,
3317 493 3380 549 Si
3415 497 3526 564 quis
3563 513 3659 551 an-

2077 579 2377 632 nuntiaverit
2428 578 2563 645 t'obis
2615 591 2796 651 printer
2817 598 2973 654 quant
3016 585 3152 652 quod
3201 587 3487 656 accepistis,
3531 606 3661 642 arta-

2075 667 2242 721 thema
2272 669 2335 722 sit
2364 667 2558 741 (Colat.
2604 686 2641 736 ι,
2671 671 2747 742 9).
2779 671 2914 737 Quid
2966 673 3129 741 ergo?
3157 675 3286 745 quid
3329 677 3458 731 milti
3484 677 3659 733 dicis?

2075 758 2302 814 Mundus
2328 775 2434 814 non
2474 760 2632 815 sum?
2658 762 2730 816 lbi
2762 762 3074 832 baptizatus,
3108 766 3337 822 mundus
3365 784 3470 823 non
3498 769 3660 823 sum?

2075 849 2244 904 Etiam
2273 865 2377 905 non
2399 866 2478 906 es.
2515 851 2732 919 Quare?
2759 853 2893 921 Quia
2916 869 3016 925 ego
3059 855 3131 910 ibi
3179 872 3282 912 non
3308 857 3402 912 fui.
3428 858 3531 914 Sed
3559 861 3654 930 qui

2075 938 2270 1009 ubique
2310 948 2411 1007 est,
2440 941 2509 995 ibi
2534 942 2651 996 fuit.
2683 941 2786 1009 Qui
2815 943 3008 1013 ubique
3037 953 3141 1011 est,
3171 946 3243 1001 ibi
3283 947 3400 1011 fuit,
3423 949 3477 1003 in
3501 952 3657 1018 cujus

2074 1045 2270 1085 nomen
2297 1031 2515 1087 credidi.
2547 1032 2627 1088 Tu
2652 1034 2835 1089 nescio
2862 1033 3002 1090 unde
3029 1037 3272 1105 veniens,
3296 1038 3404 1094 imo
3433 1055 3536 1096 non
3559 1057 3653 1096 ve-

2073 1123 2246 1191 niens,
2273 1123 2368 1179 sed
2389 1125 2572 1180 volens
2597 1133 2654 1180 ut
2672 1140 2772 1196 ego
2789 1126 2856 1182 ad
2874 1133 2927 1181 te
2942 1128 3173 1194 veniam,
3192 1129 3279 1184 hic
3301 1131 3504 1199 positus
3515 1132 3651 1188 dicis

2073 1212 2202 1266 mihi
2225 1230 2237 1268 :
2260 1211 2374 1267 Non
2388 1228 2448 1269 es
2461 1223 2604 1269 recte
2620 1213 2933 1284 baptizatus,
2947 1216 3070 1286 quia
3081 1232 3181 1288 ego
3201 1218 3272 1272 ibi
3292 1234 3399 1273 non
3417 1219 3656 1278 lui.Vide

2080 1301 2199 1371 quis
2223 1302 2292 1357 ibi
2314 1302 2428 1357 fuit.
2455 1303 2594 1371 Quid
2621 1304 2820 1360 dictum
2841 1314 2924 1362 est
2951 1305 3183 1362 Joanni?
3204 1297 3374 1380 Super
3399 1327 3548 1382 quem
3574 1313 3653 1366 ei-

2072 1392 2206 1445 deris
2228 1392 2478 1463 Spiritum
2498 1395 2877 1451 descendentem
2900 1398 3046 1467 quasi
3059 1398 3358 1466 columbam,
3378 1400 3461 1454 hic
3475 1413 3546 1457 est
3566 1404 3656 1472 qui

2073 1482 2290 1552 baptism
2319 1481 2500 1554 (Joan.
2552 1499 2590 1550 ι,
2622 1483 2735 1557 '55).
2768 1482 2946 1556 lpsum
2973 1486 3136 1543 babes
3160 1499 3488 1558 quaerentem
3511 1501 3565 1547 te
3585 1494 3602 1524 ¹
3634 1511 3648 1547 :

2073 1571 2180 1626 imo
2205 1573 2326 1643 quia
2357 1574 2486 1628 mihi
2510 1574 2577 1630 ab
2608 1575 2724 1645 ipso
2748 1573 3014 1646 baptizato
3043 1577 3303 1646 invidisti,
3327 1579 3498 1650 ipsum
3527 1597 3653 1652 per-

2073 1660 2274 1719 didisti.

2140 1753 2365 1812 CAPUT
2408 1756 2514 1811 Vll.
2563 1787 2634 1798 —
2674 1757 2730 1816 8.
2798 1759 2925 1827 Qui:
2973 1761 3039 1816 sit
3085 1759 3500 1832 Catholicorum,
3542 1784 3657 1838 qua

2071 1843 2453 1901 Donatistarum
2491 1848 2741 1903 doctrina.
2782 1850 3064 1924 lntelligite
3107 1869 3257 1924 ergo,
3304 1855 3496 1912 fratres
3525 1860 3652 1924 mei,

2069 1951 2255 1993 vocem
2284 1947 2519 1994 nostram
2544 1949 2599 1996 et
2626 1939 2860 2010 illorum,
2885 1952 2940 1998 et
2960 1943 3137 2000 videte
3161 1945 3284 2016 quid
3299 1947 3529 2018 eligatis.
3550 1949 3655 2006 Nos

2071 2027 2176 2083 hoc
2197 2027 2426 2084 dicimus
2459 2048 2473 2085 :
2502 2029 2681 2087 Simus
2717 2033 2909 2101 sancti,
2934 2033 3072 2089 Deus
3101 2037 3232 2103 scit;
3262 2037 3430 2092 simus
3459 2038 3650 2110 iniqui,

2070 2129 2126 2173 et
2153 2119 2252 2174 hoc
2281 2120 2448 2190 magis
2478 2121 2593 2190 ipse
2620 2122 2723 2177 scit
2763 2141 2777 2177 :
2819 2138 2916 2179 vos
2945 2123 2996 2178 in
3025 2125 3178 2181 nobis
3221 2141 3370 2196 spem
3420 2143 3528 2183 non
3562 2146 3656 2199 po.

2069 2209 2204 2266 natis
2230 2251 2246 2278 ,
2303 2212 2713 2284 qualescumque
2757 2215 2948 2271 simus.
2995 2216 3052 2272 Si
3088 2217 3210 2272 boni
3241 2233 3446 2288 sumus,
3497 2221 3655 2280 faeize

2067 2302 2207 2372 quod
2237 2305 2492 2375 scriptum
2520 2316 2604 2361 est
2636 2323 2649 2361 :
2681 2307 2969 2363 lmitatares
2997 2311 3093 2364 mei
3123 2321 3294 2375 estote,
3321 2313 3451 2367 sicut
3489 2323 3536 2370 et
3561 2331 3652 2386 ego

2067 2392 2254 2449 Christi
2283 2393 2324 2466 (Ι
2360 2395 2479 2452 Cor.
2522 2415 2592 2464 tv,
2625 2400 2735 2471 l6).
2766 2400 2821 2456 Si
2851 2410 3029 2456 autem
3057 2403 3179 2456 mali
3205 2417 3408 2469 sunms,
3447 2421 3548 2460 nec
3573 2409 3652 2463 sic

2066 2482 2265 2539 deserti
2296 2488 2446 2552 estis,
2492 2504 2591 2543 nec
2625 2489 2703 2544 sic
2741 2491 2857 2545 sine
2895 2492 3121 2547 consilio
3149 2496 3483 2550 remansistis
3513 2515 3526 2548 :
3561 2513 3655 2552 an-

2067 2572 2176 2629 dite
2205 2575 2490 2644 dicentem,
2514 2579 2640 2644 Qut:
2667 2581 2857 2648 dicunt,
2890 2585 3078 2652 facile;
3106 2601 3220 2655 qua:
3245 2597 3409 2640 autem
3433 2589 3648 2660 faciunt,

2068 2668 2232 2735 facere
2254 2668 2406 2722 nolite
2435 2669 2644 2740 (Matth.
2678 2688 2830 2738 mn,
2863 2671 2940 2744 5).
2968 2673 3048 2728 llli
3079 2685 3260 2732 autem
3288 2687 3472 2733 contra
3500 2696 3514 2731 :
3538 2680 3652 2737 Nisi

2067 2761 2190 2816 boni
2220 2761 2496 2829 fuerimus,
2530 2767 2763 2834 peristis.
2794 2767 2934 2823 Ecce
2973 2777 3059 2824 est
3094 2770 3230 2825 alius
3257 2771 3346 2841 qui
3377 2772 3557 2828 veniet
3602 2776 3654 2829 iu

2068 2851 2285 2906 nomine
2328 2868 2446 2908 suo.
2495 2855 2634 2925 Ergo
2655 2855 2759 2910 vita
2805 2873 2921 2913 mea
2949 2874 3015 2914 ex
3054 2868 3105 2914 te
3130 2860 3401 2929 pendebit,
3428 2871 3484 2917 et
3507 2864 3655 2919 salus
3751 2867 3754 2874 ’

2067 2957 2183 2997 mea
2210 2958 2275 2997 ex
2303 2953 2354 2999 te
2379 2945 2726 3015 religabitur?
2753 2947 2900 3003 ltane
2941 2949 3137 3004 oblitus
3177 2965 3295 3004 smn
3337 2951 3656 3010 fuitdamen-

2069 3041 2177 3086 tum
2209 3035 2420 3088 meum?
2446 3035 2630 3090 Nonne
2665 3045 2810 3106 petra
2835 3047 2952 3093 erat
2977 3039 3220 3096 Christus
3244 3042 3286 3112 (Ι
3315 3041 3432 3097 Car.
3468 3059 3522 3109 ι,
3555 3043 3653 3113 4)?

2067 3121 2264 3181 Nonne
2287 3125 2375 3196 qui
2406 3126 2637 3181 aediﬁcat
2663 3143 2822 3198 super
2848 3139 3072 3197 petram,
3102 3132 3272 3202 ipsum
3322 3148 3430 3188 non
3473 3133 3655 3204 dejicit

2068 3226 2280 3284 ventus,
2330 3217 2523 3288 pluvia,
2560 3218 2776 3274 ﬂumina
2818 3220 3033 3291 (Matth.
3059 3239 3150 3289 vn,
3189 3224 3316 3296 25)?
3347 3224 3481 3280 Veni
3523 3242 3654 3299 ergo

2067 3317 2299 3375 mecum,
2327 3308 2372 3362 si
2406 3309 2506 3375 vis,
2547 3324 2706 3380 super
2731 3321 2959 3380 petram,
2987 3321 3041 3368 et
3065 3313 3174 3368 noli
3203 3315 3332 3370 mihi
3358 3330 3480 3372 esse
3507 3317 3646 3373 velle

2069 3411 2165 3468 pro
2189 3409 2356 3468 petra.

2141 3491 2194 3546 9.
2228 3489 2507 3546 Donatist
2549 3509 2639 3546 nec
2670 3493 2854 3565 Moysi,
2888 3511 2976 3549 nec
3003 3495 3200 3551 Christo
3225 3499 3432 3552 credunt
3461 3501 3539 3554 cel
3572 3518 3654 3555 re-

2067 3583 2314 3653 surgenti.
2354 3581 2637 3637 Donatista:
2664 3585 2716 3638 in
2757 3583 3009 3640 Christum
3046 3587 3242 3658 injurii.
3273 3588 3420 3644 Dicat
3446 3605 3577 3662 ergo
3602 3602 3656 3648 ct

2068 3675 2414 3730 novissimum
2431 3675 2559 3731 illud
2583 3677 2838 3744 Ecclesia,
2855 3679 2916 3734 Si
2933 3681 3198 3736 crederetis
3221 3680 3410 3754 Moysi,
3428 3685 3657 3740 credere-

2069 3766 2135 3820 tis
2167 3776 2214 3820 et
2243 3767 2406 3831 mihi;
2433 3767 2496 3822 de
2517 3785 2595 3822 me
2619 3769 2749 3822 enim
2780 3769 2868 3823 ille
2904 3771 3104 3842 scripsit
3126 3791 3145 3828 :
3169 3773 3291 3844 quia
3315 3788 3510 3844 corpus
3535 3789 3652 3831 sum

2067 3857 2181 3927 ejus
2199 3898 2214 3926 ,
2241 3857 2307 3912 de
2337 3874 2441 3928 quo
2464 3859 2691 3928 scripsit.
2726 3860 2793 3914 Et
2819 3859 2886 3915 de
2913 3861 3146 3917 Ecclesia
3166 3863 3372 3935 Moyses
3397 3867 3636 3936 scripsit.

2065 3948 2198 4006 Nam
2242 3949 2409 4021 Moysi
2452 3951 2614 4006 verba
2666 3951 2804 4018 dixi,
2841 3952 2910 4007 In
2947 3955 3136 4010 semine
3171 3966 3257 4010 tuo
3298 3957 3655 4015 benedicentur

2066 4057 2237 4096 omnes
2255 4051 2422 4113 gentes
2441 4042 2589 4113 (Gen.
2609 4060 2744 4110 xm,
2766 4045 2880 4110 18).
2902 4044 3110 4118 Moyses
3126 4049 3227 4104 hoc
3249 4050 3299 4105 in
3329 4052 3506 4120 primo
3521 4053 3656 4109 libro

2067 4132 2364 4202 scripsit.Si
2381 4133 2668 4190 crederetis
2691 4135 3178 4208 Moysi,crederetis
3193 4150 3247 4197 et
3264 4141 3499 4199 Christo.
3523 4145 3658 4212 Quia

2067 4223 2234 4296 Moysi
2265 4225 2426 4281 verba
2451 4229 2813 4296 contemnitis,
2840 4245 3060 4288 necesse
3078 4243 3162 4288 est
3183 4242 3239 4288 ut
3261 4235 3460 4291 Christi
3487 4237 3648 4293 verba

2068 4317 2441 4373 contemnatis.
2488 4317 2689 4372 Habent
2733 4319 2822 4386 ibi,
2848 4321 3058 4395 inquit,
3087 4321 3301 4394 Moysen
3337 4335 3383 4380 et
3422 4325 3656 4398 Prophe-

2068 4416 2174 4473 tas,
2203 4408 2416 4462 audiant
2443 4410 2579 4464 illos.
2607 4409 2747 4478 Non,
2773 4422 2916 4482 pater
2945 4413 3238 4481 Abraham;
3279 4418 3368 4474 sed
3405 4421 3449 4473 si
3477 4421 3591 4490 quis
3621 4439 3652 4477 ιι

2067 4498 2277 4553 mortuis
2301 4499 2510 4567 venerit,
2541 4500 2707 4571 ipsum
2749 4502 2976 4560 audient.
3009 4505 3074 4559 Et
3111 4505 3241 4561 ille:
3275 4508 3335 4562 Si
3364 4507 3579 4579 Moysen
3605 4521 3654 4568 et

2069 4586 2353 4658 Prophetas
2368 4606 2466 4644 non
2483 4592 2716 4656 audiunt,
2737 4610 2825 4647 nec
2852 4594 2892 4649 si
2917 4595 3029 4664 quis
3041 4613 3072 4649 ιι
3086 4599 3292 4651 mortuis
3305 4602 3652 4667 resurrexerit,

2069 4679 2272 4734 credent
2299 4678 2449 4752 (Luc.
2478 4697 2590 4747 xvr,
2622 4681 2836 4755 29-51).
2857 4685 2968 4739 Hoc
2992 4685 3058 4741 de
3077 4685 3274 4742 Judmis
3297 4687 3499 4749 dictum
3531 4701 3614 4750 est
3638 4709 3652 4746 :

2068 4785 2195 4842 ergo
2225 4787 2331 4826 non
2358 4770 2555 4826 dictum
2585 4771 2653 4828 de
2680 4773 2982 4831 haereticis?
3291 4855 3293 4857 ι

2137 4863 2363 4920 CAPUT
2405 4863 2537 4919 Vlll.
2569 4867 2710 4922 -Δ
2767 4869 2990 4925 mortuis
3042 4882 3407 4928 resurrexerat
3435 4875 3524 4948 qui
3573 4875 3655 4930 dl—

2067 4955 2219 5010 ccbat
2241 5000 2257 5025 ,
2293 4954 2564 5026 Oportebat
2614 4955 2868 5014 Christum
2916 4961 3044 5029 pati,
3075 4970 3122 5016 et
3166 4977 3427 5035 resurgere
3459 4983 3493 5019 a
3517 4983 3653 5021 mor-

2068 5045 2166 5098 tuis
2212 5047 2358 5098 tertia
2405 5046 2504 5101 die.
2564 5048 2674 5102 Hoc
2711 5047 2896 5104 credo.
2947 5050 3158 5116 Credo,
3194 5053 3384 5124 inquit.
3435 5051 3654 5112 Credis?

2067 5135 2246 5208 Quare
2304 5153 2411 5192 non
2473 5129 2649 5194 credis
2715 5140 2856 5210 quod
2915 5143 3191 5212 sequitur?
3247 5143 3383 5212 Quia
3446 5147 3649 5214 credis,

2073 5226 2345 5298 Oportebat
2390 5230 2646 5286 Christum
2678 5233 2805 5302 pati,
2839 5242 2885 5287 et
2934 5250 3194 5306 resurgere
3219 5253 3254 5290 ιι
3302 5238 3512 5293 mortuis
3558 5250 3646 5294 ter-

2070 5324 2139 5376 tia
2183 5321 2302 5385 die;
2351 5321 2452 5376 hoc
2495 5321 2696 5377 dictum
2738 5333 2822 5378 est
2871 5323 2938 5379 de
2966 5327 3140 5396 capite
3168 5327 3363 5383 :crede
3407 5337 3463 5383 et
3515 5329 3649 5399 quod

2070 5415 2307 5484 sequitur
2331 5413 2399 5470 de
2425 5414 2662 5470 Ecclesia
2681 5457 2696 5481 ,
2727 5414 3010 5471 Pratdicari
3046 5419 3097 5472 in
3125 5421 3327 5475 nomine
3349 5423 3458 5490 ejus
3491 5422 3648 5490 pani-

2071 5505 2276 5558 tentiam
2309 5516 2355 5559 et
2388 5506 2731 5560 remissionem
2779 5517 3096 5576 peccatorum
3126 5526 3215 5578 per
3251 5526 3422 5565 omnes
3459 5522 3647 5580 gentes.

2073 5709 2090 5751 ί
2134 5642 2160 5729 '9
2176 5640 2368 5699 Quidam
2407 5643 2712 5704 manuscripti
2756 5643 2954 5703 habent,
2996 5653 3153 5706 Ipsum
3183 5643 3356 5696 habens
3380 5657 3646 5709 qmrerm
