3850 6188
271 310 377 365 725i

248 892 461 948 collare
491 891 642 959 vult,
695 899 751 948 et
780 906 943 966 caput
982 905 1034 952 et
1078 913 1276 969 corpus
1319 906 1544 954 conatur
1589 899 1853 956 occidere.

249 986 600 1042 Ernbescunt
625 999 826 1060 negare
853 989 1122 1045 Christum
1144 1031 1160 1057 ,
1192 999 1247 1044 et
1271 1005 1379 1046 non
1408 991 1731 1057 erubescunt
1757 1007 1852 1046 ne-

242 1095 378 1150 gare
411 1077 576 1138 verba
599 1080 822 1138 Christi.
849 1081 1115 1139 Christum
1143 1100 1242 1139 nec
1268 1101 1366 1140 nos
1395 1085 1624 1140 vidimus
1661 1086 1851 1150 oculis,

245 1184 351 1225 nec
380 1182 502 1228 vos.
523 1171 692 1228 Judaei
721 1171 999 1238 viderunt,
1027 1181 1081 1228 et
1121 1173 1453 1229 occiderunt.
1481 1174 1588 1230 Nos
1633 1190 1738 1229 non
1768 1175 1849 1229 vi-

243 1260 466 1330 dimus,
518 1272 572 1318 et
613 1262 884 1318 credimus
924 1262 1128 1319 :vcrha
1181 1265 1346 1334 ipsius
1382 1265 1656 1321 nobiscum
1701 1275 1846 1322 sunt.

243 1356 573 1426 Comparate
599 1371 694 1411 vos
715 1356 914 1412 Judaeis
943 1358 1052 1412 :illi
1069 1367 1504 1430 contempserunt
1526 1361 1846 1432 pendentem

243 1453 300 1507 in
334 1453 502 1524 ligno,
548 1471 644 1510 vos
693 1458 1054 1514 comtemnitis
1108 1458 1384 1515 sedentem
1436 1460 1487 1514 in
1534 1459 1712 1516 caelo:
1745 1460 1847 1514 illis

244 1547 656 1615 suggerentibus
684 1549 831 1602 stetit
873 1549 1058 1604 titulus
1106 1549 1334 1615 Christi,
1387 1549 1538 1605 vobis
1583 1550 1846 1607 stantibus

243 1635 461 1693 deletur
489 1638 790 1708 Baptismus
821 1641 1045 1696 Christi.
1074 1640 1184 1698 Sed
1211 1641 1338 1712 quid
1383 1649 1582 1708 restat,
1615 1641 1807 1697 fratres
1825 1683 1842 1709 ,

246 1729 348 1782 nisi
391 1745 611 1787 oremus
653 1741 706 1785 et
751 1746 848 1802 pro
885 1733 1163 1803 superbis,
1206 1749 1420 1790 oremus
1443 1743 1498 1790 et
1523 1749 1620 1805 pro
1647 1735 1802 1790 elatis
1825 1777 1839 1801 ,

243 1820 334 1889 qui
366 1835 426 1877 se
454 1821 534 1877 sic
556 1822 847 1878 extollunt?
879 1823 1124 1880 Dicamus
1173 1839 1271 1900 pro
1315 1825 1420 1880 illis
1465 1825 1594 1891 Deo,
1642 1823 1842 1897 Cognoo

244 1921 391 1965 «aut
421 1912 543 1981 quia
585 1913 673 1966 tibi
699 1931 878 1968 nomen
899 1913 1148 1970 Dominus
1171 1930 1194 1970 τ
1215 1923 1270 1970 et
1301 1930 1406 1970 non
1437 1915 1680 1971 homines
1699 1957 1715 1982 ,
1743 1915 1839 1971 sed

245 2013 300 2054 tu
328 2003 469 2058 solus
491 2004 766 2059 altissimus
788 2023 940 2077 super
967 2024 1166 2062 omnem
1195 2017 1379 2062 terram
1423 2005 1592 2081 (Psal.
1635 2023 1835 2076 Lxxxn,

249 2096 360 2168 t9).
389 2095 645 2153 Conversi
689 2098 755 2154 ad
801 2099 1105 2165 Dominum,
1127 2110 1231 2156 etc.

756 2242 986 2298 sem-to
1023 2242 1212 2299 cxxx
1242 2242 1334 2316 (a).

250 2352 326 2407 De
348 2355 505 2406 verbis
539 2353 798 2424 Evangelii
843 2355 1081 2422 Joannis,
1119 2359 1205 2410 ubi
1250 2367 1488 2411 narratur
1530 2358 1835 2412 miraculum

315 2444 379 2496 de
412 2445 633 2513 quinque
681 2444 895 2516 panibus
919 2455 966 2500 et
1015 2446 1210 2502 duobus
1236 2448 1474 2518 piscibus.
1505 2447 1634 2518 Cap.
1666 2464 1718 2516 v,
1755 2448 1789 2518 ᾗ
1815 2486 1830 2502 .

315 2535 397 2591 5-1
409 2537 460 2592 4.

319 2676 367 2729 Ι.
424 2673 668 2730 Miraculi
720 2677 1042 2748 signiﬁcatio.
1110 2676 1417 2732 Miraculum
1483 2677 1686 2748 grande
1749 2676 1829 2731 fa-

238 2775 385 2819 ctum
433 2774 543 2831 est,
577 2766 942 2833 dilectiSsimi,
999 2776 1053 2823 ut
1101 2767 1169 2822 de
1219 2769 1453 2837 quinque
1507 2767 1728 2836 panibus
1775 2776 1831 2822 et

241 2855 453 2910 duobus
483 2857 716 2926 piscibus
747 2866 1118 2914 saturarentur
1145 2860 1377 2929 quinque
1406 2858 1680 2912 hominum
1713 2859 1830 2911 mil-

234 2949 310 3003 lia
331 2992 346 3016 ,
379 2957 435 3004 et
465 2948 672 3004 residua
697 2949 1108 3019 fragmentorum
1129 2950 1410 3020 implerent
1430 2948 1708 3005 duodecim
1737 2965 1828 3003 co-

235 3040 449 3110 phinos.
483 3039 696 3095 Grande
738 3041 1050 3096 miraculum
1078 3059 1090 3095 :
1142 3042 1236 3097 sed
1267 3057 1371 3096 non
1401 3042 1628 3097 multum
1668 3042 1828 3095 mira-

232 3132 416 3186 bimur
446 3131 673 3195 factum,
703 3133 746 3186 si
783 3131 1119 3188 attendamus
1165 3132 1469 3188 facientem.
1527 3132 1620 3188 Ille
1649 3131 1826 3186 multi-
1913 3167 1919 3174 ι

234 3223 454 3292 plicavit
480 3225 530 3278 in
560 3223 804 3279 manibus
845 3223 1199 3294 frangentium
1239 3225 1474 3295 quinque
1506 3238 1702 3295 panes,
1734 3224 1824 3292 qui

232 3315 286 3367 in
315 3322 461 3367 terra
511 3314 860 3383 germinantia
907 3314 1222 3383 multiplicat
1263 3315 1502 3378 semina,
1553 3323 1610 3368 ut
1651 3330 1815 3382 grana

231 3416 401 3472 pauca
431 3402 710 3457 mittantur
733 3411 782 3458 et
813 3401 1000 3458 horrea
1028 3405 1355 3473 repleantur.
1398 3403 1502 3458 Sed
1541 3404 1662 3474 quia
1695 3404 1828 3459 illud

231 3493 380 3548 omni
413 3507 555 3547 anno
586 3491 742 3558 facit,
775 3509 932 3549 nemo
962 3494 1201 3548 miratur.
1237 3494 1657 3550 Admirationem
1685 3496 1824 3550 tollit

232 3599 342 3639 non
360 3584 480 3638 facti
500 3583 692 3650 vilitas,
711 3583 805 3639 sed
832 3585 1135 3640 assiduitas.
1156 3585 1410 3639 Dominus
1426 3592 1600 3639 autem
1615 3585 1827 3652 quando

233 3676 334 3729 ista
361 3672 608 3737 faciebat,
635 3689 738 3729 non
760 3675 930 3729 solum
951 3689 1045 3744 per
1064 3675 1244 3738 Verba,
1273 3675 1366 3729 sed
1406 3675 1575 3729 etiam
1591 3689 1684 3744 per
1711 3675 1824 3743 ipsa

236 3767 490 3822 miracula
515 3768 930 3837 intelligentihus
955 3766 1288 3836 loquebatur.
1306 3767 1551 3835 Quinque
1571 3781 1732 3835 panes
1753 3767 1826 3820 si-

231 3860 558 3930 gniiicalmut
581 3860 812 3930 quinque
835 3861 996 3914 libros
1011 3859 1165 3928 Legis
1183 3858 1370 3930 Moysi.
1391 3858 1499 3912 Lex
1524 3867 1675 3913 vetus
1699 3858 1824 3912 hor-

229 3953 391 4007 deum
423 3951 583 4005 estad
610 3950 970 4021 evangelicum
995 3949 1246 4004 triticum.
1273 3949 1460 4019 Magna
1479 3948 1530 4002 in
1550 3949 1651 4002 illis
1671 3948 1823 4003 libris

229 4042 297 4098 de
325 4041 545 4097 Christo
592 4043 842 4114 mysteria
882 4041 1242 4096 continentur.
1277 4039 1428 4096 Unde
1474 4041 1548 4094 ait
1578 4040 1728 4110 ipse:
1761 4039 1824 4095 Si

230 4133 502 4188 crederetis
525 4131 716 4199 Moysi,
735 4132 1003 4187 crederetis
1023 4141 1068 4186 et
1093 4132 1218 4186 mihi
1242 4148 1260 4186 :
1281 4132 1343 4185 de
1359 4149 1436 4185 me
1452 4133 1589 4186 enim
1605 4131 1692 4186 ille
1705 4131 1820 4185 scri-

229 4225 330 4292 psit
344 4222 522 4293 (Joan.
551 4239 604 4289 v,
630 4223 739 4293 46).
759 4222 864 4278 Sed
891 4222 1159 4294 quomodo
1179 4223 1228 4278 in
1245 4222 1449 4278 hordeo
1469 4222 1698 4278 medulla
1720 4223 1822 4278 sub

232 4317 382 4387 palea
405 4315 567 4379 latet;
593 4317 669 4370 sic
697 4316 748 4370 in
775 4315 1076 4371 velamento
1103 4315 1480 4387 mysteriorum
1508 4313 1666 4384 Legis
1694 4312 1823 4368 latet

229 4409 494 4463 Christus.
520 4406 591 4464 Ut
640 4408 790 4478 panis
830 4405 904 4480 (li)
952 4409 1204 4488 mysteria
1247 4407 1332 4461 illa
1379 4415 1736 4478 exponuntur,
1767 4415 1821 4461 et
1883 4441 1890 4449 -

227 4498 552 4564 dilatantur;
578 4499 656 4554 sic
681 4507 734 4553 et
757 4514 917 4567 panes
945 4499 1018 4552 illi
1051 4499 1393 4561 crescebant,
1433 4498 1648 4568 quanio
1673 4497 1818 4552 fran-

227 4589 510 4657 gebantur.
554 4589 622 4643 Et
660 4587 762 4643 hoc
789 4588 930 4659 quod
958 4588 1108 4642 vobis
1153 4589 1406 4658 exposui,
1441 4604 1630 4658 panem
1669 4588 1820 4644 vobis

229 4679 646 4751 lregi.Quinque
668 4681 830 4735 millia
861 4680 1134 4734 hominum
1158 4683 1455 4751 signiﬁcant
1486 4681 1692 4752 plebem
1720 4683 1819 4738 sub

227 4774 462 4845 quinque
497 4773 648 4828 libris
675 4773 830 4844 Legis
872 4774 1235 4828 constitutam.
1269 4774 1557 4829 Duodecim
1602 4773 1818 4844 cophini

227 4874 350 4919 sunt
394 4863 677 4920 duodecim
719 4866 993 4936 Apostoli,
1036 4867 1125 4936 qui
1172 4875 1226 4920 et
1265 4867 1362 4936 ipsi
1397 4867 1463 4921 de
1506 4865 1818 4938 fragmentis

229 4954 383 5028 Legis
414 4955 617 5026 impleti
641 4965 784 5010 sunt.
816 4957 930 5011 Duo
959 4957 1132 5026 pisces
1169 4965 1330 5017 sunt.
1356 4966 1449 5010 aut
1476 4957 1582 5012 duo
1615 4971 1818 5027 prmee-

228 5055 317 5116 pta
345 5047 648 5102 dilectionis
687 5047 780 5102 Dei
834 5056 890 5102 et
935 5047 1194 5118 proximi,
1239 5055 1331 5102 aut
1374 5047 1481 5102 duo
1531 5048 1710 5118 pepuli
1750 5063 1814 5103 ex

226 5137 636 5194 circumcisione
657 5147 710 5193 et
739 5139 1028 5209 praeputio,
1059 5147 1148 5192 aut
1185 5137 1303 5193 dua:
1347 5138 1452 5192 illm
1491 5154 1656 5192 sacrze
1692 5153 1817 5207 per-

228 5242 374 5285 sonze
419 5231 565 5301 regis
608 5239 662 5286 et
715 5229 1029 5286 sacerdotis.
1103 5229 1226 5284 llzcc
1279 5244 1398 5284 cum
1456 5239 1812 5300 exponuntur,

228 5317 576 5389 franguntur;
607 5333 728 5374 cum
761 5320 1162 5390 intelliguntur,
1193 5319 1597 5374 manducantur.

301 5411 352 5464 2.
378 5410 611 5466 Christus
640 5412 788 5481 panis
815 5414 977 5483 factus
1003 5411 1366 5465 incarnatione.
1398 5409 1650 5464 Mercator
1673 5407 1812 5464 Chri-

292 5542 362 5615 (ᾳ)
385 5542 697 5615 Proditnnunc
733 5543 939 5615 primum
969 5556 1144 5615 sermo
1156 5542 1239 5615 ille
1262 5557 1326 5593 ex
1351 5544 1510 5615 veteri
1531 5542 1695 5615 codice
1716 5541 1817 5615 ωιτ

230 5601 430 5654 bet-time
451 5601 763 5655 bibliotheca:
786 5613 948 5657 notato
968 5605 1075 5658 821.
1101 5607 1277 5656 Citatur
1300 5620 1326 5655 a
1350 5605 1474 5655 Beda
1496 5618 1588 5656 seu
1604 5605 1738 5656 Floro
1755 5605 1814 5654 ad

223 5663 368 5713 (halat.
394 5681 461 5722 ut,
483 5673 534 5714 et
556 5666 615 5714 ad
641 5667 784 5715 Hebr.
806 5683 854 5717 ιι.

291 5725 359 5788 (b)
375 5734 536 5786 Pilte,
562 5726 710 5793 tegis.

1690 315 1919 372 SERMO
1956 316 2166 374 CXXX.

265 428 442 496 Quare
470 424 649 480 credis
673 424 742 479 de
790 425 997 494 capite,
1042 435 1096 480 et
1141 439 1245 479 non
1294 432 1479 494 auidis,
1497 432 1566 494 de
1604 434 1862 503 corpore?

261 516 397 587 Quid
425 517 523 572 tibi
554 515 679 572 fecit
707 517 971 581 Ecclesia,
1026 527 1083 573 ut
1113 533 1238 580 eam
1267 525 1400 582 velis
1427 527 1660 596 quodam
1695 526 1857 581 modo

257 609 568 665 decollare?
603 608 816 664 Tollere
857 609 936 664 vis
967 610 1222 673 Ecclesia:
1251 627 1441 688 caput,
1471 628 1528 674 et
1552 618 1711 688 capiti
1735 633 1858 674 ore.

253 713 387 766 dere
411 753 428 777 ,
451 725 653 779 corpus
679 709 1017 780 relinquere,
1051 715 1202 786 quasi
1230 715 1474 772 exanime
1499 731 1712 785 corpus.
1735 715 1861 772 Sine

250 819 415 858 causa
441 802 604 872 capiti
624 844 638 866 ,
660 801 810 873 quasi
833 801 1063 863 famulus
1090 807 1318 863 devotus
1337 807 1612 863 blandiris.
1641 807 1740 876 Qui
1765 807 1859 864 de-

3458 344 3561 402 726

1973 442 2098 487 stus.
2137 435 2447 510 Redemptor
2493 454 2681 512 noster,
2721 451 2991 517 quomoda.
3053 453 3439 514 Convertamur
3487 463 3554 517 ad

1971 539 2092 580 eum
2115 528 2200 597 qui
2232 529 2330 584 ista
2361 531 2504 588 fecit.
2535 535 2652 605 lpse
2681 549 2763 594 est
2791 543 2942 610 panis
2961 585 2980 611 ,
3007 547 3096 616 qui
3142 546 3209 603 de
3246 548 3383 604 caelo
3425 549 3554 607 des-

1967 618 2147 708 cendit
2172 619 2351 690 (Joan.
2385 640 2469 690 v1,
2501 627 2593 698 41)
2622 647 2635 683 :
2664 632 2759 686 sed
2805 636 2956 703 panis
2983 637 3073 708 qui
3101 638 3307 705 reiicit,
3355 651 3410 696 et
3446 658 3552 698 non

1966 705 2179 802 deﬁcit;
2210 713 2360 780 panis
2388 717 2477 785 qui
2507 719 2644 774 smni
2671 732 2878 791 potest,
2919 705 3159 782 consumi
3207 746 3314 784 non
3354 739 3551 802 potest.

1966 795 2144 866 ipsum
2174 816 2366 870 panem
2418 807 2578 864 etiam
2625 827 2819 869 manna
2870 817 3218 887 signiﬁcabat.
3278 795 3427 879 Unde
3463 822 3550 880 di-

1963 895 2116 984 ctum-
2129 899 2214 946 est
2245 911 2258 947 :
2289 892 2482 950 Panem
2529 901 2640 954 creti
2687 902 2826 959 dedit
2875 907 2997 972 illis,
3027 927 3207 980 panem
3239 912 3550 984 Angelorum

1962 979 2284 1073 manducavit
2325 985 2476 1043 homo
2526 988 2696 1057 (Psal.
2725 1009 2907 1051 Lxxvu
2928 1038 2944 1064 ,
2973 979 3043 1054 21
3071 1010 3118 1055 et
3143 999 3261 1073 25).
3308 979 3437 1072 Quis
3461 1015 3549 1062 est

1959 1070 2113 1140 panis
2142 1075 2312 1142 coeli,
2338 1078 2446 1133 nisi.
2468 1078 2749 1139 Christus?
2777 1085 2880 1142 Sed
2911 1097 2966 1143 ut
2995 1105 3181 1159 panem
3217 1070 3544 1164 Angelorum

1959 1165 2307 1254 manducaret
2358 1170 2554 1240 homo,
2609 1177 2868 1237 Dominus
2901 1183 3228 1254 Angelorum
3268 1187 3437 1244 factus
3462 1201 3546 1247 est
3580 1193 3584 1196 ⁷

1958 1250 2142 1310 homo.
2171 1256 2227 1313 Si
2252 1259 2394 1314 enim
2436 1261 2539 1318 hoc
2583 1281 2688 1320 non
2723 1267 2894 1326 factus
2932 1250 3105 1340 esset,
3135 1290 3352 1332 carnem
3380 1279 3545 1348 ipsius

1955 1359 2061 1399 non
2087 1347 2443 1408 haberemus:
2473 1356 2517 1410 si
2563 1371 2782 1414 carnem
2827 1361 2994 1430 ipsius
3035 1379 3140 1420 non
3187 1347 3538 1438 haberemus,
3634 1399 3636 1402 -

1953 1450 2144 1506 panem
2192 1440 2376 1497 altaris
2423 1459 2534 1501 non
2585 1449 3048 1510 n‘ianducaremus.
3089 1454 3422 1514 Festinemus
3473 1461 3541 1515 ad

1953 1526 2353 1603 haereditatem,
2403 1538 2527 1607 quia
2587 1556 2838 1613 magnum
2901 1545 3026 1602 inde
3081 1548 3275 1619 pignus
3327 1552 3536 1622 accepi-

1949 1635 2090 1676 mus.
2158 1621 2378 1683 Fratres
2445 1631 2584 1699 mei,
2655 1633 3024 1694 desideremus
3092 1641 3253 1696 vitam
3304 1621 3534 1708 Christi.

1946 1712 2070 1780 quia
2123 1723 2364 1773 tenemus
2433 1721 2625 1792 pignus
2684 1734 2910 1782 mortem
2975 1726 3194 1784 Christi.
3258 1731 3537 1798 Quomodo

1947 1801 2101 1858 nobis
2162 1820 2268 1861 non
2322 1806 2470 1866 dabit
2523 1811 2661 1867 bona
2704 1830 2834 1882 sua,
2883 1818 2974 1886 qui
3030 1834 3217 1887 passus
3267 1829 3352 1876 est
3398 1823 3534 1878 mala

1945 1895 2169 1949 nostra?
2203 1895 2261 1950 in
2302 1899 2459 1954 terris
2483 1899 2716 1968 istis,'in
2761 1905 2864 1960 isto
2891 1907 3089 1962 saeculo
3131 1909 3366 1982 maligno
3407 1913 3534 1982 quid

1945 1983 2212 2052 abundat,
2245 1987 2345 2044 nisi
2369 1991 2553 2059 nasci,
2597 1986 2840 2052 laborare
2869 2005 2925 2053 et
2951 1998 3126 2054 mori?
3155 1999 3413 2057 Discutite
3442 2014 3530 2058 res

1948 2074 2206 2134 humanas
2229 2121 2243 2145 ,
2266 2083 2564 2140 convincite
2592 2099 2709 2153 tne,
2742 2088 2787 2142 si
2816 2090 3047 2145 mentior
3075 2108 3090 2145 :
3114 2092 3373 2152 attendite
3409 2107 3532 2149 om-

1945 2183 2041 2224 nes
2072 2168 2350 2237 homines,
2391 2183 2566 2229 utrum
2618 2176 2684 2232 ad
2723 2177 2868 2233 aliud
2915 2179 3024 2234 sint
3067 2181 3119 2237 in
3165 2180 3267 2236 hoc
3291 2181 3528 2251 saeculo,

1939 2273 2097 2328 quam
2124 2261 2306 2328 nasci,
2335 2261 2579 2320 laborare
2599 2273 2656 2320 et
2684 2267 2842 2322 mori.
2873 2268 3003 2328 l-lrec
3023 2280 3149 2325 sunt
3177 2273 3528 2330 mercimonia

1939 2351 2174 2420 regionis
2203 2362 2402 2410 nostrae
2423 2396 2438 2422 ,
2467 2355 2568 2412 ista
2610 2357 2702 2414 hic
2728 2359 3017 2416 abundant.
3042 2361 3124 2418 Ad
3155 2363 3288 2419 tales
3325 2379 3530 2426 merces

1937 2443 2199 2500 Mercator
2226 2446 2316 2503 ille
2342 2446 2638 2505 descendit.
2671 2449 2740 2506 Et
2767 2454 3019 2523 quoniam
3057 2455 3232 2509 omnis
3263 2463 3530 2513 mercator

1938 2535 2107 2600 datet
2142 2538 2368 2608 accipit;
2399 2537 2492 2595 dat
2514 2541 2659 2611 quod
2693 2541 2892 2610 habet,
2918 2553 2974 2599 et
3000 2545 3194 2616 accipit
3234 2546 3376 2616 quod
3419 2561 3528 2604 non

1936 2626 2124 2694 habet;
2151 2629 2365 2699 quando
2407 2630 2610 2703 aliquid
2653 2643 2967 2703 comparat,
2995 2634 3088 2690 dat
3116 2637 3430 2706 pecuniam,
3471 2647 3530 2695 et

1935 2719 2130 2788 accipit
2157 2720 2298 2790 quod
2326 2722 2458 2776 emit
2484 2723 2678 2778 :etiam
2704 2721 2948 2780 Christus
2989 2727 3040 2781 in
3088 2727 3188 2782 ista
3225 2735 3525 2784 mercatura

1935 2807 2082 2863 dedit
2107 2819 2160 2864 et
2185 2811 2410 2880 accepit.
2435 2811 2540 2867 Sed
2565 2812 2692 2883 quid
2712 2814 2949 2884 accepit?
2969 2815 3120 2884 Quod
3158 2816 3242 2872 hic
3267 2817 3520 2886 abundat,

1934 2901 2112 2968 nasci,
2143 2901 2385 2958 laborare
2413 2912 2468 2958 et
2491 2904 2646 2958 mori.
2677 2905 2745 2960 Et
2765 2905 2888 2975 quid
2920 2907 3106 2962 dedit?
3134 2908 3358 2964 Renasci
3382 2949 3398 2975 ,
3435 2925 3522 2964 re-

1932 3005 2153 3060 surgere
2173 3001 2221 3047 et
2243 2993 2295 3047 in
2317 3002 2574 3048 aeternum
2602 3011 2844 3066 regnare.
2872 2997 2918 3052 Ο
2940 2996 3077 3052 bone
3098 2998 3379 3063 Mereator,
3399 3015 3521 3056 eme

1933 3098 2051 3139 nos.
2075 3083 2212 3152 Quid
2237 3084 2407 3146 dicam
2429 3127 2443 3152 ,
2470 3101 2588 3150 eme
2613 3103 2737 3153 nos,
2767 3104 2892 3145 cum
2921 3091 3116 3161 gratias
3141 3107 3298 3162 agerc
3326 3081 3523 3150 debes;

1933 3190 2072 3238 mus,
2101 3176 2222 3246 quia
2241 3177 2413 3234 emisti
2445 3177 2584 3234 nos?
2615 3180 2852 3236 Pretium
2874 3191 3112 3236 nostrum
3140 3197 3328 3253 erogas
3344 3182 3521 3252 nobis,

1932 3266 2241 3336 sanguinem
2277 3277 2424 3323 tuum
2447 3268 2709 3335 bibimus;
2743 3285 2932 3341 erogas
2951 3287 3078 3343 ergo
3104 3272 3256 3328 nobis
3293 3273 3519 3343 pretium

1933 3365 2194 3412 nostrum.
2221 3358 2286 3413 Et
2304 3359 2650 3430 Evangelium
2678 3361 2902 3431 legimus
2925 3402 2941 3428 ,
2968 3363 3380 3418 instrumentum
3424 3381 3522 3420 no-

1931 3457 2122 3502 strum.
2152 3447 2300 3503 Servi
2333 3450 2404 3503 tui
2433 3463 2638 3516 sumus,
2682 3460 2928 3506 creatura
2974 3463 3060 3506 tua
3087 3468 3315 3507 sumus:
3351 3453 3532 3528 fecisti

1932 3550 2063 3603 nos,
2095 3537 2368 3592 redemisti
2410 3552 2527 3592 nos.
2579 3537 2776 3594 Emere
2817 3549 2992 3608 potest
3035 3541 3260 3610 quisque
3303 3557 3519 3600 servant

1930 3640 2121 3693 suum,
2172 3641 2356 3682 creare
2411 3642 2519 3682 non
2560 3635 2773 3696 potest:
2802 3629 3062 3684 Dominus
3103 3639 3300 3685 autcm‘
3334 3645 3518 3688 servos

1930 3728 2056 3770 suos
2083 3723 2138 3770 et
2164 3715 2364 3771 creavit
2391 3725 2446 3771 et
2471 3715 2697 3772 redemit
2725 3736 2739 3772 :
2767 3718 3004 3781 creavit,
3038 3727 3094 3772 ut
3116 3728 3330 3785 essent;
3357 3720 3514 3776 rede-

1929 3804 2056 3870 mit,
2087 3820 2152 3860 ne
2183 3819 2395 3875 semper
2444 3805 2642 3877 captivi
2692 3816 2898 3876 essent.
2949 3806 3235 3863 lncidimus
3279 3809 3420 3864 enim
3463 3811 3515 3865 in

1931 3895 2226 3966 principem
2256 3896 2412 3966 hujus
2438 3897 2650 3963 saeculi,
2673 3899 2762 3968 qui
2794 3897 3004 3953 seduxit
3031 3897 3198 3953 Adam
3221 3909 3274 3954 et
3301 3914 3512 3954 servum

1928 3983 2087 4051 fecit,
2113 3995 2168 4042 et
2215 3987 2378 4056 erepit
2405 4001 2504 4042 nos
2539 3994 2788 4058 unquam
2844 3988 3162 4043 vernaculos
3211 3987 3508 4059 possidere.

1928 4074 2035 4132 Sed
2058 4077 2203 4132 venit
2231 4076 2575 4149 Redemptor,
2605 4086 2662 4132 et
2685 4078 2856 4132 victus
2875 4086 2957 4133 est
2985 4077 3261 4148 deceptor.
3289 4079 3352 4134 Et
3377 4079 3508 4150 quid

1929 4167 2056 4222 fecit
2099 4167 2424 4238 Redemptor
2466 4177 2650 4225 noster
2678 4170 2994 4240 captivatori
3022 4171 3242 4226 nostro?
3270 4171 3348 4226 Ad
3380 4187 3505 4242 pre-

1929 4259 2057 4312 tium
2087 4266 2328 4322 nostrutu
2379 4256 2602 4313 tetendit
2651 4258 3002 4328 muscipulam
3048 4274 3260 4315 crucem
3307 4276 3503 4316 suam:

1927 4348 2105 4418 posuit
2127 4347 2198 4402 ibi
2225 4347 2376 4416 quasi
2404 4363 2580 4404 escam
2608 4349 2920 4420 sanguinem
2972 4363 3148 4405 suum.
3203 4351 3294 4408 llle
3332 4363 3512 4412 autem
3551 4351 3554 4354 ⁴

1926 4440 2096 4510 potuit
2118 4441 2430 4513 sanguinem
2475 4442 2634 4496 istum
2664 4441 2889 4500 fundere
2907 4483 2923 4509 ,
2949 4459 3054 4498 non
3084 4445 3279 4501 meruit
3299 4445 3506 4504 bibere.

1926 4531 1993 4587 Et
2028 4531 2080 4586 in
2102 4545 2168 4587 eo
2196 4531 2338 4601 quod
2365 4531 2502 4587 fudit
2525 4534 2838 4603 sanguinem
2866 4549 2971 4590 non
2998 4534 3258 4590 debitoris
3276 4579 3293 4605 ,
3329 4538 3512 4608 jussus

1927 4632 2008 4688 est
2031 4615 2258 4682 reddere
2290 4621 2594 4690 debitores;
2653 4623 2789 4679 fudit
2836 4625 3149 4696 sanguinem
3179 4627 3516 4697 innocentis,

1921 4711 2102 4786 jussus
2121 4720 2205 4767 est
2232 4710 2484 4767 recedere
2503 4727 2534 4766 a
2562 4714 2896 4772 nocentibus.
2928 4715 3021 4770 ille
3061 4717 3257 4786 quippe
3287 4719 3504 4788 εειιιειη.

1925 4817 2050 4857 nem
2075 4816 2229 4857 suum
2250 4800 2316 4855 ad
2350 4801 2452 4856 hoc
2492 4800 2659 4867 fudit,
2712 4810 2771 4857 ut
2815 4812 3035 4880 peccata
3069 4815 3246 4860 nostra
3277 4804 3510 4863 deleret.

1925 4891 2077 4948 Unde
2096 4906 2224 4961 ergo
2259 4891 2350 4945 ille
2399 4903 2498 4944 nos
2527 4890 2780 4958 tenebat,
2836 4891 3072 4946 deletum
3125 4902 3208 4947 est
3251 4895 3510 4963 sanguine

1923 4981 2315 5052 Redemptoris.
2338 4980 2453 5035 Non
2481 4982 2624 5035 enim
2649 4982 2865 5036 tenebat
2886 4996 2984 5037 nos
3009 4984 3108 5038 nisi
3136 4983 3359 5040 vinculis
3384 5000 3511 5054 pec-

1923 5085 2166 5130 catorum
2208 5081 2535 5130 nostrorum.
2558 5071 2679 5129 ista:
2707 5082 2861 5129 erant
2897 5084 3102 5130 calente
3144 5077 3508 5146 captivorum.

1922 5166 2080 5222 Venit
2117 5166 2229 5229 ille,
2285 5165 2519 5236 alligavit
2555 5164 2754 5221 fortem;
2797 5167 3018 5222 vinculis
3045 5169 3306 5237 passionis
3350 5185 3503 5228 suae:

1923 5257 2136 5312 intravit
2186 5257 2239 5311 in
2291 5256 2511 5312 domum
2553 5257 2700 5328 ejus,
2752 5257 2804 5312 id
2851 5267 2968 5323 est,
3016 5258 3069 5312 in
3122 5258 3282 5314 corda
3322 5275 3506 5318 eorum

1921 5349 2008 5404 ubi
2041 5349 2153 5418 ipse
2180 5347 2480 5413 habitabat,
2522 5357 2577 5402 et
2610 5363 2742 5403 vasa
2773 5347 2889 5418 ejus
2912 5349 3136 5417 arripuit
3167 5347 3376 5420 (Matth.
3408 5367 3505 5418 xu,

1919 5439 2035 5509 29).
2065 5439 2173 5494 Nos
2203 5454 2554 5494 sumnsvasa.
2579 5438 2682 5494 Ista
2707 5439 3019 5509 impleverat
3039 5439 3128 5495 ille
3153 5441 3508 5498 amaritudine

1921 5547 2038 5587 sua.
2062 5531 2210 5587 Hanc
2236 5532 2642 5587 amaritudinem
2668 5533 2828 5587 etiam
2854 5541 3040 5586 nostro
3077 5530 3422 5601 Redemptori
3454 5535 3506 5588 iu

1925 5623 2054 5678 felle
2090 5622 2408 5693 propinavit.
2447 5623 2770 5693 impleverat
2809 5639 2935 5694 ergo
2985 5637 3082 5678 nos
3128 5621 3216 5678 ille
3259 5632 3508 5694 tanquam

1926 5728 2051 5770 vasa
2079 5727 2171 5768 sua
2207 5731 2217 5767 :
2254 5711 2507 5770 Dominus
2531 5725 2706 5770 autem
2740 5725 2920 5771 noster
2945 5711 3206 5785 arripiens
3239 5729 3362 5772 vasa
3383 5715 3514 5786 ejus.
