3850 6188
361 301 468 358 7'27

359 425 416 473 et
439 431 537 473 sua
569 415 769 473 faciens
791 459 807 486 ,
845 413 982 469 fudit
1008 411 1414 468 amaritudinem
1443 455 1457 479 ,
1490 411 1728 482 implevit
1761 411 1945 466 dulce—

362 511 508 565 dine.

435 603 490 657 '5.
519 599 781 656 Amandus
801 597 1049 655 Christus.
1077 598 1227 654 Exeo
1246 597 1382 670 quod
1405 597 1538 652 Deus
1557 597 1694 668 fecit,
1710 595 1949 652 credibile

365 693 424 761 ﬁt
463 691 599 761 quod
636 690 885 760 promisit.
914 691 1170 745 Amemus
1217 705 1345 759 ergo
1399 705 1520 744 cum
1547 728 1561 753 ,
1607 689 1730 754 quia
1773 686 1948 741 dulcis

359 790 462 836 est.
494 780 724 845 Gustate,
755 789 803 834 et
841 781 1000 836 ridete
1038 781 1156 852 quia
1193 781 1359 835 suavis
1385 787 1460 834 est
1493 777 1741 832 Dominus
1773 776 1944 848 (Psal.

361 889 563 940 χχχιιι,
607 870 685 944 9).
730 873 1022 928 Timendus
1068 881 1183 938 est,
1235 873 1328 928 sed
1377 872 1495 942 plus
1537 869 1796 925 amandus
1843 877 1945 924 est.

359 964 537 1020 llomo
582 973 637 1019 et
688 964 828 1020 Deus
881 976 1162 1020 estzunus
1199 963 1444 1020 Christus
1497 963 1658 1018 homo
1703 971 1758 1018 ct
1806 961 1949 1016 Deus

361 1066 478 1120 est;
513 1057 783 1128 quomodo
824 1073 960 1112 unus
1000 1056 1194 1122 homo,
1246 1056 1421 1110 anima
1458 1063 1512 1110 et
1564 1069 1758 1124 corpus
1792 1069 1805 1106 :
1841 1068 1948 1108 non

359 1157 539 1204 autem
588 1150 730 1204 Deus
775 1159 831 1204 et
892 1149 1052 1204 homo
1117 1149 1239 1204 dure
1306 1163 1571 1219 personrc.
1624 1147 1681 1201 lu
1735 1145 1948 1225 Christo

362 1239 488 1294 duae
522 1250 647 1295 sunt
693 1240 907 1311 quidem
939 1239 1277 1303 substantia,
1331 1239 1472 1294 Deus
1524 1249 1577 1294 et
1629 1239 1823 1310 homo:
1853 1236 1947 1292 sed

366 1347 470 1386 una
526 1347 775 1402 persona,
827 1341 886 1387 ut
928 1331 1160 1387 Trinitas
1214 1339 1458 1396 maneat,
1505 1346 1611 1384 non
1661 1328 1950 1384 accedente

361 1421 582 1479 homine
625 1423 952 1493 quaternitas
981 1422 1091 1477 ﬁat.
1132 1421 1412 1489 Quomodo
1440 1436 1569 1490 ergo
1611 1420 1724 1474 fieri
1774 1426 1951 1488 potest

367 1521 427 1567 ut
471 1514 640 1569 nostri
697 1529 802 1568 non
845 1514 1164 1568 misereatur
1213 1513 1385 1578 Deus,
1437 1519 1653 1580 propter
1690 1523 1824 1580 quos
1852 1507 1950 1562 ho—

364 1620 455 1658 mo
484 1601 655 1658 factus
685 1613 769 1659 est
815 1604 992 1659 Deus?
1031 1603 1249 1658 Multum
1288 1611 1370 1656 est
1413 1601 1552 1671 quod
1607 1600 1728 1654 fecit
1752 1617 1764 1652 :
1789 1597 1952 1652 mira-

361 1695 522 1750 bilius
550 1695 794 1765 estquod
822 1695 972 1758 fecit,
1002 1711 1158 1766 quam
1195 1694 1338 1765 quod
1387 1691 1664 1764 promisit;
1697 1699 1751 1745 et
1780 1705 1847 1745 ex
1883 1703 1950 1744 eo

360 1788 503 1856 quod
526 1788 648 1842 fecit
663 1830 676 1850 ,
700 1788 957 1843 debemus
973 1786 1192 1842 credere
1219 1787 1359 1857 quod
1380 1785 1644 1856 promisit.
1664 1784 1776 1839 Hoc
1803 1781 1949 1838 enim

361 1878 504 1947 quod
533 1878 688 1944 fecit,
716 1879 804 1932 vix
830 1877 1207 1943 crederemus,
1242 1878 1342 1933 nisi
1384 1887 1436 1932 et
1483 1876 1810 1932 videremus.
1848 1873 1948 1930 Ubi

362 1968 640 2024 videmus?
671 1969 724 2023 In
753 1969 960 2040 populis
985 1969 1354 2036 credentibus,
1401 1970 1453 2023 in
1495 1967 1836 2022 multitudine
1877 1966 1946 2021 ad

361 2073 484 2113 eum
509 2059 755 2115 adducta.
783 2061 915 2128 Quia
939 2061 1209 2129 impletum
1231 2071 1330 2125 est,
1356 2061 1497 2130 quod
1530 2059 1847 2128 promissum
1866 2066 1949 2114 est

361 2144 592 2205 Abrahze
618 2169 632 2205 :
655 2160 710 2206 et
735 2166 800 2207 ex
830 2151 913 2206 his
937 2166 1057 2221 qure
1082 2150 1348 2216 videmus,
1381 2150 1649 2205 credimus
1685 2165 1804 2220 quae
1842 2164 1946 2202 non

361 2240 623 2297 videmus.
641 2240 793 2296 Unus
811 2241 972 2296 homo
995 2240 1090 2296 fuit
1105 2240 1372 2296 Abraham
1395 2282 1407 2303 ,
1431 2250 1484 2295 et
1513 2240 1712 2295 dictum
1741 2249 1824 2294 εει
1847 2239 1945 2306 illi,

361 2328 429 2385 In
457 2333 644 2386 semine
664 2335 750 2386 tuo
787 2331 1142 2386 benedicentur
1167 2348 1338 2386 omnes
1370 2341 1542 2402 gentes
1563 2329 1713 2402 (Gen.
1743 2346 1839 2397 xu,
1866 2330 1943 2400 ὅ).

359 2421 417 2478 Si
445 2422 513 2478 ad
561 2437 623 2478 se
649 2423 982 2488 attenderet,
1029 2422 1243 2493 quando
1276 2423 1554 2477 crederet?
1593 2422 1741 2478 Unus
1787 2423 1948 2478 homo

360 2523 506 2580 erat,
531 2523 587 2569 et
607 2515 718 2583 jam
744 2530 907 2570 senex
937 2521 1080 2578 erat,
1104 2523 1159 2569 et
1180 2529 1400 2569 uxorem
1429 2515 1664 2568 sterilem
1691 2515 1942 2583 habebat,

358 2611 417 2659 et
438 2614 592 2659 tetate
612 2605 723 2673 jam
750 2605 818 2659 ita
849 2619 1205 2674 progressam,
1231 2614 1287 2658 ut
1303 2605 1584 2674 concipere
1601 2619 1706 2659 non
1734 2615 1939 2676 posset,

359 2696 570 2751 etiamsi
605 2696 803 2750 sterilis
821 2711 924 2751 non
970 2695 1178 2752 fuisset.
1225 2697 1340 2752 Non
1381 2707 1498 2753 erat
1547 2712 1765 2768 prorsus
1805 2698 1947 2754 unde

359 2778 556 2858 aliquid
581 2796 906 2859 speraretur.
936 2787 1045 2844 Sed
1085 2789 1483 2860 promittentem
1527 2789 1864 2854 attendebat,
1889 2798 1943 2844 et

360 2879 613 2935 credebat
639 2880 780 2950 quod
809 2896 914 2934 non
946 2879 1175 2935 videbat.
1203 2881 1343 2936 Ecce
1389 2881 1478 2935 ille
1507 2879 1648 2950 quod
1685 2880 1940 2945 credidit,

364 2985 462 3026 nos
493 2970 752 3026 videmus.
804 2972 943 3042 Ergo
982 2987 1048 3026 ex
1101 2971 1186 3025 his
1226 2987 1344 3041 qua:
1382 2971 1644 3038 videmus,
1686 2970 1945 3028 debemus

358 3048 580 3120 credere
605 3079 722 3134 quae
753 3079 859 3118 non
906 3062 1169 3118 videmus.
1217 3061 1412 3118 Genuit
1440 3060 1620 3128 Isaac,
1667 3077 1774 3117 non
1803 3063 1941 3118 vidi-

363 3172 484 3212 mus
515 3175 529 3210 :
559 3166 613 3211 et
643 3157 786 3210 Isaac
813 3155 998 3226 genuit
1026 3155 1210 3218 Jacob,
1240 3165 1295 3210 et
1325 3156 1425 3211 hac
1451 3169 1557 3209 non
1588 3153 1816 3210 vidimus
1849 3174 1863 3210 :
1888 3163 1944 3211 et

359 3245 525 3303 .laeob
549 3247 728 3316 genuit
751 3246 1028 3302 duodecim
1051 3246 1208 3312 filios,
1230 3255 1284 3301 et
1309 3246 1452 3316 ipsos
1472 3261 1576 3300 non
1602 3245 1862 3300 vidimus:
1891 3256 1946 3301 et

358 3339 639 3394 duodecim
683 3338 775 3393 filii
828 3337 945 3408 ejus
993 3345 1290 3408 genuerunt
1334 3337 1587 3407 pepulum
1616 3335 1806 3402 Israel;
1833 3351 1945 3391 ma-

357 3447 520 3502 gnum
552 3431 800 3502 populum
831 3429 1091 3485 videmus.
1140 3428 1256 3484 .lam
1308 3428 1446 3498 θαιρὶ
1491 3443 1552 3482 ea
1597 3428 1778 3483 dicere
1821 3443 1941 3498 qua:

361 3521 620 3576 videmus.
653 3521 725 3576 De
748 3521 941 3590 populo
972 3519 1136 3575 lsrael
1180 3529 1303 3573 nata
1349 3528 1431 3574 est
1475 3519 1623 3588 virgo
1662 3518 1846 3583 Maria,
1891 3528 1945 3574 et

361 3615 566 3686 peperit
610 3613 917 3680 Christum;
959 3621 1014 3668 et
1059 3626 1186 3667 ecce
1217 3613 1268 3665 iu
1313 3611 1529 3667 Christo
1558 3611 1944 3666 benedicuntur

359 3719 548 3760 omnes
571 3713 775 3775 gentes.
805 3703 943 3772 Quid
969 3702 1186 3758 verius?
1212 3702 1337 3772 quid
1365 3702 1603 3756 certius?
1629 3703 1756 3772 quid
1794 3717 1942 3772 aper-

360 3795 501 3850 tius?
527 3794 834 3850 Desiderate
860 3809 1066 3850 mecum
1112 3793 1344 3848 futurum
1365 3793 1639 3858 saeculum,
1680 3793 1770 3862 qui
1813 3808 1943 3848 con-

358 3887 560 3957 gregali
599 3885 731 3942 estis
782 3900 848 3941 ex
895 3884 1171 3941 Gentibus.
1215 3884 1273 3940 In
1327 3884 1428 3939 hoc
1479 3885 1673 3940 steculo
1705 3886 1944 3956 implevit

359 3977 500 4032 Deus
525 3978 844 4046 promissum
873 3991 1025 4032 suum
1053 3975 1121 4031 de
1149 3976 1356 4031 semine
1384 3974 1632 4030 Abrahae.
1661 3975 1940 4042 Quomodo

359 4080 489 4139 ergo
509 4082 614 4122 non
639 4067 787 4122 dabit
820 4067 971 4122 nobis
1003 4075 1200 4121 :nterua
1226 4066 1487 4136 promissa
1505 4080 1598 4120 sua
1619 4106 1635 4130 ,
1662 4079 1796 4134 quos
1817 4065 1944 4137 fecit

359 4173 485 4214 esse
507 4173 688 4213 semen
719 4156 984 4213 Abrahae?
1030 4157 1141 4212 Hoc
1186 4157 1328 4211 enim
1359 4156 1490 4211 dicit
1533 4155 1856 4226 Apostolus:
1882 4157 1944 4211 Si

357 4259 527 4304 autem
551 4265 634 4303 vos
661 4246 869 4313 Christi,
907 4248 1148 4318 Apostoli
1189 4247 1350 4303 verba
1381 4255 1538 4312 sunt,
1570 4263 1687 4318 ergo
1727 4246 1943 4300 Abrahae

357 4357 523 4394 semen
545 4341 662 4394 estis
693 4339 889 4410 (Gatat.
920 4354 998 4403 tu,
1027 4337 1142 4409 29).

428 4433 484 4486 4.
527 4431 679 4496 Quod
699 4430 928 4500 prwstitit
957 4428 1208 4494 Christus,
1234 4429 1512 4483 mirabilius
1541 4438 1611 4484 est
1636 4445 1786 4496 quam
1806 4429 1942 4497 quod

362 4522 633 4594 promittit.
677 4521 920 4590 Magnum
947 4518 1140 4588 aliquid
1185 4519 1444 4588 cepimus
1499 4533 1652 4585 esse;
1695 4533 1852 4573 nemo
1885 4534 1944 4574 se

356 4617 666 4667 contemnat
694 4626 709 4662 :
741 4609 871 4663 nihil
895 4607 1128 4674 fuimus;
1175 4608 1268 4663 sed
1321 4607 1514 4678 aliquid
1543 4623 1745 4662 sumus.
1797 4609 1945 4664 Dixi-

357 4720 478 4760 mus
501 4703 728 4758 Domino
751 4744 766 4769 ,
795 4701 1050 4758 Memento
1075 4702 1195 4773 quia
1226 4701 1389 4772 pulvis
1408 4717 1580 4755 sumus
1611 4699 1790 4774 (Psal.
1837 4719 1906 4758 cu
1923 4745 1939 4770 ,

357 4794 464 4870 ιι)
493 4814 507 4850 :
536 4795 631 4852 sed
653 4795 740 4851 ille
767 4795 834 4850 de
859 4794 1074 4865 pulvere
1119 4792 1391 4849 hominem
1433 4791 1556 4847 fecit
1579 4833 1594 4858 ,
1636 4800 1691 4846 et
1736 4794 1942 4863 pulveri

355 4889 518 4944 vitam
548 4888 732 4955 dedit,
761 4896 814 4943 et
840 4887 890 4941 in
921 4884 1132 4942 Christo
1161 4885 1384 4940 Domino
1405 4893 1587 4940 nostro
1628 4883 1739 4954 jam
1769 4885 1941 4952 ipsum

355 4980 628 5050 pulverem
653 4977 724 5033 ad
749 4977 868 5034 coeli
896 4991 1055 5049 regua
1098 4975 1359 5047 perduxit.
1388 4975 1520 5042 Quia
1569 4974 1691 5030 hinc
1739 4975 1944 5046 accepit

354 5087 608 5136 carnem,
654 5069 780 5125 hinc
818 5069 1022 5140 accepit
1063 5078 1290 5136 terram,
1341 5077 1396 5124 et
1426 5077 1620 5124 terram
1661 5069 1855 5124 levavit
1887 5069 1941 5124 in

356 5163 573 5226 calum,
605 5161 694 5233 qui
724 5159 847 5216 fecit
873 5169 1068 5215 terram
1097 5169 1153 5216 et
1174 5161 1390 5217 caelum.
1421 5159 1476 5215 Si
1515 5175 1646 5231 ergo
1687 5159 1806 5215 dua:
1853 5175 1942 5216 res

358 5269 510 5308 novae
540 5253 714 5307 adhuc
739 5267 843 5306 non
867 5251 1018 5306 facta:
1047 5261 1474 5322 proponerentur
1516 5253 1690 5318 nobis,
1722 5261 1775 5307 et
1795 5269 1942 5323 qua:-

356 5353 568 5401 reretur
592 5359 620 5396 a
648 5343 802 5398 nobis
821 5384 836 5410 ,
860 5343 994 5410 Quid
1021 5353 1103 5399 est
1129 5343 1446 5408 mirabilius,
1480 5351 1534 5397 ut
1559 5344 1648 5413 qui
1691 5345 1830 5399 Deus
1859 5354 1943 5400 est

357 5434 449 5489 flat
476 5434 637 5488 homo
655 5476 670 5501 ,
698 5443 789 5488 aut
816 5433 905 5504 qui
933 5433 1094 5487 homo
1121 5443 1203 5489 est
1224 5435 1314 5488 tiat
1339 5433 1500 5488 homo
1524 5434 1650 5488 Dei?
1685 5434 1822 5502 Quid
1856 5444 1944 5490 est

358 5523 673 5591 mirabilius,
706 5523 832 5594 quid
854 5533 936 5579 est
979 5523 1284 5580 difﬁcilius?
1317 5524 1452 5594 Quid
1498 5525 1650 5579 nobis
1697 5527 1944 5596 promisit

357 5615 646 5670 Christus?
672 5615 825 5684 Quod
856 5616 1088 5671 nondum
1119 5617 1359 5674 videmus
1385 5635 1398 5674 :
1433 5618 1533 5673 hoc
1555 5628 1656 5684 est,
1690 5627 1747 5673 ut
1774 5621 1942 5675 simus

361 5708 606 5767 homines
636 5707 826 5782 ipsius,
849 5717 1202 5781 ctreguemus
1228 5727 1345 5769 cum
1372 5713 1464 5770 illo
1485 5757 1498 5782 ,
1530 5724 1582 5770 et
1614 5730 1716 5771 nou
1747 5718 1937 5772 moria-

1595 298 1652 354 s.
1695 293 2057 354 aucusrtxt
2097 294 2400 352 EPISCOPI
3493 310 3579 368 7.33

2057 426 2178 466 mur
2202 412 2253 466 in
2283 421 2560 467 aeternum.
2591 411 2754 478 Quasi
2787 411 2888 468 hoc
2912 410 3128 470 difﬁcile
3153 415 3398 488 creditur,
3435 433 3486 478 ut
3503 427 3582 480 ho-

2054 516 2143 556 mo
2169 511 2323 558 natus
2349 503 2624 572 perveniat
2642 502 2708 557 ad
2743 517 2862 558 eam
2890 502 3048 558 vitam
3070 546 3086 571 ,
3109 506 3196 561 ubi
3223 525 3466 581 nunquam
3485 531 3582 570 mo-

2054 593 2240 648 riatur.
2270 593 2381 648 Hoc
2407 603 2486 648 est
2512 593 2651 663 quod
2679 609 2913 649 excusso
2949 595 3109 651 corde
3135 598 3404 667 credimus,
3425 619 3587 660 excus-

2051 701 2116 742 so
2144 685 2266 742 dico
2291 701 2320 741 a
2343 687 2522 741 mundi
2555 687 2789 758 pulvere,
2813 703 2880 742 ne
2905 687 3019 758 ipse
3042 689 3209 757 pulvis
3247 693 3440 748 claudat
3458 698 3588 754 nobis

2052 779 2236 834 oculos
2258 777 2398 834 fidei.
2432 779 2544 834 lloc
2563 789 2645 833 est
2668 778 2808 849 quod
2823 779 3072 849 iubemur
3094 781 3332 850 credere,
3351 787 3462 854 quia
3487 803 3589 845 cum

2051 868 2247 923 mortui
2276 867 2550 934 fuerimus,
2597 870 2760 924 etiam
2809 885 2930 924 cum
2957 870 3264 942 corporibus
3310 879 3511 933 mortuis
3548 882 3590 936 in

2054 961 2159 1016 vita
2180 963 2414 1029 erimus,
2443 962 2530 1017 ubi
2578 977 2850 1032 nunquam
2899 963 3204 1018 moriamur.
3249 965 3469 1023 Mirabile
3507 970 3592 1028 huc

2053 1063 2136 1110 est
2168 1072 2181 1108 :
2214 1055 2308 1110 sed
2337 1054 2632 1110 mirabilius
2659 1053 2903 1124 estquod
2934 1053 3057 1109 fecit
3092 1055 3346 1111 Christus.
3373 1057 3496 1126 Quid
3524 1073 3592 1117 est

2052 1148 2196 1202 enim
2220 1147 2602 1213 incredibilius,
2631 1154 2690 1200 ut
2713 1146 2856 1201 vivat
2882 1162 3094 1216 semper
3118 1147 3274 1201 homo
3291 1190 3306 1215 ,
3333 1159 3418 1202 aut
3437 1159 3490 1204 ut
3512 1153 3590 1205 ali-

2056 1237 2270 1306 quando
2295 1237 2553 1292 moriatur
2580 1237 2764 1292 Deus?
2807 1237 3067 1306 Accipere
3109 1237 3345 1294 homines
3385 1241 3529 1296 vitam
3567 1260 3593 1300 τι

2057 1327 2168 1383 Deo
2194 1327 2502 1384 credibilius
2537 1335 2623 1382 est
2646 1327 2670 1380 ?
2690 1327 2934 1396 accipere
2965 1329 3131 1383 Deum
3171 1338 3387 1385 mortem
3410 1333 3472 1386 ab
3510 1332 3593 1386 ho-

2054 1418 2308 1485 minibus,
2336 1427 2464 1488 puto
2487 1421 2609 1490 quia
2641 1419 3005 1475 incredibilius
3032 1430 3133 1476 est.
3170 1421 3237 1476 Et
3261 1422 3379 1491 .jam
3426 1423 3594 1481 factum

2053 1517 2176 1564 est:
2219 1508 2502 1565 credamus
2530 1519 2584 1566 et
2627 1511 2769 1582 quod
2813 1511 3048 1566 futurum
3093 1520 3196 1568 est.
3231 1513 3286 1568 Si
3325 1513 3501 1570 factum
3528 1528 3596 1572 est

2053 1599 2195 1669 quod
2225 1608 2307 1655 est
2327 1599 2710 1668 incredibilius,
2739 1617 2846 1658 non
2877 1603 3034 1659 nobis
3055 1602 3202 1659 dabit
3225 1605 3362 1676 quod
3388 1616 3463 1661 est
3492 1624 3595 1663 cre-

2052 1689 2308 1748 dibilius?
2343 1690 2540 1747 Potens
2559 1701 2642 1748 est
2659 1695 2802 1748 enim
2831 1694 2974 1750 Deus
2999 1695 3234 1766 Angelos
3277 1696 3499 1753 homines
3529 1699 3596 1753 fa-

2052 1795 2212 1850 cere,
2259 1781 2350 1853 qui
2375 1783 2578 1839 semina
2610 1793 2821 1840 terrena
2848 1795 2903 1841 et
2942 1785 3214 1842 horribilia
3265 1786 3490 1843 homines
3533 1790 3598 1844 fe-

2052 1871 2143 1926 cit.
2173 1871 2308 1942 Quid
2333 1873 2578 1930 erimus?
2601 1875 2808 1946 Angeli.
2838 1876 2976 1944 Quid
3008 1876 3240 1933 fuimus!
3268 1877 3430 1934 Pudet
3453 1895 3598 1935 recor-

2055 1962 2170 2018 dari
2203 1979 2407 2035 :cogor
2435 1965 2799 2033 considerare,
2848 1976 2909 2029 et
2962 1967 3226 2024 erubesco
3253 1969 3440 2025 dicere.
3480 1971 3598 2037 Quid

2052 2053 2285 2111 fuimus?
2325 2056 2478 2113 Unde
2505 2058 2646 2114 Deus
2671 2057 2914 2115 homines
2941 2060 3101 2115 fecit?
3125 2061 3260 2128 Quid
3307 2061 3492 2117 fuimus
3515 2080 3599 2117 an-

2055 2156 2265 2217 tequam
2320 2150 2540 2204 omnino
2589 2151 2872 2206 essemus?
2922 2151 3073 2207 Nihil
3119 2169 3345 2210 eramus.
3407 2154 3600 2221 Quando

2052 2235 2106 2290 in
2128 2237 2402 2293 ventribus
2443 2248 2670 2294 matrum
2700 2256 2936 2308 eramus,
2960 2241 3093 2312 quid
3141 2245 3381 2299 eramus?
3425 2245 3600 2300 Sufﬁcit

2051 2325 2193 2395 quod
2221 2327 2473 2383 recolitis.
2501 2329 2693 2384 Tollite
2721 2331 2928 2386 animos
2951 2332 3021 2387 ab
3052 2347 3119 2388 eo
3149 2332 3285 2388 unde
3315 2333 3426 2389 facti
3454 2322 3597 2400 Vestis,

2051 2425 2105 2472 et
2123 2418 2351 2487 cogitate
2371 2419 2513 2490 quod
2541 2421 2690 2476 estis.
2744 2421 2934 2480 Vivitis
2968 2440 2980 2476 :
3009 2422 3107 2478 sed
3151 2424 3332 2478 vivunt
3353 2433 3403 2478 et
3447 2423 3600 2478 herbe

2053 2516 2108 2565 et
2149 2509 2392 2565 arbores.
2442 2510 2704 2566 Sentitis:
2745 2512 2981 2567 sentiunt
3022 2523 3082 2569 et
3120 2529 3330 2584 pecora.
3382 2513 3601 2568 Homines

2051 2600 2217 2656 estis:
2249 2615 2438 2670 pecora
2471 2601 2766 2670 transistis,
2797 2603 3110 2673 superiores
3156 2604 3426 2674 pecoribus
3466 2603 3599 2668 estis;

2051 2689 2174 2760 quia
2204 2691 2497 2762 intelligitis
2525 2702 2719 2764 quanta
2748 2694 2994 2763 praestitit
3015 2696 3194 2751 nobis.
3226 2694 3424 2760 Vivitis,
3455 2695 3600 2750 scuti-

2052 2779 2140 2846 tis,
2170 2780 2482 2852 intelligitis,
2517 2781 2762 2838 homines
2801 2785 2952 2840 estis.
3008 2785 3121 2841 lsto
3149 2795 3321 2842 autem
3374 2785 3602 2840 beneﬁcio

2051 2869 2178 2940 quid
2222 2873 2521 2941 comparari
2546 2875 2756 2944 potest?
2781 2873 3074 2930 Christiani
3103 2877 3252 2932 estis.
3282 2876 3390 2930 lloc
3411 2875 3537 2929 enim
3565 2873 3604 2928 si

2051 2977 2158 3018 non
2188 2965 2571 3034 acceperimus,
2595 2965 2721 3036 quid
2761 2968 2915 3022 nobis
2945 2969 3229 3038 prodesset
3255 2969 3373 3039 quia
3394 2967 3604 3021 homines

2051 3056 2330 3110 essemus?
2359 3053 2644 3112 Christiani
2691 3073 2818 3128 ergo
2849 3073 3070 3127 sumus,
3105 3059 3172 3116 ad
3199 3059 3456 3115 Christum
3503 3072 3605 3126 pero

2051 3144 2519 3202 tinetuus.S:eviat
2561 3148 2814 3215 mundus,
2848 3165 2953 3204 non
3006 3166 3111 3207 nos
3156 3151 3373 3221 frangit;
3402 3149 3509 3220 quia
3549 3147 3603 3201 ad

2049 3235 2320 3292 Christum
2348 3239 2698 3308 pertinemus.
2732 3241 3046 3297 Blandiatur
3093 3243 3340 3304 mundus,
3402 3257 3496 3295 non
3524 3254 3606 3293 nos

2047 3325 2284 3394 seducit;
2316 3329 2382 3384 ad
2408 3328 2677 3385 Christum
2705 3331 3057 3401 pertinemus.

2120 3422 2173 3477 5.
2215 3420 2614 3477 Christianorum
2676 3424 2766 3478 sub
2828 3434 3044 3494 patrono
3113 3426 3309 3481 Clu-isto
3374 3423 3605 3478 securitas.

2051 3512 2294 3586 Magnum
2322 3524 2602 3584 patronqu
2647 3515 2969 3584 invenimus,
3016 3517 3233 3574 fratres.
3287 3518 3454 3573 Nostis
3502 3514 3607 3585 quia

2051 3605 2276 3660 tendunt
2301 3621 2358 3661 se
2387 3605 2634 3663 homines
2657 3607 2723 3664 de
2745 3611 2980 3678 patronis
3014 3612 3153 3667 suis.
3181 3613 3391 3667 Miuanti
3440 3609 3606 3670 alicui,

2049 3696 2338 3766 respondet
2356 3697 2521 3754 cliens
2571 3699 2827 3770 majoris:
2881 3701 3044 3758 Salvo
3071 3704 3246 3774 capite
3287 3701 3476 3758 domini
3521 3699 3608 3754 mei

2050 3786 2210 3853 illius,
2239 3787 2371 3842 nihil
2395 3788 2523 3844 mihi
2549 3789 2701 3846 facis.
2727 3791 2936 3859 Quanto
2977 3793 3174 3849 fortius
3201 3804 3258 3851 et
3307 3795 3489 3850 certius
3527 3805 3609 3844 nos

2048 3877 2274 3934 dicimus
2305 3897 2318 3933 :
2351 3879 2510 3936 Salvo
2535 3884 2708 3950 capite
2732 3893 2914 3938 nostro
2935 3926 2948 3949 ,
2973 3884 3109 3941 nihil
3138 3887 3290 3940 nobis
3310 3884 3466 3940 facis?
3489 3882 3610 3949 Quo-

2049 3969 2192 4024 niam
2221 3978 2474 4041 patronus
2498 3981 2681 4028 noster
2695 3982 2854 4043 caput
2890 3984 2973 4029 est
2999 3984 3267 4031 nostrum.
3312 3977 3610 4043 Quicumque

2049 4075 2109 4115 se
2136 4061 2357 4116 tendunt
2377 4060 2442 4116 de
2467 4062 2647 4132 aliquo
2671 4062 2887 4119 homine
2916 4075 3146 4135 patrono
3169 4109 3186 4134 ,
3239 4067 3458 4122 clientes
3502 4069 3610 4116 sunt

2049 4152 2164 4222 ejus
2219 4170 2232 4206 :
2277 4167 2375 4208 nos
2420 4156 2630 4225 patroni
2677 4157 2846 4212 nostri
2885 4159 3127 4214 membra
3172 4175 3379 4216 sumus.
3415 4160 3610 4213 Prmstct

2052 4245 2207 4300 nobis
2241 4244 2316 4318 (a)
2345 4246 2396 4301 in
2428 4262 2486 4302 se
2508 4290 2523 4314 ,
2551 4257 2606 4304 et
2630 4264 2788 4304 nemo
2815 4265 2912 4304 nos
2936 4253 3132 4307 cvellat
3159 4253 3227 4307 ab
3255 4269 3339 4308 eo.
3376 4251 3608 4318 Quoniam

2049 4351 2411 4408 quoscumque
2438 4338 2488 4394 iu
2521 4338 2623 4394 hoc
2650 4340 2847 4395 mundo
2865 4341 3078 4398 labores
3104 4345 3342 4414 perpessi
3355 4343 3609 4403 fuerimus,

2051 4435 2217 4482 totum
2242 4429 2382 4498 quod
2413 4431 2600 4486 transit
2629 4432 2760 4487 nihil
2785 4441 2887 4489 est.
2918 4433 3151 4490 Venient
3179 4437 3317 4490 bona
3345 4451 3458 4505 qua:
3521 4445 3608 4485 non

2051 4519 2352 4575 transibunt
2379 4537 2392 4574 :
2425 4536 2518 4591 per
2538 4521 2748 4579 labores
2771 4523 2838 4578 ad
2865 4540 2928 4580 ea
2957 4528 3188 4582 venitur.
3213 4527 3319 4583 Sed
3365 4541 3478 4582 cum
3506 4538 3606 4593 per-

2049 4619 2265 4667 ventum
2311 4613 2502 4680 l'uerit,
2534 4630 2694 4670 nemo
2738 4615 2862 4672 inde
2904 4632 3002 4672 nos
3049 4620 3254 4674 avellit.
3309 4617 3611 4674 Clauduutur

2052 4713 2224 4774 porta:
2241 4703 2536 4761 Jerusalem
2557 4748 2573 4773 ,
2599 4708 2865 4778 accipiunt
2891 4709 3051 4764 etiam
3077 4723 3282 4777 vectes,
3335 4719 3394 4765 ut
3428 4707 3610 4764 dicatur

2050 4795 2128 4852 illi
2175 4795 2417 4853 civitati:
2467 4797 2688 4866 Lauda,
2738 4799 3065 4856 Jerusalem:
3117 4801 3429 4864 Dominum;
3475 4795 3606 4852 laudnt

2050 4885 2218 4941 Deum
2270 4897 2460 4953 tuum,
2483 4887 2631 4943 Sion.
2673 4889 2923 4956 Quoniam
2950 4893 3256 4963 confortauit
3287 4901 3439 4946 vertas
3461 4896 3599 4959 porta-

2050 4993 2164 5034 rum
2187 4986 2409 5043 tuarum,
2439 4979 2688 5033 benedixit
2715 4980 2848 5049 ﬁlios
2874 4991 2986 5035 tuos
3013 4983 3064 5034 in
3091 4991 3159 5036 te.
3193 4982 3293 5047 Qui
3319 4980 3480 5053 posuit
3501 4978 3616 5047 ﬁurs

2051 5077 2161 5123 tuos
2198 5085 2372 5138 pacem
2410 5071 2429 5139 (
2461 5069 2604 5124 Psal.
2648 5086 2842 5137 cnvu,
2891 5072 3110 5143 12-14).
3175 5074 3351 5128 Portis
3403 5069 3607 5131 clausis,

2053 5159 2294 5215 vectibus
2317 5160 2510 5226 missis,
2541 5161 2716 5218 nullus
2743 5163 2852 5218 exit
2876 5164 3099 5231 amicus,
3133 5166 3310 5220 nullus
3340 5166 3490 5219 intrat
3520 5159 3607 5213 iri-

2050 5252 2238 5306 micus.
2267 5250 2341 5307 lhi
2372 5268 2552 5307 veram
2576 5263 2630 5308 et
2657 5265 2857 5310 certam
2888 5255 3147 5312 habemus
3175 5257 3526 5322 securitatem,
3572 5248 3608 5303 Si

2053 5344 2138 5400 hic
2169 5361 2272 5399 non
2298 5347 2658 5402 dimiserimus
2681 5349 2978 5404 veritatem.

2113 5719 2184 5783 (a)
2207 5725 2361 5782 Forte,
2391 5724 2661 5772 rortetnos.
