3850 6188
130 309 222 367 7-29
1524 307 1756 377 SERSIO
1792 306 2007 365 CXXX.

573 426 809 487 sentio
833 427 1049 487 01111111
1079 433 1096 455 ·
1131 427 1233 502 (α).

137 539 206 596 De
224 516 377 598 seriis
403 539 667 615 Evangelii
683 540 921 608 Joannis,
947 558 1062 614 cap.
1082 556 1137 597 γι
1156 582 1173 608 ,
1206 538 1398 605 54-66,
1418 538 1529 594 Nisi
1551 551 1703 592 man-

195 636 509 693 ducaveritis
558 652 796 704 carnem,
831 646 926 703 etc,
967 636 1125 704 deque
1178 633 1336 691 verbis
1376 631 1608 704 Apostoli
1655 639 1702 685 et

200 727 518 784 i’saimorum
540 769 556 793 ,
598 738 777 783 contra
801 725 1108 800 Pelagianos
1130 726 1226 799 (b).

143 860 340 918 "abitu
368 862 440 917 ad
466 862 704 917 Mensam
737 863 801 919 S.
839 863 1076 934 martyris
1099 860 1343 934 Cypriani
1364 901 1382 928 ,
1425 875 1482 916 ιχ
1525 859 1700 915 calen-

468 955 563 1009 das
587 955 804 1011 octobris
820 995 839 1023 ,
870 954 953 1011 die
976 956 1227 1011 dominica
1248 953 1342 1029 (c).

195 1111 408 1170 CAPUT
443 1111 733 1170 PRIMUM.
763 1143 833 1153 —
853 1112 877 1168 1
895 1110 1157 1185 .Corporis
1172 1119 1225 1166 el
1240 1109 1499 1182 sanguinis
1513 1104 1702 1165 Christi

143 1213 500 1258 sacramentum.
515 1203 839 1259 Audivimus
856 1217 1100 1259 veraeem
1118 1202 1443 1274 Magistrum,
1461 1201 1697 1255 divinum

147 1293 526 1363 Redemptorem
550 1335 566 1362 ,
596 1294 885 1349 humanum
911 1294 1240 1351 Salvatorem
1258 1336 1275 1363 ,
1317 1292 1694 1349 commendan-

150 1395 233 1440 tem
258 1386 406 1440 nobis
431 1387 659 1457 pretium
687 1396 925 1441 nostrum
946 1428 962 1453 ,
998 1388 1310 1458 sanguinem
1331 1404 1505 1443 suum.
1529 1387 1701 1442 Locu-

148 1485 215 1530 tus
234 1484 311 1531 est
334 1476 474 1531 enim
507 1477 662 1532 nobis
682 1478 752 1533 de
779 1493 1006 1548 corpore
1032 1488 1086 1533 et
1112 1477 1368 1549 sanguine
1397 1494 1494 1533 suo
1526 1497 1540 1533 :
1571 1493 1698 1534 cor-

145 1583 226 1639 pus
251 1568 266 1600 ⁸
292 1567 423 1623 dixit
445 1573 662 1635 escam,
699 1569 1009 1640 sanguinem
1040 1579 1240 1639 potum.
1296 1569 1698 1625 Sacramentum

146 1660 353 1716 ﬁdelium
410 1669 706 1732 agnoscunt
759 1661 964 1716 ﬁdeles.
1017 1661 1309 1717 Audientes
1355 1671 1533 1718 autem
1574 1660 1699 1730 quid

145 1754 263 1809 aliud
279 1769 432 1824 quam
461 1752 682 1808 audiunt
705 1754 731 1806 ‘i
753 1753 887 1808 Cum
919 1768 1051 1825 ergo
1100 1754 1486 1809 commendans
1534 1754 1698 1809 talem

143 1860 295 1900 eseam
328 1854 382 1899 et
423 1844 584 1899 talem
633 1853 815 1914 potum
840 1845 1060 1910 diceret,
1108 1843 1228 1899 Nisi
1281 1844 1701 1898 manducaveritis

142 1952 320 1988 carnem
372 1951 535 1989 meam
557 1976 575 2001 ,
630 1944 678 1990 et
714 1935 935 1990 biberitis
979 1936 1275 2007 sanguinem
1324 1953 1529 2002 nteant,
1598 1951 1699 1989 non

145 2025 359 2079 habebitis
386 2025 538 2080 vitam
565 2026 618 2079 in
640 2026 776 2080 vobis
806 2026 882 2096 (et
908 2026 1009 2082 hoc
1035 2026 1237 2083 diceret
1272 2026 1340 2082 de
1389 2027 1494 2088 vita
1512 2067 1529 2093 ,
1581 2028 1699 2097 quis

148 2119 265 2175 alius
283 2134 432 2190 quam
462 2119 575 2188 ipsa
600 2118 752 2172 vita?
794 2118 1104 2173 Eritautem
1161 2119 1234 2174 illi
1290 2118 1488 2173 homini
1527 2135 1696 2184 mors,

151 2224 241 2263 non
269 2209 385 2276 vita,
412 2209 501 2278 qui
532 2207 840 2264 mendacem
874 2208 1137 2278 putaverit
1168 2208 1329 2263 vitam
1356 2206 1375 2280 )
1406 2225 1421 2274 ;
1478 2208 1700 2263 scanda-

149 2297 271 2352 liuti
291 2307 404 2353 sunt
426 2297 673 2368 discipuli
701 2298 835 2368 ejus,
865 2313 971 2352 non
991 2299 1205 2369 quidem
1230 2313 1440 2358 omnes.
1470 2299 1562 2354 sed
1587 2299 1702 2369 plu-

149 2389 291 2457 rimi,
328 2389 560 2444 dicentes
584 2389 726 2460 apud
767 2404 826 2444 se
865 2390 1028 2460 ipsos,
1063 2387 1235 2444 Durus
1281 2398 1354 2443 est
1384 2389 1465 2443 hic
1492 2405 1655 2443 sermo
1679 2430 1695 2456 ,

148 2483 242 2552 quis
273 2499 377 2536 eum
423 2491 585 2554 potest
632 2482 843 2536 audire?
874 2480 1007 2537 Cum
1066 2492 1243 2536 autem
1298 2481 1399 2536 hoc
1444 2481 1700 2536 Dominus

148 2572 265 2643 apud
303 2577 643 2644 semetipsum
690 2573 1044 2643 cdgnovisset,
1074 2583 1129 2628 et
1181 2588 1448 2627 murmura
1497 2573 1700 2642 cogita-

149 2663 318 2719 tionis'
341 2664 604 2730 audisset,
638 2664 1012 2735 cogitantibus,
1066 2679 1167 2721 nec
1192 2679 1322 2719 voce
1388 2664 1703 2721 sonantibus

147 2754 413 2824 respondit,
444 2765 504 2811 ut
530 2771 591 2813 se
614 2755 825 2811 auditos
863 2770 985 2811 esse
1013 2764 1438 2826 cognoscerent,
1477 2764 1531 2810 et
1578 2755 1700 2812 talia

144 2846 351 2914 cogitare
376 2845 701 2902 desinerent.
763 2845 898 2914 Quid
925 2862 1053 2918 ergo
1094 2847 1409 2918 respondit?
1455 2846 1567 2901 Hoc
1613 2864 1701 2903 vos

143 2935 470 2989 scandalizat?
506 2934 569 2990 Si
596 2951 714 3008 ergo
752 2936 977 2990 videritis
1011 2935 1208 2991 Filium
1258 2937 1476 2991 hominis
1525 2954 1703 2992 ascen-

144 3022 318 3077 dentem
351 3024 434 3078 ubi
461 3033 566 3078 erat
595 3026 736 3096 prius
757 3026 783 3080 ?
816 3025 953 3094 Quid
983 3027 1083 3082 sibi
1114 3027 1259 3091 vult,
1301 3027 1408 3082 Hoc
1440 3045 1527 3083 vos
1552 3046 1701 3082 scan-

149 3112 354 3168 dalizat?
377 3115 580 3171 Putatis
608 3116 731 3187 quia
761 3116 828 3173 de
853 3117 955 3174 hoc
982 3133 1208 3189 corpore
1235 3135 1355 3174 meo
1380 3120 1521 3191 quod
1547 3121 1699 3176 vide-

146 3203 221 3269 tis,
253 3214 419 3274 partes
442 3204 677 3263 facturus
704 3222 854 3276 sum,
888 3217 940 3265 et
962 3211 1199 3266 membra
1231 3226 1347 3267 mea
1365 3212 1698 3280 concisurus,

142 3299 344 3354 etvobis
364 3299 586 3357 daturus
606 3300 631 3356 τ
654 3301 793 3371 Quid
815 3345 832 3371 ,
863 3304 908 3358 si
932 3319 1050 3374 ergo
1083 3304 1302 3358 videritis
1330 3303 1518 3359 Filium
1540 3305 1703 3359 homi-

143 3390 213 3445 nis
234 3392 568 3449 ascendentem
598 3394 681 3449 ubi
700 3406 806 3450 erat
846 3396 1022 3466 prius?
1046 3395 1204 3452 Certe
1250 3398 1337 3469 qui
1367 3398 1570 3468 integer
1609 3413 1701 3452 as-

97 3480 101 3483 “
142 3484 351 3542 cendere
378 3488 567 3557 potuit,
595 3488 837 3544 consumi
861 3505 963 3545 non
987 3491 1174 3561 potuit.
1208 3490 1349 3562 Ergo
1377 3493 1522 3547 etde
1583 3507 1702 3547 cor-

140 3586 332 3642 poreae
353 3578 608 3646 sanguine
626 3593 724 3634 suo
749 3578 893 3635 dedit
942 3580 1098 3637 nobis
1144 3581 1412 3637 salubrem
1457 3581 1703 3637 refectio-

145 3677 277 3731 nem,
304 3674 470 3722 ettam
503 3683 749 3739 magnam
777 3669 1011 3725 breviter
1029 3670 1261 3726 solvitde
1277 3685 1371 3726 sua
1399 3672 1700 3742 integritate

139 3754 488 3822 quastionem.
512 3757 829 3813 Manducent
848 3774 975 3831 ergo
991 3761 1078 3831 qui
1096 3760 1436 3828 manducant,
1456 3770 1509 3816 et
1522 3761 1702 3818 bibant

136 3842 216 3911 qui
261 3843 468 3912 bibunt;
500 3848 737 3902 esuriant
761 3858 811 3904 et
842 3848 1049 3904 sitiant:
1080 3851 1241 3904 vitam
1265 3850 1605 3916 manducent,
1624 3852 1704 3906 vi-

136 3939 233 3988 tam
244 3935 438 3992 bibant.
451 3938 585 3993 Illud
599 3939 936 4007 manducare,
955 3941 1101 3996 reﬁci
1119 3948 1221 3996 est:
1243 3940 1338 3997 sed
1354 3941 1430 3997 sic
1443 3942 1698 4011 reﬁceris,

137 4033 189 4079 ut
223 4041 327 4082 non
361 4029 574 4084 detlciat
599 4029 739 4085 unde
757 4030 1014 4086 reliceris.
1038 4030 1168 4086 illud
1209 4030 1395 4087 bibere
1423 4031 1548 4101 quid
1596 4041 1698 4099 est,

135 4115 229 4171 nisi
242 4119 437 4176 vivere?
458 4120 712 4176 Mantinea
728 4121 890 4175 vitam
907 4162 921 4188 ,
937 4121 1058 4177 bibe
1069 4122 1230 4177 vitam
1250 4140 1265 4176 :
1282 4122 1503 4178 habebis
1517 4124 1699 4192 vitam,

134 4218 182 4263 et
195 4208 388 4283 integra
404 4222 484 4269 est
498 4215 626 4268 vita.
650 4213 799 4269 Tunc
812 4220 991 4269 autem
1012 4213 1114 4269 hoc
1128 4214 1248 4280 erit,
1267 4213 1317 4269 id
1335 4225 1437 4280 est,
1459 4215 1564 4270 vita
1586 4215 1703 4270 uni-

134 4301 314 4372 cuique
354 4306 453 4361 erit
507 4320 705 4376 corpus
726 4306 1042 4377 etsanguis
1082 4305 1316 4372 Christi;
1365 4308 1409 4362 si
1450 4307 1593 4378 quod
1648 4310 1701 4364 in

134 4390 467 4453 Sacramento
497 4398 775 4453 visibiliter
800 4399 1049 4464 sumitur,
1082 4399 1133 4453 in
1160 4399 1274 4469 ipsa
1318 4399 1546 4455 veritate
1591 4400 1703 4470 spi-

135 4486 383 4546 ritualiter
400 4490 770 4558 manducetur,
812 4490 1161 4562 Spiritualiter
1191 4490 1424 4547 bibatur.
1479 4491 1702 4547 Audivi-

190 4646 207 4676 ³
244 4655 341 4695 run.
379 4653 434 4697 et
454 4653 550 4707 an,
573 4644 701 4710 quod
741 4657 932 4710 corpus.
971 4645 1271 4709 Itannseripti
1307 4658 1458 4708 vero,
1502 4658 1706 4710 quorum

134 4716 413 4819 ωζᾜὲἠςε.
438 4776 494 4819 At
517 4767 655 4830 editi,
672 4780 891 4820 murmur
911 4749 971 4818 ac
989 4766 1312 4832 cogitationes.

186 4853 205 4870 ⁹
229 4854 514 4904 rmcndatns
547 4859 625 4903 est
657 4853 716 4902 ad
740 4860 844 4903 tres
879 4852 962 4902 bn.
986 4852 1045 4902 ad
1061 4864 1108 4902 a.
1132 4851 1195 4903 cl.
1218 4852 1297 4902 cb.
1322 4851 1356 4901 t‘.
1382 4850 1440 4902 l's.
1457 4863 1531 4915 gr.
1553 4851 1612 4900 lr.
1638 4864 1704 4901 m.

126 4925 197 4975 μ’.
222 4928 313 4964 nn.
336 4916 414 4965 vd.
430 4924 533 4964 Am.
556 4921 629 4965 Er.
655 4922 757 4963 Par.
779 4921 891 4964 nov.

277 4998 1038 5132 fet
1055 5060 1253 5132 quidem
1274 5057 1332 5132 ad
1356 5064 1373 5107 ι
1393 5064 1497 5132 (ξος.
1523 5072 1577 5118 x,
1598 5072 1707 5110 ser-

125 5120 318 5185 monem
333 5120 550 5185 appellat
576 5121 675 5171 «de
695 5134 900 5185 corpore
935 5128 987 5171 et
1017 5120 1259 5185 sanguine
1294 5120 1507 5185 Domini;
1533 5136 1556 5165 11
1585 5134 1706 5183 quo-

124 5183 264 5232 11111110
296 5179 502 5247 Alg'ésus
519 5191 687 5247 contra
721 5179 1081 5247 Be‘rengarium.
1109 5179 1180 5232 'At
1215 5183 1264 5230 in
1297 5179 1576 5247 Philippa,
1600 5179 1708 5232 Ser-

126 5256 313 5293 tmnem
352 5241 466 5306 ide
507 5245 676 5293 verbis
700 5241 905 5306 Apostoli
939 5242 971 5291 2
991 5261 1013 5289 11
1044 5250 1197 5293 vocat.
1222 5251 1324 5301 Quo
1359 5241 1553 5306 1000111
1588 5258 1704 5306 vera

124 5305 267 5369 Beda:
296 5305 586 5369 collectione
627 5303 978 5369 manuscripta,
1013 5306 1187 5355 dicitur
1220 5316 1382 5354 sermo
1425 5321 1447 5349 11
1469 5304 1563 5364 de,
1606 5303 1707 5356 Nisi

122 5365 540 5424 manducamus,
564 5383 587 5412 ι
616 5373 718 5417 etc.

182 5429 252 5490 (ε)
274 5436 447 5479 [omni
470 5436 523 5477 et
551 5427 682 5477 diem
706 5427 854 5477 habiti
878 5428 1116 5490 sermonis
1136 5428 1201 5478 ita
1226 5431 1543 5490 praenotatum
1567 5438 1709 5490 acce-

124 5488 276 5552 timus
321 5504 383 5539 ex
426 5490 584 5539 veteri
610 5490 794 5552 codice
836 5489 1143 5539 bibliotheca:
1192 5488 1270 5537 PP.
1316 5488 1707 5552 (listct‘eieusium

120 5548 162 5599 ἐ.
183 5554 347 5613 mrcis
368 5554 416 5600 in
437 5549 708 5613 Jerusalem
725 5551 791 5600 de
815 5552 956 5613 Urbe.
995 5552 1108 5600 Dies
1138 5562 1291 5613 porro,
1303 5548 1707 5613 dominitmscum

124 5628 243 5665 nam
262 5612 492 5665 calendas
513 5612 724 5662 octobris
753 5612 1047 5662 coincidebat
1089 5610 1216 5661 anno
1242 5611 1330 5659 M7
1349 5644 1363 5669 ,
1398 5618 1450 5659 et
1480 5610 1539 5659 ad
1578 5611 1708 5661 hunc

124 5676 273 5737 ilannn
291 5675 357 5724 de
380 5675 506 5723 facto
535 5685 712 5737 annum
736 5674 982 5735 pertinent
1006 5672 1282 5737 Apostolieae
1306 5670 1440 5721 Sedis
1467 5674 1702 5736 rescripta

151 5754 180 5788 e
202 5739 379 5800 quibus
402 5737 478 5787 hic
500 5739 554 5788 in
572 5734 667 5793 fine
690 5734 945 5786 sermonis.

3286 312 3392 368 T50

1806 437 1927 478 mus
1950 423 2093 478 enim
2142 422 2315 494 ipsum
2358 422 2643 478 Dominum
2690 422 2953 480 dicentem
2980 467 2995 491 ,
3045 425 3272 499 Spiritus
3317 438 3392 481 est

1807 514 1895 583 qui
1930 514 2167 582 eisi/icat,
2197 529 2318 567 caro
2345 524 2513 569 autem
2537 531 2637 569 non
2662 514 2864 587 prodest
2889 516 3184 587 quidquam.
3229 515 3393 571 Verba

1806 619 1921 675 qua
1940 605 2135 659 locutus
2157 620 2271 658 sum
2301 604 2457 671 vobis,
2487 605 2694 674 spiritus
2722 615 2767 660 et
2798 606 2897 659 vita
2924 616 3057 660 sunt.
3093 605 3201 662 Sed
3241 616 3357 665 sunt
3375 648 3389 669 ,

1806 695 1998 764 inquit,
2024 696 2265 766 quidam,
2291 696 2378 766 qui
2402 713 2503 755 non
2521 698 2749 751 credunt.
2775 697 2878 768 Ipsi
2897 698 3146 754 dicebant
3166 740 3181 763 ,
3216 697 3391 752 Durus

1804 795 1877 840 est
1896 786 1979 840 his
1995 802 2159 840 sermo
2181 827 2197 851 ,
2249 787 2363 855 quis
2388 802 2501 841 eum
2528 796 2686 856 potest
2709 787 2922 843 audire?
2949 789 3121 843 Durus
3148 796 3264 854 est,
3292 787 3390 844 sed

1804 875 1954 932 duris
1984 895 2001 932 :
2031 877 2133 932 hoc
2160 886 2265 944 est,
2297 877 2639 941 incredibilis,
2668 879 2761 934 sed
2793 880 3102 937 incredulis.

1875 967 2101 1024 CAPUT
2132 966 2195 1023 11.
2220 969 2360 1023 -2.
2395 967 2552 1023 Fides
2621 967 2807 1023 donum
2835 968 2949 1024 Dei.
2993 967 3184 1025 Gratia:
3202 971 3385 1025 violen-

1805 1058 1877 1112 tia
1889 1059 2079 1113 suavis.
2102 1058 2205 1114 Sed
2234 1069 2292 1117 ut
2309 1058 2524 1114 doceret
2540 1075 2636 1113 nos
2652 1059 2810 1114 etiam
2825 1060 2996 1128 ipsum
3017 1059 3236 1115 credere
3257 1059 3381 1115 doni

1804 1165 1946 1216 esse,
1964 1166 2068 1205 non
2087 1151 2264 1207 meriti
2285 1168 2301 1205 :
2322 1151 2487 1217 Sicut,
2507 1151 2698 1219 inquit,
2716 1151 2825 1205 dixi
2844 1151 2999 1216 vobis,
3014 1169 3161 1206 neruo
3173 1155 3302 1207 venit
3321 1155 3391 1207 ad

1805 1258 1903 1308 me,
1946 1242 2043 1296 nisi
2066 1242 2148 1296 cui
2169 1242 2345 1296 datum
2365 1242 2514 1312 fuerit
2544 1259 2577 1296 a
2607 1241 2764 1299 Patre
2793 1260 2923 1297 meo.
2957 1243 3058 1300 Ubi
3087 1253 3265 1299 autem
3288 1244 3390 1299 hoc

1805 1333 2061 1389 Dominus
2125 1333 2359 1398 dixerit,
2414 1333 2459 1388 si
2511 1333 2793 1403 superiora
2846 1333 3116 1404 Evangelii
3190 1335 3390 1389 recola-

1802 1439 1944 1491 mus,
1977 1424 2306 1480 inveniemus
2349 1440 2471 1480 cum
2500 1424 2731 1488 dixisse,
2788 1422 2955 1478 Nerua
2981 1426 3112 1479 venit
3165 1425 3234 1479 ad
3288 1442 3388 1490 me,

1803 1516 1903 1569 nisi
1931 1514 2107 1581 Pater,
2146 1516 2232 1585 qui
2264 1516 2399 1569 ntisit
2426 1532 2523 1579 mc,
2546 1516 2756 1570 traxerit
2803 1532 2916 1569 eum
2945 1514 3123 1586 (Joan.
3172 1532 3246 1582 vr,
3273 1515 3387 1587 44).

1802 1606 1919 1663 Non
1942 1606 2098 1672 dixit,
2125 1607 2378 1673 Duxerit;
2409 1607 2502 1662 sed
2522 1648 2538 1673 ,
2567 1609 2798 1661 traxerit.
2832 1607 2934 1662 Ista
2969 1608 3220 1663 violentia
3266 1624 3388 1663 cor-

1803 1696 1856 1752 di
1887 1697 1964 1762 iit,
1996 1713 2102 1752 non
2131 1698 2301 1753 carni.
2325 1698 2461 1766 Quid
2480 1713 2606 1768 ergo
2628 1698 2878 1754 miraris?
2907 1698 3097 1763 Crede,
3127 1708 3181 1753 et
3206 1686 3385 1763 venis;

1802 1802 1924 1843 ama
1943 1830 1961 1852 ,
1989 1796 2045 1843 et
2073 1788 2320 1844 traheris.
2353 1788 2430 1844 Ne
2462 1789 2739 1844 arbitreris
2769 1789 2922 1861 istam
2949 1805 3191 1860 asperam
3221 1791 3390 1845 mole-

1803 1887 2050 1949 stamque
2073 1879 2382 1934 violentiam
2415 1878 2624 1934 :dulcis
2647 1887 2762 1942 est,
2790 1878 2969 1933 suavis
2983 1889 3098 1943 est;
3129 1879 3239 1949 ipsa
3264 1894 3390 1949 sua-

1802 1970 1939 2025 vitas
1975 1979 2026 2025 te
2055 1969 2236 2025 trahit.
2277 1969 2467 2025 Nonne
2512 1968 2627 2024 ovis
2674 1968 2923 2035 trahitur,
2970 1984 3091 2024 cum
3135 1969 3390 2025 esurienti

1803 2058 1968 2115 herba
1999 2060 2364 2115 monstratur?
2393 2060 2459 2114 Et
2485 2067 2614 2129 puto
2646 2059 2769 2129 quia
2803 2074 2908 2113 non
2938 2074 3163 2130 corpore
3201 2060 3390 2129 impel-

1803 2149 1952 2213 litur,
1996 2149 2093 2204 sed
2150 2148 2418 2204 desiderio
2474 2148 2771 2219 colligatur.
2829 2148 2918 2203 Sic
2957 2157 3012 2203 et
3062 2156 3115 2202 tu
3159 2148 3277 2202 veni
3324 2149 3389 2203 ad

1802 2239 2073 2295 Christum
2104 2257 2118 2295 :
2150 2239 2260 2294 noli
2291 2240 2444 2308 longa
2476 2239 2665 2293 itinera
2714 2237 2994 2304 meditari;
3046 2237 3135 2292 ubi
3176 2237 3351 2292 credis
3372 2278 3389 2304 ,

1804 2329 1875 2386 ibi
1905 2329 2076 2384 venis.
2126 2328 2209 2384 Ad
2253 2327 2397 2382 illum
2439 2328 2581 2383 enim
2620 2328 2711 2398 qui
2767 2326 2961 2396 ubique
3011 2335 3112 2392 est,
3163 2326 3392 2381 amando

1803 2420 2037 2488 venitur,
2062 2435 2167 2473 non
2189 2417 2504 2489 navigando.
2533 2417 2637 2473 Sed
2680 2418 2932 2488 quoniam
2976 2416 3136 2471 etiam
3197 2417 3248 2471 in
3299 2418 3389 2472 tali

1804 2511 1993 2567 itinere
2036 2512 2306 2566 abundant
2336 2511 2528 2565 ﬂuetus
2573 2519 2628 2564 et
2675 2518 3016 2579 tempestates
3060 2510 3392 2565 diversarum

1804 2602 2188 2667 tentationum;
2241 2601 2292 2655 in
2334 2600 2646 2655 crucilixum
2687 2598 2847 2653 crede
2871 2640 2886 2665 ,
2924 2608 2981 2653 ut
3011 2597 3142 2654 lides
3196 2608 3284 2652 tua
3324 2599 3392 2654 li-

1802 2710 1966 2765 gnum
1996 2694 2166 2765 possit
2194 2693 2507 2749 ascendere.
2524 2690 2641 2747 Non
2668 2690 2951 2760 mergeris,
2981 2688 3079 2746 sed
3105 2690 3248 2761 ligno
3273 2706 3393 2760 por-

1804 2785 2024 2842 taberis.
2062 2784 2188 2850 Sic,
2228 2783 2389 2840 sicin
2415 2782 2570 2853 hujus
2594 2780 2778 2836 saeculi
2824 2779 3072 2842 ﬂuctibus
3116 2780 3395 2851 navigabat

1804 2878 1913 2944 ille,
1944 2878 2033 2948 qui
2080 2876 2310 2942 dicebat,
2367 2874 2500 2929 Mihi
2542 2882 2713 2947 autem
2742 2871 2871 2926 absit
2909 2871 3158 2941 gloriari,
3198 2872 3296 2925 nisi
3342 2871 3395 2925 in

1803 2986 1950 3025 cruce
1975 2968 2181 3023 Domini
2209 2966 2371 3022 nostri
2412 2965 2537 3020 Jesu
2563 2963 2771 3020 Cltristi.
2807 2962 3001 3038 (Galat.
3033 2979 3107 3024 vt,
3137 2963 3252 3032 14.)

1874 3059 2100 3116 CAPUT
2119 3057 2336 3112 lll.—3.
2352 3054 2463 3111 Nec
2478 3056 2605 3126 ﬁdes
2618 3071 2707 3109 nec
2723 3054 2851 3109 bona
2865 3055 2963 3108 vita
2975 3054 3192 3124 propriis
3210 3054 3396 3108 viribus

1803 3149 2112 3222 arrogantia.
2148 3149 2339 3204 Mirum
2366 3157 2450 3204 est
2487 3157 2667 3204 autem
2698 3145 2838 3217 quod
2868 3146 3153 3217 praedicata
3183 3146 3395 3202 Christo

1803 3241 2076 3307 crucilixo,
2095 3240 2315 3295 audiunt
2336 3238 2462 3306 duo,
2490 3253 2627 3294 unus
2651 3238 2967 3303 contemnit,
2983 3236 3118 3293 alter
3131 3236 3391 3293 ascendit.

1804 3330 2229 3401 Quicontemnit,
2248 3330 2475 3401 imputet
2488 3328 2588 3383 sibi
2606 3345 2617 3381 :
2632 3327 2722 3398 qui
2734 3327 2971 3383 ascendit
2984 3342 3088 3381 non
3106 3336 3316 3399 arroget
3332 3330 3396 3382 si-

1804 3420 1879 3476 bi.
1893 3418 2108 3476 Audivit
2121 3421 2261 3475 enim
2273 3435 2303 3472 a
2316 3419 2489 3474 veraci
2502 3417 2770 3489 Magistro,
2789 3415 2953 3472 Nemo
2964 3418 3095 3471 venit
3106 3417 3173 3471 ad
3185 3434 3281 3483 me,
3297 3419 3395 3471 nisi

1804 3512 1980 3565 datam
2001 3512 2153 3584 fuerit
2174 3511 2218 3565 ei
2238 3528 2269 3564 a
2296 3508 2448 3563 Patre
2476 3525 2605 3563 meo.
2635 3506 2895 3574 Gaudeat,
2919 3508 3043 3578 quia
3071 3507 3251 3562 datum
3272 3517 3355 3562 est
3379 3526 3393 3562 :

1804 3601 1999 3673 gratias
2011 3609 2133 3671 agat
2161 3598 2304 3655 danti
2318 3598 2481 3653 corde
2495 3597 2703 3665 humili,
2718 3613 2823 3654 non
2839 3598 3107 3667 arroganti
3126 3615 3141 3663 ;
3163 3612 3229 3652 ne
3253 3599 3393 3667 quod

1806 3692 2021 3748 humilis
2037 3691 2249 3759 meruit,
2269 3690 2529 3760 superbus
2545 3690 2770 3744 amittat.
2786 3689 2918 3744 Nam
2935 3690 3092 3743 etiam
3109 3689 3198 3758 qui
3214 3690 3320 3756 jam
3338 3685 3392 3742 111

1805 3784 1917 3855 ipsa
1937 3783 2017 3838 via
2034 3782 2174 3854 justa
2202 3780 2498 3846 ambulant,
2519 3780 2561 3834 si
2578 3779 2676 3835 sibi
2697 3795 2813 3834 eam
2832 3779 3108 3834 tribuerint
3122 3788 3177 3834 et
3194 3778 3394 3833 viribus

1805 3882 1916 3937 suis
1938 3924 1953 3949 ,
1982 3889 2204 3952 pereunt
2251 3878 2319 3934 de
2359 3878 2466 3933 illa.
2508 3877 2635 3932 Ideo
2672 3875 3021 3931 humilitatem
3056 3891 3155 3929 nos
3196 3875 3394 3929 docens
3430 3866 3431 3873 “

1805 3981 1987 4027 sancta
2015 3971 2287 4042 Scriptura
2318 3984 2412 4040 per
2437 3966 2751 4038 Apostolum
2780 3965 2938 4032 dicit,
2977 3965 3102 4020 Cum
3141 3966 3316 4019 timore
3346 3975 3390 4020 et

1807 4075 2019 4120 tremore
2044 4072 2258 4118 vestram
2280 4063 2510 4133 ipsorum
2537 4060 2750 4114 salutem
2779 4057 3076 4129 operamini.
3103 4057 3165 4111 Et
3195 4074 3262 4111 ne
3291 4057 3390 4111 sibi

1806 4156 2007 4229 aliquid
2039 4154 2161 4211 inde
2198 4154 2416 4220 darent,
2447 4152 2567 4223 quia
2597 4149 2760 4215 dixit,
2791 4148 3110 4221 θρα-1111111111
3134 4150 3387 4203 continuo

1807 4248 2111 4320 subiunxit,
2145 4244 2281 4301 Deus
2310 4245 2442 4299 enim
2464 4252 2536 4298 est
2560 4243 2646 4315 qui
2670 4250 2903 4314 operatur
2930 4240 2985 4294 in
3010 4241 3147 4294 vobis
3184 4249 3233 4295 et
3270 4240 3396 4294 velle

1807 4350 1855 4396 et
1882 4338 2114 4411 operari,
2145 4353 2238 4409 pro
2283 4335 2415 4389 bona
2458 4333 2713 4389 voluntate
2742 4330 2995 4404 (Philipp.
3036 4347 3072 4386 11
3092 4372 3106 4395 ,
3154 4330 3218 4385 12
3240 4373 3253 4395 ,
3280 4330 3390 4402 15).

1811 4427 1947 4485 Deus
1977 4438 2047 4482 est
2071 4427 2157 4499 qui
2181 4434 2421 4497 operatur
2446 4425 2498 4479 in
2528 4423 2666 4478 vobis
2684 4440 2703 4479 :
2730 4422 2851 4477 ideo
2877 4438 2988 4476 cum
3016 4422 3193 4476 timore
3220 4430 3266 4475 et
3291 4431 3392 4475 tre-

1808 4536 1967 4587 more,
1993 4517 2187 4574 vallem
2227 4515 2386 4571 facite
2406 4557 2422 4583 ,
2451 4513 2673 4568 imbrem
2709 4512 2979 4583 suscipite.
3014 4512 3270 4583 Depressa
3297 4512 3392 4565 im-

1808 4611 2039 4681 plentur,
2081 4608 2185 4664 alta
2226 4607 2513 4662 siccantur.
2538 4604 2719 4662 Gratia
2748 4604 2924 4676 pluvia
2959 4612 3060 4659 est.
3096 4603 3232 4672 Quid
3265 4620 3396 4675 ergo

1807 4698 2053 4766 miraris,
2088 4698 2135 4754 si
2172 4697 2314 4755 Deus
2344 4696 2588 4768 superbis
2623 4695 2856 4762 resistit,
2889 4695 3177 4752 humilibus
3215 4705 3395 4750 autem

1809 4789 1901 4846 dat
1925 4789 2146 4862 gratiam
2173 4787 2379 4861 (Jacob.
2411 4802 2488 4854 tv,
2513 4786 2607 4859 6)?
2622 4786 2746 4842 Ideo
2765 4802 2877 4840 cum
2899 4787 3076 4840 timore
3094 4795 3139 4839 et
3160 4796 3392 4851 tremore,

1810 4882 1865 4938 id
1893 4889 2010 4949 est,
2051 4898 2170 4938 cum
2211 4880 2529 4935 humilitate.
2571 4877 2699 4931 Noli
2736 4877 2892 4932 altum
2928 4893 3133 4948 sapere,
3166 4876 3255 4930 sed
3280 4877 3397 4931 time

1812 4972 1987 5045 (Rom.
2013 4989 2102 5037 111,
2123 4969 2239 5044 20).
2272 4968 2432 5035 Time,
2464 4976 2523 5024 ut
2546 4966 2816 5038 implearis
2839 4983 2852 5019 :
2878 4967 2982 5019 noli
3010 4966 3169 5019 altam
3197 4981 3393 5036 sapere,

1810 5078 1879 5119 ne
1901 5063 2138 5118 sicceris.

1880 5150 2104 5208 CAPUT
2133 5149 2224 5205 lV.
2246 5178 2315 5189 ——
2334 5149 2388 5204 1.
2419 5146 2595 5202 Gratia
2616 5146 2922 5217 justi/icato,
2952 5153 3005 5199 ut
3046 5145 3098 5199 in
3138 5145 3217 5198 via
3248 5145 3397 5215 justa

1777 5242 2051 5310 'ambulet,
2080 5242 2375 5297 necessaria.
2411 5238 2515 5296 Sed
2557 5238 2665 5309 jam
2690 5281 2705 5305 ,
2752 5239 2952 5308 inquis,
3000 5237 3214 5300 ambulo
3254 5238 3392 5293 viam

1811 5335 1966 5391 istam
1995 5334 2013 5365 ί
2041 5352 2055 5389 :
2083 5346 2215 5403 opus
2240 5340 2356 5387 erat
2381 5339 2437 5385 ut
2466 5329 2727 5385 discerem
2747 5369 2762 5396 ,
2790 5343 2923 5398 Opus
2951 5336 3066 5381 erat
3096 5336 3144 5381 ut
3178 5343 3271 5396 per
3294 5325 3395 5380 do-
3428 5404 3431 5409 η

1811 5429 2032 5483 ctrinam
2073 5426 2230 5496 Legis
2274 5425 2464 5480 scirem
2511 5422 2634 5493 quid
2680 5437 2892 5492 agerem
2919 5439 2930 5472 :
2957 5420 3127 5475 habeo
3166 5420 3394 5475 liberum

1812 5518 2102 5574 voluntatis
2130 5515 2445 5581 arbitrium;
2477 5513 2595 5584 quis
2620 5529 2707 5570 me
2730 5513 2798 5569 ab
2831 5514 2929 5571 ista
2964 5513 3045 5568 \ia
3087 5511 3391 5582 separabit?

1878 5671 1894 5703 ί
1914 5668 2099 5735 Aliquot.
2121 5675 2248 5730 2.153.,
2273 5666 2397 5718 riam
2411 5666 2612 5729 justam.
