3934 6184
526 312 621 366 751

525 426 585 481 Si
605 426 751 494 legas
774 420 1074 490 diligenter,
1096 414 1336 471 invenies
1363 409 1648 482 quemdam
1673 408 1740 464 de
1765 422 1861 463 sua
1888 404 2117 475 quadam

528 512 874 577 abundantia,
903 523 1062 580 quam
1087 517 1263 563 tamen
1289 510 1603 575 acceperat,
1632 498 1894 555 extollere
1918 513 1978 553 se
2005 511 2116 552 cte-

528 613 698 685 pisse;
731 607 1012 663 Dominum
1039 613 1217 659 autem
1248 597 1668 664 misericordem,
1691 592 2115 685 utdocerethu-

528 683 827 765 utilitatem,
849 697 992 769 quod
1016 695 1237 752 dederat
1259 691 1578 755 abstulisse;
1610 688 1756 745 illum
1779 700 1911 767 vero
1938 683 2115 740 subito

525 792 740 861 inepem
761 789 1102 853 remansisse,
1119 794 1175 841 et
1198 780 1617 840 misericordiam
1636 779 1728 834 Dei
1744 775 2115 833 recordatione

525 880 830 937 confessum
858 878 1093 943 dixisse,
1122 875 1235 948 Ego
1258 873 1441 929 dixiin
1465 870 1778 927 abundantia
1816 884 1949 934 mea,
1991 864 2115 920 Non

526 970 759 1025 movebar
781 970 836 1024 in
865 979 1126 1025 teternum.
1153 967 1263 1039 Ego
1290 966 1401 1021 dimi
1418 965 1475 1019 in
1493 962 1804 1019 abundantia
1836 977 1968 1015 mea.
2004 957 2113 1015 Sed

526 1081 618 1136 ego
646 1063 775 1127 dixi,
809 1062 969 1119 homo
996 1061 1142 1116 dixi:
1169 1059 1349 1116 Omnis
1373 1058 1523 1114 Itomo
1546 1054 1767 1111 mendax
1793 1051 1962 1126 (Psal.
1984 1066 2110 1117 ειν,

531 1156 620 1227 ll)
646 1174 660 1211 :
690 1155 801 1226 Ego
826 1155 954 1209 dixi.
983 1153 1124 1225 Ergo
1145 1194 1161 1218 ,
1215 1151 1327 1223 Ego
1365 1151 1474 1205 dixi
1510 1151 1563 1204 in
1605 1146 1917 1202 abundantia
1958 1160 2071 1200 mea
2094 1157 2117 1199 ε

526 1256 671 1303 tanta
710 1257 826 1303 erat
862 1244 1218 1310 abundantia,
1240 1250 1299 1299 ut
1322 1243 1425 1298 hoc
1458 1241 1638 1298 dicere
1660 1239 1912 1294 auderem
1941 1253 1956 1291 :
1988 1234 2113 1292 Non

525 1337 756 1393 movebar
775 1338 829 1391 in
844 1346 1103 1392 veternum.
1121 1334 1257 1403 Quid
1280 1332 1512 1389 deinde?
1537 1330 1772 1396 Domine,
1786 1330 1841 1384 in
1859 1328 2116 1384 voluntate

523 1443 611 1486 tua
637 1430 913 1503 praestitisti
936 1428 1104 1483 decori
1128 1444 1238 1482 meo
1266 1427 1516 1482 virtutem.
1545 1423 1778 1478 Arertisti
1816 1429 1987 1476 autem
2027 1422 2111 1491 fa-

522 1525 648 1579 ciem
674 1534 813 1578 tuam
840 1540 871 1576 a
895 1540 990 1589 me,
1015 1533 1064 1578 et
1084 1523 1250 1593 factus
1273 1537 1387 1576 sum
1410 1519 1734 1575 conturbatus
1752 1516 1923 1591 (Psal.
1952 1530 2115 1582 nix,

525 1617 579 1683 7,
609 1616 685 1687 8).
715 1614 1003 1672 Ostendisti
1024 1657 1041 1682 ,
1083 1614 1286 1685 inquit,
1329 1612 1459 1667 mihi
1497 1610 1618 1682 quia
1649 1609 1778 1665 illttd
1813 1624 1920 1680 quo
1943 1607 2113 1663 abun-

524 1711 749 1773 dabam.
774 1710 843 1765 de
869 1719 960 1765 tuo
987 1717 1121 1764 erat.
1153 1706 1444 1763 Ostendisti
1488 1704 1620 1769 mibi
1664 1702 1806 1759 unde
1841 1709 2108 1773 peterem,

523 1802 611 1856 cui
656 1802 945 1857 tribuerem
973 1802 988 1832 ¹
1022 1799 1165 1871 quod
1194 1812 1543 1869 acceperamo,
1583 1794 1671 1853 cui
1712 1795 1911 1866 gratias
1949 1809 2111 1865 agere

525 1893 798 1957 deberem,
820 1891 885 1947 ad
905 1906 1062 1963 quem
1082 1904 1354 1947 currerem
1381 1889 1586 1953 sitiens,
1604 1887 1746 1943 unde
1766 1886 2033 1957 implerer,
2055 1893 2113 1942 et

523 2001 628 2056 quo
667 1987 915 2057 impletus
949 1985 1219 2042 esscmad
1246 1999 1404 2055 quem
1440 1982 1786 2039 custodirem.
1823 1980 2108 2037 Fortitudi-

524 2084 635 2133 nem
659 2081 800 2134 cnitn
832 2096 993 2132 meam
1018 2079 1088 2132 ad
1113 2089 1161 2132 te
1188 2077 1468 2133 custodiam
1490 2076 1662 2149 (Psal.
1695 2091 1838 2142 Lvnt,
1864 2074 1975 2145 10),
2002 2089 2111 2145 quo

522 2177 575 2222 te
605 2171 852 2240 largitore
874 2150 1096 2240 itnplear
1119 2172 1163 2237 ',
1188 2178 1237 2225 te
1263 2176 1537 2225 servatore
1564 2183 1671 2222 non
1701 2167 1940 2238 perdam.
1969 2164 2107 2221 For-

520 2260 789 2315 titudinem
828 2277 991 2315 meam
1027 2261 1097 2316 ad
1135 2269 1186 2317 te
1222 2260 1522 2315 custodiam.
1556 2259 1669 2315 Hoc
1698 2267 1754 2315 ut
1795 2257 2112 2314 ostenderes

520 2350 674 2416 mihi,
702 2342 921 2406 avertisti
945 2352 1129 2421 {aciem
1153 2360 1291 2406 tuam
1311 2368 1343 2405 a
1368 2367 1466 2417 me,
1497 2359 1543 2405 et
1574 2353 1738 2423 factus
1765 2366 1878 2405 sum
1899 2358 2105 2404 contur-

519 2442 683 2496 batus.
717 2441 1077 2508 Conturbatns,
1110 2442 1230 2512 quia
1257 2442 1517 2504 siccatus;
1543 2442 1792 2507 siccatus,
1814 2441 1934 2510 quia
1961 2439 2110 2495 exal-

520 2540 682 2587 tatus.
714 2532 809 2588 Dic
831 2547 960 2603 ergo
982 2533 1156 2588 siccus
1180 2542 1233 2588 et
1262 2531 1463 2595 aridus,
1497 2540 1555 2586 ut
1585 2547 1767 2586 rursus
1792 2530 2061 2601 implearis
2089 2549 2103 2586 :

525 2624 705 2677 Anima
743 2640 855 2680 mea
896 2622 1026 2679 velut
1068 2632 1200 2677 terra
1239 2622 1347 2678 sine
1386 2640 1520 2694 aqua
1543 2623 1632 2677 tibi
1651 2622 1820 2695 (Psal.
1843 2638 2002 2687 cxut,
2026 2621 2104 2694 6).

523 2719 647 2784 Dic,
687 2719 872 2773 Anima
902 2735 1014 2774 mea
1047 2719 1178 2773 velut
1215 2726 1347 2771 terra
1382 2717 1491 2771 sine
1533 2734 1664 2786 aqua
1704 2716 1810 2771 tibi.
1843 2715 1921 2771 Tn
1962 2716 2107 2771 enim

519 2810 752 2874 dixeras,
780 2824 886 2864 non
917 2808 1176 2864 Dominus
1203 2807 1448 2874 dixerat,
1479 2806 1598 2863 Non
1633 2807 1863 2862 movebar
1887 2807 1939 2861 in
1964 2816 2109 2862 auer-

519 2918 661 2955 num.
693 2900 772 2957 Tn
803 2901 1015 2956 dixeras
1043 2915 1373 2971 praesumens
1398 2899 1465 2954 de
1493 2909 1576 2964 te;
1605 2898 1700 2955 sed
1740 2913 1844 2954 non
1883 2898 1951 2954 de
1991 2907 2104 2965 tuo,

522 3003 578 3048 et
604 2993 756 3063 quasi
789 2991 1009 3063 putabas
1038 2990 1103 3047 de
1134 2999 1246 3046 tuo.

592 3084 818 3141 CAPUT
861 3084 921 3139 V.
948 3115 1021 3124 —
1043 3084 1097 3140 5.
1138 3083 1415 3137 Ambulans
1442 3084 1494 3136 in
1523 3083 1602 3136 via
1620 3083 1763 3153 justa
1782 3125 1796 3146 ,
1841 3083 1886 3135 si
1922 3081 1977 3136 id
2011 3083 2107 3136 sibi

520 3180 742 3241 tribuat,
773 3177 901 3248 perit
921 3178 984 3231 de
1011 3177 1090 3232 via
1107 3176 1274 3248 justa.
1305 3174 1442 3244 Quid
1473 3191 1601 3245 ergo
1647 3173 1904 3229 Dominus
1940 3174 2108 3231 dicit?

520 3272 717 3327 Servite
743 3269 959 3324 Domino
985 3271 1037 3323 in
1068 3269 1277 3332 timore,
1307 3277 1353 3321 et
1378 3266 1623 3321 ersultate
1645 3266 1691 3321 ei
1717 3282 1833 3320 cum
1870 3275 2104 3322 tremore.

519 3366 611 3421 Sic
630 3373 685 3420 ct
703 3366 740 3419 Α
752 3362 1008 3433 poslolus,
1029 3361 1157 3416 Cum
1175 3363 1350 3415 tintore
1363 3369 1409 3413 et
1420 3368 1632 3413 tremore
1646 3369 1858 3414 vestram
1881 3360 2107 3429 ipsorum

520 3456 735 3509 salutem
763 3453 1064 3523 operamini.
1091 3451 1227 3506 Deus
1251 3460 1324 3505 est
1343 3452 1473 3505 enim
1496 3451 1583 3523 qui
1601 3460 1840 3520 operatur
1866 3451 1920 3504 in
1948 3451 2104 3509 vobis.

524 3548 664 3618 Ergo
683 3588 695 3608 ,
724 3546 972 3600 cxsultate
997 3561 1109 3597 cum
1135 3553 1361 3597 tremore.
1397 3539 1476 3595 Ne
1501 3541 1703 3612 quando
1727 3542 1978 3596 irascatur
2002 3540 2113 3595 Do-

520 3639 708 3691 minus.
739 3635 905 3690 Video
933 3635 1055 3704 quia
1097 3631 1378 3688 clamando
1422 3632 1741 3701 pnevenitis.
1787 3631 1925 3700 Qttid
1964 3633 2106 3689 enim

522 3730 764 3783 dicturus
808 3742 926 3782 sum
974 3725 1155 3788 scitis,
1201 3722 1481 3779 clamando
1524 3723 1846 3793 prmvcnitis.
1893 3724 1960 3779 Et
2008 3724 2107 3780 hoc

521 3822 663 3876 unde
692 3819 899 3874 habetis
918 3860 932 3881 ,
967 3816 1066 3872 nisi
1098 3816 1217 3886 quia
1243 3815 1421 3870 docuit
1445 3815 1512 3870 ad
1537 3831 1696 3886 quem
1725 3814 1992 3871 credendo
2018 3831 2110 3871 ve-

520 3910 712 3967 nistis?
739 3909 849 3965 lloc
877 3924 1006 3978 ergo
1047 3907 1213 3963 dicit:
1250 3906 1429 3961 audite
1456 3906 1599 3977 quod
1626 3907 1830 3973 nostis;
1865 3923 1969 3963 non
2011 3907 2108 3963 do-

520 4018 653 4068 ceo,
689 4000 786 4057 sed
823 4013 1189 4055 commemoro
1219 3996 1593 4068 prmdicando:
1623 3997 1732 4052 imo
1761 4013 1860 4052 nec
1900 3998 2066 4053 doceo
2087 4039 2104 4063 ,

518 4096 643 4166 quia
679 4093 882 4157 nostis;
917 4107 1016 4147 nec
1040 4106 1404 4147 commemoro
1427 4131 1442 4157 ,
1478 4090 1600 4161 quia
1631 4089 1982 4151 meministis:
2011 4091 2105 4147 sed

517 4185 679 4243 simul
710 4186 950 4240 dicamus
986 4183 1125 4255 quod
1162 4181 1436 4237 nobiscum
1465 4181 1675 4238 tenetis.
1706 4181 1819 4238 lloc
1854 4181 2107 4240 Dominus

518 4278 647 4333 dicit
670 4295 683 4330 :
713 4275 1086 4348 Appreltcndite
1109 4274 1428 4344 disciplinam
1447 4314 1463 4340 ,
1490 4283 1535 4327 et
1561 4274 1805 4329 exsultate
1822 4289 1855 4339 ,ε
1872 4273 1964 4330 sed
1991 4291 2108 4329 eum

520 4378 756 4433 tremore,
780 4375 838 4420 nt
865 4380 1080 4435 semper
1115 4365 1344 4420 humiles
1368 4365 1592 4419 teneatis
1626 4363 1767 4434 quod
1803 4365 2104 4437 accepistis,

526 4456 611 4511 Ne
645 4456 849 4526 quando
886 4455 1135 4509 irascatur
1179 4452 1447 4517 Dominus,
1477 4455 1660 4524 utique
1684 4456 1961 4526 superbis,
2006 4438 2106 4513 sibi

519 4545 662 4615 quod
695 4545 893 4600 habent
921 4543 1298 4607 tribuentibus,
1334 4560 1438 4599 non
1461 4544 1533 4597 illi
1564 4559 1592 4596 a
1621 4560 1729 4615 quo
1754 4545 1953 4603 habent
1984 4563 2106 4619 gra-

523 4641 623 4695 tias
650 4637 949 4707 agentibus.
984 4633 1037 4689 Ν
1041 4652 1068 4690 e
1093 4634 1297 4703 quando
1325 4636 1577 4689 irascatur
1605 4635 1874 4704 Dominus,
1909 4649 1959 4694 et
1992 4656 2108 4711 per-

520 4732 646 4787 eatis
671 4732 733 4785 de
762 4730 841 4785 via
854 4730 1021 4800 justa.
1053 4725 1315 4799 Numquid
1340 4726 1492 4792 dixit,
1522 4727 1598 4783 Ne
1617 4728 1831 4799 quando
1850 4731 2108 4790 irascatur

520 4824 808 4890 Dominus,
834 4832 889 4879 et
916 4837 1023 4878 non
1046 4821 1274 4878 veniatis
1298 4820 1363 4876 ad
1387 4820 1523 4877 viam
1545 4821 1742 4891 justam
1758 4822 1783 4874 ’ἶ
1808 4821 2071 4895 Numquid
2087 4868 2103 4893 ,

522 4919 599 4976 Ne
624 4915 837 4989 quando
863 4917 1123 4973 irascatur
1152 4914 1439 4981 Dominus,
1471 4922 1525 4969 et
1565 4929 1669 4970 non
1713 4930 1811 4971 vos
1852 4915 2108 4986 perducat

518 5009 586 5065 ad
612 5009 749 5064 viam
767 5008 986 5078 justam,
1005 5015 1096 5061 aut
1120 5022 1226 5061 non
1252 5022 1345 5059 vos
1366 5005 1611 5061 admittat
1628 5004 1694 5060 ad
1714 5005 1851 5061 viam
1872 5006 2108 5077 justam?

516 5102 636 5156 Jam
669 5102 719 5156 in
751 5100 837 5155 illa
865 5098 1169 5163 ambulatis,
1196 5098 1359 5152 nolite
1386 5096 1690 5168 superbire,
1732 5113 1799 5153 ne
1837 5099 1996 5154 etiam
2039 5098 2107 5156 de

522 5192 609 5247 illa
648 5190 901 5263 pereatis.
948 5189 1014 5243 Et
1052 5189 1297 5259 pereatis,
1330 5188 1527 5258 inquit,
1569 5188 1634 5241 de
1673 5188 1752 5242 via
1787 5190 1951 5260 justa.
1979 5189 2106 5249 Cum

519 5285 763 5339 exarserit
790 5283 842 5336 in
872 5280 1009 5337 brevi
1043 5281 1121 5334 ira
1158 5282 1269 5350 ejus
1305 5295 1468 5351 super
1497 5296 1611 5335 vos.
1643 5280 1755 5337 Non
1785 5283 1835 5337 itt
1867 5284 2103 5355 Iungunt.

525 5374 622 5431 Ubi
648 5373 924 5445 superbis,
952 5372 1022 5428 ibi
1047 5370 1187 5443 quod
1215 5386 1498 5443 acceperas
1540 5372 1735 5443 perdis.
1764 5374 1854 5428 llis
1893 5378 2106 5434 territus

476 5531 483 5537 ‘
586 5528 699 5576 'P.r.
743 5534 795 5577 et
832 5532 976 5596 tom,
1013 5521 1092 5574 cui
1132 5522 1463 5574 retribuercm.
1503 5526 1800 5589 Castigantnr
1841 5542 1901 5578 ex
1928 5540 2024 5579 am.
2055 5539 2106 5582 et

524 5588 965 5648 cxtnanuserilttis.
1260 5647 1265 5648 γ
1366 5646 1372 5648 Α
1632 5588 1645 5589 ί
1746 5642 1752 5646 .

584 5652 694 5719 {sic
718 5657 820 5719 uss.
838 5646 888 5718 at
913 5654 1044 5719 tan},
1068 5658 1162 5719 quo
1183 5653 1227 5696 te
1251 5646 1523 5711 largitorem
1541 5649 1782 5713 impleam.
1811 5660 1907 5702 Am.
1932 5660 1981 5704 et
2004 5661 2099 5719 πει-η

523 5709 647 5763 quod
675 5715 719 5758 te
743 5707 971 5772 largiente
993 5708 1233 5769 impleam.

1768 294 1823 351 S.
1866 289 2108 349 AUGUST

2213 289 2230 346 l
2271 288 2572 349 EI’lSCOPt
3664 302 3746 361 m

2230 390 2391 457 homo
2435 403 2585 472 quasi
2635 401 2865 469 diceret,
2915 401 3053 474 Quid
3102 418 3227 477 ergo
3271 405 3488 463 iaciam?
3528 415 3745 486 sequitur,

2223 492 2368 549 Beati
2410 511 2581 550 omnes
2620 496 2708 565 qui
2744 496 3011 566 conﬁdunt
3054 497 3107 561 in
3151 514 3206 553 eo
3252 495 3418 569 (Psal.
3468 517 3520 566 tt,
3561 503 3742 581 ll-B):

2222 601 2326 641 non
2356 586 2513 655 inse,
2542 586 2635 643 sed
2661 588 2713 642 in
2739 604 2819 643 eo.
2866 586 3050 644 Gratia
3090 590 3216 645 salvi
3270 590 3391 646 lacti
3434 610 3625 663 smnus,
3663 616 3745 656 non

2219 693 2286 732 ex
2318 679 2507 745 nobis,
2544 679 2640 735 sed
2679 679 2773 735 Dei
2812 678 3012 736 donum
3041 692 3124 738 est
3145 682 3358 755 (Ephes.
3388 701 3441 752 ιι,
3464 686 3538 757 8).

2287 768 2516 827 CAPUT
2545 770 2722 826 VL—
2747 771 2800 827 6.
2833 770 2899 827 In
2925 772 3247 845 Pelagianos.
3293 774 3529 833 Remissio
3565 797 3743 852 peccato-

2217 875 2329 913 rum
2350 860 2402 914 in
2432 859 2713 930 Baptistae.
2742 861 2988 936 Languor
3007 873 3120 936 post
3156 862 3486 936 Baptismum.
3524 869 3661 929 Forte
3680 877 3742 931 di-

2217 951 2350 1005 catis
2375 967 2388 1003 :
2413 951 2548 1019 Quid
2576 953 2675 1008 sibi
2704 955 2814 1008 vult
2832 954 2972 1024 quod
3001 954 3105 1012 hoc
3122 971 3267 1027 stupe
3288 957 3634 1016 dicitllterutn
3653 964 3742 1033 hoc,

2218 1050 2272 1097 et
2314 1040 2528 1097 tertium
2571 1042 2677 1099 hoc
2713 1061 2726 1097 :
2765 1053 2819 1099 et
2876 1060 3042 1115 prope
3095 1063 3365 1118 nunquam
3410 1048 3634 1120 loquitur,
3670 1056 3743 1110 nisi

2217 1132 2430 1204 quando
2460 1133 2562 1190 hoc
2582 1134 2728 1191 dicit.
2752 1135 2964 1192 Utinam
2993 1152 3100 1193 non
3127 1139 3243 1194 sine
3270 1155 3426 1196 causa
3454 1140 3627 1198 dicam.
3643 1145 3744 1204 Sunt

2217 1224 2360 1279 enim
2391 1223 2638 1282 homines
2664 1226 2859 1299 ingrati
2888 1229 3072 1298 gratim
3091 1272 3106 1296 ,
3137 1230 3362 1286 multum
3402 1232 3661 1291 tribuentes
3686 1239 3745 1293 in-

2216 1312 2304 1382 opi
2322 1314 2624 1387 saucimqne
2651 1325 2875 1372 naturse.
2896 1317 3096 1373 Verum
3126 1329 3228 1383 est.
3261 1336 3475 1392 magnas
3499 1323 3672 1380 arbitrii
3694 1326 3744 1381 li-

2216 1404 2331 1460 beri
2360 1406 2502 1463 vires
2531 1407 2715 1475 homo,
2740 1424 2862 1465 cum
2897 1410 3239 1477 conderetur,
3271 1414 3504 1484 accepit;
3535 1416 3615 1472 sed
3647 1433 3744 1488 pec-

2215 1495 2389 1552 cando
2412 1498 2610 1554 amisit.
2643 1499 2700 1556 In
2730 1511 2956 1558 mortem
2998 1503 3180 1573 lapsus
3207 1514 3291 1561 est
3310 1546 3326 1568 ,
3357 1505 3582 1565 inﬁmus
3617 1509 3744 1567 lactus

2215 1597 2319 1654 est,
2348 1604 2378 1644 a
2409 1589 2707 1648 latronibus
2734 1594 3021 1651 semivivus
3046 1597 3097 1650 in
3136 1596 3222 1651 via
3261 1597 3474 1654 relictus
3492 1608 3570 1655 est
3592 1601 3743 1671 :inju-

2214 1686 2456 1734 mentum
2506 1696 2659 1737 suum
2708 1683 2904 1740 levavit
2943 1701 3065 1740 cum
3105 1686 3374 1744 transiens
3408 1688 3740 1760 Samaritanus,

2213 1768 2356 1839 quod
2387 1770 2768 1842 interpretatur
2794 1774 3016 1837 Custos;
3060 1776 3128 1831 ad
3172 1777 3438 1836 stabulum
3473 1780 3627 1837 adimo
3656 1798 3744 1852 per-

2214 1857 2445 1917 ducitur.
2469 1861 2605 1932 Quid
2634 1865 2947 1921 extollitur?
2970 1865 3165 1925 Adhuc
3190 1877 3427 1925 curatur.
3453 1869 3550 1927 Sed
3574 1872 3739 1939 sufﬁcit,

2214 1948 2418 2022 inquit,
2447 1953 2577 2009 mihi
2616 1954 2759 2025 quod
2802 1956 2857 2011 in
2898 1955 3175 2028 Baptismo
3216 1960 3397 2031 accepi
3434 1961 3740 2021 remissionem

2212 2042 2449 2098 omnium
2501 2053 2864 2115 peccatorum.
2907 2046 3174 2120 Numquid
3211 2052 3337 2121 quia
3373 2049 3536 2108 deleta
3567 2061 3638 2109 est
3664 2053 3740 2108 ini-

2213 2132 2408 2203 quitas,
2439 2132 2586 2190 linita
2613 2146 2696 2192 est
2722 2136 3040 2194 inﬁrmitas?
3068 2140 3292 2212 Accepi,
3324 2141 3501 2212 inquit,
3523 2142 3740 2199 remissio-

2212 2238 2337 2279 nem
2363 2226 2602 2282 omnium
2634 2235 2997 2300 peccatorum.
3021 2230 3256 2288 Prorsus
3284 2247 3462 2288 verum
3489 2242 3578 2290 est.
3603 2234 3738 2290 Deleta

2213 2325 2337 2372 sunt
2353 2326 2543 2373 cuncta
2567 2328 2782 2390 peccata
2804 2321 2858 2377 in
2878 2329 3223 2379 sacramento
3243 2323 3579 2396 Baptismatis,
3593 2337 3738 2382 cuncta

2213 2420 2433 2474 prorsus
2455 2449 2472 2477 ,
2508 2408 2649 2464 dicta
2669 2452 2685 2479 ,
2723 2409 2859 2466 facta
2881 2452 2895 2477 ,
2939 2414 3173 2485 cogitata
3197 2455 3217 2482 ,
3248 2426 3433 2471 cuncta
3459 2414 3609 2472 deleta
3630 2426 3738 2472 sunt.

2213 2497 2318 2554 Sed
2350 2499 2453 2555 hoc
2476 2509 2560 2556 est
2586 2502 2727 2574 quod
2754 2502 2985 2560 infusum
3007 2514 3091 2561 est
3112 2505 3169 2561 in
3197 2506 3304 2575 via,
3322 2506 3488 2563 oleum
3512 2515 3560 2563 et
3581 2508 3735 2562 vinum.

2220 2590 2497 2657 ltetinrtis,
2527 2593 2827 2650 charissimi
2847 2636 2863 2660 ,
2895 2597 3190 2654 semivivus
3219 2597 3309 2653 ille
3334 2598 3387 2655 in
3414 2599 3487 2653 via
3511 2614 3540 2654 a
3566 2598 3736 2653 latroni-

2212 2682 2313 2738 bus
2357 2685 2626 2741 sauciatus
2648 2728 2665 2753 ,
2711 2686 2983 2757 quomodo
3026 2688 3099 2745 sit
3139 2690 3481 2759 consolatus,
3524 2690 3738 2762 accipiens

2211 2773 2389 2830 oleum
2414 2785 2470 2832 et
2495 2775 2676 2833 vinum
2708 2779 3019 2836 vulneribus
3044 2781 3162 2838 suis
3194 2781 3344 2854 (Luc.
3372 2783 3628 2856 x,30-35).
3650 2783 3737 2838 lam

2211 2863 2395 2934 utique
2435 2867 2609 2922 errori
2650 2866 2771 2938 ejus
2808 2868 3072 2926 indultum
3116 2870 3258 2937 fuit,
3283 2881 3338 2929 et
3376 2881 3537 2930 ulmea
3569 2879 3739 2928 sanatur

2212 2956 2435 3027 languor
2475 2958 2528 3013 in
2572 2960 2808 3017 stabulo.
2840 2961 3124 3020 Stabulum
3152 2965 3201 3019 si
3230 2965 3523 3036 agnoscitis,
3549 2962 3738 3020 Ecclesia

2209 3057 2312 3103 est.
2356 3048 2634 3106 Stabulum
2682 3051 2881 3121 modo,
2923 3055 3045 3125 quia
3086 3055 3321 3114 vivendo
3358 3057 3613 3113 transimus
3635 3053 3737 3109 :tlo-

2212 3156 2330 3196 mus
2355 3142 2477 3209 erit,
2498 3143 2639 3200 unde
2658 3160 2929 3217 nunquam
2950 3146 3324 3219 migrabimus,
3347 3164 3462 3205 cum
3483 3147 3542 3203 ad
3565 3161 3737 3219 regnum

2210 3233 2472 3290 caelorum
2502 3234 2616 3289 sani
2644 3236 3064 3306 pervenerimus.
3089 3236 3316 3297 Interim
3336 3241 3386 3295 in
3408 3238 3594 3295 stabulo
3612 3238 3737 3293 liben-

2214 3332 2297 3378 ter
2323 3340 2604 3393 curcmur,
2637 3342 2742 3384 non
2779 3327 2955 3385 adhuc
2999 3315 3244 3400 languidi
3271 3331 3338 3387 de
3364 3331 3571 3388 sanitate
3590 3328 3737 3402 glorie-

2213 3430 2361 3479 ntur;
2412 3431 2479 3472 ne
2524 3416 2659 3473 nihil
2706 3418 2851 3476 aliud
2893 3420 3261 3489 superbiendo
3302 3420 3572 3490 faciamus,
3598 3420 3737 3477 nisiut

2216 3523 2483 3577 tntnquam
2512 3509 2749 3566 curando
2773 3526 3046 3567 sanemnr.

2284 3599 2509 3657 CAPUT
2534 3599 2789 3658 γει-7.
2811 3602 3002 3660 Gratiae
3024 3605 3274 3676 beneﬁcia
3291 3618 3494 3680 quatuor
3519 3623 3536 3662 :
3561 3604 3735 3661 remissio

2214 3702 2530 3762 peccatorum
2548 3736 2562 3757 ,
2588 3695 2787 3751 curatio
2806 3696 3065 3768 languoris
3082 3740 3098 3763 ,
3121 3700 3404 3771 redemptio
3425 3700 3484 3754 ab
3510 3699 3629 3754 omni
3652 3714 3734 3750 rar-

2212 3785 2448 3855 ruptione
2462 3795 2509 3840 et
2525 3787 3272 3859 concupiscentia.—Benedic,
3291 3793 3454 3847 anima
3470 3808 3583 3855 mea,
3598 3788 3733 3843 Domi-

2212 3892 2353 3930 num.
2373 3877 2464 3931 Die
2490 3880 2684 3934 animae
2709 3888 2831 3946 tum,
2850 3881 2937 3937 die
2961 3900 2975 3937 τ
2995 3882 3187 3940 Adhuc
3216 3885 3270 3941 in
3297 3885 3392 3941 hac
3406 3886 3505 3940 vita
3518 3900 3589 3950 es,
3602 3881 3733 3937 adhuc

2211 3980 2424 4021 carnem
2438 3968 2677 4038 fragilem
2690 3979 2890 4041 portas,
2904 3971 3077 4027 adhuc
3087 3989 3288 4045 corpus
3298 3974 3432 4046 quod
3444 3972 3733 4043 corrumpiun

2210 4068 2462 4129 aggravat
2476 4061 2708 4117 animam
2725 4061 2881 4135 (Sap.
2896 4080 2966 4129 tx,
2985 4063 3075 4137 15)
3092 4083 3106 4131 ;
3120 4065 3301 4122 adhuc
3315 4078 3429 4139 post
3443 4064 3732 4137 integritatem

2211 4149 2541 4207 remissionis
2557 4152 2808 4223 accepisti
2825 4154 3117 4211 remedium
3134 4157 3391 4214 orationis
3404 4174 3418 4224 ;
3431 4153 3733 4221 adhucutiquc

2210 4240 2364 4306 dicis,
2384 4242 2556 4300 donec
2572 4255 2828 4303 sanentur
2844 4247 3125 4319 languores
3140 4251 3239 4319 tui,
3258 4250 3459 4306 Dimitte
3470 4249 3593 4304 nobis
3604 4244 3732 4300 debita

2212 4343 2386 4386 nostra
2403 4333 2617 4406 (Matth.
2632 4352 2709 4404 vt,
2725 4337 2841 4409 12).
2858 4339 2952 4395 Dic
2964 4355 3092 4411 ergo
3111 4340 3304 4397 anima:
3321 4352 3440 4404 tum,
3454 4337 3639 4394 humilis
3650 4332 3732 4387 val-

2210 4424 2297 4491 lis,
2325 4443 2431 4482 non
2452 4438 2662 4485 erectus
2690 4431 2843 4487 collis
2861 4447 2878 4498 ;
2896 4432 2982 4489 die
3007 4434 3201 4489 anima:
3227 4443 3350 4496 tum.
3373 4431 3589 4497 Benedic,
3600 4427 3730 4481 animo

2211 4535 2343 4585 mea,
2362 4518 2655 4586 Dominum,
2673 4533 2722 4578 et
2738 4524 2847 4579 noli
2861 4525 3087 4581 oblivisci
3103 4543 3275 4583 omnes
3296 4526 3613 4582 retributiones
3629 4518 3743 4603 ejtttt:

2209 4608 2353 4677 Quas
2380 4611 2798 4671 retributiones?
2823 4614 2951 4680 Dic,
2981 4605 3259 4686 enumera,
3288 4617 3477 4688 gratias
3499 4628 3602 4684 age.
3621 4610 3731 4677 0m

2209 4701 2620 4759 retributiones?
2634 4704 2736 4771 Qui
2750 4707 2995 4777 propitius
3005 4708 3063 4778 fit
3075 4707 3304 4764 omnibus
3313 4705 3625 4779 iniquitatibus
3635 4701 3727 4754 tuit-

2210 4791 2325 4848 lloe
2353 4790 2550 4848 laetum
2578 4806 2663 4863 est
2679 4795 2733 4850 in
2749 4795 3040 4866 Baptismo.
3054 4798 3192 4866 Quid
3218 4799 3275 4854 lit
3296 4797 3486 4855 modo?
3507 4793 3596 4862 Qui
3615 4794 3729 4844 md

2209 4900 2381 4939 omnes
2420 4885 2687 4956 languores
2725 4896 2858 4942 tuos.
2900 4888 3014 4946 Hoc
3052 4889 3112 4947 lit
3147 4891 3307 4947 modo
3341 4910 3355 4946 :
3389 4901 3611 4960 agnosco.
3646 4878 3727 4937 Sed

2209 4977 2459 5048 quamdiu
2490 4978 2576 5033 hic
2601 4994 2742 5047 sum,
2764 4994 2960 5051 corpus
2986 4982 3129 5051 quod
3167 4982 3511 5053 corrumpitur
3527 4978 3727 5049 aggnnl

2209 5068 2461 5123 animam.
2494 5069 2586 5124 Dic
2612 5085 2741 5142 ergo
2788 5081 2843 5127 et
2882 5073 3024 5143 quod
3063 5074 3321 5146 sequitur,
3354 5073 3450 5141 Qui
3483 5062 3712 5126 redimitis

2209 5163 2528 5232 corruptione
2564 5164 2717 5218 vitam
2759 5172 2919 5219 tuam.
2944 5165 3072 5221 Post
3099 5166 3503 5236 redemptionem
3537 5159 3596 5215 de
3627 5168 3723 5210 eor-

2210 5252 2455 5323 ruptione
2481 5253 2608 5323 quid
2635 5256 2837 5311 restat?
2862 5256 3078 5325 Quando
3104 5257 3418 5331 corruptibile
3437 5258 3523 5311 hoc
3536 5244 3725 5306 induerit

2209 5342 2652 5414 incorruptionem,
2680 5355 2727 5399 et
2751 5350 2964 5403 mortale
2991 5349 3086 5405 Itoc
3107 5350 3321 5404 induerit
3339 5341 3723 5401 immortalium

2210 5446 2331 5489 ωηο
2362 5435 2446 5497 ﬁet
2489 5453 2652 5491 sermo
2694 5439 2783 5508 qui
2824 5440 3043 5511 scriptus
3066 5450 3174 5508 est,
3202 5440 3437 5509 Absorpta
3453 5441 3519 5489 est
3542 5442 3654 5484 ntors
3682 5424 3725 5511 ﬁt

2210 5524 2487 5580 victoriam.
2519 5525 2618 5583 Ubi
2637 5507 2730 5593 est,
2762 5507 2935 5593 mors,
2964 5507 3215 5586 contentio
3236 5507 3363 5583 tua?
3387 5525 3453 5580 lbi
3476 5528 3627 5581 recte.
3647 5507 3725 5568 ωδ

2210 5625 2313 5683 est,
2359 5633 2523 5680 mors,
2564 5618 2773 5673 aculeus
2811 5620 2969 5675 tuus?
2999 5621 3204 5688 Qumris
3229 5619 3392 5674 locum
3419 5614 3551 5683 ejus.
3576 5613 3722 5661 cum

2211 5709 2433 5765 invenis.
2470 5710 2607 5777 Quid
2636 5720 2717 5767 est
2746 5713 2959 5771 aculeus
2998 5711 3220 5771 mortis?
3248 5708 3377 5778 Quid
3402 5712 3507 5771 est.
3529 5696 3614 5757 ωδ
3635 5699 3721 5771 ⁸⁵9⁸³
