3850 6188
172 331 274 388 733

173 466 338 511 mors,
366 444 572 498 aculeus
616 437 775 494 tuus.’
815 434 914 493 Ubi
957 439 1036 488 est
1077 424 1642 502 pcccatum?Qu.1'-ris,
1689 431 1744 476 et

173 551 429 608 nusquam
471 541 573 588 est.
602 530 819 584 Aculeus
844 526 975 580 enim
1003 524 1176 576 mortis
1203 529 1276 574 est
1298 526 1553 590 peccatum
1573 514 1615 586 (Ι
1630 513 1749 568 Cor.

171 645 260 694 sv,
289 603 504 696 iii-86).
535 617 805 691 Apostoli,
837 630 941 670 non
971 627 1088 668 mea
1127 611 1286 666 verba
1325 616 1468 662 sunt.
1496 604 1642 660 Tunc
1665 603 1750 657 di-

172 730 324 776 cetur
354 737 368 772 :
399 695 498 770 Ubi
526 721 622 780 est,
646 725 804 774 mors,
829 705 1034 761 aculeus
1054 701 1208 757 tuus?
1225 699 1490 769 Nusquam
1512 695 1614 750 erit
1636 707 1754 764 pec-

172 824 346 870 catum
371 852 387 874 ,
429 822 531 864 nec
557 803 703 876 quod
733 811 784 856 te
809 799 982 869 capiat
1000 838 1015 860 ,
1055 809 1156 850 nec
1183 792 1325 864 quod
1352 801 1402 846 te
1441 791 1748 876 impugnet,

174 922 268 961 nec
297 901 441 974 quod
461 875 843 955 conscientiam
867 889 1062 944 titillet.
1085 886 1235 940 Tunc
1265 898 1368 938 non
1393 880 1631 936 dicetur:
1655 875 1758 928 De-

175 1001 271 1054 bita
299 967 475 1050 nostra
517 988 712 1044 dimitte
751 983 912 1039 nobis.
955 979 1062 1036 Sed
1107 976 1233 1048 quid
1273 972 1511 1029 dicetur?
1539 967 1758 1024 Domine

177 1092 306 1145 Deus
326 1095 516 1150 noster,
540 1095 713 1154 pacem
743 1077 809 1130 da
831 1076 973 1130 nobis
997 1089 1014 1128 :
1037 1069 1204 1127 omnia
1225 1068 1356 1122 enim
1383 1060 1646 1118 reddidisti
1664 1074 1758 1113 no-

175 1185 244 1238 bis
271 1179 427 1253 (Isai.
460 1189 613 1235 xxvi,
639 1170 750 1241 η).
835 1155 839 1159 ’

239 1243 472 1328 CAPUT
503 1263 638 1320 Vill.
659 1260 794 1315 -—8.
851 1255 1043 1312 Gratia:
1089 1261 1393 1324 postremum
1433 1243 1754 1313 beneﬁcium,

176 1379 361 1419 corona
380 1356 616 1431 justitite.
652 1350 890 1418 Denique
919 1354 1039 1417 post
1073 1341 1493 1411 redemptionem
1523 1334 1590 1389 ab
1611 1331 1758 1388 omni

177 1421 549 1519 corruptione,
595 1441 721 1514 quid
766 1446 934 1494 restat
973 1434 1076 1489 nisi
1122 1445 1319 1487 corona
1353 1424 1614 1496 justitite‘l
1644 1421 1760 1491 Ipsa

178 1551 320 1601 certe
338 1511 529 1600 restat,
557 1511 654 1590 sed
679 1529 918 1586 etiamin
951 1527 1064 1595 ipsa
1109 1522 1193 1578 vel
1237 1519 1338 1576 sub
1385 1517 1499 1586 ipsa
1546 1528 1651 1568 non
1692 1511 1762 1566 sit

181 1643 335 1706 caput
361 1630 630 1701 turgidum
651 1667 666 1691 ,
698 1633 759 1679 ut
784 1621 1006 1690 recipiat
1045 1629 1321 1672 coronam.
1350 1609 1521 1674 Audi,
1548 1603 1762 1661 attendo

184 1696 474 1785 Psalmnm,
489 1733 646 1790 quam
676 1715 807 1771 nolit
825 1725 1023 1768 corona
1043 1708 1131 1764 illa
1158 1703 1424 1774 turgidum
1440 1707 1615 1769 caput.
1627 1696 1762 1752 Cum

183 1817 402 1872 dixisset
420 1854 437 1878 ,
596 1806 798 1862 redimit
825 1804 890 1856 de
927 1799 1252 1868 emptione
1281 1795 1432 1848 vitam
1457 1800 1594 1844 tuam
1619 1803 1637 1842 :
1663 1787 1764 1854 Qui

184 1914 386 1961 coronat
411 1913 478 1968 te,
510 1899 700 1968 inquit.
730 1895 847 1950 lam
876 1893 963 1946 hic
987 1890 1228 1945 dicturus
1253 1899 1373 1941 eras
1394 1925 1410 1948 ,
1445 1881 1665 1936 Coranat
1693 1887 1760 1944 te,
1789 1956 1791 1958 η

187 1996 371 2050 merita
401 2006 518 2047 mea
546 1989 798 2048 fatentur,
819 1984 988 2038 virtus
1027 1994 1143 2035 mea
1190 1976 1315 2032 fecit
1362 1974 1498 2028 hoc:
1526 1970 1762 2026 debitum

190 2086 446 2149 redditur,
479 2097 585 2137 non
612 2080 862 2134 donatur.
892 2072 1028 2129 Audi
1072 2071 1248 2139 potius
1293 2066 1582 2122 Psaltnum.
1630 2060 1762 2115 Nam

192 2191 242 2236 et
265 2182 362 2234 hoc
389 2187 443 2232 tu
468 2175 602 2231 dicis
627 2191 641 2228 :
667 2171 845 2226 Omnis
875 2169 1024 2221 homo
1051 2162 1270 2218 mendax
1290 2158 1458 2233 (Psol.
1489 2171 1620 2221 cxv,
1651 2153 1763 2222 11).

196 2272 346 2336 Audi,
373 2270 514 2324 Deus
538 2263 665 2336 quid
691 2262 834 2317 dicat
857 2277 870 2312 :
897 2256 997 2324 Qui
1022 2261 1227 2309 coronat
1267 2261 1318 2304 te
1353 2251 1407 2303 in
1445 2245 1762 2300 miseratione

200 2375 242 2418 et
260 2335 613 2417 misericordia.
642 2356 715 2410 De
739 2346 1100 2408 misericordia
1144 2354 1196 2398 te
1235 2347 1476 2405 coronat,
1506 2337 1574 2391 de
1602 2335 1766 2389 mise-

202 2455 393 2511 ratione
436 2462 486 2506 te
525 2453 768 2504 coronat.
796 2443 912 2498 Non
933 2440 1074 2495 enim
1101 2437 1293 2506 dignus
1318 2431 1460 2488 fuisti
1487 2443 1644 2500 quem
1675 2441 1767 2479 vo-

207 2553 375 2607 caret,
402 2551 455 2596 et
475 2546 723 2595 vocatum
749 2531 1062 2605 justiticaret
1080 2568 1096 2593 ,
1123 2525 1468 2598 justiticatum
1511 2517 1770 2591 glorifica-

202 2821 300 2890 jam
325 2833 421 2870 non
443 2824 514 2868 est
539 2812 707 2884 gratia
727 2807 906 2879 (Rom.
927 2821 1004 2870 χι,
1036 2803 1112 2872 5).
1143 2801 1279 2855 Nam
1309 2799 1355 2853 ei
1391 2798 1477 2869 qui
1511 2804 1767 2866 operatur,

209 2888 380 2963 merces
403 2922 503 2960 non
533 2900 861 2974 imputabitur
891 2894 1164 2952 secundum
1203 2891 1418 2964 gratiam
1433 2931 1448 2956 ,
1477 2888 1566 2943 sed
1592 2903 1771 2941 secun-

207 3001 316 3053 dum
339 2999 554 3052 debitum
585 2992 699 3065 (1d.
724 3007 796 3056 iv,
823 2987 902 3061 4).
936 2984 1220 3056 Apostolus
1250 2981 1499 3050 loquitur,
1533 2977 1653 3032 Non
1687 2994 1770 3032 se-

205 3094 409 3146 cundum
432 3088 671 3161 gratiam,
699 3083 786 3139 sed
809 3080 1086 3135 secundum
1109 3075 1349 3131 debitum.
1378 3074 1452 3128 Te
1473 3079 1650 3126 autem
1679 3085 1773 3126 co-

209 3192 350 3238 ronat
373 3183 422 3236 in
453 3177 804 3234 miseratione
827 3183 880 3228 et
904 3167 1302 3226 misericordia:
1330 3173 1388 3221 et
1405 3166 1448 3219 si
1471 3173 1558 3218 tua
1582 3162 1768 3218 merita

209 3278 613 3344 praecesserunt,
639 3266 770 3322 dicit
811 3263 904 3318 tibi
933 3262 1110 3325 Deus,
1140 3259 1353 3313 Discute
1401 3255 1540 3310 bene
1582 3252 1771 3308 merita

208 3374 290 3420 tua
310 3367 347 3429 ⁸,
375 3372 431 3418 et
458 3360 662 3416 videbis
681 3357 804 3427 quia
830 3354 967 3410 dona
992 3359 1116 3406 sunt
1143 3364 1282 3404 mea.

268 3453 485 3511 CAPUT
526 3449 615 3505 KX.
631 3479 705 3489 —
721 3446 776 3503 9.
813 3443 1024 3499 Iustitio
1051 3440 1162 3506 Dei,
1187 3453 1302 3508 quin
1317 3437 1516 3491 ludatis
1541 3446 1590 3489 et
1614 3433 1772 3488 Pela-

204 3547 358 3618 gianis
391 3547 563 3617 ignota
591 3549 683 3595 est.
716 3537 894 3593 Gratia
927 3536 982 3589 in
1010 3531 1172 3588 Veteri
1196 3530 1514 3585 Testamento
1549 3525 1770 3590 occulta,

201 3615 251 3690 in
283 3615 427 3691 Novo
448 3633 686 3688 revelata.
711 3628 836 3683 [hnc
861 3634 945 3682 est
971 3637 1098 3694 ergo
1117 3622 1319 3693 justitia
1348 3619 1464 3673 Dei.
1495 3615 1774 3684 Quomodo

203 3728 402 3789 dicitur,
437 3722 642 3778 Domini
669 3720 808 3774 salus
840 3715 1022 3788 (Psal.
1067 3729 1144 3779 ttt,
1185 3711 1273 3782 9),
1306 3725 1410 3763 non
1453 3724 1556 3778 qua
1597 3706 1774 3760 salvus

201 3825 281 3871 est
307 3816 578 3880 Dominus,
607 3809 701 3867 sed
724 3823 881 3878 quam
919 3805 1011 3860 dat
1033 3805 1113 3859 eis
1137 3816 1273 3873 quos
1307 3800 1483 3854 salvos
1512 3796 1637 3851 facit
1659 3815 1673 3850 :
1695 3797 1775 3850 sic

198 3920 252 3962 et
282 3908 370 3962 Dei
397 3906 564 3978 gratia
592 3918 684 3972 per
697 3901 878 3956 Jesum
899 3895 1168 3952 Christum
1192 3892 1478 3949 Dominum
1507 3898 1771 3955 nostrum,

195 3999 392 4068 iustitia
423 3996 517 4051 Dei
545 3994 760 4057 dicitur,
790 4004 894 4044 non
922 4002 1026 4057 qua
1059 3985 1234 4056 justus
1260 3991 1342 4037 est
1370 3980 1648 4045 Dominus,
1681 3978 1775 4033 sed

195 4104 298 4159 qua
319 4088 574 4158 jnstificat
599 4098 692 4138 eos
725 4095 861 4151 quos
887 4094 952 4133 ex
985 4075 1159 4146 impiis
1181 4073 1356 4144 justos
1381 4071 1520 4126 facit.
1551 4069 1776 4139 Quidam

198 4195 345 4244 vero,
386 4173 657 4248 quomodo
702 4168 985 4241 aliquando
1027 4165 1218 4228 Judtni,
1266 4173 1321 4218 et
1349 4162 1677 4217 Christianos
1719 4173 1778 4214 se

199 4271 303 4324 dici
340 4270 543 4332 volunt,
576 4273 632 4320 et
655 4262 831 4318 adhuc
858 4261 1160 4330 ignorantes
1189 4255 1280 4308 Dei
1307 4252 1587 4322 justitiam,
1625 4264 1776 4304 suam

202 4363 381 4417 volunt
410 4359 765 4420 constituere,
793 4352 953 4408 etiam
981 4346 1308 4418 temporibus
1335 4343 1553 4410 nostris,
1576 4352 1781 4411 tempo-

201 4453 343 4505 ribus
370 4457 567 4520 apertre
596 4445 800 4517 gratim,
840 4439 1167 4510 temporibus
1194 4450 1338 4491 nunc
1359 4433 1604 4490 revelata:
1633 4433 1779 4502 prius

201 4547 421 4600 occultae
457 4541 662 4613 gratiae,
703 4535 1034 4606 temporibus
1076 4530 1294 4586 nuncin
1321 4543 1445 4582 area
1488 4526 1781 4580 manifesta:

202 4638 404 4706 gmtim,
435 4650 552 4704 qua:
577 4628 864 4701 aliquando
886 4625 1083 4680 latebat
1120 4623 1172 4676 in
1205 4621 1418 4677 vellere.
1465 4619 1667 4674 Paucos
1698 4616 1781 4669 in—

207 4729 470 4782 tellexisse
512 4725 690 4788 video,
739 4723 918 4792 plures
963 4733 1068 4772 non
1114 4715 1458 4779 intellexisse,
1507 4725 1642 4781 quos
1683 4725 1782 4780 ego

207 4833 536 4890 nequaquam
582 4813 806 4871 tacendo
854 4809 1132 4866 fraudabo.
1179 4806 1402 4872 Quidam
1445 4803 1512 4858 de
1553 4803 1785 4872 antiquis

208 4908 356 4977 justis
369 4910 583 4967 Cedeon
609 4905 798 4978 petivit
815 4919 844 4956 a
867 4903 1094 4958 Domino
1119 4899 1348 4969 signum,
1368 4905 1422 4951 et
1446 4894 1575 4951 dixit
1599 4911 1612 4949 :
1634 4894 1781 4960 Peto,

217 5002 440 5068 Domine,
470 5011 526 5056 ut
549 5000 707 5060 uellus
732 4998 826 5050 hoc
853 4994 990 5066 quod
1021 4994 1073 5046 in
1099 5007 1219 5044 area
1244 5005 1396 5059 pono,
1435 4987 1780 5058 complnatur,

217 5106 257 5150 rt
279 5112 396 5149 area
424 5095 558 5148 sicca
582 5101 668 5146 sit.
710 5089 929 5145 Factum
955 5095 1037 5140 est
1065 5101 1079 5137 :
1105 5081 1427 5150 complutum
1467 5085 1550 5133 est
1578 5078 1748 5132 vellus
1769 5118 1783 5141 ,

217 5201 330 5242 area
360 5195 468 5242 tota
495 5185 637 5239 sicca
666 5189 797 5236 erat.
832 5175 1108 5249 Expressit
1134 5188 1288 5228 mane
1317 5171 1482 5226 vellus
1509 5171 1559 5224 in
1592 5172 1744 5241 pelve
1770 5187 1784 5234 ;

218 5277 456 5347 quoniam
489 5272 777 5328 humilibus
804 5269 958 5323 datur
997 5265 1164 5337 gratia
1192 5281 1205 5315 :
1237 5273 1290 5318 ct
1333 5263 1384 5317 in
1433 5262 1584 5332 pelve
1623 5262 1789 5316 nostis

220 5367 335 5439 quid
362 5367 544 5423 iecerit
570 5363 824 5419 Dominus
850 5357 1121 5429 discipulis
1138 5357 1266 5412 suis.
1300 5355 1427 5410 Item
1458 5353 1787 5423 petivitalte-

223 5475 328 5514 rum
359 5459 566 5528 signum
599 5473 613 5510 :
651 5452 795 5512 Volo.
841 5450 1029 5520 inquit,
1075 5447 1307 5509 Domine,
1337 5455 1390 5498 ut
1423 5442 1579 5499 vellus
1603 5444 1791 5498 siccum

222 5552 298 5614 sit,
337 5565 456 5602 area
485 5546 759 5616 completa.
789 5544 854 5597 Et
898 5542 997 5595 hoc
1026 5538 1220 5594 factum
1269 5544 1351 5591 est
1398 5533 1676 5606 (Iudicum
1699 5547 1753 5586 tv
1774 5574 1790 5598 ,

226 5639 423 5706 37-50).
459 5639 658 5707 Repch
687 5643 895 5703 tempus
915 5631 1111 5685 veteris
1140 5625 1485 5689 'l'cstamcnti,
1515 5622 1682 5694 gratia
1705 5639 1794 5678 oc-

283 5755 298 5786 ¹
320 5750 394 5807 sit:
431 5748 762 5821 manuscripti.
783 5742 900 5795 aditi
921 5755 1058 5804 vero,
1086 5740 1204 5792 bona
1226 5738 1394 5790 merita
1419 5743 1514 5788 tua.

1549 303 1780 362 SEMIO
1799 302 2076 358 ιχχχίι.

1858 422 1999 476 culta
2018 431 2103 477 est
2129 422 2181 478 in
2208 425 2366 491 nube,
2403 435 2652 494 tanquam
2683 429 2851 486 imber
2877 431 2930 486 in
2963 432 3179 488 vellere.
3213 431 3441 486 Attende

1858 511 2017 566 modo
2057 523 2263 584 tempus
2303 515 2437 571 Novi
2468 518 2818 587 Testamenti,
2844 521 3050 576 discute
3095 532 3304 591 gentem
3344 523 3438 575 Ju-

1857 602 2118 673 dzcorum,
2162 609 2312 677 quasi
2357 610 2532 666 vellus
2575 613 2772 667 siccum
2822 615 3057 670 invenies
3085 633 3099 669 :
3127 615 3270 669 orbis
3313 630 3440 668 vero

1857 702 2001 750 totus
2031 706 2277 771 tgnquam
2301 700 2388 754 illa
2415 717 2536 756 area
2569 703 2754 772 plenus
2781 713 2863 759 est
2888 705 3056 775 gratia
3078 721 3183 759 non
3210 706 3436 767 occulta,

1857 786 1950 840 sed
1969 788 2264 844 manifesta.
2297 791 2446 847 Unde
2464 793 2686 848 multum
2711 795 2958 866 plangere
2985 795 3224 865 cogimur
3250 795 3438 850 fratres

1858 886 2090 946 nostros,
2113 880 2200 950 qui
2221 896 2330 936 non
2357 892 2540 938 contra
2564 885 2843 950 occultam,
2873 885 2968 940 sed
2993 896 3175 940 contra
3196 895 3434 954 apertam

1859 970 2084 1039 gratiam
2128 973 2569 1045 manifestamque
2612 976 2958 1032 contendunt.
3010 977 3302 1047 ignoscitur
3343 976 3441 1030 Ju-

1859 1060 2008 1116 daeis.
2039 1062 2197 1131 Quid,
2222 1064 2548 1121 Christiani?
2576 1083 2740 1137 quare
2771 1068 2968 1122 inimici
2996 1069 3180 1138 gratia:
3205 1067 3442 1120 Christi?

1861 1151 2036 1219 Quare
2071 1153 2140 1208 de
2179 1156 2325 1210 vobis
2350 1159 2775 1227 praesumentes?
2801 1175 2965 1230 quare
3007 1158 3238 1228 ingrati?
3267 1158 3442 1225 Quare

1861 1245 2002 1299 enim
2029 1247 2267 1304 Christus
2296 1249 2478 1303 venit?
2501 1250 2767 1321 Numquid
2811 1260 2996 1305 natura
3041 1251 3124 1304 hic
3153 1264 3256 1304 non
3285 1251 3441 1303 erat?

1862 1334 2059 1392 Natura
2090 1354 2194 1392 non
2220 1349 2355 1407 erat,
2385 1356 2543 1410 quam
2575 1343 2795 1396 multum
2825 1341 3086 1395 laudando
3111 1339 3353 1410 decipitis
3384 1339 3442 1390 '?

1863 1428 2124 1498 Numquid
2153 1431 2262 1486 Lex
2308 1432 2393 1487 hic
2422 1448 2528 1488 non
2572 1435 2728 1488 erat?
2755 1433 2860 1489 Sed
2905 1432 2980 1486 ait
3020 1431 3350 1502 Apostolus:
3379 1428 3441 1484 Si

1865 1537 1955 1590 per
1996 1519 2178 1590 Legem
2211 1522 2432 1590 justitia,
2481 1540 2598 1594 ergo
2643 1521 2870 1578 Christus
2907 1523 3062 1592 gratis
3107 1531 3331 1573 mortuus
3370 1526 3443 1573 est

1867 1609 2056 1683 (Colat.
2093 1628 2150 1678 n,
2180 1612 2295 1685 21).
2337 1613 2489 1682 Quod
2526 1616 2600 1669 ait
2629 1615 2912 1686 Apostolus
2950 1613 3015 1668 de
3045 1613 3182 1681 lege,
3216 1612 3316 1666 hoc
3346 1625 3442 1664 nos

1867 1701 1984 1757 istis
2003 1703 2228 1758 dicimus
2251 1705 2318 1759 de
2338 1714 2526 1760 natura
2556 1725 2569 1761 :
2601 1706 2655 1761 Si
2679 1721 2774 1775 per
2797 1714 3037 1760 naturam
3067 1703 3284 1772 iustitia,
3315 1716 3443 1770 ergo

1864 1792 2106 1848 Christus
2135 1794 2297 1862 gratis
2323 1804 2561 1849 mortuus
2587 1805 2689 1850 est.

1935 1882 2162 1938 CAPUT
2191 1884 2258 1938 X.
2283 1915 2355 1924 ——
2379 1885 2464 1939 10.
2497 1885 2720 1939 Concilio
2739 1893 2915 1938 contra
2940 1883 3260 1953 Pelagianos.
3290 1878 3441 1949 Quod

1866 1988 1994 2044 ergo
2020 1974 2218 2029 dictum
2243 1975 2416 2030 estde
2437 1975 2654 2040 Judmis,
2687 1974 2790 2030 hoc
2832 1975 3049 2029 omnino
3074 1973 3125 2027 in
3153 1973 3272 2027 istis
3298 1971 3446 2026 vide.

1868 2079 2006 2118 mus.
2054 2064 2236 2119 Zelum
2268 2066 2360 2120 Del
2391 2065 2604 2120 habent.
2639 2065 3000 2119 Testimonium
3045 2062 3148 2116 illis
3176 2061 3444 2132 per/libro.

1867 2155 1988 2224 quia
2029 2155 2192 2209 zelum
2234 2153 2332 2208 Dei
2360 2154 2561 2221 habent,
2592 2155 2682 2208 sed
2730 2171 2830 2207 non
2858 2151 3136 2207 secundum
3170 2152 3450 2205 scientiam.

1868 2243 2004 2313 Quid
2034 2253 2138 2309 est,
2182 2262 2281 2300 non
2318 2246 2591 2300 secundum
2619 2244 2921 2298 scientiam?
2973 2241 3273 2313 Ignorantes
3316 2241 3450 2296 enim

1870 2337 1967 2390 Dei
1983 2337 2258 2407 justitiam,
2289 2346 2334 2390 et
2370 2352 2517 2391 suam
2540 2335 2756 2389 uolentes
2780 2335 3095 2395 constituere,
3115 2333 3329 2403 jnstitite
3354 2330 3453 2386 Dei

1871 2445 1970 2482 non
1997 2436 2113 2482 sunt
2137 2426 2344 2498 subjecti
2371 2426 2547 2495 (Rom.
2579 2441 2636 2489 ι,
2658 2425 2713 2487 2,
2739 2425 2817 2495 ὃ).
2841 2423 3056 2479 Fratres
3084 2424 3207 2484 mei,
3234 2437 3452 2490 compa-

1873 2518 2041 2573 timini
2071 2532 2297 2572 mecum.
2329 2515 2428 2572 Ubi
2459 2516 2590 2569 tales
2616 2514 2945 2578 inveneritis,
2971 2514 3243 2567 occultare
3265 2513 3450 2576 nolite,

1750 2641 1778 2662 ,ν
1873 2625 1978 2666 non
2008 2609 2078 2665 sit
2121 2610 2173 2664 in
2203 2608 2353 2663 vobis
2381 2621 2629 2678 perversa
2674 2604 3038 2661 misericordia
3068 2622 3081 2657 :
3115 2618 3333 2673 prorsus
3361 2603 3453 2658 ubi

1875 2703 2007 2758 tales
2029 2698 2360 2766 inveneritis,
2382 2698 2648 2752 occultare
2676 2696 2860 2751 nolite.
2895 2695 3214 2764 Redarguite
3241 2705 3457 2749 contra-

1873 2791 2132 2853 dicentes,
2174 2799 2228 2844 et
2251 2789 2562 2845 resistentes
2606 2785 2672 2842 ad
2715 2801 2812 2841 nos
2847 2787 3136 2856 perducite.
3171 2785 3286 2840 .lam
3315 2785 3454 2840 enim

1874 2887 1942 2941 de
1981 2885 2083 2940 hac
2109 2898 2267 2940 causa
2296 2883 2404 2938 duo
2450 2882 2673 2938 concilia
2705 2879 2779 2953 (a)
2809 2881 2972 2934 missa
2999 2887 3123 2933 sunt
3164 2879 3230 2932 ad
3261 2878 3457 2934 Sedem

1877 2977 2235 3047 Apostolicam
2275 2994 2288 3028 :
2330 2974 2454 3030 inde
2487 2974 2646 3028 etiam
2676 2972 2933 3042 rescripta
2978 2981 3255 3026 venerunt.
3286 2971 3457 3026 Causa

1876 3068 2020 3122 finita
2050 3076 2131 3123 est
2160 3085 2172 3121 :
2203 3067 2404 3121 utinam
2433 3063 2714 3135 aliquando
2756 3064 2967 3116 finiatur
3003 3063 3187 3116 error!
3234 3061 3376 3130 Ergo
3401 3071 3461 3114 ut

1875 3157 2150 3213 advertant
2176 3171 2478 3223 monemus,
2507 3166 2561 3210 ut
2593 3156 2922 3209 instruantur
2947 3152 3225 3218 docemus,
3257 3161 3314 3206 ut
3343 3167 3462 3206 mu-

1877 3257 2052 3304 tentur
2073 3263 2306 3304 oremus.
2329 3246 2590 3303 Conversi
2614 3245 2681 3299 ad
2705 3244 3006 3309 Dominum,
3035 3252 3139 3298 etc.

2340 3355 2570 3412 SERMO
2605 3353 2842 3412 cxxxn
2867 3357 2883 3376 ο
2906 3353 2999 3426 (b).

1878 3473 1957 3529 De
1980 3473 2139 3529 verbis
2165 3471 2428 3540 Evangelii
2455 3468 2692 3533 Joannis,
2720 3466 2855 3522 Caro
2889 3482 3005 3521 mea
3035 3481 3159 3520 vere
3185 3479 3305 3520 esca
3331 3473 3410 3518 est
3439 3505 3456 3528 ,

1948 3576 2003 3621 et
2048 3565 2262 3634 sanguis
2303 3577 2454 3617 meus
2502 3577 2628 3615 vere
2682 3569 2836 3630 potus
2885 3567 2988 3614 est.
3035 3558 3132 3624 Qui
3179 3555 3462 3610 manducat

1951 3670 2120 3709 meam
2152 3667 2389 3714 carnem,
2421 3659 2515 3704 etc.
2549 3649 2676 3719 Cap.
2708 3665 2779 3713 Vl,
2823 3651 2856 3718 Ῡ
2893 3649 2926 3717 Ῡ
2951 3685 2964 3699 .
2993 3647 3082 3709 56,
3111 3647 3178 3702 57
3205 3645 3304 3716 (c).‘

1950 3746 2173 3802 CAPUT
2212 3743 2586 3799 PRIMUM.—
2615 3743 2664 3796 1.
2707 3741 2787 3793 Ad
2823 3739 3207 3810 regenerationis
3245 3740 3463 3809 gratiam

1799 3867 1824 3886 .
1878 3838 2154 3892 invitantur
2199 3833 2573 3890 Catecltumcni.
2623 3831 2771 3886 Sicut
2810 3828 3127 3895 audivimus,
3176 3843 3296 3882 cum
3340 3844 3464 3883 san-

1881 3939 2021 3984 ctum
2068 3927 2405 3998 Evangelinm
2433 3924 2719 3993 legeretur,
2754 3921 3008 3975 Dominus
3033 3919 3190 3975 Jesus
3219 3918 3461 3975 Christus

1881 4021 2190 4077 exhortatus
2223 4027 2304 4073 est
2348 4015 2697 4086 promissione
2738 4013 2860 4067 vita:
2897 4021 3110 4066 telorum
3148 4010 3213 4064 ad
3245 4011 3465 4065 mandu-

1883 4111 2108 4166 candum
2131 4123 2346 4164 carncm
2372 4121 2520 4160 suam
2551 4114 2604 4159 ct
2632 4103 2915 4159 bibendum
2945 4101 3257 4170 sanguinem
3284 4117 3460 4155 suum.

1883 4203 1984 4273 Qui
2021 4200 2243 4256 audistis
2287 4199 2422 4261 hazc,
2455 4195 2687 4250 nondum
2729 4208 2916 4248 omnes
2942 4192 3333 4247 iutellexistis'.
3364 4192 3464 4260 Qui

1885 4293 2028 4349 enim
2076 4290 2322 4361 baptizati
2351 4297 2407 4342 ct
2437 4286 2618 4341 ﬁdeles
2661 4283 2810 4349 estis,
2860 4282 2981 4353 quid
3030 4282 3242 4348 dixerit,
3276 4283 3462 4336 nostis.

1886 4385 1985 4455 Qui
2012 4393 2188 4438 autem
2217 4382 2356 4438 inter
2381 4395 2476 4434 vos
2498 4378 2672 4433 adhuc
2691 4376 3087 4441 Catechumeni,
3111 4376 3195 4430 vel
3225 4375 3463 4429 Audien-

1889 4487 1968 4532 tes
1996 4483 2268 4536 vocantur,
2294 4478 2580 4542 potucrunt
2599 4483 2717 4525 esse
2734 4483 2853 4523 cum
2880 4469 3146 4538 legeretur
3169 4465 3464 4529 audientes,

1887 4564 2141 4636 numquid
2159 4573 2212 4617 et
2229 4561 2618 4632 intelligontcs?
2650 4559 2790 4626 Ergo
2811 4573 2988 4612 sermo
3010 4567 3191 4611 noster
3207 4557 3271 4612 ad
3295 4566 3463 4612 utros-

1887 4672 1991 4729 que
2017 4655 2276 4724 dirigitur.
2302 4651 2403 4720 Qui
2426 4651 2535 4721 jam
2563 4649 2884 4704 manducant
2909 4663 3125 4703 carnem
3157 4648 3387 4714 Domini,
3411 4657 3467 4703 et

1889 4750 2076 4804 bibunt
2102 4747 2410 4817 sanguinem
2455 4743 2589 4813 ejus,
2630 4743 2862 4811 cogitent
2885 4740 3010 4809 quid
3041 4739 3377 4805 manducent,
3415 4750 3468 4792 et

1890 4842 2015 4914 quid
2043 4841 2223 4896 bibant
2250 4858 2263 4894 :
2295 4853 2380 4902 ne,
2413 4836 2548 4890 sicut
2576 4835 2705 4888 dicit
2730 4833 3037 4902 Apostolus,
3065 4831 3322 4900 judicium
3367 4831 3468 4886 sibi

1957 4976 1972 5006 ⁸
1998 4971 2213 5023 Nonnulli
2235 4967 2444 5024 codices,
2469 4964 2700 5024 desipitis.

1955 5038 1975 5067 ε
1997 5019 2175 5082 omnes
2206 5037 2346 5080 Mss:
2373 5019 2462 5086 Qui
2484 5019 2686 5086 audistis
2706 5023 2838 5086 patec,
2876 5022 3039 5086 aliqui
3053 5035 3162 5084 1am
3183 5029 3265 5086 nor
3295 5019 3475 5086 facitis,

1892 5080 2288 5159 aliqainortdnnt.
2313 5080 2401 5159 oni
2588 5080 2833 5149 baptizati,‘
2856 5080 2973 5145 etc,
2996 5080 3084 5132 nisi
3107 5083 3235 5146 quod
3259 5080 3486 5131 nctutulli.

1893 5151 2093 5217 habent,
2100 5154 2211 5216 jam
2224 5151 2330 5202 haec
2351 5151 2528 5214 facitis.

1958 5238 1977 5256 ‘
2006 5234 2291 5284 Emendatus
2311 5231 2466 5280 estad
2491 5237 2594 5281 tres
2613 5229 2697 5278 bu.
2722 5233 2927 5291 quatuor
2948 5225 3010 5276 cl.
3036 5225 3095 5274 ad
3115 5239 3162 5275 a.
3180 5225 3259 5276 ch.
3286 5226 3316 5272 ι’.
3339 5223 3394 5273 is.
3420 5239 3476 5288 Β,

1895 5299 1955 5348 lr.
1979 5313 2046 5347 m.
2065 5310 2137 5348 Dr.
2163 5307 2255 5345 rm.
2279 5293 2358 5343 vd.

1914 5314 1955 5348 l'.
1979 5313 2046 5347 m.
2065 5310 2137 5348 υτ.
2163 5307 2255 5345 1³111.
2279 5307 2358 5343 να.

2032 5332 2046 5345 .
2097 5311 2137 5344 ι·.
2163 5310 2255 5345 rtn.
2309 5310 2358 5341 α.

1961 5313 2034 5424 (Ir?)
2055 5310 2430 5424 igrthagit‘iense
2476 5350 2803 5424 videlicet_ac_
2834 5348 3151 5424 mugilanum
3170 5384 3183 5406 ,
3223 5359 3333 5419 qua:
3363 5357 3486 5400 sunt

1899 5409 2117 5486 epistola:
2146 5409 2289 5486 lntiég
2310 5413 2805 5486 Augustinianasﬂb'
2837 5419 2892 5486 et
2939 5409 3337 5486 ι’ῖϐχιξθδιξιζῖιιιξ
3360 5421 3485 5478 vero

1901 5469 2072 5535 iisdem
2106 5479 2320 5532 conciliis
2352 5469 2442 5535 p'ér
2478 5476 2804 5523 Innocentium
2837 5479 3090 5535 Romanum
3112 5469 3382 5535 Pontiﬁcum
3408 5469 3478 5535 in;

1900 5529 2201 5597 Eligam
2216 5541 2304 5588 417
2328 5529 2456 5597 data,
2478 5537 2636 5586 locum
2658 5536 2784 5584 inter
2808 5534 3025 5596 ejusdem
3050 5530 3279 5594 epistolas
3298 5529 3484 5581 habent

1901 5609 2072 5658 ordine
2096 5605 2180 5654 181
2210 5609 2260 5650 ct
2286 5600 2388 5651 18:2.

1965 5667 2036 5727 (ὁ)
2067 5667 2203 5722 Alias»,
2227 5663 2298 5711 de-
2318 5661 2486 5727 verbis
2505 5659 2685 5727 ρατιῑηὶ

1972 5669 2013 5727 [b
2067 5669 2203 5722 Alias»,
2227 5669 2298 5711 de
2318 5669 2486 5709 Verbis
2505 5669 2685 5707 normal
2712 5669 2786 5704 to.

1972 5669 2038 5793 (σεξ
2060 5730 2233 5780 Citatur
2262 5739 2289 5775 a
2316 5722 2449 5772 Floro
2461 5721 2520 5772 ad
2547 5727 2682 5769 tt‘m‘.
2709 5733 2788 5769 xv.
