  <div class='ocr_page' id='page_1' title='image "/cluster/home/n/w/nwhite01/storage/ocr_20150623/38/hvd.32044096580600/373.png"; bbox 0 0 3850 6188; ppageno 0'>
   <div class='ocr_carea' id='block_1_1' title="bbox 469 274 574 331">
    <p class='ocr_par' dir='ltr' id='par_1_1' title="bbox 469 274 574 331">
     <span class='ocr_line' id='line_1_1' title="bbox 469 274 574 331; baseline -0.038 0"><span class='ocrx_word' id='word_1_1' title='bbox 469 274 574 331; x_wconf 75' lang='lat'><strong>735</strong></span> 
     </span>
    </p>
   </div>
   <div class='ocr_carea' id='block_1_2' title="bbox 407 383 2059 458">
    <p class='ocr_par' dir='ltr' id='par_1_2' title="bbox 407 383 2059 458">
     <span class='ocr_line' id='line_1_2' title="bbox 407 383 2059 458; baseline -0.004 -15"><span class='ocrx_word' id='word_1_2' title='bbox 407 410 415 418; x_wconf 89' lang='grc'><strong>·</strong></span> <span class='ocrx_word' id='word_1_3' title='bbox 468 388 789 444; x_wconf 86' lang='lat' dir='ltr'><strong>manducent</strong></span> <span class='ocrx_word' id='word_1_4' title='bbox 812 397 870 443; x_wconf 92' lang='lat' dir='ltr'><strong>et</strong></span> <span class='ocrx_word' id='word_1_5' title='bbox 891 386 1072 443; x_wconf 92' lang='lat' dir='ltr'><strong>bibant</strong></span> <span class='ocrx_word' id='word_1_6' title='bbox 1101 385 1154 456; x_wconf 95' lang='grc'><strong>(1</strong></span> <span class='ocrx_word' id='word_1_7' title='bbox 1177 385 1294 441; x_wconf 84' lang='lat' dir='ltr'><strong>Cor.</strong></span> <span class='ocrx_word' id='word_1_8' title='bbox 1327 402 1401 451; x_wconf 84' lang='lat' dir='ltr'><strong>xl,</strong></span> <span class='ocrx_word' id='word_1_9' title='bbox 1426 384 1559 458; x_wconf 67' lang='lat'><strong>29).</strong></span> <span class='ocrx_word' id='word_1_10' title='bbox 1590 383 1692 453; x_wconf 90' lang='lat' dir='ltr'><strong>Qui</strong></span> <span class='ocrx_word' id='word_1_11' title='bbox 1717 392 1894 439; x_wconf 87' lang='lat' dir='ltr'><strong>autem</strong></span> <span class='ocrx_word' id='word_1_12' title='bbox 1922 399 2059 438; x_wconf 85' lang='lat' dir='ltr'><strong>non-</strong></span> 
     </span>
    </p>
   </div>
   <div class='ocr_carea' id='block_1_3' title="bbox 465 474 2057 545">
    <p class='ocr_par' dir='ltr' id='par_1_3' title="bbox 465 474 2057 545">
     <span class='ocr_line' id='line_1_3' title="bbox 465 474 2057 545; baseline -0.004 -12"><span class='ocrx_word' id='word_1_13' title='bbox 465 481 591 533; x_wconf 87' lang='lat' dir='ltr'><strong>dum</strong></span> <span class='ocrx_word' id='word_1_14' title='bbox 622 480 962 538; x_wconf 87' lang='lat' dir='ltr'><strong>manducant.</strong></span> <span class='ocrx_word' id='word_1_15' title='bbox 990 485 1044 532; x_wconf 90' lang='lat' dir='ltr'><strong>et</strong></span> <span class='ocrx_word' id='word_1_16' title='bbox 1073 476 1306 532; x_wconf 88' lang='lat' dir='ltr'><strong>nondum</strong></span> <span class='ocrx_word' id='word_1_17' title='bbox 1352 476 1562 541; x_wconf 89' lang='lat' dir='ltr'><strong>bibunt,</strong></span> <span class='ocrx_word' id='word_1_18' title='bbox 1610 475 1678 531; x_wconf 87' lang='lat' dir='ltr'><strong>ad</strong></span> <span class='ocrx_word' id='word_1_19' title='bbox 1706 475 1841 531; x_wconf 88' lang='lat' dir='ltr'><strong>tales</strong></span> <span class='ocrx_word' id='word_1_20' title='bbox 1868 474 2057 545; x_wconf 79' lang='lat' dir='ltr'><strong>epulas</strong></span> 
     </span>
    </p>
   </div>
   <div class='ocr_carea' id='block_1_4' title="bbox 469 566 2053 646">
    <p class='ocr_par' dir='ltr' id='par_1_4' title="bbox 469 566 2053 646">
     <span class='ocr_line' id='line_1_4' title="bbox 469 566 2053 646; baseline -0.003 -22"><span class='ocrx_word' id='word_1_21' title='bbox 469 570 672 625; x_wconf 86' lang='lat' dir='ltr'><strong>invitati</strong></span> <span class='ocrx_word' id='word_1_22' title='bbox 711 569 977 623; x_wconf 87' lang='lat' dir='ltr'><strong>festinent.</strong></span> <span class='ocrx_word' id='word_1_23' title='bbox 1020 568 1124 623; x_wconf 87' lang='lat' dir='ltr'><strong>Per</strong></span> <span class='ocrx_word' id='word_1_24' title='bbox 1162 568 1291 623; x_wconf 88' lang='lat' dir='ltr'><strong>istos</strong></span> <span class='ocrx_word' id='word_1_25' title='bbox 1328 567 1445 623; x_wconf 88' lang='lat' dir='ltr'><strong>dies</strong></span> <span class='ocrx_word' id='word_1_26' title='bbox 1473 566 1757 637; x_wconf 73' lang='lat' dir='ltr'><strong>magistri‘</strong></span> <span class='ocrx_word' id='word_1_27' title='bbox 1789 572 2017 646; x_wconf 79' lang='lat' dir='ltr'><strong>pascunt</strong></span> <span class='ocrx_word' id='word_1_28' title='bbox 2035 604 2053 631; x_wconf 84' lang='lat'><strong>,</strong></span> 
     </span>
    </p>
   </div>
   <div class='ocr_carea' id='block_1_5' title="bbox 468 659 2056 731">
    <p class='ocr_par' dir='ltr' id='par_1_5' title="bbox 468 659 2056 731">
     <span class='ocr_line' id='line_1_5' title="bbox 468 659 2056 731; baseline 0 -18"><span class='ocrx_word' id='word_1_29' title='bbox 468 661 710 717; x_wconf 71' lang='lat' dir='ltr'><strong>tibristns</strong></span> <span class='ocrx_word' id='word_1_30' title='bbox 737 660 974 730; x_wconf 84' lang='lat' dir='ltr'><strong>quotidie</strong></span> <span class='ocrx_word' id='word_1_31' title='bbox 1001 661 1189 731; x_wconf 90' lang='lat' dir='ltr'><strong>pascit,</strong></span> <span class='ocrx_word' id='word_1_32' title='bbox 1224 676 1405 716; x_wconf 86' lang='lat' dir='ltr'><strong>mensa</strong></span> <span class='ocrx_word' id='word_1_33' title='bbox 1435 660 1600 730; x_wconf 79' lang='lat' dir='ltr'><strong>ipsius</strong></span> <span class='ocrx_word' id='word_1_34' title='bbox 1624 667 1708 715; x_wconf 90' lang='lat' dir='ltr'><strong>est</strong></span> <span class='ocrx_word' id='word_1_35' title='bbox 1730 659 1820 713; x_wconf 86' lang='lat' dir='ltr'><strong>illa</strong></span> <span class='ocrx_word' id='word_1_36' title='bbox 1848 659 1901 713; x_wconf 90' lang='lat' dir='ltr'><strong>in</strong></span> <span class='ocrx_word' id='word_1_37' title='bbox 1940 673 2056 713; x_wconf 86' lang='lat' dir='ltr'><strong>me-</strong></span> 
     </span>
    </p>
   </div>
   <div class='ocr_carea' id='block_1_6' title="bbox 467 749 2055 818">
    <p class='ocr_par' dir='ltr' id='par_1_6' title="bbox 467 749 2055 818">
     <span class='ocr_line' id='line_1_6' title="bbox 467 749 2055 818; baseline -0.002 -14"><span class='ocrx_word' id='word_1_38' title='bbox 467 751 557 804; x_wconf 89' lang='lat' dir='ltr'><strong>dio</strong></span> <span class='ocrx_word' id='word_1_39' title='bbox 581 751 887 805; x_wconf 84' lang='lat' dir='ltr'><strong>constituta.</strong></span> <span class='ocrx_word' id='word_1_40' title='bbox 917 749 1052 818; x_wconf 84' lang='lat' dir='ltr'><strong>Quid</strong></span> <span class='ocrx_word' id='word_1_41' title='bbox 1072 766 1250 805; x_wconf 77' lang='lat' dir='ltr'><strong>causa:</strong></span> <span class='ocrx_word' id='word_1_42' title='bbox 1273 759 1374 817; x_wconf 90' lang='lat' dir='ltr'><strong>est,</strong></span> <span class='ocrx_word' id='word_1_43' title='bbox 1405 765 1441 804; x_wconf 95' lang='lat' dir='ltr'><strong>o</strong></span> <span class='ocrx_word' id='word_1_44' title='bbox 1467 749 1777 814; x_wconf 83' lang='lat' dir='ltr'><strong>Audientes,</strong></span> <span class='ocrx_word' id='word_1_45' title='bbox 1810 757 1869 802; x_wconf 90' lang='lat' dir='ltr'><strong>ut</strong></span> <span class='ocrx_word' id='word_1_46' title='bbox 1899 762 2055 802; x_wconf 91' lang='lat' dir='ltr'><strong>men-</strong></span> 
     </span>
    </p>
   </div>
   <div class='ocr_carea' id='block_1_7' title="bbox 466 838 2053 910">
    <p class='ocr_par' dir='ltr' id='par_1_7' title="bbox 466 838 2053 910">
     <span class='ocr_line' id='line_1_7' title="bbox 466 838 2053 910; baseline 0.001 -18"><span class='ocrx_word' id='word_1_47' title='bbox 466 839 871 906; x_wconf 61' lang='lat' dir='ltr'><strong>sam‘videatis,</strong></span> <span class='ocrx_word' id='word_1_48' title='bbox 922 848 977 895; x_wconf 88' lang='lat' dir='ltr'><strong>et</strong></span> <span class='ocrx_word' id='word_1_49' title='bbox 1002 840 1068 895; x_wconf 86' lang='lat' dir='ltr'><strong>ad</strong></span> <span class='ocrx_word' id='word_1_50' title='bbox 1099 840 1283 910; x_wconf 79' lang='lat' dir='ltr'><strong>epulas</strong></span> <span class='ocrx_word' id='word_1_51' title='bbox 1311 856 1420 896; x_wconf 91' lang='lat' dir='ltr'><strong>non</strong></span> <span class='ocrx_word' id='word_1_52' title='bbox 1465 839 1769 896; x_wconf 78' lang='lat' dir='ltr'><strong>accedatis?</strong></span> <span class='ocrx_word' id='word_1_53' title='bbox 1811 839 1878 894; x_wconf 85' lang='lat' dir='ltr'><strong>Et</strong></span> <span class='ocrx_word' id='word_1_54' title='bbox 1916 838 2053 893; x_wconf 88' lang='lat' dir='ltr'><strong>forte</strong></span> 
     </span>
    </p>
   </div>
   <div class='ocr_carea' id='block_1_8' title="bbox 469 928 2054 1001">
    <p class='ocr_par' dir='ltr' id='par_1_8' title="bbox 469 928 2054 1001">
     <span class='ocr_line' id='line_1_8' title="bbox 469 928 2054 1001; baseline 0 -18"><span class='ocrx_word' id='word_1_55' title='bbox 469 928 627 984; x_wconf 86' lang='lat' dir='ltr'><strong>modo</strong></span> <span class='ocrx_word' id='word_1_56' title='bbox 647 945 767 984; x_wconf 89' lang='lat' dir='ltr'><strong>cum</strong></span> <span class='ocrx_word' id='word_1_57' title='bbox 802 931 1143 1001; x_wconf 87' lang='lat' dir='ltr'><strong>Evangelium</strong></span> <span class='ocrx_word' id='word_1_58' title='bbox 1173 932 1458 1000; x_wconf 75' lang='lat' dir='ltr'><strong>legeretur,</strong></span> <span class='ocrx_word' id='word_1_59' title='bbox 1487 929 1695 985; x_wconf 75' lang='lat' dir='ltr'><strong>dixistis</strong></span> <span class='ocrx_word' id='word_1_60' title='bbox 1724 929 1779 984; x_wconf 87' lang='lat' dir='ltr'><strong>in</strong></span> <span class='ocrx_word' id='word_1_61' title='bbox 1804 928 2054 985; x_wconf 84' lang='lat' dir='ltr'><strong>cordibus</strong></span> 
     </span>
    </p>
   </div>
   <div class='ocr_carea' id='block_1_9' title="bbox 469 1019 2054 1091">
    <p class='ocr_par' dir='ltr' id='par_1_9' title="bbox 469 1019 2054 1091">
     <span class='ocr_line' id='line_1_9' title="bbox 469 1019 2054 1091; baseline 0 -19"><span class='ocrx_word' id='word_1_62' title='bbox 469 1021 664 1075; x_wconf 88' lang='lat' dir='ltr'><strong>vestris</strong></span> <span class='ocrx_word' id='word_1_63' title='bbox 691 1038 706 1074; x_wconf 92' lang='lat'><strong>:</strong></span> <span class='ocrx_word' id='word_1_64' title='bbox 739 1019 990 1076; x_wconf 85' lang='lat' dir='ltr'><strong>Putamus</strong></span> <span class='ocrx_word' id='word_1_65' title='bbox 1010 1021 1135 1091; x_wconf 86' lang='lat' dir='ltr'><strong>quid</strong></span> <span class='ocrx_word' id='word_1_66' title='bbox 1164 1029 1247 1076; x_wconf 90' lang='lat' dir='ltr'><strong>est</strong></span> <span class='ocrx_word' id='word_1_67' title='bbox 1287 1020 1429 1090; x_wconf 87' lang='lat' dir='ltr'><strong>quod</strong></span> <span class='ocrx_word' id='word_1_68' title='bbox 1455 1021 1604 1084; x_wconf 91' lang='lat' dir='ltr'><strong>dicit,</strong></span> <span class='ocrx_word' id='word_1_69' title='bbox 1635 1019 1767 1075; x_wconf 88' lang='lat' dir='ltr'><strong>Caro</strong></span> <span class='ocrx_word' id='word_1_70' title='bbox 1802 1034 1912 1073; x_wconf 79' lang='lat' dir='ltr'><strong>mea</strong></span> <span class='ocrx_word' id='word_1_71' title='bbox 1940 1034 2054 1073; x_wconf 75' lang='lat' dir='ltr'><strong>vere</strong></span> 
     </span>
    </p>
   </div>
   <div class='ocr_carea' id='block_1_10' title="bbox 465 1110 2053 1184">
    <p class='ocr_par' dir='ltr' id='par_1_10' title="bbox 465 1110 2053 1184">
     <span class='ocr_line' id='line_1_10' title="bbox 465 1110 2053 1184; baseline 0.001 -20"><span class='ocrx_word' id='word_1_72' title='bbox 465 1129 578 1168; x_wconf 69' lang='lat' dir='ltr'><strong>esca</strong></span> <span class='ocrx_word' id='word_1_73' title='bbox 623 1124 717 1180; x_wconf 85' lang='lat' dir='ltr'><strong>est,</strong></span> <span class='ocrx_word' id='word_1_74' title='bbox 761 1122 811 1167; x_wconf 88' lang='lat' dir='ltr'><strong>et</strong></span> <span class='ocrx_word' id='word_1_75' title='bbox 854 1112 1065 1184; x_wconf 85' lang='lat' dir='ltr'><strong>sanguis</strong></span> <span class='ocrx_word' id='word_1_76' title='bbox 1101 1129 1239 1168; x_wconf 84' lang='lat' dir='ltr'><strong>meus</strong></span> <span class='ocrx_word' id='word_1_77' title='bbox 1284 1128 1398 1167; x_wconf 79' lang='lat' dir='ltr'><strong>vere</strong></span> <span class='ocrx_word' id='word_1_78' title='bbox 1439 1121 1588 1183; x_wconf 78' lang='lat' dir='ltr'><strong>potus</strong></span> <span class='ocrx_word' id='word_1_79' title='bbox 1626 1120 1698 1166; x_wconf 79' lang='lat' dir='ltr'><strong>est</strong></span> <span class='ocrx_word' id='word_1_80' title='bbox 1718 1111 1745 1165; x_wconf 71' lang='lat' dir='ltr'><strong>f</strong></span> <span class='ocrx_word' id='word_1_81' title='bbox 1772 1110 2053 1179; x_wconf 82' lang='lat' dir='ltr'><strong>Quomodo</strong></span> 
     </span>
    </p>
   </div>
   <div class='ocr_carea' id='block_1_11' title="bbox 469 1200 2053 1272">
    <p class='ocr_par' dir='ltr' id='par_1_11' title="bbox 469 1200 2053 1272">
     <span class='ocr_line' id='line_1_11' title="bbox 469 1200 2053 1272; baseline -0.001 -17"><span class='ocrx_word' id='word_1_82' title='bbox 469 1203 818 1258; x_wconf 86' lang='lat' dir='ltr'><strong>manducatur</strong></span> <span class='ocrx_word' id='word_1_83' title='bbox 844 1219 970 1258; x_wconf 88' lang='lat' dir='ltr'><strong>caro</strong></span> <span class='ocrx_word' id='word_1_84' title='bbox 1001 1204 1233 1269; x_wconf 85' lang='lat' dir='ltr'><strong>Domini,</strong></span> <span class='ocrx_word' id='word_1_85' title='bbox 1263 1212 1318 1258; x_wconf 92' lang='lat' dir='ltr'><strong>et</strong></span> <span class='ocrx_word' id='word_1_86' title='bbox 1343 1203 1542 1258; x_wconf 84' lang='lat' dir='ltr'><strong>bibitur</strong></span> <span class='ocrx_word' id='word_1_87' title='bbox 1566 1202 1782 1272; x_wconf 77' lang='lat' dir='ltr'><strong>sanguis</strong></span> <span class='ocrx_word' id='word_1_88' title='bbox 1810 1200 2053 1257; x_wconf 81' lang='lat' dir='ltr'><strong>Domini?</strong></span> 
     </span>
    </p>
   </div>
   <div class='ocr_carea' id='block_1_12' title="bbox 470 1292 2054 1363">
    <p class='ocr_par' dir='ltr' id='par_1_12' title="bbox 470 1292 2054 1363">
     <span class='ocr_line' id='line_1_12' title="bbox 470 1292 2054 1363; baseline 0.001 -16"><span class='ocrx_word' id='word_1_89' title='bbox 470 1294 722 1348; x_wconf 90' lang='lat' dir='ltr'><strong>Pntamus</strong></span> <span class='ocrx_word' id='word_1_90' title='bbox 749 1294 871 1363; x_wconf 91' lang='lat' dir='ltr'><strong>quid</strong></span> <span class='ocrx_word' id='word_1_91' title='bbox 915 1294 1085 1349; x_wconf 82' lang='lat' dir='ltr'><strong>dicit?</strong></span> <span class='ocrx_word' id='word_1_92' title='bbox 1114 1294 1243 1361; x_wconf 83' lang='lat' dir='ltr'><strong>Quis</strong></span> <span class='ocrx_word' id='word_1_93' title='bbox 1281 1303 1467 1349; x_wconf 89' lang='lat' dir='ltr'><strong>contra</strong></span> <span class='ocrx_word' id='word_1_94' title='bbox 1516 1303 1567 1348; x_wconf 89' lang='lat' dir='ltr'><strong>te</strong></span> <span class='ocrx_word' id='word_1_95' title='bbox 1594 1294 1805 1360; x_wconf 77' lang='lat' dir='ltr'><strong>clausit,</strong></span> <span class='ocrx_word' id='word_1_96' title='bbox 1852 1302 1912 1349; x_wconf 92' lang='lat' dir='ltr'><strong>ut</strong></span> <span class='ocrx_word' id='word_1_97' title='bbox 1950 1292 2054 1348; x_wconf 86' lang='lat' dir='ltr'><strong>hoc</strong></span> 
     </span>
    </p>
   </div>
   <div class='ocr_carea' id='block_1_13' title="bbox 468 1383 2055 1449">
    <p class='ocr_par' dir='ltr' id='par_1_13' title="bbox 468 1383 2055 1449">
     <span class='ocr_line' id='line_1_13' title="bbox 468 1383 2055 1449; baseline 0.001 -13"><span class='ocrx_word' id='word_1_98' title='bbox 468 1384 716 1437; x_wconf 85' lang='lat' dir='ltr'><strong>nescias?</strong></span> <span class='ocrx_word' id='word_1_99' title='bbox 748 1384 987 1438; x_wconf 81' lang='lat' dir='ltr'><strong>Velatum</strong></span> <span class='ocrx_word' id='word_1_100' title='bbox 1032 1395 1113 1438; x_wconf 87' lang='lat' dir='ltr'><strong>est</strong></span> <span class='ocrx_word' id='word_1_101' title='bbox 1143 1404 1157 1438; x_wconf 87' lang='lat'><strong>:</strong></span> <span class='ocrx_word' id='word_1_102' title='bbox 1189 1384 1285 1439; x_wconf 88' lang='lat' dir='ltr'><strong>sed</strong></span> <span class='ocrx_word' id='word_1_103' title='bbox 1327 1385 1371 1439; x_wconf 91' lang='lat' dir='ltr'><strong>si</strong></span> <span class='ocrx_word' id='word_1_104' title='bbox 1416 1383 1669 1449; x_wconf 89' lang='lat' dir='ltr'><strong>volueris,</strong></span> <span class='ocrx_word' id='word_1_105' title='bbox 1717 1385 1820 1439; x_wconf 91' lang='lat' dir='ltr'><strong>erit</strong></span> <span class='ocrx_word' id='word_1_106' title='bbox 1849 1383 2055 1438; x_wconf 84' lang='lat' dir='ltr'><strong>revela-</strong></span> 
     </span>
    </p>
   </div>
   <div class='ocr_carea' id='block_1_14' title="bbox 467 1475 2050 1547">
    <p class='ocr_par' dir='ltr' id='par_1_14' title="bbox 467 1475 2050 1547">
     <span class='ocr_line' id='line_1_14' title="bbox 467 1475 2050 1547; baseline 0.001 -19"><span class='ocrx_word' id='word_1_107' title='bbox 467 1485 598 1528; x_wconf 91' lang='lat' dir='ltr'><strong>tum.</strong></span> <span class='ocrx_word' id='word_1_108' title='bbox 624 1476 830 1531; x_wconf 80' lang='lat' dir='ltr'><strong>Accede</strong></span> <span class='ocrx_word' id='word_1_109' title='bbox 855 1476 920 1529; x_wconf 89' lang='lat' dir='ltr'><strong>ad</strong></span> <span class='ocrx_word' id='word_1_110' title='bbox 947 1477 1354 1547; x_wconf 83' lang='lat' dir='ltr'><strong>professionem,</strong></span> <span class='ocrx_word' id='word_1_111' title='bbox 1381 1485 1436 1532; x_wconf 89' lang='lat' dir='ltr'><strong>et</strong></span> <span class='ocrx_word' id='word_1_112' title='bbox 1459 1476 1663 1531; x_wconf 87' lang='lat' dir='ltr'><strong>solvisti</strong></span> <span class='ocrx_word' id='word_1_113' title='bbox 1677 1475 2050 1546; x_wconf 64' lang='lat' dir='ltr'><strong>quaestionem.</strong></span> 
     </span>
    </p>
   </div>
   <div class='ocr_carea' id='block_1_15' title="bbox 465 1565 2050 1637">
    <p class='ocr_par' dir='ltr' id='par_1_15' title="bbox 465 1565 2050 1637">
     <span class='ocr_line' id='line_1_15' title="bbox 465 1565 2050 1637; baseline 0.002 -18"><span class='ocrx_word' id='word_1_114' title='bbox 465 1565 616 1634; x_wconf 88' lang='lat' dir='ltr'><strong>Quod</strong></span> <span class='ocrx_word' id='word_1_115' title='bbox 646 1566 786 1620; x_wconf 83' lang='lat' dir='ltr'><strong>enim</strong></span> <span class='ocrx_word' id='word_1_116' title='bbox 817 1566 951 1621; x_wconf 80' lang='lat' dir='ltr'><strong>dixit</strong></span> <span class='ocrx_word' id='word_1_117' title='bbox 993 1566 1250 1621; x_wconf 88' lang='lat' dir='ltr'><strong>Dominus</strong></span> <span class='ocrx_word' id='word_1_118' title='bbox 1288 1566 1466 1633; x_wconf 89' lang='lat' dir='ltr'><strong>Jcsus,</strong></span> <span class='ocrx_word' id='word_1_119' title='bbox 1507 1565 1617 1637; x_wconf 87' lang='lat' dir='ltr'><strong>jam</strong></span> <span class='ocrx_word' id='word_1_120' title='bbox 1662 1565 1847 1621; x_wconf 84' lang='lat' dir='ltr'><strong>fideles</strong></span> <span class='ocrx_word' id='word_1_121' title='bbox 1884 1580 2050 1622; x_wconf 86' lang='lat' dir='ltr'><strong>nove-</strong></span> 
     </span>
    </p>
   </div>
   <div class='ocr_carea' id='block_1_16' title="bbox 466 1654 2071 1723">
    <p class='ocr_par' dir='ltr' id='par_1_16' title="bbox 466 1654 2071 1723">
     <span class='ocr_line' id='line_1_16' title="bbox 466 1654 2071 1723; baseline 0.001 -14"><span class='ocrx_word' id='word_1_122' title='bbox 466 1665 606 1710; x_wconf 89' lang='lat' dir='ltr'><strong>runt.</strong></span> <span class='ocrx_word' id='word_1_123' title='bbox 625 1656 704 1711; x_wconf 90' lang='lat' dir='ltr'><strong>&#39;l‘u</strong></span> <span class='ocrx_word' id='word_1_124' title='bbox 721 1666 896 1712; x_wconf 90' lang='lat' dir='ltr'><strong>autem</strong></span> <span class='ocrx_word' id='word_1_125' title='bbox 913 1657 1343 1713; x_wconf 85' lang='lat' dir='ltr'><strong>Catechumeuus</strong></span> <span class='ocrx_word' id='word_1_126' title='bbox 1358 1657 1571 1723; x_wconf 89' lang='lat' dir='ltr'><strong>diceris,</strong></span> <span class='ocrx_word' id='word_1_127' title='bbox 1585 1655 1782 1712; x_wconf 88' lang='lat' dir='ltr'><strong>diceris</strong></span> <span class='ocrx_word' id='word_1_128' title='bbox 1792 1654 2051 1722; x_wconf 86' lang='lat' dir='ltr'><strong>Audiens,</strong></span> <span class='ocrx_word' id='word_1_129' title='bbox 2066 1673 2071 1679; x_wconf 90' lang='grc'>·</span> 
     </span>
    </p>
   </div>
   <div class='ocr_carea' id='block_1_17' title="bbox 467 1745 2049 1818">
    <p class='ocr_par' dir='ltr' id='par_1_17' title="bbox 467 1745 2049 1818">
     <span class='ocr_line' id='line_1_17' title="bbox 467 1745 2049 1818; baseline 0.003 -19"><span class='ocrx_word' id='word_1_130' title='bbox 467 1755 519 1799; x_wconf 91' lang='lat' dir='ltr'><strong>et</strong></span> <span class='ocrx_word' id='word_1_131' title='bbox 554 1745 747 1800; x_wconf 88' lang='lat' dir='ltr'><strong>surdus</strong></span> <span class='ocrx_word' id='word_1_132' title='bbox 779 1763 859 1801; x_wconf 82' lang='lat' dir='ltr'><strong>es.</strong></span> <span class='ocrx_word' id='word_1_133' title='bbox 891 1749 1062 1801; x_wconf 91' lang='lat' dir='ltr'><strong>Aures</strong></span> <span class='ocrx_word' id='word_1_134' title='bbox 1090 1749 1230 1802; x_wconf 88' lang='lat' dir='ltr'><strong>enim</strong></span> <span class='ocrx_word' id='word_1_135' title='bbox 1274 1747 1516 1818; x_wconf 84' lang='lat' dir='ltr'><strong>corporis</strong></span> <span class='ocrx_word' id='word_1_136' title='bbox 1560 1756 1801 1817; x_wconf 81' lang='lat' dir='ltr'><strong>patentes</strong></span> <span class='ocrx_word' id='word_1_137' title='bbox 1845 1746 2010 1803; x_wconf 85' lang='lat' dir='ltr'><strong>habes</strong></span> <span class='ocrx_word' id='word_1_138' title='bbox 2031 1787 2049 1812; x_wconf 89' lang='lat'><strong>,</strong></span> 
     </span>
    </p>
   </div>
   <div class='ocr_carea' id='block_1_18' title="bbox 466 1836 2051 1908">
    <p class='ocr_par' dir='ltr' id='par_1_18' title="bbox 466 1836 2051 1908">
     <span class='ocr_line' id='line_1_18' title="bbox 466 1836 2051 1908; baseline 0.003 -20"><span class='ocrx_word' id='word_1_139' title='bbox 466 1836 588 1905; x_wconf 90' lang='lat' dir='ltr'><strong>quia</strong></span> <span class='ocrx_word' id='word_1_140' title='bbox 618 1837 776 1891; x_wconf 81' lang='lat' dir='ltr'><strong>verba</strong></span> <span class='ocrx_word' id='word_1_141' title='bbox 819 1852 940 1908; x_wconf 72' lang='lat' dir='ltr'><strong>qua:</strong></span> <span class='ocrx_word' id='word_1_142' title='bbox 969 1838 1109 1892; x_wconf 88' lang='lat' dir='ltr'><strong>dicta</strong></span> <span class='ocrx_word' id='word_1_143' title='bbox 1151 1846 1275 1892; x_wconf 89' lang='lat' dir='ltr'><strong>sunt</strong></span> <span class='ocrx_word' id='word_1_144' title='bbox 1320 1837 1472 1893; x_wconf 90' lang='lat' dir='ltr'><strong>audis</strong></span> <span class='ocrx_word' id='word_1_145' title='bbox 1503 1854 1518 1891; x_wconf 89' lang='lat'><strong>:</strong></span> <span class='ocrx_word' id='word_1_146' title='bbox 1550 1837 1644 1892; x_wconf 89' lang='lat' dir='ltr'><strong>sed</strong></span> <span class='ocrx_word' id='word_1_147' title='bbox 1689 1851 1847 1892; x_wconf 81' lang='lat' dir='ltr'><strong>aures</strong></span> <span class='ocrx_word' id='word_1_148' title='bbox 1874 1836 2051 1892; x_wconf 82' lang='lat' dir='ltr'><strong>cordis</strong></span> 
     </span>
    </p>
   </div>
   <div class='ocr_carea' id='block_1_19' title="bbox 464 1924 2053 1998">
    <p class='ocr_par' dir='ltr' id='par_1_19' title="bbox 464 1924 2053 1998">
     <span class='ocr_line' id='line_1_19' title="bbox 464 1924 2053 1998; baseline 0.003 -21"><span class='ocrx_word' id='word_1_149' title='bbox 464 1924 637 1980; x_wconf 89' lang='lat' dir='ltr'><strong>adhuc</strong></span> <span class='ocrx_word' id='word_1_150' title='bbox 662 1925 872 1981; x_wconf 86' lang='lat' dir='ltr'><strong>clausas</strong></span> <span class='ocrx_word' id='word_1_151' title='bbox 903 1926 1084 1989; x_wconf 86' lang='lat' dir='ltr'><strong>habes,</strong></span> <span class='ocrx_word' id='word_1_152' title='bbox 1117 1928 1238 1997; x_wconf 91' lang='lat' dir='ltr'><strong>quia</strong></span> <span class='ocrx_word' id='word_1_153' title='bbox 1265 1927 1405 1998; x_wconf 89' lang='lat' dir='ltr'><strong>quod</strong></span> <span class='ocrx_word' id='word_1_154' title='bbox 1429 1927 1628 1982; x_wconf 84' lang='lat' dir='ltr'><strong>dictum</strong></span> <span class='ocrx_word' id='word_1_155' title='bbox 1653 1933 1737 1982; x_wconf 92' lang='lat' dir='ltr'><strong>est</strong></span> <span class='ocrx_word' id='word_1_156' title='bbox 1762 1942 1869 1981; x_wconf 92' lang='lat' dir='ltr'><strong>non</strong></span> <span class='ocrx_word' id='word_1_157' title='bbox 1895 1926 2053 1983; x_wconf 91' lang='lat' dir='ltr'><strong>intel-</strong></span> 
     </span>
    </p>
   </div>
   <div class='ocr_carea' id='block_1_20' title="bbox 467 2015 2051 2086">
    <p class='ocr_par' dir='ltr' id='par_1_20' title="bbox 467 2015 2051 2086">
     <span class='ocr_line' id='line_1_20' title="bbox 467 2015 2051 2086; baseline 0.002 -17"><span class='ocrx_word' id='word_1_158' title='bbox 467 2015 609 2085; x_wconf 84' lang='lat' dir='ltr'><strong>ligis.</strong></span> <span class='ocrx_word' id='word_1_159' title='bbox 654 2016 895 2086; x_wconf 85' lang='lat' dir='ltr'><strong>Disputo,</strong></span> <span class='ocrx_word' id='word_1_160' title='bbox 928 2032 1032 2071; x_wconf 89' lang='lat' dir='ltr'><strong>non</strong></span> <span class='ocrx_word' id='word_1_161' title='bbox 1076 2018 1302 2071; x_wconf 83' lang='lat' dir='ltr'><strong>dissero.</strong></span> <span class='ocrx_word' id='word_1_162' title='bbox 1334 2019 1471 2073; x_wconf 83' lang='lat' dir='ltr'><strong>Ecce</strong></span> <span class='ocrx_word' id='word_1_163' title='bbox 1500 2017 1703 2072; x_wconf 84' lang='lat' dir='ltr'><strong>Pascha</strong></span> <span class='ocrx_word' id='word_1_164' title='bbox 1726 2026 1830 2083; x_wconf 89' lang='lat' dir='ltr'><strong>est,</strong></span> <span class='ocrx_word' id='word_1_165' title='bbox 1858 2017 1922 2072; x_wconf 89' lang='lat' dir='ltr'><strong>da</strong></span> <span class='ocrx_word' id='word_1_166' title='bbox 1949 2032 2051 2072; x_wconf 87' lang='lat' dir='ltr'><strong>no-</strong></span> 
     </span>
    </p>
   </div>
   <div class='ocr_carea' id='block_1_21' title="bbox 466 2106 2052 2175">
    <p class='ocr_par' dir='ltr' id='par_1_21' title="bbox 466 2106 2052 2175">
     <span class='ocr_line' id='line_1_21' title="bbox 466 2106 2052 2175; baseline 0 -15"><span class='ocrx_word' id='word_1_167' title='bbox 466 2120 588 2160; x_wconf 88' lang='lat' dir='ltr'><strong>men</strong></span> <span class='ocrx_word' id='word_1_168' title='bbox 617 2106 683 2160; x_wconf 90' lang='lat' dir='ltr'><strong>ad</strong></span> <span class='ocrx_word' id='word_1_169' title='bbox 718 2106 1068 2175; x_wconf 88' lang='lat' dir='ltr'><strong>Baptismnm.</strong></span> <span class='ocrx_word' id='word_1_170' title='bbox 1116 2107 1174 2162; x_wconf 92' lang='lat' dir='ltr'><strong>Si</strong></span> <span class='ocrx_word' id='word_1_171' title='bbox 1202 2122 1309 2161; x_wconf 84' lang='lat' dir='ltr'><strong>non</strong></span> <span class='ocrx_word' id='word_1_172' title='bbox 1337 2116 1391 2162; x_wconf 89' lang='lat' dir='ltr'><strong>te</strong></span> <span class='ocrx_word' id='word_1_173' title='bbox 1419 2108 1615 2162; x_wconf 77' lang='lat' dir='ltr'><strong>excitat</strong></span> <span class='ocrx_word' id='word_1_174' title='bbox 1646 2107 1924 2175; x_wconf 76' lang='lat' dir='ltr'><strong>festivitas,</strong></span> <span class='ocrx_word' id='word_1_175' title='bbox 1952 2106 2052 2161; x_wconf 87' lang='lat' dir='ltr'><strong>du-</strong></span> 
     </span>
    </p>
   </div>
   <div class='ocr_carea' id='block_1_22' title="bbox 464 2196 2048 2268">
    <p class='ocr_par' dir='ltr' id='par_1_22' title="bbox 464 2196 2048 2268">
     <span class='ocr_line' id='line_1_22' title="bbox 464 2196 2048 2268; baseline 0.001 -19"><span class='ocrx_word' id='word_1_176' title='bbox 464 2206 551 2249; x_wconf 90' lang='lat' dir='ltr'><strong>cat</strong></span> <span class='ocrx_word' id='word_1_177' title='bbox 593 2196 703 2266; x_wconf 89' lang='lat' dir='ltr'><strong>ipsa</strong></span> <span class='ocrx_word' id='word_1_178' title='bbox 749 2197 1029 2252; x_wconf 89' lang='lat' dir='ltr'><strong>curiositas</strong></span> <span class='ocrx_word' id='word_1_179' title='bbox 1065 2214 1080 2250; x_wconf 91' lang='lat'><strong>:</strong></span> <span class='ocrx_word' id='word_1_180' title='bbox 1113 2207 1170 2251; x_wconf 88' lang='lat' dir='ltr'><strong>ut</strong></span> <span class='ocrx_word' id='word_1_181' title='bbox 1210 2198 1350 2252; x_wconf 83' lang='lat' dir='ltr'><strong>scias</strong></span> <span class='ocrx_word' id='word_1_182' title='bbox 1397 2198 1523 2268; x_wconf 87' lang='lat' dir='ltr'><strong>quid</strong></span> <span class='ocrx_word' id='word_1_183' title='bbox 1570 2197 1767 2252; x_wconf 90' lang='lat' dir='ltr'><strong>dictum</strong></span> <span class='ocrx_word' id='word_1_184' title='bbox 1811 2198 1902 2264; x_wconf 88' lang='lat' dir='ltr'><strong>sit,</strong></span> <span class='ocrx_word' id='word_1_185' title='bbox 1950 2197 2048 2264; x_wconf 80' lang='lat' dir='ltr'><strong>Qui</strong></span> 
     </span>
    </p>
   </div>
   <div class='ocr_carea' id='block_1_23' title="bbox 468 2288 2049 2360">
    <p class='ocr_par' dir='ltr' id='par_1_23' title="bbox 468 2288 2049 2360">
     <span class='ocr_line' id='line_1_23' title="bbox 468 2288 2049 2360; baseline 0.003 -20"><span class='ocrx_word' id='word_1_186' title='bbox 468 2288 743 2342; x_wconf 80' lang='lat' dir='ltr'><strong>manducet</strong></span> <span class='ocrx_word' id='word_1_187' title='bbox 770 2305 973 2344; x_wconf 80' lang='lat' dir='ltr'><strong>carnem</strong></span> <span class='ocrx_word' id='word_1_188' title='bbox 1004 2306 1185 2353; x_wconf 83' lang='lat' dir='ltr'><strong>meum,</strong></span> <span class='ocrx_word' id='word_1_189' title='bbox 1227 2298 1273 2343; x_wconf 84' lang='lat' dir='ltr'><strong>et</strong></span> <span class='ocrx_word' id='word_1_190' title='bbox 1311 2289 1430 2344; x_wconf 83' lang='lat' dir='ltr'><strong>bibit</strong></span> <span class='ocrx_word' id='word_1_191' title='bbox 1456 2290 1753 2360; x_wconf 83' lang='lat' dir='ltr'><strong>sanguinem</strong></span> <span class='ocrx_word' id='word_1_192' title='bbox 1786 2306 1969 2357; x_wconf 78' lang='lat' dir='ltr'><strong>meum,</strong></span> <span class='ocrx_word' id='word_1_193' title='bbox 1994 2291 2049 2345; x_wconf 81' lang='lat' dir='ltr'><strong>in</strong></span> 
     </span>
    </p>
   </div>
   <div class='ocr_carea' id='block_1_24' title="bbox 467 2378 2047 2451">
    <p class='ocr_par' dir='ltr' id='par_1_24' title="bbox 467 2378 2047 2451">
     <span class='ocr_line' id='line_1_24' title="bbox 467 2378 2047 2451; baseline 0.003 -20"><span class='ocrx_word' id='word_1_194' title='bbox 467 2394 547 2432; x_wconf 78' lang='lat' dir='ltr'><strong>me</strong></span> <span class='ocrx_word' id='word_1_195' title='bbox 568 2386 756 2444; x_wconf 84' lang='lat' dir='ltr'><strong>manet,</strong></span> <span class='ocrx_word' id='word_1_196' title='bbox 787 2390 835 2432; x_wconf 83' lang='lat' dir='ltr'><strong>et</strong></span> <span class='ocrx_word' id='word_1_197' title='bbox 870 2395 960 2450; x_wconf 83' lang='lat' dir='ltr'><strong>ego</strong></span> <span class='ocrx_word' id='word_1_198' title='bbox 988 2380 1041 2433; x_wconf 80' lang='lat' dir='ltr'><strong>in</strong></span> <span class='ocrx_word' id='word_1_199' title='bbox 1065 2379 1174 2434; x_wconf 85' lang='lat' dir='ltr'><strong>illo.</strong></span> <span class='ocrx_word' id='word_1_200' title='bbox 1208 2378 1279 2435; x_wconf 88' lang='lat' dir='ltr'><strong>Ut</strong></span> <span class='ocrx_word' id='word_1_201' title='bbox 1306 2380 1445 2434; x_wconf 88' lang='lat' dir='ltr'><strong>scias</strong></span> <span class='ocrx_word' id='word_1_202' title='bbox 1471 2394 1682 2434; x_wconf 90' lang='lat' dir='ltr'><strong>mecum</strong></span> <span class='ocrx_word' id='word_1_203' title='bbox 1704 2380 1830 2451; x_wconf 90' lang='lat' dir='ltr'><strong>quid</strong></span> <span class='ocrx_word' id='word_1_204' title='bbox 1847 2380 2047 2436; x_wconf 90' lang='lat' dir='ltr'><strong>dictum</strong></span> 
     </span>
    </p>
   </div>
   <div class='ocr_carea' id='block_1_25' title="bbox 464 2467 2050 2539">
    <p class='ocr_par' dir='ltr' id='par_1_25' title="bbox 464 2467 2050 2539">
     <span class='ocr_line' id='line_1_25' title="bbox 464 2467 2050 2539; baseline 0.003 -18"><span class='ocrx_word' id='word_1_205' title='bbox 464 2467 554 2532; x_wconf 88' lang='lat' dir='ltr'><strong>sit,</strong></span> <span class='ocrx_word' id='word_1_206' title='bbox 585 2468 754 2537; x_wconf 88' lang='lat' dir='ltr'><strong>pulsa,</strong></span> <span class='ocrx_word' id='word_1_207' title='bbox 782 2475 839 2522; x_wconf 91' lang='lat' dir='ltr'><strong>et</strong></span> <span class='ocrx_word' id='word_1_208' title='bbox 863 2469 1134 2539; x_wconf 89' lang='lat' dir='ltr'><strong>aperietur</strong></span> <span class='ocrx_word' id='word_1_209' title='bbox 1159 2468 1276 2524; x_wconf 91' lang='lat' dir='ltr'><strong>tibi.</strong></span> <span class='ocrx_word' id='word_1_210' title='bbox 1316 2468 1383 2523; x_wconf 91' lang='lat' dir='ltr'><strong>Et</strong></span> <span class='ocrx_word' id='word_1_211' title='bbox 1408 2477 1466 2524; x_wconf 90' lang='lat' dir='ltr'><strong>ut</strong></span> <span class='ocrx_word' id='word_1_212' title='bbox 1495 2469 1589 2525; x_wconf 90' lang='lat' dir='ltr'><strong>tibi</strong></span> <span class='ocrx_word' id='word_1_213' title='bbox 1615 2470 1755 2534; x_wconf 91' lang='lat' dir='ltr'><strong>dico,</strong></span> <span class='ocrx_word' id='word_1_214' title='bbox 1784 2470 1962 2533; x_wconf 88' lang='lat' dir='ltr'><strong>Pulsa,</strong></span> <span class='ocrx_word' id='word_1_215' title='bbox 1993 2478 2050 2526; x_wconf 88' lang='lat' dir='ltr'><strong>et</strong></span> 
     </span>
    </p>
   </div>
   <div class='ocr_carea' id='block_1_26' title="bbox 464 2557 2048 2629">
    <p class='ocr_par' dir='ltr' id='par_1_26' title="bbox 464 2557 2048 2629">
     <span class='ocr_line' id='line_1_26' title="bbox 464 2557 2048 2629; baseline 0.004 -20"><span class='ocrx_word' id='word_1_216' title='bbox 464 2557 733 2626; x_wconf 87' lang='lat' dir='ltr'><strong>aperietur</strong></span> <span class='ocrx_word' id='word_1_217' title='bbox 761 2557 851 2612; x_wconf 90' lang='lat' dir='ltr'><strong>tibi</strong></span> <span class='ocrx_word' id='word_1_218' title='bbox 884 2574 896 2610; x_wconf 89' lang='lat'><strong>:</strong></span> <span class='ocrx_word' id='word_1_219' title='bbox 928 2559 1001 2613; x_wconf 89' lang='lat' dir='ltr'><strong>ita</strong></span> <span class='ocrx_word' id='word_1_220' title='bbox 1027 2567 1082 2613; x_wconf 91' lang='lat' dir='ltr'><strong>et</strong></span> <span class='ocrx_word' id='word_1_221' title='bbox 1108 2573 1207 2628; x_wconf 91' lang='lat' dir='ltr'><strong>ego</strong></span> <span class='ocrx_word' id='word_1_222' title='bbox 1245 2558 1418 2628; x_wconf 90' lang='lat' dir='ltr'><strong>pulso,</strong></span> <span class='ocrx_word' id='word_1_223' title='bbox 1458 2559 1605 2629; x_wconf 89' lang='lat' dir='ltr'><strong>aperi</strong></span> <span class='ocrx_word' id='word_1_224' title='bbox 1634 2559 1784 2613; x_wconf 91' lang='lat' dir='ltr'><strong>mihi.</strong></span> <span class='ocrx_word' id='word_1_225' title='bbox 1815 2560 2048 2617; x_wconf 81' lang='lat' dir='ltr'><strong>Auribus</strong></span> 
     </span>
    </p>
   </div>
   <div class='ocr_carea' id='block_1_27' title="bbox 466 2646 1276 2718">
    <p class='ocr_par' dir='ltr' id='par_1_27' title="bbox 466 2646 1276 2718">
     <span class='ocr_line' id='line_1_27' title="bbox 466 2646 1276 2718; baseline 0 -17"><span class='ocrx_word' id='word_1_226' title='bbox 466 2661 777 2716; x_wconf 89' lang='lat' dir='ltr'><strong>personans,</strong></span> <span class='ocrx_word' id='word_1_227' title='bbox 800 2646 866 2702; x_wconf 88' lang='lat' dir='ltr'><strong>ad</strong></span> <span class='ocrx_word' id='word_1_228' title='bbox 893 2656 1075 2718; x_wconf 90' lang='lat' dir='ltr'><strong>pectus</strong></span> <span class='ocrx_word' id='word_1_229' title='bbox 1102 2648 1276 2718; x_wconf 88' lang='lat' dir='ltr'><strong>pulso.</strong></span> 
     </span>
    </p>
   </div>
   <div class='ocr_carea' id='block_1_28' title="bbox 533 2735 2046 2813">
    <p class='ocr_par' dir='ltr' id='par_1_28' title="bbox 533 2735 2046 2813">
     <span class='ocr_line' id='line_1_28' title="bbox 533 2735 2046 2813; baseline 0.005 -22"><span class='ocrx_word' id='word_1_230' title='bbox 533 2735 761 2793; x_wconf 83' lang='lat' dir='ltr'><strong>CAPUT</strong></span> <span class='ocrx_word' id='word_1_231' title='bbox 807 2736 872 2793; x_wconf 90' lang='lat' dir='ltr'><strong>ll.</strong></span> <span class='ocrx_word' id='word_1_232' title='bbox 912 2768 986 2779; x_wconf 89' lang='lat'><strong>-</strong></span> <span class='ocrx_word' id='word_1_233' title='bbox 1011 2739 1065 2793; x_wconf 79' lang='lat'><strong>2.</strong></span> <span class='ocrx_word' id='word_1_234' title='bbox 1115 2738 1390 2811; x_wconf 82' lang='lat' dir='ltr'><strong>Conjugati</strong></span> <span class='ocrx_word' id='word_1_235' title='bbox 1442 2740 1649 2810; x_wconf 79' lang='lat' dir='ltr'><strong>ﬁdeles,</strong></span> <span class='ocrx_word' id='word_1_236' title='bbox 1690 2742 1807 2812; x_wconf 88' lang='lat' dir='ltr'><strong>jam</strong></span> <span class='ocrx_word' id='word_1_237' title='bbox 1862 2759 2046 2813; x_wconf 79' lang='lat' dir='ltr'><strong>corpus</strong></span> 
     </span>
    </p>
   </div>
   <div class='ocr_carea' id='block_1_29' title="bbox 464 2827 2043 2897">
    <p class='ocr_par' dir='ltr' id='par_1_29' title="bbox 464 2827 2043 2897">
     <span class='ocr_line' id='line_1_29' title="bbox 464 2827 2043 2897; baseline 0.005 -16"><span class='ocrx_word' id='word_1_238' title='bbox 464 2827 653 2882; x_wconf 74' lang='lat' dir='ltr'><strong>Christi</strong></span> <span class='ocrx_word' id='word_1_239' title='bbox 675 2829 1055 2897; x_wconf 80' lang='lat' dir='ltr'><strong>manducantes,</strong></span> <span class='ocrx_word' id='word_1_240' title='bbox 1078 2831 1140 2885; x_wconf 85' lang='lat' dir='ltr'><strong>de</strong></span> <span class='ocrx_word' id='word_1_241' title='bbox 1159 2832 1387 2886; x_wconf 81' lang='lat' dir='ltr'><strong>castitate</strong></span> <span class='ocrx_word' id='word_1_242' title='bbox 1411 2834 1660 2887; x_wconf 83' lang='lat' dir='ltr'><strong>servanda</strong></span> <span class='ocrx_word' id='word_1_243' title='bbox 1688 2834 2043 2889; x_wconf 82' lang='lat' dir='ltr'><strong>admonentur.</strong></span> 
     </span>
    </p>
   </div>
   <div class='ocr_carea' id='block_1_30' title="bbox 464 2917 2046 2989">
    <p class='ocr_par' dir='ltr' id='par_1_30' title="bbox 464 2917 2046 2989">
     <span class='ocr_line' id='line_1_30' title="bbox 464 2917 2046 2989; baseline 0.004 -16"><span class='ocrx_word' id='word_1_244' title='bbox 464 2917 572 2973; x_wconf 85' lang='lat' dir='ltr'><strong>Sed</strong></span> <span class='ocrx_word' id='word_1_245' title='bbox 596 2918 643 2972; x_wconf 88' lang='lat' dir='ltr'><strong>si</strong></span> <span class='ocrx_word' id='word_1_246' title='bbox 671 2918 1054 2975; x_wconf 89' lang='lat' dir='ltr'><strong>Catechumeni</strong></span> <span class='ocrx_word' id='word_1_247' title='bbox 1081 2920 1395 2976; x_wconf 79' lang='lat' dir='ltr'><strong>exhortandi</strong></span> <span class='ocrx_word' id='word_1_248' title='bbox 1424 2930 1569 2989; x_wconf 90' lang='lat' dir='ltr'><strong>sunt,</strong></span> <span class='ocrx_word' id='word_1_249' title='bbox 1612 2921 1805 2977; x_wconf 84' lang='lat' dir='ltr'><strong>fratres</strong></span> <span class='ocrx_word' id='word_1_250' title='bbox 1831 2923 1956 2989; x_wconf 89' lang='lat' dir='ltr'><strong>mei,</strong></span> <span class='ocrx_word' id='word_1_251' title='bbox 1988 2932 2046 2979; x_wconf 89' lang='lat' dir='ltr'><strong>ut</strong></span> 
     </span>
    </p>
   </div>
   <div class='ocr_carea' id='block_1_31' title="bbox 464 3008 2044 3082">
    <p class='ocr_par' dir='ltr' id='par_1_31' title="bbox 464 3008 2044 3082">
     <span class='ocr_line' id='line_1_31' title="bbox 464 3008 2044 3082; baseline 0.006 -19"><span class='ocrx_word' id='word_1_252' title='bbox 464 3008 532 3064; x_wconf 89' lang='lat' dir='ltr'><strong>ad</strong></span> <span class='ocrx_word' id='word_1_253' title='bbox 566 3019 763 3064; x_wconf 85' lang='lat' dir='ltr'><strong>tantam</strong></span> <span class='ocrx_word' id='word_1_254' title='bbox 792 3010 1016 3081; x_wconf 89' lang='lat' dir='ltr'><strong>gratiam</strong></span> <span class='ocrx_word' id='word_1_255' title='bbox 1045 3012 1466 3082; x_wconf 86' lang='lat' dir='ltr'><strong>regenerationis</strong></span> <span class='ocrx_word' id='word_1_256' title='bbox 1487 3013 1741 3070; x_wconf 86' lang='lat' dir='ltr'><strong>accedere</strong></span> <span class='ocrx_word' id='word_1_257' title='bbox 1780 3030 1884 3069; x_wconf 92' lang='lat' dir='ltr'><strong>non</strong></span> <span class='ocrx_word' id='word_1_258' title='bbox 1927 3031 2044 3072; x_wconf 81' lang='lat' dir='ltr'><strong>mo-</strong></span> 
     </span>
    </p>
   </div>
   <div class='ocr_carea' id='block_1_32' title="bbox 465 3104 2044 3172">
    <p class='ocr_par' dir='ltr' id='par_1_32' title="bbox 465 3104 2044 3172">
     <span class='ocr_line' id='line_1_32' title="bbox 465 3104 2044 3172; baseline 0.004 -15"><span class='ocrx_word' id='word_1_259' title='bbox 465 3110 648 3157; x_wconf 89' lang='lat' dir='ltr'><strong>rentur</strong></span> <span class='ocrx_word' id='word_1_260' title='bbox 675 3120 690 3158; x_wconf 89' lang='lat'><strong>:</strong></span> <span class='ocrx_word' id='word_1_261' title='bbox 717 3111 911 3172; x_wconf 90' lang='lat' dir='ltr'><strong>quanta</strong></span> <span class='ocrx_word' id='word_1_262' title='bbox 942 3104 1097 3159; x_wconf 89' lang='lat' dir='ltr'><strong>nobis</strong></span> <span class='ocrx_word' id='word_1_263' title='bbox 1136 3120 1264 3160; x_wconf 89' lang='lat' dir='ltr'><strong>cura</strong></span> <span class='ocrx_word' id='word_1_264' title='bbox 1292 3119 1412 3161; x_wconf 88' lang='lat' dir='ltr'><strong>esse</strong></span> <span class='ocrx_word' id='word_1_265' title='bbox 1440 3104 1597 3161; x_wconf 89' lang='lat' dir='ltr'><strong>debet</strong></span> <span class='ocrx_word' id='word_1_266' title='bbox 1624 3106 1677 3160; x_wconf 95' lang='lat' dir='ltr'><strong>in</strong></span> <span class='ocrx_word' id='word_1_267' title='bbox 1719 3106 2044 3163; x_wconf 82' lang='lat' dir='ltr'><strong>aedilicandis</strong></span> 
     </span>
    </p>
   </div>
   <div class='ocr_carea' id='block_1_33' title="bbox 464 3191 2046 3265">
    <p class='ocr_par' dir='ltr' id='par_1_33' title="bbox 464 3191 2046 3265">
     <span class='ocr_line' id='line_1_33' title="bbox 464 3191 2046 3265; baseline 0.006 -20"><span class='ocrx_word' id='word_1_268' title='bbox 464 3191 722 3259; x_wconf 83' lang='lat' dir='ltr'><strong>fidelibus,</strong></span> <span class='ocrx_word' id='word_1_269' title='bbox 752 3202 809 3248; x_wconf 91' lang='lat' dir='ltr'><strong>ut</strong></span> <span class='ocrx_word' id='word_1_270' title='bbox 834 3195 1001 3264; x_wconf 84' lang='lat' dir='ltr'><strong>prosit</strong></span> <span class='ocrx_word' id='word_1_271' title='bbox 1035 3195 1114 3250; x_wconf 90' lang='lat' dir='ltr'><strong>eis</strong></span> <span class='ocrx_word' id='word_1_272' title='bbox 1143 3194 1286 3265; x_wconf 91' lang='lat' dir='ltr'><strong>quod</strong></span> <span class='ocrx_word' id='word_1_273' title='bbox 1311 3195 1604 3263; x_wconf 90' lang='lat' dir='ltr'><strong>accedunt;</strong></span> <span class='ocrx_word' id='word_1_274' title='bbox 1635 3212 1742 3252; x_wconf 92' lang='lat' dir='ltr'><strong>non</strong></span> <span class='ocrx_word' id='word_1_275' title='bbox 1772 3198 1871 3253; x_wconf 91' lang='lat' dir='ltr'><strong>sibi</strong></span> <span class='ocrx_word' id='word_1_276' title='bbox 1912 3200 2046 3254; x_wconf 90' lang='lat' dir='ltr'><strong>tales</strong></span> 
     </span>
    </p>
   </div>
   <div class='ocr_carea' id='block_1_34' title="bbox 460 3283 2039 3352">
    <p class='ocr_par' dir='ltr' id='par_1_34' title="bbox 460 3283 2039 3352">
     <span class='ocr_line' id='line_1_34' title="bbox 460 3283 2039 3352; baseline 0.004 -16"><span class='ocrx_word' id='word_1_277' title='bbox 460 3283 646 3352; x_wconf 88' lang='lat' dir='ltr'><strong>epulas</strong></span> <span class='ocrx_word' id='word_1_278' title='bbox 686 3284 737 3338; x_wconf 91' lang='lat' dir='ltr'><strong>in</strong></span> <span class='ocrx_word' id='word_1_279' title='bbox 762 3283 1019 3352; x_wconf 89' lang='lat' dir='ltr'><strong>judicium</strong></span> <span class='ocrx_word' id='word_1_280' title='bbox 1050 3286 1371 3342; x_wconf 89' lang='lat' dir='ltr'><strong>manducent</strong></span> <span class='ocrx_word' id='word_1_281' title='bbox 1408 3296 1463 3343; x_wconf 90' lang='lat' dir='ltr'><strong>et</strong></span> <span class='ocrx_word' id='word_1_282' title='bbox 1487 3286 1712 3343; x_wconf 85' lang='lat' dir='ltr'><strong>bibant?</strong></span> <span class='ocrx_word' id='word_1_283' title='bbox 1757 3288 1825 3344; x_wconf 90' lang='lat' dir='ltr'><strong>Ut</strong></span> <span class='ocrx_word' id='word_1_284' title='bbox 1864 3298 2039 3343; x_wconf 85' lang='lat' dir='ltr'><strong>autem</strong></span> 
     </span>
    </p>
   </div>
   <div class='ocr_carea' id='block_1_35' title="bbox 463 3374 2036 3444">
    <p class='ocr_par' dir='ltr' id='par_1_35' title="bbox 463 3374 2036 3444">
     <span class='ocr_line' id='line_1_35' title="bbox 463 3374 2036 3444; baseline 0.006 -19"><span class='ocrx_word' id='word_1_285' title='bbox 463 3390 570 3428; x_wconf 91' lang='lat' dir='ltr'><strong>non</strong></span> <span class='ocrx_word' id='word_1_286' title='bbox 602 3374 654 3428; x_wconf 90' lang='lat' dir='ltr'><strong>in</strong></span> <span class='ocrx_word' id='word_1_287' title='bbox 693 3374 949 3444; x_wconf 87' lang='lat' dir='ltr'><strong>judicium</strong></span> <span class='ocrx_word' id='word_1_288' title='bbox 977 3375 1299 3432; x_wconf 87' lang='lat' dir='ltr'><strong>manducent</strong></span> <span class='ocrx_word' id='word_1_289' title='bbox 1324 3388 1377 3432; x_wconf 90' lang='lat' dir='ltr'><strong>et</strong></span> <span class='ocrx_word' id='word_1_290' title='bbox 1422 3378 1625 3443; x_wconf 85' lang='lat' dir='ltr'><strong>bibant,</strong></span> <span class='ocrx_word' id='word_1_291' title='bbox 1670 3379 1805 3434; x_wconf 89' lang='lat' dir='ltr'><strong>bene</strong></span> <span class='ocrx_word' id='word_1_292' title='bbox 1835 3380 2036 3434; x_wconf 68' lang='lat' dir='ltr'><strong>vivant.</strong></span> 
     </span>
    </p>
   </div>
   <div class='ocr_carea' id='block_1_36' title="bbox 461 3460 2041 3534">
    <p class='ocr_par' dir='ltr' id='par_1_36' title="bbox 461 3460 2041 3534">
     <span class='ocr_line' id='line_1_36' title="bbox 461 3460 2041 3534; baseline 0.006 -18"><span class='ocrx_word' id='word_1_293' title='bbox 461 3460 645 3520; x_wconf 82' lang='lat' dir='ltr'><strong>Estote</strong></span> <span class='ocrx_word' id='word_1_294' title='bbox 685 3466 1053 3521; x_wconf 87' lang='lat' dir='ltr'><strong>exhortatores</strong></span> <span class='ocrx_word' id='word_1_295' title='bbox 1109 3481 1215 3522; x_wconf 89' lang='lat' dir='ltr'><strong>non</strong></span> <span class='ocrx_word' id='word_1_296' title='bbox 1257 3468 1615 3534; x_wconf 88' lang='lat' dir='ltr'><strong>sermonibus,</strong></span> <span class='ocrx_word' id='word_1_297' title='bbox 1663 3467 1757 3523; x_wconf 88' lang='lat' dir='ltr'><strong>sed</strong></span> <span class='ocrx_word' id='word_1_298' title='bbox 1804 3463 2041 3525; x_wconf 84' lang='lat' dir='ltr'><strong>moribus</strong></span> 
     </span>
    </p>
   </div>
   <div class='ocr_carea' id='block_1_37' title="bbox 458 3550 2041 3629">
    <p class='ocr_par' dir='ltr' id='par_1_37' title="bbox 458 3550 2041 3629">
     <span class='ocr_line' id='line_1_37' title="bbox 458 3550 2041 3629; baseline 0.004 -20"><span class='ocrx_word' id='word_1_299' title='bbox 458 3550 651 3611; x_wconf 85' lang='lat' dir='ltr'><strong>vestris</strong></span> <span class='ocrx_word' id='word_1_300' title='bbox 685 3566 781 3610; x_wconf 88' lang='lat' dir='ltr'><strong>:ut</strong></span> <span class='ocrx_word' id='word_1_301' title='bbox 820 3555 893 3610; x_wconf 84' lang='lat' dir='ltr'><strong>illi</strong></span> <span class='ocrx_word' id='word_1_302' title='bbox 942 3558 1031 3627; x_wconf 91' lang='lat' dir='ltr'><strong>qui</strong></span> <span class='ocrx_word' id='word_1_303' title='bbox 1074 3569 1179 3613; x_wconf 87' lang='lat' dir='ltr'><strong>non</strong></span> <span class='ocrx_word' id='word_1_304' title='bbox 1220 3570 1344 3613; x_wconf 89' lang='lat' dir='ltr'><strong>sunt</strong></span> <span class='ocrx_word' id='word_1_305' title='bbox 1382 3558 1648 3629; x_wconf 84' lang='lat' dir='ltr'><strong>baptizati,</strong></span> <span class='ocrx_word' id='word_1_306' title='bbox 1683 3559 1759 3614; x_wconf 93' lang='lat' dir='ltr'><strong>sic</strong></span> <span class='ocrx_word' id='word_1_307' title='bbox 1789 3558 2041 3615; x_wconf 81' lang='lat' dir='ltr'><strong>festinent</strong></span> 
     </span>
    </p>
   </div>
   <div class='ocr_carea' id='block_1_38' title="bbox 457 3646 2037 3722">
    <p class='ocr_par' dir='ltr' id='par_1_38' title="bbox 457 3646 2037 3722">
     <span class='ocr_line' id='line_1_38' title="bbox 457 3646 2037 3722; baseline 0.004 -22"><span class='ocrx_word' id='word_1_308' title='bbox 457 3646 606 3716; x_wconf 84' lang='lat' dir='ltr'><strong>sequi</strong></span> <span class='ocrx_word' id='word_1_309' title='bbox 634 3661 747 3711; x_wconf 88' lang='lat' dir='ltr'><strong>vos,</strong></span> <span class='ocrx_word' id='word_1_310' title='bbox 779 3655 834 3701; x_wconf 92' lang='lat' dir='ltr'><strong>ut</strong></span> <span class='ocrx_word' id='word_1_311' title='bbox 859 3662 961 3702; x_wconf 90' lang='lat' dir='ltr'><strong>non</strong></span> <span class='ocrx_word' id='word_1_312' title='bbox 992 3648 1479 3717; x_wconf 88' lang='lat' dir='ltr'><strong>pereantimitando</strong></span> <span class='ocrx_word' id='word_1_313' title='bbox 1509 3665 1623 3704; x_wconf 88' lang='lat' dir='ltr'><strong>vos.</strong></span> <span class='ocrx_word' id='word_1_314' title='bbox 1650 3650 1749 3717; x_wconf 83' lang='lat' dir='ltr'><strong>Qui</strong></span> <span class='ocrx_word' id='word_1_315' title='bbox 1774 3651 2037 3722; x_wconf 82' lang='lat' dir='ltr'><strong>conjugati</strong></span> 
     </span>
    </p>
   </div>
   <div class='ocr_carea' id='block_1_39' title="bbox 456 3736 2038 3806">
    <p class='ocr_par' dir='ltr' id='par_1_39' title="bbox 456 3736 2038 3806">
     <span class='ocr_line' id='line_1_39' title="bbox 456 3736 2038 3806; baseline 0.008 -19"><span class='ocrx_word' id='word_1_316' title='bbox 456 3736 604 3806; x_wconf 73' lang='lat' dir='ltr'><strong>estis,</strong></span> <span class='ocrx_word' id='word_1_317' title='bbox 656 3737 812 3792; x_wconf 82' lang='lat' dir='ltr'><strong>fidem</strong></span> <span class='ocrx_word' id='word_1_318' title='bbox 862 3739 961 3793; x_wconf 91' lang='lat' dir='ltr'><strong>tori</strong></span> <span class='ocrx_word' id='word_1_319' title='bbox 1008 3750 1216 3796; x_wconf 78' lang='lat' dir='ltr'><strong>servate</strong></span> <span class='ocrx_word' id='word_1_320' title='bbox 1258 3742 1509 3796; x_wconf 80' lang='lat' dir='ltr'><strong>uxoribus</strong></span> <span class='ocrx_word' id='word_1_321' title='bbox 1555 3743 1765 3797; x_wconf 80' lang='lat' dir='ltr'><strong>vestris.</strong></span> <span class='ocrx_word' id='word_1_322' title='bbox 1814 3743 2038 3800; x_wconf 81' lang='lat' dir='ltr'><strong>Reddite</strong></span> 
     </span>
    </p>
   </div>
   <div class='ocr_carea' id='block_1_40' title="bbox 455 3825 2037 3904">
    <p class='ocr_par' dir='ltr' id='par_1_40' title="bbox 455 3825 2037 3904">
     <span class='ocr_line' id='line_1_40' title="bbox 455 3825 2037 3904; baseline 0.007 -23"><span class='ocrx_word' id='word_1_323' title='bbox 455 3825 598 3897; x_wconf 88' lang='lat' dir='ltr'><strong>quod</strong></span> <span class='ocrx_word' id='word_1_324' title='bbox 626 3828 856 3898; x_wconf 79' lang='lat' dir='ltr'><strong>exigitis.</strong></span> <span class='ocrx_word' id='word_1_325' title='bbox 894 3828 1005 3896; x_wconf 81' lang='lat' dir='ltr'><strong>Vir,</strong></span> <span class='ocrx_word' id='word_1_326' title='bbox 1035 3846 1066 3886; x_wconf 90' lang='lat' dir='ltr'><strong>a</strong></span> <span class='ocrx_word' id='word_1_327' title='bbox 1093 3829 1287 3886; x_wconf 88' lang='lat' dir='ltr'><strong>femina</strong></span> <span class='ocrx_word' id='word_1_328' title='bbox 1317 3830 1485 3903; x_wconf 82' lang='lat' dir='ltr'><strong>exigis</strong></span> <span class='ocrx_word' id='word_1_329' title='bbox 1511 3832 1829 3899; x_wconf 89' lang='lat' dir='ltr'><strong>castitatem,</strong></span> <span class='ocrx_word' id='word_1_330' title='bbox 1859 3835 2037 3904; x_wconf 73' lang='lat' dir='ltr'><strong>prmbe</strong></span> 
     </span>
    </p>
   </div>
   <div class='ocr_carea' id='block_1_41' title="bbox 457 3916 2081 3996">
    <p class='ocr_par' dir='ltr' id='par_1_41' title="bbox 457 3916 2081 3996">
     <span class='ocr_line' id='line_1_41' title="bbox 457 3916 2081 3996; baseline 0.007 -27"><span class='ocrx_word' id='word_1_331' title='bbox 457 3916 529 3971; x_wconf 88' lang='lat' dir='ltr'><strong>illi</strong></span> <span class='ocrx_word' id='word_1_332' title='bbox 555 3920 879 3989; x_wconf 85' lang='lat' dir='ltr'><strong>exemplum,</strong></span> <span class='ocrx_word' id='word_1_333' title='bbox 903 3936 1008 3976; x_wconf 90' lang='lat' dir='ltr'><strong>non</strong></span> <span class='ocrx_word' id='word_1_334' title='bbox 1039 3923 1284 3979; x_wconf 86' lang='lat' dir='ltr'><strong>verbum.</strong></span> <span class='ocrx_word' id='word_1_335' title='bbox 1305 3923 1382 3979; x_wconf 87' lang='lat' dir='ltr'><strong>Tu</strong></span> <span class='ocrx_word' id='word_1_336' title='bbox 1409 3940 1468 3980; x_wconf 89' lang='lat' dir='ltr'><strong>es</strong></span> <span class='ocrx_word' id='word_1_337' title='bbox 1493 3935 1670 3996; x_wconf 85' lang='lat' dir='ltr'><strong>caput,</strong></span> <span class='ocrx_word' id='word_1_338' title='bbox 1694 3943 1795 3996; x_wconf 88' lang='lat' dir='ltr'><strong>qua</strong></span> <span class='ocrx_word' id='word_1_339' title='bbox 1824 3928 1867 3982; x_wconf 90' lang='lat' dir='ltr'><strong>is</strong></span> <span class='ocrx_word' id='word_1_340' title='bbox 1892 3928 2030 3984; x_wconf 88' lang='lat' dir='ltr'><strong>vide.</strong></span> <span class='ocrx_word' id='word_1_341' title='bbox 2078 3932 2081 3933; x_wconf 66' lang='grc'><strong><em>⁷</em></strong></span> 
     </span>
    </p>
   </div>
   <div class='ocr_carea' id='block_1_42' title="bbox 458 4008 2033 4086">
    <p class='ocr_par' dir='ltr' id='par_1_42' title="bbox 458 4008 2033 4086">
     <span class='ocr_line' id='line_1_42' title="bbox 458 4008 2033 4086; baseline 0.008 -24"><span class='ocrx_word' id='word_1_342' title='bbox 458 4008 564 4063; x_wconf 87' lang='lat' dir='ltr'><strong>llac</strong></span> <span class='ocrx_word' id='word_1_343' title='bbox 591 4010 731 4065; x_wconf 92' lang='lat' dir='ltr'><strong>enim</strong></span> <span class='ocrx_word' id='word_1_344' title='bbox 762 4011 925 4068; x_wconf 86' lang='lat' dir='ltr'><strong>debes</strong></span> <span class='ocrx_word' id='word_1_345' title='bbox 954 4013 1051 4081; x_wconf 91' lang='lat' dir='ltr'><strong>ire,</strong></span> <span class='ocrx_word' id='word_1_346' title='bbox 1083 4030 1185 4085; x_wconf 90' lang='lat' dir='ltr'><strong>qua</strong></span> <span class='ocrx_word' id='word_1_347' title='bbox 1228 4014 1300 4070; x_wconf 90' lang='lat' dir='ltr'><strong>illi</strong></span> <span class='ocrx_word' id='word_1_348' title='bbox 1333 4031 1435 4071; x_wconf 91' lang='lat' dir='ltr'><strong>non</strong></span> <span class='ocrx_word' id='word_1_349' title='bbox 1465 4019 1535 4071; x_wconf 86' lang='lat' dir='ltr'><strong>sit</strong></span> <span class='ocrx_word' id='word_1_350' title='bbox 1558 4016 1913 4086; x_wconf 85' lang='lat' dir='ltr'><strong>periculosum</strong></span> <span class='ocrx_word' id='word_1_351' title='bbox 1944 4034 2033 4074; x_wconf 89' lang='lat' dir='ltr'><strong>se-</strong></span> 
     </span>
    </p>
   </div>
   <div class='ocr_carea' id='block_1_43' title="bbox 453 4100 2029 4177">
    <p class='ocr_par' dir='ltr' id='par_1_43' title="bbox 453 4100 2029 4177">
     <span class='ocr_line' id='line_1_43' title="bbox 453 4100 2029 4177; baseline 0.006 -24"><span class='ocrx_word' id='word_1_352' title='bbox 453 4100 543 4170; x_wconf 90' lang='lat' dir='ltr'><strong>qui</strong></span> <span class='ocrx_word' id='word_1_353' title='bbox 576 4117 589 4154; x_wconf 91' lang='lat'><strong>:</strong></span> <span class='ocrx_word' id='word_1_354' title='bbox 620 4101 726 4156; x_wconf 88' lang='lat' dir='ltr'><strong>imo</strong></span> <span class='ocrx_word' id='word_1_355' title='bbox 753 4110 805 4157; x_wconf 93' lang='lat' dir='ltr'><strong>tu</strong></span> <span class='ocrx_word' id='word_1_356' title='bbox 835 4104 946 4173; x_wconf 87' lang='lat' dir='ltr'><strong>ipse</strong></span> <span class='ocrx_word' id='word_1_357' title='bbox 970 4120 1070 4173; x_wconf 89' lang='lat' dir='ltr'><strong>qua</strong></span> <span class='ocrx_word' id='word_1_358' title='bbox 1109 4106 1189 4160; x_wconf 85' lang='lat' dir='ltr'><strong>vis</strong></span> <span class='ocrx_word' id='word_1_359' title='bbox 1212 4114 1329 4161; x_wconf 85' lang='lat' dir='ltr'><strong>eam</strong></span> <span class='ocrx_word' id='word_1_360' title='bbox 1357 4106 1528 4177; x_wconf 91' lang='lat' dir='ltr'><strong>sequi,</strong></span> <span class='ocrx_word' id='word_1_361' title='bbox 1573 4107 1699 4163; x_wconf 91' lang='lat' dir='ltr'><strong>illuc</strong></span> <span class='ocrx_word' id='word_1_362' title='bbox 1721 4106 1885 4163; x_wconf 86' lang='lat' dir='ltr'><strong>debes</strong></span> <span class='ocrx_word' id='word_1_363' title='bbox 1912 4125 2029 4164; x_wconf 88' lang='lat' dir='ltr'><strong>am-</strong></span> 
     </span>
    </p>
   </div>
   <div class='ocr_carea' id='block_1_44' title="bbox 452 4189 2030 4268">
    <p class='ocr_par' dir='ltr' id='par_1_44' title="bbox 452 4189 2030 4268">
     <span class='ocr_line' id='line_1_44' title="bbox 452 4189 2030 4268; baseline 0.008 -25"><span class='ocrx_word' id='word_1_364' title='bbox 452 4189 655 4245; x_wconf 87' lang='lat' dir='ltr'><strong>bulare.</strong></span> <span class='ocrx_word' id='word_1_365' title='bbox 702 4192 786 4247; x_wconf 86' lang='lat' dir='ltr'><strong>Ab</strong></span> <span class='ocrx_word' id='word_1_366' title='bbox 830 4193 1172 4250; x_wconf 87' lang='lat' dir='ltr'><strong>imbecilliore</strong></span> <span class='ocrx_word' id='word_1_367' title='bbox 1217 4212 1351 4251; x_wconf 89' lang='lat' dir='ltr'><strong>sexu</strong></span> <span class='ocrx_word' id='word_1_368' title='bbox 1405 4198 1573 4268; x_wconf 80' lang='lat' dir='ltr'><strong>exigis</strong></span> <span class='ocrx_word' id='word_1_369' title='bbox 1621 4198 2030 4255; x_wconf 81' lang='lat' dir='ltr'><strong>fortitudinem:</strong></span> 
     </span>
    </p>
   </div>
   <div class='ocr_carea' id='block_1_45' title="bbox 450 4284 2033 4362">
    <p class='ocr_par' dir='ltr' id='par_1_45' title="bbox 450 4284 2033 4362">
     <span class='ocr_line' id='line_1_45' title="bbox 450 4284 2033 4362; baseline 0.008 -27"><span class='ocrx_word' id='word_1_370' title='bbox 450 4284 627 4337; x_wconf 89' lang='lat' dir='ltr'><strong>carnis</strong></span> <span class='ocrx_word' id='word_1_371' title='bbox 684 4286 1165 4355; x_wconf 88' lang='lat' dir='ltr'><strong>concupiscentiam</strong></span> <span class='ocrx_word' id='word_1_372' title='bbox 1212 4287 1372 4344; x_wconf 89' lang='lat' dir='ltr'><strong>ambo</strong></span> <span class='ocrx_word' id='word_1_373' title='bbox 1415 4288 1660 4357; x_wconf 86' lang='lat' dir='ltr'><strong>habetis;</strong></span> <span class='ocrx_word' id='word_1_374' title='bbox 1706 4290 1793 4362; x_wconf 88' lang='lat' dir='ltr'><strong>qui</strong></span> <span class='ocrx_word' id='word_1_375' title='bbox 1846 4290 2033 4347; x_wconf 80' lang='lat' dir='ltr'><strong>fortior</strong></span> 
     </span>
    </p>
   </div>
   <div class='ocr_carea' id='block_1_46' title="bbox 449 4373 2028 4450">
    <p class='ocr_par' dir='ltr' id='par_1_46' title="bbox 449 4373 2028 4450">
     <span class='ocr_line' id='line_1_46' title="bbox 449 4373 2028 4450; baseline 0.008 -25"><span class='ocrx_word' id='word_1_376' title='bbox 449 4380 549 4435; x_wconf 85' lang='lat' dir='ltr'><strong>est,</strong></span> <span class='ocrx_word' id='word_1_377' title='bbox 577 4373 721 4442; x_wconf 78' lang='lat' dir='ltr'><strong>prior</strong></span> <span class='ocrx_word' id='word_1_378' title='bbox 741 4373 937 4429; x_wconf 78' lang='lat' dir='ltr'><strong>vincat.</strong></span> <span class='ocrx_word' id='word_1_379' title='bbox 968 4374 1035 4429; x_wconf 86' lang='lat' dir='ltr'><strong>Et</strong></span> <span class='ocrx_word' id='word_1_380' title='bbox 1066 4385 1241 4432; x_wconf 90' lang='lat' dir='ltr'><strong>tamen</strong></span> <span class='ocrx_word' id='word_1_381' title='bbox 1263 4377 1402 4446; x_wconf 90' lang='lat' dir='ltr'><strong>quod</strong></span> <span class='ocrx_word' id='word_1_382' title='bbox 1433 4379 1719 4435; x_wconf 89' lang='lat' dir='ltr'><strong>dolendum</strong></span> <span class='ocrx_word' id='word_1_383' title='bbox 1744 4390 1846 4450; x_wconf 89' lang='lat' dir='ltr'><strong>est,</strong></span> <span class='ocrx_word' id='word_1_384' title='bbox 1877 4382 2028 4438; x_wconf 92' lang='lat' dir='ltr'><strong>multi</strong></span> 
     </span>
    </p>
   </div>
   <div class='ocr_carea' id='block_1_47' title="bbox 448 4462 2024 4543">
    <p class='ocr_par' dir='ltr' id='par_1_47' title="bbox 448 4462 2024 4543">
     <span class='ocr_line' id='line_1_47' title="bbox 448 4462 2024 4543; baseline 0.011 -29"><span class='ocrx_word' id='word_1_385' title='bbox 448 4462 544 4516; x_wconf 87' lang='lat' dir='ltr'><strong>viri</strong></span> <span class='ocrx_word' id='word_1_386' title='bbox 571 4479 600 4517; x_wconf 90' lang='lat' dir='ltr'><strong>a</strong></span> <span class='ocrx_word' id='word_1_387' title='bbox 632 4462 845 4519; x_wconf 87' lang='lat' dir='ltr'><strong>feminis</strong></span> <span class='ocrx_word' id='word_1_388' title='bbox 876 4465 1175 4520; x_wconf 90' lang='lat' dir='ltr'><strong>vincuntur.</strong></span> <span class='ocrx_word' id='word_1_389' title='bbox 1221 4467 1446 4523; x_wconf 90' lang='lat' dir='ltr'><strong>Servant</strong></span> <span class='ocrx_word' id='word_1_390' title='bbox 1471 4468 1681 4526; x_wconf 61' lang='lat' dir='ltr'><strong>feminae</strong></span> <span class='ocrx_word' id='word_1_391' title='bbox 1708 4474 2024 4543; x_wconf 83' lang='lat' dir='ltr'><strong>castitatem,</strong></span> 
     </span>
    </p>
   </div>
   <div class='ocr_carea' id='block_1_48' title="bbox 446 4552 2023 4634">
    <p class='ocr_par' dir='ltr' id='par_1_48' title="bbox 446 4552 2023 4634">
     <span class='ocr_line' id='line_1_48' title="bbox 446 4552 2023 4634; baseline 0.011 -29"><span class='ocrx_word' id='word_1_392' title='bbox 446 4568 605 4620; x_wconf 88' lang='lat' dir='ltr'><strong>quam</strong></span> <span class='ocrx_word' id='word_1_393' title='bbox 630 4552 724 4606; x_wconf 88' lang='lat' dir='ltr'><strong>viri</strong></span> <span class='ocrx_word' id='word_1_394' title='bbox 751 4567 965 4611; x_wconf 87' lang='lat' dir='ltr'><strong>servare</strong></span> <span class='ocrx_word' id='word_1_395' title='bbox 992 4556 1179 4613; x_wconf 90' lang='lat' dir='ltr'><strong>nolunt</strong></span> <span class='ocrx_word' id='word_1_396' title='bbox 1210 4576 1223 4614; x_wconf 92' lang='lat'><strong>:</strong></span> <span class='ocrx_word' id='word_1_397' title='bbox 1254 4567 1308 4612; x_wconf 91' lang='lat' dir='ltr'><strong>et</strong></span> <span class='ocrx_word' id='word_1_398' title='bbox 1334 4559 1386 4613; x_wconf 92' lang='lat' dir='ltr'><strong>in</strong></span> <span class='ocrx_word' id='word_1_399' title='bbox 1413 4575 1479 4614; x_wconf 92' lang='lat' dir='ltr'><strong>eo</strong></span> <span class='ocrx_word' id='word_1_400' title='bbox 1498 4561 1639 4630; x_wconf 91' lang='lat' dir='ltr'><strong>quod</strong></span> <span class='ocrx_word' id='word_1_401' title='bbox 1665 4579 1769 4618; x_wconf 90' lang='lat' dir='ltr'><strong>non</strong></span> <span class='ocrx_word' id='word_1_402' title='bbox 1787 4575 2023 4634; x_wconf 84' lang='lat' dir='ltr'><strong>servant,</strong></span> 
     </span>
    </p>
   </div>
   <div class='ocr_carea' id='block_1_49' title="bbox 445 4642 2027 4723">
    <p class='ocr_par' dir='ltr' id='par_1_49' title="bbox 445 4642 2027 4723">
     <span class='ocr_line' id='line_1_49' title="bbox 445 4642 2027 4723; baseline 0.011 -24"><span class='ocrx_word' id='word_1_403' title='bbox 445 4657 504 4699; x_wconf 84' lang='lat' dir='ltr'><strong>se</strong></span> <span class='ocrx_word' id='word_1_404' title='bbox 550 4642 694 4699; x_wconf 88' lang='lat' dir='ltr'><strong>viros</strong></span> <span class='ocrx_word' id='word_1_405' title='bbox 740 4644 906 4701; x_wconf 91' lang='lat' dir='ltr'><strong>videri</strong></span> <span class='ocrx_word' id='word_1_406' title='bbox 947 4647 1165 4717; x_wconf 88' lang='lat' dir='ltr'><strong>volunt;</strong></span> <span class='ocrx_word' id='word_1_407' title='bbox 1212 4651 1360 4719; x_wconf 89' lang='lat' dir='ltr'><strong>quasi</strong></span> <span class='ocrx_word' id='word_1_408' title='bbox 1406 4662 1685 4723; x_wconf 86' lang='lat' dir='ltr'><strong>propterea</strong></span> <span class='ocrx_word' id='word_1_409' title='bbox 1728 4657 1798 4711; x_wconf 93' lang='lat' dir='ltr'><strong>sit</strong></span> <span class='ocrx_word' id='word_1_410' title='bbox 1842 4658 2027 4717; x_wconf 88' lang='lat' dir='ltr'><strong>fortior</strong></span> 
     </span>
    </p>
   </div>
   <div class='ocr_carea' id='block_1_50' title="bbox 444 4736 2021 4820">
    <p class='ocr_par' dir='ltr' id='par_1_50' title="bbox 444 4736 2021 4820">
     <span class='ocr_line' id='line_1_50' title="bbox 444 4736 2021 4820; baseline 0.012 -32"><span class='ocrx_word' id='word_1_411' title='bbox 444 4748 597 4801; x_wconf 89' lang='lat' dir='ltr'><strong>sexu,</strong></span> <span class='ocrx_word' id='word_1_412' title='bbox 641 4742 699 4790; x_wconf 94' lang='lat' dir='ltr'><strong>ut</strong></span> <span class='ocrx_word' id='word_1_413' title='bbox 725 4751 845 4791; x_wconf 92' lang='lat' dir='ltr'><strong>eum</strong></span> <span class='ocrx_word' id='word_1_414' title='bbox 896 4736 1103 4794; x_wconf 87' lang='lat' dir='ltr'><strong>facilius</strong></span> <span class='ocrx_word' id='word_1_415' title='bbox 1131 4741 1373 4813; x_wconf 88' lang='lat' dir='ltr'><strong>subjuget</strong></span> <span class='ocrx_word' id='word_1_416' title='bbox 1398 4743 1661 4800; x_wconf 91' lang='lat' dir='ltr'><strong>inimicus.</strong></span> <span class='ocrx_word' id='word_1_417' title='bbox 1706 4745 1871 4803; x_wconf 89' lang='lat' dir='ltr'><strong>Lucta</strong></span> <span class='ocrx_word' id='word_1_418' title='bbox 1897 4761 2021 4820; x_wconf 92' lang='lat' dir='ltr'><strong>est,</strong></span> 
     </span>
    </p>
   </div>
   <div class='ocr_carea' id='block_1_51' title="bbox 443 4825 2024 4906">
    <p class='ocr_par' dir='ltr' id='par_1_51' title="bbox 443 4825 2024 4906">
     <span class='ocr_line' id='line_1_51' title="bbox 443 4825 2024 4906; baseline 0.011 -27"><span class='ocrx_word' id='word_1_419' title='bbox 443 4825 682 4895; x_wconf 69' lang='lat' dir='ltr'><strong>praelium</strong></span> <span class='ocrx_word' id='word_1_420' title='bbox 710 4835 812 4894; x_wconf 88' lang='lat' dir='ltr'><strong>est,</strong></span> <span class='ocrx_word' id='word_1_421' title='bbox 858 4843 1029 4900; x_wconf 85' lang='lat' dir='ltr'><strong>pugna</strong></span> <span class='ocrx_word' id='word_1_422' title='bbox 1059 4841 1160 4886; x_wconf 89' lang='lat' dir='ltr'><strong>est.</strong></span> <span class='ocrx_word' id='word_1_423' title='bbox 1216 4833 1305 4887; x_wconf 64' lang='lat' dir='ltr'><strong>\‘ir</strong></span> <span class='ocrx_word' id='word_1_424' title='bbox 1343 4833 1530 4888; x_wconf 91' lang='lat' dir='ltr'><strong>fortior</strong></span> <span class='ocrx_word' id='word_1_425' title='bbox 1555 4845 1637 4891; x_wconf 90' lang='lat' dir='ltr'><strong>est</strong></span> <span class='ocrx_word' id='word_1_426' title='bbox 1681 4837 1895 4906; x_wconf 88' lang='lat' dir='ltr'><strong>femina,</strong></span> <span class='ocrx_word' id='word_1_427' title='bbox 1943 4844 2024 4898; x_wconf 90' lang='lat' dir='ltr'><strong>vir</strong></span> 
     </span>
    </p>
   </div>
   <div class='ocr_carea' id='block_1_52' title="bbox 438 4916 2022 5000">
    <p class='ocr_par' dir='ltr' id='par_1_52' title="bbox 438 4916 2022 5000">
     <span class='ocr_line' id='line_1_52' title="bbox 438 4916 2022 5000; baseline 0.011 -29"><span class='ocrx_word' id='word_1_428' title='bbox 438 4926 598 4987; x_wconf 89' lang='lat' dir='ltr'><strong>caput</strong></span> <span class='ocrx_word' id='word_1_429' title='bbox 626 4926 708 4973; x_wconf 88' lang='lat' dir='ltr'><strong>est</strong></span> <span class='ocrx_word' id='word_1_430' title='bbox 736 4916 947 4974; x_wconf 70' lang='lat' dir='ltr'><strong>feminae</strong></span> <span class='ocrx_word' id='word_1_431' title='bbox 976 4920 1188 4994; x_wconf 78' lang='lat' dir='ltr'><strong>(Epltes.</strong></span> <span class='ocrx_word' id='word_1_432' title='bbox 1221 4939 1284 4990; x_wconf 88' lang='lat' dir='ltr'><strong>v,.</strong></span> <span class='ocrx_word' id='word_1_433' title='bbox 1315 4924 1431 4994; x_wconf 72' lang='lat'><strong>25).</strong></span> <span class='ocrx_word' id='word_1_434' title='bbox 1464 4924 1677 4982; x_wconf 83' lang='lat' dir='ltr'><strong>Femina</strong></span> <span class='ocrx_word' id='word_1_435' title='bbox 1723 4941 1938 5000; x_wconf 79' lang='lat' dir='ltr'><strong>pugnat,</strong></span> <span class='ocrx_word' id='word_1_436' title='bbox 1967 4943 2022 4989; x_wconf 90' lang='lat' dir='ltr'><strong>et</strong></span> 
     </span>
    </p>
   </div>
   <div class='ocr_carea' id='block_1_53' title="bbox 438 5006 2022 5091">
    <p class='ocr_par' dir='ltr' id='par_1_53' title="bbox 438 5006 2022 5091">
     <span class='ocr_line' id='line_1_53' title="bbox 438 5006 2022 5091; baseline 0.014 -32"><span class='ocrx_word' id='word_1_437' title='bbox 438 5006 605 5063; x_wconf 88' lang='lat' dir='ltr'><strong>vineit</strong></span> <span class='ocrx_word' id='word_1_438' title='bbox 630 5026 645 5063; x_wconf 87' lang='lat'><strong>:</strong></span> <span class='ocrx_word' id='word_1_439' title='bbox 677 5017 731 5064; x_wconf 90' lang='lat' dir='ltr'><strong>tu</strong></span> <span class='ocrx_word' id='word_1_440' title='bbox 759 5009 896 5067; x_wconf 84' lang='lat' dir='ltr'><strong>hosti</strong></span> <span class='ocrx_word' id='word_1_441' title='bbox 922 5013 1268 5069; x_wconf 87' lang='lat' dir='ltr'><strong>succumbis?</strong></span> <span class='ocrx_word' id='word_1_442' title='bbox 1294 5015 1410 5072; x_wconf 85' lang='lat' dir='ltr'><strong>Stat</strong></span> <span class='ocrx_word' id='word_1_443' title='bbox 1437 5026 1650 5088; x_wconf 86' lang='lat' dir='ltr'><strong>corpus,</strong></span> <span class='ocrx_word' id='word_1_444' title='bbox 1681 5029 1735 5074; x_wconf 89' lang='lat' dir='ltr'><strong>et</strong></span> <span class='ocrx_word' id='word_1_445' title='bbox 1765 5021 1909 5091; x_wconf 88' lang='lat' dir='ltr'><strong>jacet</strong></span> <span class='ocrx_word' id='word_1_446' title='bbox 1932 5041 2022 5080; x_wconf 90' lang='lat' dir='ltr'><strong>ca-</strong></span> 
     </span>
    </p>
   </div>
   <div class='ocr_carea' id='block_1_54' title="bbox 440 5100 2019 5180">
    <p class='ocr_par' dir='ltr' id='par_1_54' title="bbox 440 5100 2019 5180">
     <span class='ocr_line' id='line_1_54' title="bbox 440 5100 2019 5180; baseline 0.013 -26"><span class='ocrx_word' id='word_1_447' title='bbox 440 5101 570 5170; x_wconf 88' lang='lat' dir='ltr'><strong>put?</strong></span> <span class='ocrx_word' id='word_1_448' title='bbox 593 5100 694 5171; x_wconf 90' lang='lat' dir='ltr'><strong>Qui</strong></span> <span class='ocrx_word' id='word_1_449' title='bbox 720 5113 896 5160; x_wconf 90' lang='lat' dir='ltr'><strong>autem</strong></span> <span class='ocrx_word' id='word_1_450' title='bbox 936 5121 1128 5162; x_wconf 88' lang='lat' dir='ltr'><strong>uxores</strong></span> <span class='ocrx_word' id='word_1_451' title='bbox 1154 5107 1385 5164; x_wconf 90' lang='lat' dir='ltr'><strong>nondum</strong></span> <span class='ocrx_word' id='word_1_452' title='bbox 1415 5109 1641 5180; x_wconf 89' lang='lat' dir='ltr'><strong>habetis,</strong></span> <span class='ocrx_word' id='word_1_453' title='bbox 1669 5122 1724 5169; x_wconf 89' lang='lat' dir='ltr'><strong>et</strong></span> <span class='ocrx_word' id='word_1_454' title='bbox 1751 5122 1925 5172; x_wconf 88' lang='lat' dir='ltr'><strong>tamen</strong></span> <span class='ocrx_word' id='word_1_455' title='bbox 1952 5120 2019 5175; x_wconf 91' lang='lat' dir='ltr'><strong>ad</strong></span> 
     </span>
    </p>
   </div>
   <div class='ocr_carea' id='block_1_55' title="bbox 436 5195 2017 5268">
    <p class='ocr_par' dir='ltr' id='par_1_55' title="bbox 436 5195 2017 5268">
     <span class='ocr_line' id='line_1_55' title="bbox 436 5195 2017 5268; baseline 0.013 -21"><span class='ocrx_word' id='word_1_456' title='bbox 436 5208 674 5250; x_wconf 76' lang='lat' dir='ltr'><strong>mensam</strong></span> <span class='ocrx_word' id='word_1_457' title='bbox 707 5195 1031 5252; x_wconf 89' lang='lat' dir='ltr'><strong>Dominicam</strong></span> <span class='ocrx_word' id='word_1_458' title='bbox 1068 5200 1177 5268; x_wconf 88' lang='lat' dir='ltr'><strong>jam</strong></span> <span class='ocrx_word' id='word_1_459' title='bbox 1206 5202 1477 5267; x_wconf 88' lang='lat' dir='ltr'><strong>acceditis,</strong></span> <span class='ocrx_word' id='word_1_460' title='bbox 1507 5213 1561 5259; x_wconf 91' lang='lat' dir='ltr'><strong>et</strong></span> <span class='ocrx_word' id='word_1_461' title='bbox 1583 5221 1796 5263; x_wconf 88' lang='lat' dir='ltr'><strong>carnem</strong></span> <span class='ocrx_word' id='word_1_462' title='bbox 1824 5209 2017 5268; x_wconf 86' lang='lat' dir='ltr'><strong>Christi</strong></span> 
     </span>
    </p>
   </div>
   <div class='ocr_carea' id='block_1_56' title="bbox 441 5283 2018 5360">
    <p class='ocr_par' dir='ltr' id='par_1_56' title="bbox 441 5283 2018 5360">
     <span class='ocr_line' id='line_1_56' title="bbox 441 5283 2018 5360; baseline 0.013 -23"><span class='ocrx_word' id='word_1_463' title='bbox 441 5283 794 5350; x_wconf 79' lang='lat' dir='ltr'><strong>manducatis,</strong></span> <span class='ocrx_word' id='word_1_464' title='bbox 815 5296 868 5342; x_wconf 91' lang='lat' dir='ltr'><strong>et</strong></span> <span class='ocrx_word' id='word_1_465' title='bbox 891 5290 1197 5358; x_wconf 84' lang='lat' dir='ltr'><strong>sanguinem</strong></span> <span class='ocrx_word' id='word_1_466' title='bbox 1219 5287 1419 5360; x_wconf 78' lang='lat' dir='ltr'><strong>bibitis,</strong></span> <span class='ocrx_word' id='word_1_467' title='bbox 1442 5294 1488 5349; x_wconf 90' lang='lat' dir='ltr'><strong>si</strong></span> <span class='ocrx_word' id='word_1_468' title='bbox 1508 5295 1718 5354; x_wconf 88' lang='lat' dir='ltr'><strong>ducturi</strong></span> <span class='ocrx_word' id='word_1_469' title='bbox 1740 5301 1867 5355; x_wconf 89' lang='lat' dir='ltr'><strong>estis</strong></span> <span class='ocrx_word' id='word_1_470' title='bbox 1894 5319 2018 5357; x_wconf 83' lang='lat' dir='ltr'><strong>uxo-</strong></span> 
     </span>
    </p>
   </div>
   <div class='ocr_carea' id='block_1_57' title="bbox 440 5381 2015 5453">
    <p class='ocr_par' dir='ltr' id='par_1_57' title="bbox 440 5381 2015 5453">
     <span class='ocr_line' id='line_1_57' title="bbox 440 5381 2015 5453; baseline 0.013 -25"><span class='ocrx_word' id='word_1_471' title='bbox 440 5388 550 5441; x_wconf 86' lang='lat' dir='ltr'><strong>res,</strong></span> <span class='ocrx_word' id='word_1_472' title='bbox 577 5385 785 5434; x_wconf 85' lang='lat' dir='ltr'><strong>servate</strong></span> <span class='ocrx_word' id='word_1_473' title='bbox 810 5394 904 5433; x_wconf 90' lang='lat' dir='ltr'><strong>vos</strong></span> <span class='ocrx_word' id='word_1_474' title='bbox 931 5381 1182 5437; x_wconf 79' lang='lat' dir='ltr'><strong>uxoribus</strong></span> <span class='ocrx_word' id='word_1_475' title='bbox 1208 5385 1418 5439; x_wconf 78' lang='lat' dir='ltr'><strong>vestris.</strong></span> <span class='ocrx_word' id='word_1_476' title='bbox 1449 5386 1643 5453; x_wconf 88' lang='lat' dir='ltr'><strong>Quales</strong></span> <span class='ocrx_word' id='word_1_477' title='bbox 1662 5404 1753 5445; x_wconf 88' lang='lat' dir='ltr'><strong>cas</strong></span> <span class='ocrx_word' id='word_1_478' title='bbox 1773 5393 1927 5446; x_wconf 78' lang='lat' dir='ltr'><strong>vultis</strong></span> <span class='ocrx_word' id='word_1_479' title='bbox 1948 5393 2015 5449; x_wconf 90' lang='lat' dir='ltr'><strong>ad</strong></span> 
     </span>
    </p>
   </div>
   <div class='ocr_carea' id='block_1_58' title="bbox 437 5468 2019 5549">
    <p class='ocr_par' dir='ltr' id='par_1_58' title="bbox 437 5468 2019 5549">
     <span class='ocr_line' id='line_1_58' title="bbox 437 5468 2019 5549; baseline 0.016 -33"><span class='ocrx_word' id='word_1_480' title='bbox 437 5480 532 5521; x_wconf 87' lang='lat' dir='ltr'><strong>vos</strong></span> <span class='ocrx_word' id='word_1_481' title='bbox 576 5468 775 5537; x_wconf 84' lang='lat' dir='ltr'><strong>venire,</strong></span> <span class='ocrx_word' id='word_1_482' title='bbox 824 5471 955 5528; x_wconf 88' lang='lat' dir='ltr'><strong>tales</strong></span> <span class='ocrx_word' id='word_1_483' title='bbox 984 5489 1079 5528; x_wconf 85' lang='lat' dir='ltr'><strong>vos</strong></span> <span class='ocrx_word' id='word_1_484' title='bbox 1108 5473 1308 5530; x_wconf 89' lang='lat' dir='ltr'><strong>debent</strong></span> <span class='ocrx_word' id='word_1_485' title='bbox 1347 5484 1402 5531; x_wconf 90' lang='lat' dir='ltr'><strong>ct</strong></span> <span class='ocrx_word' id='word_1_486' title='bbox 1443 5476 1572 5547; x_wconf 63' lang='lat' dir='ltr'><strong>ipsae</strong></span> <span class='ocrx_word' id='word_1_487' title='bbox 1602 5479 1854 5537; x_wconf 88' lang='lat' dir='ltr'><strong>invenire.</strong></span> <span class='ocrx_word' id='word_1_488' title='bbox 1887 5484 2019 5549; x_wconf 78' lang='lat' dir='ltr'><strong>Quis</strong></span> 
     </span>
    </p>
   </div>
   <div class='ocr_carea' id='block_1_59' title="bbox 427 5600 2021 5712">
    <p class='ocr_par' dir='ltr' id='par_1_59' title="bbox 427 5600 2021 5712">
     <span class='ocr_line' id='line_1_59' title="bbox 427 5600 2021 5712; baseline 0.014 -64"><span class='ocrx_word' id='word_1_489' title='bbox 427 5600 629 5712; x_wconf 30' lang='lat' dir='ltr'><strong>white</strong></span> <span class='ocrx_word' id='word_1_490' title='bbox 664 5609 773 5654; x_wconf 69' lang='lat' dir='ltr'><strong>nov.</strong></span> <span class='ocrx_word' id='word_1_491' title='bbox 819 5612 874 5657; x_wconf 81' lang='lat' dir='ltr'><strong>Al.</strong></span> <span class='ocrx_word' id='word_1_492' title='bbox 918 5607 966 5655; x_wconf 90' lang='lat' dir='ltr'><strong>in</strong></span> <span class='ocrx_word' id='word_1_493' title='bbox 1008 5609 1201 5660; x_wconf 66' lang='lat' dir='ltr'><strong>caeteris</strong></span> <span class='ocrx_word' id='word_1_494' title='bbox 1243 5608 1380 5663; x_wconf 82' lang='lat' dir='ltr'><strong>libris</strong></span> <span class='ocrx_word' id='word_1_495' title='bbox 1424 5611 1568 5665; x_wconf 83' lang='lat' dir='ltr'><strong>editis</strong></span> <span class='ocrx_word' id='word_1_496' title='bbox 1612 5620 1663 5665; x_wconf 88' lang='lat' dir='ltr'><strong>et</strong></span> <span class='ocrx_word' id='word_1_497' title='bbox 1699 5619 1826 5678; x_wconf 67' lang='lat' dir='ltr'><strong>Mss,</strong></span> <span class='ocrx_word' id='word_1_498' title='bbox 1861 5616 2021 5683; x_wconf 79' lang='lat' dir='ltr'><strong>magi-_</strong></span> 
     </span>
    </p>
   </div>
   <div class='ocr_carea' id='block_1_60' title="bbox 1696 267 3681 365">
    <p class='ocr_par' dir='ltr' id='par_1_60' title="bbox 1696 267 3681 365">
     <span class='ocr_line' id='line_1_60' title="bbox 1696 267 3681 365; baseline -0.001 -34"><span class='ocrx_word' id='word_1_499' title='bbox 1696 273 1753 331; x_wconf 84' lang='lat' dir='ltr'><strong>S.</strong></span> <span class='ocrx_word' id='word_1_500' title='bbox 1794 267 2158 330; x_wconf 76' lang='lat' dir='ltr'><strong>AUGUSTINI</strong></span> <span class='ocrx_word' id='word_1_501' title='bbox 2199 269 2502 331; x_wconf 80' lang='lat' dir='ltr'><strong>EPISCOPI</strong></span> <span class='ocrx_word' id='word_1_502' title='bbox 3594 308 3681 365; x_wconf 52' lang='grc' dir='ltr'><strong>πθ</strong></span> 
     </span>
    </p>
   </div>
   <div class='ocr_carea' id='block_1_61' title="bbox 2160 383 3668 476">
    <p class='ocr_par' dir='ltr' id='par_1_61' title="bbox 2160 383 3668 476">
     <span class='ocr_line' id='line_1_61' title="bbox 2160 383 3668 476; baseline 0.021 -41"><span class='ocrx_word' id='word_1_503' title='bbox 2160 383 2372 454; x_wconf 80' lang='lat' dir='ltr'><strong>juvenis</strong></span> <span class='ocrx_word' id='word_1_504' title='bbox 2399 393 2504 452; x_wconf 89' lang='lat' dir='ltr'><strong>est,</strong></span> <span class='ocrx_word' id='word_1_505' title='bbox 2534 387 2624 457; x_wconf 88' lang='lat' dir='ltr'><strong>qui</strong></span> <span class='ocrx_word' id='word_1_506' title='bbox 2654 402 2757 443; x_wconf 81' lang='lat' dir='ltr'><strong>oon</strong></span> <span class='ocrx_word' id='word_1_507' title='bbox 2787 397 2988 445; x_wconf 88' lang='lat' dir='ltr'><strong>castam</strong></span> <span class='ocrx_word' id='word_1_508' title='bbox 3018 393 3141 451; x_wconf 84' lang='lat' dir='ltr'><strong>velit</strong></span> <span class='ocrx_word' id='word_1_509' title='bbox 3163 395 3345 458; x_wconf 78' lang='lat' dir='ltr'><strong>ducere</strong></span> <span class='ocrx_word' id='word_1_510' title='bbox 3370 417 3595 471; x_wconf 73' lang='lat' dir='ltr'><strong>uxorem?</strong></span> <span class='ocrx_word' id='word_1_511' title='bbox 3618 422 3668 476; x_wconf 74' lang='grc' dir='ltr'><strong>ει</strong></span> 
     </span>
    </p>
   </div>
   <div class='ocr_carea' id='block_1_62' title="bbox 2166 476 3669 565">
    <p class='ocr_par' dir='ltr' id='par_1_62' title="bbox 2166 476 3669 565">
     <span class='ocr_line' id='line_1_62' title="bbox 2166 476 3669 565; baseline 0.035 -53"><span class='ocrx_word' id='word_1_512' title='bbox 2166 476 2211 530; x_wconf 72' lang='grc' dir='ltr'>εί</span> <span class='ocrx_word' id='word_1_513' title='bbox 2234 487 2557 565; x_wconf 54' lang='lat' dir='ltr'><strong>accepturus</strong></span> <span class='ocrx_word' id='word_1_514' title='bbox 2581 486 2664 532; x_wconf 89' lang='lat' dir='ltr'><strong>est</strong></span> <span class='ocrx_word' id='word_1_515' title='bbox 2681 480 2961 549; x_wconf 75' lang='lat' dir='ltr'><strong>Virginem,</strong></span> <span class='ocrx_word' id='word_1_516' title='bbox 2983 484 3102 550; x_wconf 84' lang='lat' dir='ltr'><strong>quis</strong></span> <span class='ocrx_word' id='word_1_517' title='bbox 3129 501 3228 541; x_wconf 88' lang='lat' dir='ltr'><strong>non</strong></span> <span class='ocrx_word' id='word_1_518' title='bbox 3250 487 3476 551; x_wconf 75' lang='lat' dir='ltr'><strong>inlaetam</strong></span> <span class='ocrx_word' id='word_1_519' title='bbox 3497 500 3669 565; x_wconf 55' lang='lat' dir='ltr'><strong>deside.</strong></span> 
     </span>
    </p>
   </div>
   <div class='ocr_carea' id='block_1_63' title="bbox 2165 564 3670 666">
    <p class='ocr_par' dir='ltr' id='par_1_63' title="bbox 2165 564 3670 666">
     <span class='ocr_line' id='line_1_63' title="bbox 2165 564 3670 666; baseline 0.023 -49"><span class='ocrx_word' id='word_1_520' title='bbox 2165 566 2284 666; x_wconf 71' lang='lat' dir='ltr'><strong>ret</strong></span> <span class='ocrx_word' id='word_1_521' title='bbox 2317 564 2574 666; x_wconf 69' lang='lat' dir='ltr'><strong>intactam</strong></span> <span class='ocrx_word' id='word_1_522' title='bbox 2611 570 2832 666; x_wconf 58' lang='lat' dir='ltr'><strong>quaeris,</strong></span> <span class='ocrx_word' id='word_1_523' title='bbox 2858 572 3085 666; x_wconf 80' lang='lat' dir='ltr'><strong>intactus</strong></span> <span class='ocrx_word' id='word_1_524' title='bbox 3108 585 3238 632; x_wconf 90' lang='lat' dir='ltr'><strong>esto.</strong></span> <span class='ocrx_word' id='word_1_525' title='bbox 3283 579 3458 640; x_wconf 84' lang='lat' dir='ltr'><strong>Puram</strong></span> <span class='ocrx_word' id='word_1_526' title='bbox 3478 596 3670 666; x_wconf 59' lang='lat' dir='ltr'><strong>quieris,</strong></span> 
     </span>
    </p>
   </div>
   <div class='ocr_carea' id='block_1_64' title="bbox 2162 656 3670 743">
    <p class='ocr_par' dir='ltr' id='par_1_64' title="bbox 2162 656 3670 743">
     <span class='ocr_line' id='line_1_64' title="bbox 2162 656 3670 743; baseline 0.032 -48"><span class='ocrx_word' id='word_1_527' title='bbox 2162 656 2272 711; x_wconf 77' lang='grc' dir='ltr'><strong>ηοιί</strong></span> <span class='ocrx_word' id='word_1_528' title='bbox 2298 671 2417 713; x_wconf 79' lang='lat' dir='ltr'><strong>esse</strong></span> <span class='ocrx_word' id='word_1_529' title='bbox 2460 657 2720 729; x_wconf 89' lang='lat' dir='ltr'><strong>impurus.</strong></span> <span class='ocrx_word' id='word_1_530' title='bbox 2771 660 2889 716; x_wconf 84' lang='lat' dir='ltr'><strong>Non</strong></span> <span class='ocrx_word' id='word_1_531' title='bbox 2922 664 3065 718; x_wconf 89' lang='lat' dir='ltr'><strong>enim</strong></span> <span class='ocrx_word' id='word_1_532' title='bbox 3108 666 3193 722; x_wconf 87' lang='lat' dir='ltr'><strong>illa</strong></span> <span class='ocrx_word' id='word_1_533' title='bbox 3236 681 3415 743; x_wconf 89' lang='lat' dir='ltr'><strong>potest,</strong></span> <span class='ocrx_word' id='word_1_534' title='bbox 3439 656 3555 737; x_wconf 42' lang='lat' dir='ltr'><strong>et—tu</strong></span> <span class='ocrx_word' id='word_1_535' title='bbox 3591 656 3670 743; x_wconf 69' lang='lat' dir='ltr'><strong>non</strong></span> 
     </span>
    </p>
   </div>
   <div class='ocr_carea' id='block_1_65' title="bbox 2161 746 3672 836">
    <p class='ocr_par' dir='ltr' id='par_1_65' title="bbox 2161 746 3672 836">
     <span class='ocr_line' id='line_1_65' title="bbox 2161 746 3672 836; baseline 0.018 -35"><span class='ocrx_word' id='word_1_536' title='bbox 2161 756 2333 815; x_wconf 90' lang='lat' dir='ltr'><strong>potes.</strong></span> <span class='ocrx_word' id='word_1_537' title='bbox 2365 747 2423 804; x_wconf 86' lang='lat' dir='ltr'><strong>Si</strong></span> <span class='ocrx_word' id='word_1_538' title='bbox 2449 746 2561 804; x_wconf 81' lang='lat' dir='ltr'><strong>fieri</strong></span> <span class='ocrx_word' id='word_1_539' title='bbox 2587 765 2694 804; x_wconf 89' lang='lat' dir='ltr'><strong>non</strong></span> <span class='ocrx_word' id='word_1_540' title='bbox 2733 760 2932 820; x_wconf 87' lang='lat' dir='ltr'><strong>posset,</strong></span> <span class='ocrx_word' id='word_1_541' title='bbox 2976 770 3074 810; x_wconf 90' lang='lat' dir='ltr'><strong>nec</strong></span> <span class='ocrx_word' id='word_1_542' title='bbox 3099 756 3184 811; x_wconf 81' lang='lat' dir='ltr'><strong>illa</strong></span> <span class='ocrx_word' id='word_1_543' title='bbox 3212 774 3401 829; x_wconf 87' lang='lat' dir='ltr'><strong>posset.</strong></span> <span class='ocrx_word' id='word_1_544' title='bbox 3439 768 3554 836; x_wconf 85' lang='lat' dir='ltr'><strong>Quia</strong></span> <span class='ocrx_word' id='word_1_545' title='bbox 3576 790 3672 833; x_wconf 82' lang='lat' dir='ltr'><strong>vero</strong></span> 
     </span>
    </p>
   </div>
   <div class='ocr_carea' id='block_1_66' title="bbox 2162 838 3672 932">
    <p class='ocr_par' dir='ltr' id='par_1_66' title="bbox 2162 838 3672 932">
     <span class='ocr_line' id='line_1_66' title="bbox 2162 838 3672 932; baseline 0.033 -59"><span class='ocrx_word' id='word_1_546' title='bbox 2162 838 2251 893; x_wconf 64' lang='grc' dir='ltr'><strong>ίιι,</strong></span> <span class='ocrx_word' id='word_1_547' title='bbox 2288 848 2484 932; x_wconf 41' lang='lat' dir='ltr'><strong>Potest,</strong></span> <span class='ocrx_word' id='word_1_548' title='bbox 2523 841 2715 897; x_wconf 89' lang='lat' dir='ltr'><strong>doceat</strong></span> <span class='ocrx_word' id='word_1_549' title='bbox 2750 852 2803 899; x_wconf 87' lang='lat' dir='ltr'><strong>te</strong></span> <span class='ocrx_word' id='word_1_550' title='bbox 2835 844 2960 915; x_wconf 92' lang='lat' dir='ltr'><strong>quia</strong></span> <span class='ocrx_word' id='word_1_551' title='bbox 2989 846 3098 902; x_wconf 84' lang='lat' dir='ltr'><strong>fieri</strong></span> <span class='ocrx_word' id='word_1_552' title='bbox 3142 860 3325 919; x_wconf 84' lang='lat' dir='ltr'><strong>potest.</strong></span> <span class='ocrx_word' id='word_1_553' title='bbox 3369 857 3431 913; x_wconf 83' lang='lat' dir='ltr'><strong>Et</strong></span> <span class='ocrx_word' id='word_1_554' title='bbox 3469 860 3605 932; x_wconf 83' lang='lat' dir='ltr'><strong>illam,</strong></span> <span class='ocrx_word' id='word_1_555' title='bbox 3630 879 3672 924; x_wconf 86' lang='lat' dir='ltr'><strong>ut</strong></span> 
     </span>
    </p>
   </div>
   <div class='ocr_carea' id='block_1_67' title="bbox 2160 930 3670 1014">
    <p class='ocr_par' dir='ltr' id='par_1_67' title="bbox 2160 930 3670 1014">
     <span class='ocr_line' id='line_1_67' title="bbox 2160 930 3670 1014; baseline 0.022 -35"><span class='ocrx_word' id='word_1_556' title='bbox 2160 930 2348 999; x_wconf 79' lang='lat' dir='ltr'><strong>possit,</strong></span> <span class='ocrx_word' id='word_1_557' title='bbox 2382 931 2522 986; x_wconf 89' lang='lat' dir='ltr'><strong>Deus</strong></span> <span class='ocrx_word' id='word_1_558' title='bbox 2560 933 2716 1003; x_wconf 83' lang='lat' dir='ltr'><strong>regit.</strong></span> <span class='ocrx_word' id='word_1_559' title='bbox 2743 933 2848 990; x_wconf 89' lang='lat' dir='ltr'><strong>Sed</strong></span> <span class='ocrx_word' id='word_1_560' title='bbox 2875 944 2931 990; x_wconf 89' lang='lat' dir='ltr'><strong>tu</strong></span> <span class='ocrx_word' id='word_1_561' title='bbox 2968 936 3243 1006; x_wconf 72' lang='lat' dir='ltr'><strong>gloriosior</strong></span> <span class='ocrx_word' id='word_1_562' title='bbox 3280 946 3400 1014; x_wconf 88' lang='lat' dir='ltr'><strong>eris,</strong></span> <span class='ocrx_word' id='word_1_563' title='bbox 3436 950 3474 1002; x_wconf 85' lang='lat' dir='ltr'><strong>si</strong></span> <span class='ocrx_word' id='word_1_564' title='bbox 3500 930 3670 1011; x_wconf 83' lang='lat' dir='ltr'><strong>feceris.</strong></span> 
     </span>
    </p>
   </div>
   <div class='ocr_carea' id='block_1_68' title="bbox 2158 1018 3670 1111">
    <p class='ocr_par' dir='ltr' id='par_1_68' title="bbox 2158 1018 3670 1111">
     <span class='ocr_line' id='line_1_68' title="bbox 2158 1018 3670 1111; baseline 0.019 -42"><span class='ocrx_word' id='word_1_565' title='bbox 2158 1018 2335 1086; x_wconf 78' lang='lat' dir='ltr'><strong>Quare</strong></span> <span class='ocrx_word' id='word_1_566' title='bbox 2378 1020 2698 1091; x_wconf 80' lang='lat' dir='ltr'><strong>gloriosior?</strong></span> <span class='ocrx_word' id='word_1_567' title='bbox 2740 1023 2889 1080; x_wconf 87' lang='lat' dir='ltr'><strong>illam</strong></span> <span class='ocrx_word' id='word_1_568' title='bbox 2931 1028 3123 1095; x_wconf 85' lang='lat' dir='ltr'><strong>premit</strong></span> <span class='ocrx_word' id='word_1_569' title='bbox 3160 1043 3418 1100; x_wconf 86' lang='lat' dir='ltr'><strong>parentum</strong></span> <span class='ocrx_word' id='word_1_570' title='bbox 3444 1044 3670 1111; x_wconf 84' lang='lat' dir='ltr'><strong>custodia,</strong></span> 
     </span>
    </p>
   </div>
   <div class='ocr_carea' id='block_1_69' title="bbox 2157 1111 3669 1200">
    <p class='ocr_par' dir='ltr' id='par_1_69' title="bbox 2157 1111 3669 1200">
     <span class='ocr_line' id='line_1_69' title="bbox 2157 1111 3669 1200; baseline 0.016 -34"><span class='ocrx_word' id='word_1_571' title='bbox 2157 1111 2391 1166; x_wconf 87' lang='lat' dir='ltr'><strong>refrenat</strong></span> <span class='ocrx_word' id='word_1_572' title='bbox 2415 1112 2720 1170; x_wconf 83' lang='lat' dir='ltr'><strong>infirmioris</strong></span> <span class='ocrx_word' id='word_1_573' title='bbox 2746 1130 2907 1172; x_wconf 89' lang='lat' dir='ltr'><strong>sexus</strong></span> <span class='ocrx_word' id='word_1_574' title='bbox 2936 1118 3047 1185; x_wconf 85' lang='lat' dir='ltr'><strong>ipsa</strong></span> <span class='ocrx_word' id='word_1_575' title='bbox 3076 1127 3381 1183; x_wconf 87' lang='lat' dir='ltr'><strong>verecundia</strong></span> <span class='ocrx_word' id='word_1_576' title='bbox 3407 1147 3420 1182; x_wconf 90' lang='lat'><strong>:</strong></span> <span class='ocrx_word' id='word_1_577' title='bbox 3449 1143 3669 1200; x_wconf 78' lang='lat' dir='ltr'><strong>postremo</strong></span> 
     </span>
    </p>
   </div>
   <div class='ocr_carea' id='block_1_70' title="bbox 2158 1202 3671 1293">
    <p class='ocr_par' dir='ltr' id='par_1_70' title="bbox 2158 1202 3671 1293">
     <span class='ocr_line' id='line_1_70' title="bbox 2158 1202 3671 1293; baseline 0.019 -36"><span class='ocrx_word' id='word_1_578' title='bbox 2158 1202 2302 1273; x_wconf 84' lang='lat' dir='ltr'><strong>leges</strong></span> <span class='ocrx_word' id='word_1_579' title='bbox 2330 1204 2500 1271; x_wconf 86' lang='lat' dir='ltr'><strong>timet,</strong></span> <span class='ocrx_word' id='word_1_580' title='bbox 2545 1222 2680 1277; x_wconf 86' lang='lat' dir='ltr'><strong>quas</strong></span> <span class='ocrx_word' id='word_1_581' title='bbox 2705 1217 2763 1264; x_wconf 91' lang='lat' dir='ltr'><strong>tu</strong></span> <span class='ocrx_word' id='word_1_582' title='bbox 2791 1224 2897 1264; x_wconf 89' lang='lat' dir='ltr'><strong>non</strong></span> <span class='ocrx_word' id='word_1_583' title='bbox 2937 1211 3113 1269; x_wconf 84' lang='lat' dir='ltr'><strong>times.</strong></span> <span class='ocrx_word' id='word_1_584' title='bbox 3145 1215 3267 1270; x_wconf 89' lang='lat' dir='ltr'><strong>Ideo</strong></span> <span class='ocrx_word' id='word_1_585' title='bbox 3302 1234 3421 1291; x_wconf 84' lang='lat' dir='ltr'><strong>ergo</strong></span> <span class='ocrx_word' id='word_1_586' title='bbox 3443 1224 3671 1293; x_wconf 80' lang='lat' dir='ltr'><strong>gloriosior</strong></span> 
     </span>
    </p>
   </div>
   <div class='ocr_carea' id='block_1_71' title="bbox 2157 1296 3667 1376">
    <p class='ocr_par' dir='ltr' id='par_1_71' title="bbox 2157 1296 3667 1376">
     <span class='ocr_line' id='line_1_71' title="bbox 2157 1296 3667 1376; baseline 0.018 -27"><span class='ocrx_word' id='word_1_587' title='bbox 2157 1296 2286 1363; x_wconf 85' lang='lat' dir='ltr'><strong>eris,</strong></span> <span class='ocrx_word' id='word_1_588' title='bbox 2312 1297 2358 1351; x_wconf 90' lang='lat' dir='ltr'><strong>si</strong></span> <span class='ocrx_word' id='word_1_589' title='bbox 2383 1296 2610 1355; x_wconf 87' lang='lat' dir='ltr'><strong>feceris:</strong></span> <span class='ocrx_word' id='word_1_590' title='bbox 2634 1301 2756 1372; x_wconf 86' lang='lat' dir='ltr'><strong>quia</strong></span> <span class='ocrx_word' id='word_1_591' title='bbox 2780 1310 2837 1358; x_wconf 90' lang='lat' dir='ltr'><strong>tu</strong></span> <span class='ocrx_word' id='word_1_592' title='bbox 2865 1303 2911 1358; x_wconf 89' lang='lat' dir='ltr'><strong>si</strong></span> <span class='ocrx_word' id='word_1_593' title='bbox 2935 1303 3147 1373; x_wconf 81' lang='lat' dir='ltr'><strong>feceris,</strong></span> <span class='ocrx_word' id='word_1_594' title='bbox 3173 1306 3330 1365; x_wconf 86' lang='lat' dir='ltr'><strong>Deum</strong></span> <span class='ocrx_word' id='word_1_595' title='bbox 3354 1313 3512 1371; x_wconf 85' lang='lat' dir='ltr'><strong>times.</strong></span> <span class='ocrx_word' id='word_1_596' title='bbox 3535 1317 3667 1376; x_wconf 79' lang='lat' dir='ltr'><strong>liabet</strong></span> 
     </span>
    </p>
   </div>
   <div class='ocr_carea' id='block_1_72' title="bbox 2157 1386 3666 1466">
    <p class='ocr_par' dir='ltr' id='par_1_72' title="bbox 2157 1386 3666 1466">
     <span class='ocr_line' id='line_1_72' title="bbox 2157 1386 3666 1466; baseline 0.017 -25"><span class='ocrx_word' id='word_1_597' title='bbox 2157 1386 2246 1441; x_wconf 87' lang='lat' dir='ltr'><strong>illa</strong></span> <span class='ocrx_word' id='word_1_598' title='bbox 2270 1390 2433 1445; x_wconf 89' lang='lat' dir='ltr'><strong>multa</strong></span> <span class='ocrx_word' id='word_1_599' title='bbox 2463 1407 2583 1462; x_wconf 68' lang='lat' dir='ltr'><strong>qua:</strong></span> <span class='ocrx_word' id='word_1_600' title='bbox 2614 1393 2801 1450; x_wconf 83' lang='lat' dir='ltr'><strong>timeat</strong></span> <span class='ocrx_word' id='word_1_601' title='bbox 2828 1405 3020 1464; x_wconf 67' lang='lat' dir='ltr'><strong>praeter</strong></span> <span class='ocrx_word' id='word_1_602' title='bbox 3048 1398 3214 1454; x_wconf 81' lang='lat' dir='ltr'><strong>Dettm</strong></span> <span class='ocrx_word' id='word_1_603' title='bbox 3243 1419 3258 1454; x_wconf 90' lang='lat'><strong>:</strong></span> <span class='ocrx_word' id='word_1_604' title='bbox 3285 1409 3337 1457; x_wconf 88' lang='lat' dir='ltr'><strong>tu</strong></span> <span class='ocrx_word' id='word_1_605' title='bbox 3362 1407 3517 1462; x_wconf 87' lang='lat' dir='ltr'><strong>solum</strong></span> <span class='ocrx_word' id='word_1_606' title='bbox 3539 1410 3666 1466; x_wconf 84' lang='lat' dir='ltr'><strong>Deum</strong></span> 
     </span>
    </p>
   </div>
   <div class='ocr_carea' id='block_1_73' title="bbox 2156 1479 3751 1570">
    <p class='ocr_par' dir='ltr' id='par_1_73' title="bbox 2156 1479 3751 1570">
     <span class='ocr_line' id='line_1_73' title="bbox 2156 1479 3751 1570; baseline 0.014 -36"><span class='ocrx_word' id='word_1_607' title='bbox 2156 1479 2335 1570; x_wconf 86' lang='lat' dir='ltr'><strong>times.</strong></span> <span class='ocrx_word' id='word_1_608' title='bbox 2374 1482 2479 1539; x_wconf 89' lang='lat' dir='ltr'><strong>Sed</strong></span> <span class='ocrx_word' id='word_1_609' title='bbox 2518 1494 2574 1540; x_wconf 84' lang='lat' dir='ltr'><strong>tu</strong></span> <span class='ocrx_word' id='word_1_610' title='bbox 2601 1501 2760 1556; x_wconf 87' lang='lat' dir='ltr'><strong>quem</strong></span> <span class='ocrx_word' id='word_1_611' title='bbox 2791 1488 2969 1554; x_wconf 86' lang='lat' dir='ltr'><strong>times,</strong></span> <span class='ocrx_word' id='word_1_612' title='bbox 3001 1491 3172 1560; x_wconf 84' lang='lat' dir='ltr'><strong>major</strong></span> <span class='ocrx_word' id='word_1_613' title='bbox 3209 1504 3295 1548; x_wconf 83' lang='lat' dir='ltr'><strong>est</strong></span> <span class='ocrx_word' id='word_1_614' title='bbox 3315 1498 3552 1554; x_wconf 86' lang='lat' dir='ltr'><strong>omnibus.</strong></span> <span class='ocrx_word' id='word_1_615' title='bbox 3577 1500 3666 1570; x_wconf 81' lang='lat' dir='ltr'><strong>ipse</strong></span> <span class='ocrx_word' id='word_1_616' title='bbox 3744 1540 3751 1549; x_wconf 82' lang='lat'><strong>.</strong></span> 
     </span>
    </p>
   </div>
   <div class='ocr_carea' id='block_1_74' title="bbox 2157 1569 3664 1657">
    <p class='ocr_par' dir='ltr' id='par_1_74' title="bbox 2157 1569 3664 1657">
     <span class='ocr_line' id='line_1_74' title="bbox 2157 1569 3664 1657; baseline 0.014 -33"><span class='ocrx_word' id='word_1_617' title='bbox 2157 1569 2425 1628; x_wconf 88' lang='lat' dir='ltr'><strong>timendus</strong></span> <span class='ocrx_word' id='word_1_618' title='bbox 2448 1584 2531 1629; x_wconf 90' lang='lat' dir='ltr'><strong>est</strong></span> <span class='ocrx_word' id='word_1_619' title='bbox 2567 1575 2633 1629; x_wconf 86' lang='lat' dir='ltr'><strong>in</strong></span> <span class='ocrx_word' id='word_1_620' title='bbox 2655 1576 2891 1646; x_wconf 87' lang='lat' dir='ltr'><strong>publico,</strong></span> <span class='ocrx_word' id='word_1_621' title='bbox 2932 1579 3046 1649; x_wconf 89' lang='lat' dir='ltr'><strong>ipse</strong></span> <span class='ocrx_word' id='word_1_622' title='bbox 3084 1580 3139 1635; x_wconf 92' lang='lat' dir='ltr'><strong>in</strong></span> <span class='ocrx_word' id='word_1_623' title='bbox 3165 1576 3381 1638; x_wconf 84' lang='lat' dir='ltr'><strong>secreto.</strong></span> <span class='ocrx_word' id='word_1_624' title='bbox 3424 1569 3664 1657; x_wconf 85' lang='lat' dir='ltr'><strong>Procedis,</strong></span> 
     </span>
    </p>
   </div>
   <div class='ocr_carea' id='block_1_75' title="bbox 2155 1660 3669 1740">
    <p class='ocr_par' dir='ltr' id='par_1_75' title="bbox 2155 1660 3669 1740">
     <span class='ocr_line' id='line_1_75' title="bbox 2155 1660 3669 1740; baseline 0.013 -25"><span class='ocrx_word' id='word_1_625' title='bbox 2155 1660 2388 1727; x_wconf 88' lang='lat' dir='ltr'><strong>videris;</strong></span> <span class='ocrx_word' id='word_1_626' title='bbox 2420 1663 2605 1729; x_wconf 84' lang='lat' dir='ltr'><strong>intras,</strong></span> <span class='ocrx_word' id='word_1_627' title='bbox 2649 1667 2887 1725; x_wconf 87' lang='lat' dir='ltr'><strong>videris:</strong></span> <span class='ocrx_word' id='word_1_628' title='bbox 2910 1668 3126 1726; x_wconf 87' lang='lat' dir='ltr'><strong>lucerna</strong></span> <span class='ocrx_word' id='word_1_629' title='bbox 3151 1671 3315 1740; x_wconf 86' lang='lat' dir='ltr'><strong>ardet,</strong></span> <span class='ocrx_word' id='word_1_630' title='bbox 3344 1674 3475 1731; x_wconf 88' lang='lat' dir='ltr'><strong>videt</strong></span> <span class='ocrx_word' id='word_1_631' title='bbox 3507 1687 3580 1738; x_wconf 78' lang='lat' dir='ltr'><strong>te:</strong></span> <span class='ocrx_word' id='word_1_632' title='bbox 3608 1681 3669 1735; x_wconf 84' lang='lat' dir='ltr'><strong>lu-</strong></span> 
     </span>
    </p>
   </div>
   <div class='ocr_carea' id='block_1_76' title="bbox 2154 1756 3665 1837">
    <p class='ocr_par' dir='ltr' id='par_1_76' title="bbox 2154 1756 3665 1837">
     <span class='ocr_line' id='line_1_76' title="bbox 2154 1756 3665 1837; baseline 0.014 -30"><span class='ocrx_word' id='word_1_633' title='bbox 2154 1766 2315 1808; x_wconf 90' lang='lat' dir='ltr'><strong>cerna</strong></span> <span class='ocrx_word' id='word_1_634' title='bbox 2355 1756 2612 1812; x_wconf 86' lang='lat' dir='ltr'><strong>exstincta</strong></span> <span class='ocrx_word' id='word_1_635' title='bbox 2659 1767 2763 1827; x_wconf 88' lang='lat' dir='ltr'><strong>est,</strong></span> <span class='ocrx_word' id='word_1_636' title='bbox 2795 1760 2938 1817; x_wconf 85' lang='lat' dir='ltr'><strong>videt</strong></span> <span class='ocrx_word' id='word_1_637' title='bbox 2981 1769 3077 1818; x_wconf 91' lang='lat' dir='ltr'><strong>te:</strong></span> <span class='ocrx_word' id='word_1_638' title='bbox 3110 1763 3165 1817; x_wconf 92' lang='lat' dir='ltr'><strong>in</strong></span> <span class='ocrx_word' id='word_1_639' title='bbox 3200 1765 3477 1822; x_wconf 87' lang='lat' dir='ltr'><strong>cubiculum</strong></span> <span class='ocrx_word' id='word_1_640' title='bbox 3503 1769 3665 1837; x_wconf 76' lang='lat' dir='ltr'><strong>intras,</strong></span> 
     </span>
    </p>
   </div>
   <div class='ocr_carea' id='block_1_77' title="bbox 2152 1842 3668 1928">
    <p class='ocr_par' dir='ltr' id='par_1_77' title="bbox 2152 1842 3668 1928">
     <span class='ocr_line' id='line_1_77' title="bbox 2152 1842 3668 1928; baseline 0.011 -30"><span class='ocrx_word' id='word_1_641' title='bbox 2152 1842 2298 1928; x_wconf 82' lang='lat' dir='ltr'><strong>videt</strong></span> <span class='ocrx_word' id='word_1_642' title='bbox 2324 1853 2411 1912; x_wconf 91' lang='lat' dir='ltr'><strong>te;</strong></span> <span class='ocrx_word' id='word_1_643' title='bbox 2439 1846 2491 1901; x_wconf 91' lang='lat' dir='ltr'><strong>in</strong></span> <span class='ocrx_word' id='word_1_644' title='bbox 2519 1848 2682 1905; x_wconf 88' lang='lat' dir='ltr'><strong>corde</strong></span> <span class='ocrx_word' id='word_1_645' title='bbox 2707 1851 2956 1915; x_wconf 87' lang='lat' dir='ltr'><strong>versaris,</strong></span> <span class='ocrx_word' id='word_1_646' title='bbox 2985 1848 3131 1908; x_wconf 82' lang='lat' dir='ltr'><strong>videt</strong></span> <span class='ocrx_word' id='word_1_647' title='bbox 3172 1862 3242 1910; x_wconf 89' lang='lat' dir='ltr'><strong>te.</strong></span> <span class='ocrx_word' id='word_1_648' title='bbox 3273 1854 3435 1925; x_wconf 81' lang='lat' dir='ltr'><strong>Ipsum</strong></span> <span class='ocrx_word' id='word_1_649' title='bbox 3477 1859 3596 1922; x_wconf 85' lang='lat' dir='ltr'><strong>time,</strong></span> <span class='ocrx_word' id='word_1_650' title='bbox 3622 1861 3668 1914; x_wconf 62' lang='lat' dir='ltr'><strong>il.</strong></span> 
     </span>
    </p>
   </div>
   <div class='ocr_carea' id='block_1_78' title="bbox 2154 1933 3666 2007">
    <p class='ocr_par' dir='ltr' id='par_1_78' title="bbox 2154 1933 3666 2007">
     <span class='ocr_line' id='line_1_78' title="bbox 2154 1933 3666 2007; baseline 0.011 -19"><span class='ocrx_word' id='word_1_651' title='bbox 2154 1933 2263 1989; x_wconf 90' lang='lat' dir='ltr'><strong>lum</strong></span> <span class='ocrx_word' id='word_1_652' title='bbox 2291 1935 2377 1990; x_wconf 89' lang='lat' dir='ltr'><strong>cui</strong></span> <span class='ocrx_word' id='word_1_653' title='bbox 2402 1951 2528 1992; x_wconf 90' lang='lat' dir='ltr'><strong>cura</strong></span> <span class='ocrx_word' id='word_1_654' title='bbox 2568 1948 2653 1994; x_wconf 90' lang='lat' dir='ltr'><strong>est</strong></span> <span class='ocrx_word' id='word_1_655' title='bbox 2679 1949 2738 1994; x_wconf 91' lang='lat' dir='ltr'><strong>ut</strong></span> <span class='ocrx_word' id='word_1_656' title='bbox 2776 1940 2951 1996; x_wconf 89' lang='lat' dir='ltr'><strong>videat</strong></span> <span class='ocrx_word' id='word_1_657' title='bbox 2976 1951 3069 2007; x_wconf 90' lang='lat' dir='ltr'><strong>te;</strong></span> <span class='ocrx_word' id='word_1_658' title='bbox 3101 1951 3156 1999; x_wconf 90' lang='lat' dir='ltr'><strong>et</strong></span> <span class='ocrx_word' id='word_1_659' title='bbox 3181 1945 3259 2000; x_wconf 89' lang='lat' dir='ltr'><strong>vel</strong></span> <span class='ocrx_word' id='word_1_660' title='bbox 3284 1947 3501 2002; x_wconf 85' lang='lat' dir='ltr'><strong>timendo</strong></span> <span class='ocrx_word' id='word_1_661' title='bbox 3529 1959 3666 2005; x_wconf 79' lang='lat' dir='ltr'><strong>castus</strong></span> 
     </span>
    </p>
   </div>
   <div class='ocr_carea' id='block_1_79' title="bbox 2152 2026 3668 2106">
    <p class='ocr_par' dir='ltr' id='par_1_79' title="bbox 2152 2026 3668 2106">
     <span class='ocr_line' id='line_1_79' title="bbox 2152 2026 3668 2106; baseline 0.011 -28"><span class='ocrx_word' id='word_1_662' title='bbox 2152 2033 2290 2081; x_wconf 84' lang='lat' dir='ltr'><strong>esto.</strong></span> <span class='ocrx_word' id='word_1_663' title='bbox 2316 2026 2425 2081; x_wconf 86' lang='lat' dir='ltr'><strong>Aut</strong></span> <span class='ocrx_word' id='word_1_664' title='bbox 2463 2028 2509 2082; x_wconf 88' lang='lat' dir='ltr'><strong>si</strong></span> <span class='ocrx_word' id='word_1_665' title='bbox 2539 2043 2764 2100; x_wconf 86' lang='lat' dir='ltr'><strong>peccare</strong></span> <span class='ocrx_word' id='word_1_666' title='bbox 2784 2031 2884 2099; x_wconf 89' lang='lat' dir='ltr'><strong>vis,</strong></span> <span class='ocrx_word' id='word_1_667' title='bbox 2913 2048 3097 2104; x_wconf 63' lang='lat' dir='ltr'><strong>quaere</strong></span> <span class='ocrx_word' id='word_1_668' title='bbox 3130 2033 3216 2090; x_wconf 90' lang='lat' dir='ltr'><strong>ubi</strong></span> <span class='ocrx_word' id='word_1_669' title='bbox 3247 2045 3299 2091; x_wconf 91' lang='lat' dir='ltr'><strong>te</strong></span> <span class='ocrx_word' id='word_1_670' title='bbox 3321 2052 3422 2092; x_wconf 84' lang='lat' dir='ltr'><strong>non</strong></span> <span class='ocrx_word' id='word_1_671' title='bbox 3443 2037 3609 2106; x_wconf 81' lang='lat' dir='ltr'><strong>videat,</strong></span> <span class='ocrx_word' id='word_1_672' title='bbox 3627 2049 3668 2094; x_wconf 82' lang='lat' dir='ltr'><strong>et</strong></span> 
     </span>
    </p>
   </div>
   <div class='ocr_carea' id='block_1_80' title="bbox 2153 2116 2528 2189">
    <p class='ocr_par' dir='ltr' id='par_1_80' title="bbox 2153 2116 2528 2189">
     <span class='ocr_line' id='line_1_80' title="bbox 2153 2116 2528 2189; baseline 0.008 -17"><span class='ocrx_word' id='word_1_673' title='bbox 2153 2116 2237 2173; x_wconf 89' lang='lat' dir='ltr'><strong>fac</strong></span> <span class='ocrx_word' id='word_1_674' title='bbox 2258 2119 2399 2189; x_wconf 88' lang='lat' dir='ltr'><strong>quod</strong></span> <span class='ocrx_word' id='word_1_675' title='bbox 2426 2120 2528 2175; x_wconf 88' lang='lat' dir='ltr'><strong>vis.</strong></span> 
     </span>
    </p>
   </div>
   <div class='ocr_carea' id='block_1_81' title="bbox 2221 2207 3663 2288">
    <p class='ocr_par' dir='ltr' id='par_1_81' title="bbox 2221 2207 3663 2288">
     <span class='ocr_line' id='line_1_81' title="bbox 2221 2207 3663 2288; baseline 0.009 -25"><span class='ocrx_word' id='word_1_676' title='bbox 2221 2207 2446 2266; x_wconf 83' lang='lat' dir='ltr'><strong>CAPUT</strong></span> <span class='ocrx_word' id='word_1_677' title='bbox 2485 2210 2571 2267; x_wconf 75' lang='lat' dir='ltr'><strong>Ill.</strong></span> <span class='ocrx_word' id='word_1_678' title='bbox 2596 2243 2670 2254; x_wconf 91' lang='lat'><strong><em>—</em></strong></span> <span class='ocrx_word' id='word_1_679' title='bbox 2712 2215 2766 2270; x_wconf 79' lang='lat'><strong>3.</strong></span> <span class='ocrx_word' id='word_1_680' title='bbox 2803 2213 3141 2274; x_wconf 65' lang='lat' dir='ltr'><strong>Continuit:</strong></span> <span class='ocrx_word' id='word_1_681' title='bbox 3178 2230 3291 2274; x_wconf 77' lang='lat' dir='ltr'><strong>uoto</strong></span> <span class='ocrx_word' id='word_1_682' title='bbox 3333 2219 3545 2277; x_wconf 60' lang='lat' dir='ltr'><strong>obstricti.</strong></span> <span class='ocrx_word' id='word_1_683' title='bbox 3588 2221 3663 2288; x_wconf 87' lang='lat' dir='ltr'><strong>Qui</strong></span> 
     </span>
    </p>
   </div>
   <div class='ocr_carea' id='block_1_82' title="bbox 2151 2298 3665 2380">
    <p class='ocr_par' dir='ltr' id='par_1_82' title="bbox 2151 2298 3665 2380">
     <span class='ocr_line' id='line_1_82' title="bbox 2151 2298 3665 2380; baseline 0.009 -28"><span class='ocrx_word' id='word_1_684' title='bbox 2151 2313 2280 2353; x_wconf 88' lang='lat' dir='ltr'><strong>vero</strong></span> <span class='ocrx_word' id='word_1_685' title='bbox 2299 2298 2407 2368; x_wconf 88' lang='lat' dir='ltr'><strong>jam</strong></span> <span class='ocrx_word' id='word_1_686' title='bbox 2434 2302 2670 2369; x_wconf 84' lang='lat' dir='ltr'><strong>vovistis,</strong></span> <span class='ocrx_word' id='word_1_687' title='bbox 2698 2318 2894 2375; x_wconf 90' lang='lat' dir='ltr'><strong>corpus</strong></span> <span class='ocrx_word' id='word_1_688' title='bbox 2916 2307 3123 2362; x_wconf 88' lang='lat' dir='ltr'><strong>arctius</strong></span> <span class='ocrx_word' id='word_1_689' title='bbox 3146 2310 3410 2380; x_wconf 86' lang='lat' dir='ltr'><strong>castigate,</strong></span> <span class='ocrx_word' id='word_1_690' title='bbox 3438 2321 3488 2365; x_wconf 90' lang='lat' dir='ltr'><strong>et</strong></span> <span class='ocrx_word' id='word_1_691' title='bbox 3509 2325 3665 2366; x_wconf 83' lang='lat' dir='ltr'><strong>concu-</strong></span> 
     </span>
    </p>
   </div>
   <div class='ocr_carea' id='block_1_83' title="bbox 2151 2389 3666 2471">
    <p class='ocr_par' dir='ltr' id='par_1_83' title="bbox 2151 2389 3666 2471">
     <span class='ocr_line' id='line_1_83' title="bbox 2151 2389 3666 2471; baseline 0.011 -29"><span class='ocrx_word' id='word_1_692' title='bbox 2151 2389 2423 2458; x_wconf 68' lang='lat' dir='ltr'><strong>piscentia:</strong></span> <span class='ocrx_word' id='word_1_693' title='bbox 2445 2390 2625 2448; x_wconf 82' lang='lat' dir='ltr'><strong>frenos</strong></span> <span class='ocrx_word' id='word_1_694' title='bbox 2650 2409 2750 2449; x_wconf 91' lang='lat' dir='ltr'><strong>nec</strong></span> <span class='ocrx_word' id='word_1_695' title='bbox 2782 2395 2849 2451; x_wconf 84' lang='lat' dir='ltr'><strong>ad</strong></span> <span class='ocrx_word' id='word_1_696' title='bbox 2894 2397 3007 2468; x_wconf 90' lang='lat' dir='ltr'><strong>ipsa</strong></span> <span class='ocrx_word' id='word_1_697' title='bbox 3034 2414 3158 2470; x_wconf 78' lang='lat' dir='ltr'><strong>qua:</strong></span> <span class='ocrx_word' id='word_1_698' title='bbox 3187 2402 3426 2471; x_wconf 86' lang='lat' dir='ltr'><strong>permissa</strong></span> <span class='ocrx_word' id='word_1_699' title='bbox 3452 2411 3575 2467; x_wconf 88' lang='lat' dir='ltr'><strong>sunt,</strong></span> <span class='ocrx_word' id='word_1_700' title='bbox 3600 2417 3666 2471; x_wconf 78' lang='lat' dir='ltr'><strong>pn-</strong></span> 
     </span>
    </p>
   </div>
   <div class='ocr_carea' id='block_1_84' title="bbox 2153 2482 3668 2553">
    <p class='ocr_par' dir='ltr' id='par_1_84' title="bbox 2153 2482 3668 2553">
     <span class='ocr_line' id='line_1_84' title="bbox 2153 2482 3668 2553; baseline 0.008 -16"><span class='ocrx_word' id='word_1_701' title='bbox 2153 2482 2355 2538; x_wconf 88' lang='lat' dir='ltr'><strong>tiamini</strong></span> <span class='ocrx_word' id='word_1_702' title='bbox 2405 2485 2684 2553; x_wconf 78' lang='lat' dir='ltr'><strong>relaxare;</strong></span> <span class='ocrx_word' id='word_1_703' title='bbox 2713 2498 2773 2543; x_wconf 91' lang='lat' dir='ltr'><strong>ut</strong></span> <span class='ocrx_word' id='word_1_704' title='bbox 2810 2505 2917 2544; x_wconf 91' lang='lat' dir='ltr'><strong>non</strong></span> <span class='ocrx_word' id='word_1_705' title='bbox 2962 2491 3147 2548; x_wconf 88' lang='lat' dir='ltr'><strong>solum</strong></span> <span class='ocrx_word' id='word_1_706' title='bbox 3173 2508 3205 2547; x_wconf 90' lang='lat' dir='ltr'><strong>a</strong></span> <span class='ocrx_word' id='word_1_707' title='bbox 3231 2493 3491 2549; x_wconf 85' lang='lat' dir='ltr'><strong>concubitu</strong></span> <span class='ocrx_word' id='word_1_708' title='bbox 3528 2494 3668 2549; x_wconf 84' lang='lat' dir='ltr'><strong>illicito</strong></span> 
     </span>
    </p>
   </div>
   <div class='ocr_carea' id='block_1_85' title="bbox 2149 2575 3667 2655">
    <p class='ocr_par' dir='ltr' id='par_1_85' title="bbox 2149 2575 3667 2655">
     <span class='ocr_line' id='line_1_85' title="bbox 2149 2575 3667 2655; baseline 0.007 -26"><span class='ocrx_word' id='word_1_709' title='bbox 2149 2575 2443 2644; x_wconf 79' lang='lat' dir='ltr'><strong>divertatis,</strong></span> <span class='ocrx_word' id='word_1_710' title='bbox 2471 2578 2565 2634; x_wconf 88' lang='lat' dir='ltr'><strong>sed</strong></span> <span class='ocrx_word' id='word_1_711' title='bbox 2610 2580 2770 2634; x_wconf 87' lang='lat' dir='ltr'><strong>etiam</strong></span> <span class='ocrx_word' id='word_1_712' title='bbox 2814 2581 3019 2638; x_wconf 89' lang='lat' dir='ltr'><strong>licitum</strong></span> <span class='ocrx_word' id='word_1_713' title='bbox 3058 2585 3402 2640; x_wconf 89' lang='lat' dir='ltr'><strong>contemnatis</strong></span> <span class='ocrx_word' id='word_1_714' title='bbox 3424 2594 3667 2655; x_wconf 75' lang='lat' dir='ltr'><strong>aspectum.</strong></span> 
     </span>
    </p>
   </div>
   <div class='ocr_carea' id='block_1_86' title="bbox 2148 2665 3667 2743">
    <p class='ocr_par' dir='ltr' id='par_1_86' title="bbox 2148 2665 3667 2743">
     <span class='ocr_line' id='line_1_86' title="bbox 2148 2665 3667 2743; baseline 0.006 -23"><span class='ocrx_word' id='word_1_715' title='bbox 2148 2665 2470 2724; x_wconf 78' lang='lat' dir='ltr'><strong>Mementote</strong></span> <span class='ocrx_word' id='word_1_716' title='bbox 2493 2670 2546 2725; x_wconf 91' lang='lat' dir='ltr'><strong>in</strong></span> <span class='ocrx_word' id='word_1_717' title='bbox 2573 2686 2908 2743; x_wconf 90' lang='lat' dir='ltr'><strong>quocumque</strong></span> <span class='ocrx_word' id='word_1_718' title='bbox 2929 2689 3069 2730; x_wconf 85' lang='lat' dir='ltr'><strong>sexu</strong></span> <span class='ocrx_word' id='word_1_719' title='bbox 3095 2676 3230 2741; x_wconf 88' lang='lat' dir='ltr'><strong>sitis,</strong></span> <span class='ocrx_word' id='word_1_720' title='bbox 3258 2677 3365 2732; x_wconf 90' lang='lat' dir='ltr'><strong>sive</strong></span> <span class='ocrx_word' id='word_1_721' title='bbox 3388 2692 3559 2742; x_wconf 85' lang='lat' dir='ltr'><strong>mares,</strong></span> <span class='ocrx_word' id='word_1_722' title='bbox 3582 2676 3667 2730; x_wconf 83' lang='lat' dir='ltr'><strong>sive</strong></span> 
     </span>
    </p>
   </div>
   <div class='ocr_carea' id='block_1_87' title="bbox 2148 2757 3667 2833">
    <p class='ocr_par' dir='ltr' id='par_1_87' title="bbox 2148 2757 3667 2833">
     <span class='ocr_line' id='line_1_87' title="bbox 2148 2757 3667 2833; baseline 0.005 -21"><span class='ocrx_word' id='word_1_723' title='bbox 2148 2757 2382 2827; x_wconf 81' lang='lat' dir='ltr'><strong>femime,</strong></span> <span class='ocrx_word' id='word_1_724' title='bbox 2417 2762 2738 2833; x_wconf 86' lang='lat' dir='ltr'><strong>Angelomm</strong></span> <span class='ocrx_word' id='word_1_725' title='bbox 2783 2766 2943 2820; x_wconf 88' lang='lat' dir='ltr'><strong>vitam</strong></span> <span class='ocrx_word' id='word_1_726' title='bbox 2971 2767 3178 2824; x_wconf 86' lang='lat' dir='ltr'><strong>ducere</strong></span> <span class='ocrx_word' id='word_1_727' title='bbox 3203 2783 3296 2824; x_wconf 91' lang='lat' dir='ltr'><strong>vos</strong></span> <span class='ocrx_word' id='word_1_728' title='bbox 3316 2771 3371 2823; x_wconf 82' lang='lat' dir='ltr'><strong>in</strong></span> <span class='ocrx_word' id='word_1_729' title='bbox 3411 2777 3549 2823; x_wconf 86' lang='lat' dir='ltr'><strong>terra.</strong></span> <span class='ocrx_word' id='word_1_730' title='bbox 3581 2769 3667 2820; x_wconf 86' lang='lat' dir='ltr'><strong>Au-</strong></span> 
     </span>
    </p>
   </div>
   <div class='ocr_carea' id='block_1_88' title="bbox 2146 2851 3668 2928">
    <p class='ocr_par' dir='ltr' id='par_1_88' title="bbox 2146 2851 3668 2928">
     <span class='ocr_line' id='line_1_88' title="bbox 2146 2851 3668 2928; baseline 0.003 -24"><span class='ocrx_word' id='word_1_731' title='bbox 2146 2851 2248 2921; x_wconf 88' lang='lat' dir='ltr'><strong>geli</strong></span> <span class='ocrx_word' id='word_1_732' title='bbox 2296 2852 2439 2907; x_wconf 89' lang='lat' dir='ltr'><strong>enim</strong></span> <span class='ocrx_word' id='word_1_733' title='bbox 2487 2870 2590 2908; x_wconf 90' lang='lat' dir='ltr'><strong>non</strong></span> <span class='ocrx_word' id='word_1_734' title='bbox 2629 2855 2854 2921; x_wconf 91' lang='lat' dir='ltr'><strong>nubunt,</strong></span> <span class='ocrx_word' id='word_1_735' title='bbox 2904 2874 3086 2928; x_wconf 87' lang='lat' dir='ltr'><strong>neque</strong></span> <span class='ocrx_word' id='word_1_736' title='bbox 3131 2874 3319 2914; x_wconf 80' lang='lat' dir='ltr'><strong>uxores</strong></span> <span class='ocrx_word' id='word_1_737' title='bbox 3352 2859 3544 2913; x_wconf 88' lang='lat' dir='ltr'><strong>ducunt.</strong></span> <span class='ocrx_word' id='word_1_738' title='bbox 3583 2856 3668 2910; x_wconf 85' lang='lat' dir='ltr'><strong>Hoc</strong></span> 
     </span>
    </p>
   </div>
   <div class='ocr_carea' id='block_1_89' title="bbox 2147 2940 3669 3018">
    <p class='ocr_par' dir='ltr' id='par_1_89' title="bbox 2147 2940 3669 3018">
     <span class='ocr_line' id='line_1_89' title="bbox 2147 2940 3669 3018; baseline 0.002 -24"><span class='ocrx_word' id='word_1_739' title='bbox 2147 2940 2367 3010; x_wconf 87' lang='lat' dir='ltr'><strong>erimus,</strong></span> <span class='ocrx_word' id='word_1_740' title='bbox 2389 2957 2510 2997; x_wconf 90' lang='lat' dir='ltr'><strong>cum</strong></span> <span class='ocrx_word' id='word_1_741' title='bbox 2531 2947 2979 3002; x_wconf 81' lang='lat' dir='ltr'><strong>resurrexerimus</strong></span> <span class='ocrx_word' id='word_1_742' title='bbox 3001 2948 3215 3017; x_wconf 72' lang='lat' dir='ltr'><strong>(Matth.</strong></span> <span class='ocrx_word' id='word_1_743' title='bbox 3235 2965 3357 3014; x_wconf 89' lang='lat' dir='ltr'><strong>xxn,</strong></span> <span class='ocrx_word' id='word_1_744' title='bbox 3377 2948 3478 3018; x_wconf 80' lang='lat'><strong>50).</strong></span> <span class='ocrx_word' id='word_1_745' title='bbox 3502 2947 3669 3012; x_wconf 77' lang='lat' dir='ltr'><strong>Quanto</strong></span> 
     </span>
    </p>
   </div>
   <div class='ocr_carea' id='block_1_90' title="bbox 2148 3031 3669 3109">
    <p class='ocr_par' dir='ltr' id='par_1_90' title="bbox 2148 3031 3669 3109">
     <span class='ocr_line' id='line_1_90' title="bbox 2148 3031 3669 3109; baseline 0.004 -26"><span class='ocrx_word' id='word_1_746' title='bbox 2148 3044 2245 3085; x_wconf 88' lang='lat' dir='ltr'><strong>vos</strong></span> <span class='ocrx_word' id='word_1_747' title='bbox 2288 3031 2553 3099; x_wconf 88' lang='lat' dir='ltr'><strong>meliores,</strong></span> <span class='ocrx_word' id='word_1_748' title='bbox 2587 3035 2676 3105; x_wconf 88' lang='lat' dir='ltr'><strong>qui</strong></span> <span class='ocrx_word' id='word_1_749' title='bbox 2715 3037 2857 3106; x_wconf 90' lang='lat' dir='ltr'><strong>quod</strong></span> <span class='ocrx_word' id='word_1_750' title='bbox 2881 3046 3048 3093; x_wconf 77' lang='lat' dir='ltr'><strong>eruitt</strong></span> <span class='ocrx_word' id='word_1_751' title='bbox 3078 3039 3318 3095; x_wconf 87' lang='lat' dir='ltr'><strong>homines</strong></span> <span class='ocrx_word' id='word_1_752' title='bbox 3344 3046 3455 3109; x_wconf 86' lang='lat' dir='ltr'><strong>post</strong></span> <span class='ocrx_word' id='word_1_753' title='bbox 3477 3050 3669 3092; x_wconf 84' lang='lat' dir='ltr'><strong>resurre-</strong></span> 
     </span>
    </p>
   </div>
   <div class='ocr_carea' id='block_1_91' title="bbox 2146 3122 3669 3196">
    <p class='ocr_par' dir='ltr' id='par_1_91' title="bbox 2146 3122 3669 3196">
     <span class='ocr_line' id='line_1_91' title="bbox 2146 3122 3669 3196; baseline 0.003 -21"><span class='ocrx_word' id='word_1_754' title='bbox 2146 3122 2398 3188; x_wconf 88' lang='lat' dir='ltr'><strong>ctionem,</strong></span> <span class='ocrx_word' id='word_1_755' title='bbox 2422 3123 2523 3179; x_wconf 92' lang='lat' dir='ltr'><strong>hoc</strong></span> <span class='ocrx_word' id='word_1_756' title='bbox 2545 3140 2640 3181; x_wconf 91' lang='lat' dir='ltr'><strong>vos</strong></span> <span class='ocrx_word' id='word_1_757' title='bbox 2664 3126 2892 3196; x_wconf 86' lang='lat' dir='ltr'><strong>ineipitis</strong></span> <span class='ocrx_word' id='word_1_758' title='bbox 2916 3144 3040 3185; x_wconf 87' lang='lat' dir='ltr'><strong>esse</strong></span> <span class='ocrx_word' id='word_1_759' title='bbox 3067 3138 3190 3187; x_wconf 89' lang='lat' dir='ltr'><strong>ante</strong></span> <span class='ocrx_word' id='word_1_760' title='bbox 3213 3129 3464 3185; x_wconf 85' lang='lat' dir='ltr'><strong>mortem?</strong></span> <span class='ocrx_word' id='word_1_761' title='bbox 3493 3126 3669 3182; x_wconf 79' lang='lat' dir='ltr'><strong>Servate</strong></span> 
     </span>
    </p>
   </div>
   <div class='ocr_carea' id='block_1_92' title="bbox 2144 3215 3664 3285">
    <p class='ocr_par' dir='ltr' id='par_1_92' title="bbox 2144 3215 3664 3285">
     <span class='ocr_line' id='line_1_92' title="bbox 2144 3215 3664 3285; baseline 0.003 -16"><span class='ocrx_word' id='word_1_762' title='bbox 2144 3215 2338 3285; x_wconf 86' lang='lat' dir='ltr'><strong>gradus</strong></span> <span class='ocrx_word' id='word_1_763' title='bbox 2363 3219 2567 3273; x_wconf 84' lang='lat' dir='ltr'><strong>vestros</strong></span> <span class='ocrx_word' id='word_1_764' title='bbox 2596 3236 2610 3274; x_wconf 89' lang='lat'><strong>:</strong></span> <span class='ocrx_word' id='word_1_765' title='bbox 2640 3229 2816 3274; x_wconf 89' lang='lat' dir='ltr'><strong>servat</strong></span> <span class='ocrx_word' id='word_1_766' title='bbox 2842 3222 2985 3276; x_wconf 86' lang='lat' dir='ltr'><strong>enim</strong></span> <span class='ocrx_word' id='word_1_767' title='bbox 3014 3224 3173 3279; x_wconf 83' lang='lat' dir='ltr'><strong>vobis</strong></span> <span class='ocrx_word' id='word_1_768' title='bbox 3212 3224 3345 3279; x_wconf 88' lang='lat' dir='ltr'><strong>Deus</strong></span> <span class='ocrx_word' id='word_1_769' title='bbox 3370 3223 3570 3277; x_wconf 86' lang='lat' dir='ltr'><strong>honores</strong></span> <span class='ocrx_word' id='word_1_770' title='bbox 3594 3235 3664 3273; x_wconf 74' lang='grc' dir='ltr'><strong>νο-</strong></span> 
     </span>
    </p>
   </div>
   <div class='ocr_carea' id='block_1_93' title="bbox 2144 3305 3666 3376">
    <p class='ocr_par' dir='ltr' id='par_1_93' title="bbox 2144 3305 3666 3376">
     <span class='ocr_line' id='line_1_93' title="bbox 2144 3305 3666 3376; baseline 0.007 -19"><span class='ocrx_word' id='word_1_771' title='bbox 2144 3313 2302 3360; x_wconf 90' lang='lat' dir='ltr'><strong>stros.</strong></span> <span class='ocrx_word' id='word_1_772' title='bbox 2331 3305 2646 3376; x_wconf 87' lang='lat' dir='ltr'><strong>Comparata</strong></span> <span class='ocrx_word' id='word_1_773' title='bbox 2675 3320 2759 3365; x_wconf 89' lang='lat' dir='ltr'><strong>est</strong></span> <span class='ocrx_word' id='word_1_774' title='bbox 2781 3315 3107 3371; x_wconf 84' lang='lat' dir='ltr'><strong>resurrectio</strong></span> <span class='ocrx_word' id='word_1_775' title='bbox 3135 3324 3449 3370; x_wconf 86' lang='lat' dir='ltr'><strong>mortuorum</strong></span> <span class='ocrx_word' id='word_1_776' title='bbox 3472 3311 3612 3367; x_wconf 84' lang='lat' dir='ltr'><strong>stellis</strong></span> <span class='ocrx_word' id='word_1_777' title='bbox 3626 3311 3666 3362; x_wconf 82' lang='lat' dir='ltr'><strong>in</strong></span> 
     </span>
    </p>
   </div>
   <div class='ocr_carea' id='block_1_94' title="bbox 2143 3395 3663 3472">
    <p class='ocr_par' dir='ltr' id='par_1_94' title="bbox 2143 3395 3663 3472">
     <span class='ocr_line' id='line_1_94' title="bbox 2143 3395 3663 3472; baseline 0.001 -22"><span class='ocrx_word' id='word_1_778' title='bbox 2143 3395 2281 3451; x_wconf 69' lang='lat' dir='ltr'><strong>ctelo</strong></span> <span class='ocrx_word' id='word_1_779' title='bbox 2305 3398 2626 3453; x_wconf 82' lang='lat' dir='ltr'><strong>constitutis.</strong></span> <span class='ocrx_word' id='word_1_780' title='bbox 2659 3399 2821 3455; x_wconf 82' lang='lat' dir='ltr'><strong>Stella</strong></span> <span class='ocrx_word' id='word_1_781' title='bbox 2841 3404 2974 3456; x_wconf 77' lang='lat' dir='ltr'><strong>enim</strong></span> <span class='ocrx_word' id='word_1_782' title='bbox 2997 3408 3068 3458; x_wconf 83' lang='lat' dir='ltr'><strong>ab</strong></span> <span class='ocrx_word' id='word_1_783' title='bbox 3094 3403 3240 3460; x_wconf 83' lang='lat' dir='ltr'><strong>stella</strong></span> <span class='ocrx_word' id='word_1_784' title='bbox 3266 3404 3424 3471; x_wconf 62' lang='grc' dir='ltr'><strong>(ὕπο-ι</strong></span> <span class='ocrx_word' id='word_1_785' title='bbox 3449 3404 3496 3456; x_wconf 80' lang='lat' dir='ltr'><strong>in</strong></span> <span class='ocrx_word' id='word_1_786' title='bbox 3519 3400 3663 3472; x_wconf 76' lang='lat' dir='ltr'><strong>gloria,</strong></span> 
     </span>
    </p>
   </div>
   <div class='ocr_carea' id='block_1_95' title="bbox 2145 3487 3664 3563">
    <p class='ocr_par' dir='ltr' id='par_1_95' title="bbox 2145 3487 3664 3563">
     <span class='ocr_line' id='line_1_95' title="bbox 2145 3487 3664 3563; baseline 0 -21"><span class='ocrx_word' id='word_1_787' title='bbox 2145 3495 2202 3542; x_wconf 90' lang='lat' dir='ltr'><strong>ut</strong></span> <span class='ocrx_word' id='word_1_788' title='bbox 2219 3487 2507 3558; x_wconf 83' lang='lat' dir='ltr'><strong>Apostolus</strong></span> <span class='ocrx_word' id='word_1_789' title='bbox 2533 3491 2695 3556; x_wconf 89' lang='lat' dir='ltr'><strong>dicit;</strong></span> <span class='ocrx_word' id='word_1_790' title='bbox 2725 3492 2799 3547; x_wconf 83' lang='lat' dir='ltr'><strong>sic</strong></span> <span class='ocrx_word' id='word_1_791' title='bbox 2822 3502 2868 3547; x_wconf 84' lang='lat' dir='ltr'><strong>et</strong></span> <span class='ocrx_word' id='word_1_792' title='bbox 2888 3497 3188 3550; x_wconf 76' lang='lat' dir='ltr'><strong>resurrectio</strong></span> <span class='ocrx_word' id='word_1_793' title='bbox 3212 3504 3504 3549; x_wconf 80' lang='lat' dir='ltr'><strong>nwrtuorum</strong></span> <span class='ocrx_word' id='word_1_794' title='bbox 3522 3492 3557 3563; x_wconf 86' lang='grc' dir='ltr'>(ι</span> <span class='ocrx_word' id='word_1_795' title='bbox 3572 3488 3664 3545; x_wconf 83' lang='lat' dir='ltr'><strong>Cor.</strong></span> 
     </span>
    </p>
   </div>
   <div class='ocr_carea' id='block_1_96' title="bbox 2142 3581 3667 3656">
    <p class='ocr_par' dir='ltr' id='par_1_96' title="bbox 2142 3581 3667 3656">
     <span class='ocr_line' id='line_1_96' title="bbox 2142 3581 3667 3656; baseline -0.001 -22"><span class='ocrx_word' id='word_1_796' title='bbox 2142 3596 2234 3646; x_wconf 83' lang='lat' dir='ltr'><strong>xv,</strong></span> <span class='ocrx_word' id='word_1_797' title='bbox 2260 3582 2348 3645; x_wconf 75' lang='grc' dir='ltr'><strong>ιι,</strong></span> <span class='ocrx_word' id='word_1_798' title='bbox 2377 3581 2490 3654; x_wconf 69' lang='grc'><strong>42).</strong></span> <span class='ocrx_word' id='word_1_799' title='bbox 2539 3583 2708 3638; x_wconf 87' lang='lat' dir='ltr'><strong>Aliter</strong></span> <span class='ocrx_word' id='word_1_800' title='bbox 2754 3586 2896 3640; x_wconf 89' lang='lat' dir='ltr'><strong>enim</strong></span> <span class='ocrx_word' id='word_1_801' title='bbox 2924 3586 2996 3640; x_wconf 89' lang='lat' dir='ltr'><strong>ibi</strong></span> <span class='ocrx_word' id='word_1_802' title='bbox 3024 3588 3227 3643; x_wconf 85' lang='lat' dir='ltr'><strong>lucebit</strong></span> <span class='ocrx_word' id='word_1_803' title='bbox 3252 3587 3521 3656; x_wconf 82' lang='lat' dir='ltr'><strong>virginitas,</strong></span> <span class='ocrx_word' id='word_1_804' title='bbox 3548 3582 3667 3635; x_wconf 79' lang='lat' dir='ltr'><strong>aliter</strong></span> 
     </span>
    </p>
   </div>
   <div class='ocr_carea' id='block_1_97' title="bbox 2142 3671 3664 3746">
    <p class='ocr_par' dir='ltr' id='par_1_97' title="bbox 2142 3671 3664 3746">
     <span class='ocr_line' id='line_1_97' title="bbox 2142 3671 3664 3746; baseline 0.001 -21"><span class='ocrx_word' id='word_1_805' title='bbox 2142 3671 2212 3726; x_wconf 92' lang='lat' dir='ltr'><strong>ibi</strong></span> <span class='ocrx_word' id='word_1_806' title='bbox 2241 3672 2442 3728; x_wconf 88' lang='lat' dir='ltr'><strong>lucebit</strong></span> <span class='ocrx_word' id='word_1_807' title='bbox 2462 3674 2678 3743; x_wconf 85' lang='lat' dir='ltr'><strong>castitas</strong></span> <span class='ocrx_word' id='word_1_808' title='bbox 2699 3676 3008 3746; x_wconf 81' lang='lat' dir='ltr'><strong>eonjugalis,</strong></span> <span class='ocrx_word' id='word_1_809' title='bbox 3034 3679 3194 3734; x_wconf 89' lang='lat' dir='ltr'><strong>aliter</strong></span> <span class='ocrx_word' id='word_1_810' title='bbox 3223 3678 3291 3734; x_wconf 87' lang='lat' dir='ltr'><strong>ibi</strong></span> <span class='ocrx_word' id='word_1_811' title='bbox 3322 3677 3502 3734; x_wconf 88' lang='lat' dir='ltr'><strong>lucebit</strong></span> <span class='ocrx_word' id='word_1_812' title='bbox 3520 3680 3664 3730; x_wconf 81' lang='lat' dir='ltr'><strong>sancta</strong></span> 
     </span>
    </p>
   </div>
   <div class='ocr_carea' id='block_1_98' title="bbox 2108 3762 3660 3848">
    <p class='ocr_par' dir='ltr' id='par_1_98' title="bbox 2108 3762 3660 3848">
     <span class='ocr_line' id='line_1_98' title="bbox 2108 3762 3660 3848; baseline 0.001 -31"><span class='ocrx_word' id='word_1_813' title='bbox 2108 3762 2388 3848; x_wconf 55' lang='lat' dir='ltr'><strong>.viduitas.</strong></span> <span class='ocrx_word' id='word_1_814' title='bbox 2445 3764 2658 3820; x_wconf 81' lang='lat' dir='ltr'><strong>Diverso</strong></span> <span class='ocrx_word' id='word_1_815' title='bbox 2703 3766 2951 3822; x_wconf 90' lang='lat' dir='ltr'><strong>lucebunt</strong></span> <span class='ocrx_word' id='word_1_816' title='bbox 2990 3786 3006 3821; x_wconf 86' lang='lat'><strong>:</strong></span> <span class='ocrx_word' id='word_1_817' title='bbox 3051 3769 3147 3825; x_wconf 90' lang='lat' dir='ltr'><strong>sed</strong></span> <span class='ocrx_word' id='word_1_818' title='bbox 3192 3783 3374 3824; x_wconf 89' lang='lat' dir='ltr'><strong>omnes</strong></span> <span class='ocrx_word' id='word_1_819' title='bbox 3417 3766 3482 3821; x_wconf 88' lang='lat' dir='ltr'><strong>ibi</strong></span> <span class='ocrx_word' id='word_1_820' title='bbox 3524 3770 3660 3819; x_wconf 76' lang='lat' dir='ltr'><strong>emul-</strong></span> 
     </span>
    </p>
   </div>
   <div class='ocr_carea' id='block_1_99' title="bbox 2139 3852 3187 3924">
    <p class='ocr_par' dir='ltr' id='par_1_99' title="bbox 2139 3852 3187 3924">
     <span class='ocr_line' id='line_1_99' title="bbox 2139 3852 3187 3924; baseline 0.005 -17"><span class='ocrx_word' id='word_1_821' title='bbox 2139 3852 2402 3923; x_wconf 88' lang='lat' dir='ltr'><strong>Spleudor</strong></span> <span class='ocrx_word' id='word_1_822' title='bbox 2422 3852 2624 3924; x_wconf 85' lang='lat' dir='ltr'><strong>dispar,</strong></span> <span class='ocrx_word' id='word_1_823' title='bbox 2653 3857 2845 3911; x_wconf 74' lang='lat' dir='ltr'><strong>coelum</strong></span> <span class='ocrx_word' id='word_1_824' title='bbox 2877 3872 3187 3914; x_wconf 88' lang='lat' dir='ltr'><strong>commune.</strong></span> 
     </span>
    </p>
   </div>
   <div class='ocr_carea' id='block_1_100' title="bbox 2207 3941 3661 4020">
    <p class='ocr_par' dir='ltr' id='par_1_100' title="bbox 2207 3941 3661 4020">
     <span class='ocr_line' id='line_1_100' title="bbox 2207 3941 3661 4020; baseline -0.003 -23"><span class='ocrx_word' id='word_1_825' title='bbox 2207 3942 2432 4000; x_wconf 68' lang='lat' dir='ltr'><strong>CAPUT</strong></span> <span class='ocrx_word' id='word_1_826' title='bbox 2470 3944 2557 3999; x_wconf 85' lang='lat' dir='ltr'><strong>IV.</strong></span> <span class='ocrx_word' id='word_1_827' title='bbox 2598 3975 2673 3988; x_wconf 92' lang='lat'><strong>—-</strong></span> <span class='ocrx_word' id='word_1_828' title='bbox 2714 3948 2768 4002; x_wconf 70' lang='grc'>4.</span> <span class='ocrx_word' id='word_1_829' title='bbox 2807 3946 3006 4003; x_wconf 75' lang='lat' dir='ltr'><strong>Gradus</strong></span> <span class='ocrx_word' id='word_1_830' title='bbox 3040 3951 3222 4020; x_wconf 81' lang='lat' dir='ltr'><strong>cuique</strong></span> <span class='ocrx_word' id='word_1_831' title='bbox 3257 3966 3376 4004; x_wconf 75' lang='lat' dir='ltr'><strong>sutis</strong></span> <span class='ocrx_word' id='word_1_832' title='bbox 3418 3941 3661 4002; x_wconf 73' lang='lat' dir='ltr'><strong>servandus.</strong></span> 
     </span>
    </p>
   </div>
   <div class='ocr_carea' id='block_1_101' title="bbox 2136 4032 3657 4107">
    <p class='ocr_par' dir='ltr' id='par_1_101' title="bbox 2136 4032 3657 4107">
     <span class='ocr_line' id='line_1_101' title="bbox 2136 4032 3657 4107; baseline -0.003 -18"><span class='ocrx_word' id='word_1_833' title='bbox 2136 4033 2440 4104; x_wconf 87' lang='lat' dir='ltr'><strong>Cogitantes</strong></span> <span class='ocrx_word' id='word_1_834' title='bbox 2465 4050 2592 4105; x_wconf 84' lang='lat' dir='ltr'><strong>ergo</strong></span> <span class='ocrx_word' id='word_1_835' title='bbox 2618 4037 2816 4106; x_wconf 88' lang='lat' dir='ltr'><strong>gradus</strong></span> <span class='ocrx_word' id='word_1_836' title='bbox 2841 4048 3072 4107; x_wconf 84' lang='lat' dir='ltr'><strong>vestros,</strong></span> <span class='ocrx_word' id='word_1_837' title='bbox 3102 4047 3374 4096; x_wconf 87' lang='lat' dir='ltr'><strong>servantes</strong></span> <span class='ocrx_word' id='word_1_838' title='bbox 3402 4048 3451 4092; x_wconf 87' lang='lat' dir='ltr'><strong>et</strong></span> <span class='ocrx_word' id='word_1_839' title='bbox 3494 4032 3657 4106; x_wconf 73' lang='lat' dir='ltr'><strong>profes-</strong></span> 
     </span>
    </p>
   </div>
   <div class='ocr_carea' id='block_1_102' title="bbox 2134 4123 3661 4195">
    <p class='ocr_par' dir='ltr' id='par_1_102' title="bbox 2134 4123 3661 4195">
     <span class='ocr_line' id='line_1_102' title="bbox 2134 4123 3661 4195; baseline 0.001 -17"><span class='ocrx_word' id='word_1_840' title='bbox 2134 4124 2315 4180; x_wconf 90' lang='lat' dir='ltr'><strong>siones</strong></span> <span class='ocrx_word' id='word_1_841' title='bbox 2336 4135 2561 4192; x_wconf 89' lang='lat' dir='ltr'><strong>vestras,</strong></span> <span class='ocrx_word' id='word_1_842' title='bbox 2593 4128 2828 4184; x_wconf 80' lang='lat' dir='ltr'><strong>accedite</strong></span> <span class='ocrx_word' id='word_1_843' title='bbox 2861 4128 2929 4184; x_wconf 86' lang='lat' dir='ltr'><strong>ad</strong></span> <span class='ocrx_word' id='word_1_844' title='bbox 2964 4145 3184 4186; x_wconf 81' lang='lat' dir='ltr'><strong>carnem</strong></span> <span class='ocrx_word' id='word_1_845' title='bbox 3214 4130 3438 4195; x_wconf 87' lang='lat' dir='ltr'><strong>Domini,</strong></span> <span class='ocrx_word' id='word_1_846' title='bbox 3469 4123 3661 4181; x_wconf 81' lang='lat' dir='ltr'><strong>accedite</strong></span> 
     </span>
    </p>
   </div>
   <div class='ocr_carea' id='block_1_103' title="bbox 2133 4215 3658 4288">
    <p class='ocr_par' dir='ltr' id='par_1_103' title="bbox 2133 4215 3658 4288">
     <span class='ocr_line' id='line_1_103' title="bbox 2133 4215 3658 4288; baseline -0.002 -17"><span class='ocrx_word' id='word_1_847' title='bbox 2133 4215 2200 4271; x_wconf 84' lang='lat' dir='ltr'><strong>ad</strong></span> <span class='ocrx_word' id='word_1_848' title='bbox 2251 4216 2563 4286; x_wconf 80' lang='lat' dir='ltr'><strong>sanguinem</strong></span> <span class='ocrx_word' id='word_1_849' title='bbox 2611 4218 2841 4272; x_wconf 90' lang='lat' dir='ltr'><strong>Domini.</strong></span> <span class='ocrx_word' id='word_1_850' title='bbox 2897 4218 2996 4288; x_wconf 88' lang='lat' dir='ltr'><strong>Qui</strong></span> <span class='ocrx_word' id='word_1_851' title='bbox 3044 4222 3223 4276; x_wconf 86' lang='lat' dir='ltr'><strong>sescit</strong></span> <span class='ocrx_word' id='word_1_852' title='bbox 3258 4220 3406 4274; x_wconf 90' lang='lat' dir='ltr'><strong>aliter</strong></span> <span class='ocrx_word' id='word_1_853' title='bbox 3432 4226 3658 4279; x_wconf 84' lang='lat' dir='ltr'><strong>esse,ttott</strong></span> 
     </span>
    </p>
   </div>
   <div class='ocr_carea' id='block_1_104' title="bbox 2132 4305 3658 4380">
    <p class='ocr_par' dir='ltr' id='par_1_104' title="bbox 2132 4305 3658 4380">
     <span class='ocr_line' id='line_1_104' title="bbox 2132 4305 3658 4380; baseline 0.004 -23"><span class='ocrx_word' id='word_1_854' title='bbox 2132 4305 2370 4360; x_wconf 89' lang='lat' dir='ltr'><strong>accedat.</strong></span> <span class='ocrx_word' id='word_1_855' title='bbox 2399 4306 2821 4378; x_wconf 89' lang='lat' dir='ltr'><strong>Compungimini</strong></span> <span class='ocrx_word' id='word_1_856' title='bbox 2849 4310 3018 4380; x_wconf 88' lang='lat' dir='ltr'><strong>magis</strong></span> <span class='ocrx_word' id='word_1_857' title='bbox 3044 4325 3296 4366; x_wconf 90' lang='lat' dir='ltr'><strong>sermone</strong></span> <span class='ocrx_word' id='word_1_858' title='bbox 3316 4324 3448 4364; x_wconf 87' lang='lat' dir='ltr'><strong>meo.</strong></span> <span class='ocrx_word' id='word_1_859' title='bbox 3469 4308 3658 4374; x_wconf 60' lang='lat' dir='ltr'><strong>Congru-</strong></span> 
     </span>
    </p>
   </div>
   <div class='ocr_carea' id='block_1_105' title="bbox 2133 4393 3657 4471">
    <p class='ocr_par' dir='ltr' id='par_1_105' title="bbox 2133 4393 3657 4471">
     <span class='ocr_line' id='line_1_105' title="bbox 2133 4393 3657 4471; baseline 0.002 -21"><span class='ocrx_word' id='word_1_860' title='bbox 2133 4396 2368 4451; x_wconf 88' lang='lat' dir='ltr'><strong>tulanlur</strong></span> <span class='ocrx_word' id='word_1_861' title='bbox 2389 4397 2532 4452; x_wconf 83' lang='lat' dir='ltr'><strong>enim</strong></span> <span class='ocrx_word' id='word_1_862' title='bbox 2557 4397 2647 4469; x_wconf 91' lang='lat' dir='ltr'><strong>qui</strong></span> <span class='ocrx_word' id='word_1_863' title='bbox 2675 4399 2852 4454; x_wconf 88' lang='lat' dir='ltr'><strong>sciunt</strong></span> <span class='ocrx_word' id='word_1_864' title='bbox 2885 4415 3100 4456; x_wconf 86' lang='lat' dir='ltr'><strong>servare</strong></span> <span class='ocrx_word' id='word_1_865' title='bbox 3125 4401 3455 4471; x_wconf 84' lang='lat' dir='ltr'><strong>conjugibus,</strong></span> <span class='ocrx_word' id='word_1_866' title='bbox 3498 4393 3615 4465; x_wconf 83' lang='lat' dir='ltr'><strong>quod</strong></span> <span class='ocrx_word' id='word_1_867' title='bbox 3636 4407 3657 4444; x_wconf 68' lang='grc' dir='ltr'>ε</span> 
     </span>
    </p>
   </div>
   <div class='ocr_carea' id='block_1_106' title="bbox 2130 4482 3661 4559">
    <p class='ocr_par' dir='ltr' id='par_1_106' title="bbox 2130 4482 3661 4559">
     <span class='ocr_line' id='line_1_106' title="bbox 2130 4482 3661 4559; baseline 0 -19"><span class='ocrx_word' id='word_1_868' title='bbox 2130 4485 2448 4557; x_wconf 82' lang='lat' dir='ltr'><strong>conjugibus</strong></span> <span class='ocrx_word' id='word_1_869' title='bbox 2489 4488 2738 4558; x_wconf 85' lang='lat' dir='ltr'><strong>exigtmt;</strong></span> <span class='ocrx_word' id='word_1_870' title='bbox 2792 4490 2884 4559; x_wconf 91' lang='lat' dir='ltr'><strong>qui</strong></span> <span class='ocrx_word' id='word_1_871' title='bbox 2925 4491 3100 4546; x_wconf 88' lang='lat' dir='ltr'><strong>sciunt</strong></span> <span class='ocrx_word' id='word_1_872' title='bbox 3139 4506 3354 4546; x_wconf 87' lang='lat' dir='ltr'><strong>servare</strong></span> <span class='ocrx_word' id='word_1_873' title='bbox 3379 4482 3661 4546; x_wconf 69' lang='lat' dir='ltr'><strong>omnimodo</strong></span> 
     </span>
    </p>
   </div>
   <div class='ocr_carea' id='block_1_107' title="bbox 2129 4576 3658 4653">
    <p class='ocr_par' dir='ltr' id='par_1_107' title="bbox 2129 4576 3658 4653">
     <span class='ocr_line' id='line_1_107' title="bbox 2129 4576 3658 4653; baseline -0.003 -19"><span class='ocrx_word' id='word_1_874' title='bbox 2129 4579 2532 4648; x_wconf 86' lang='lat' dir='ltr'><strong>continentiam,</strong></span> <span class='ocrx_word' id='word_1_875' title='bbox 2551 4580 2596 4635; x_wconf 92' lang='lat' dir='ltr'><strong>si</strong></span> <span class='ocrx_word' id='word_1_876' title='bbox 2623 4579 2761 4636; x_wconf 90' lang='lat' dir='ltr'><strong>hanc</strong></span> <span class='ocrx_word' id='word_1_877' title='bbox 2790 4582 2898 4637; x_wconf 90' lang='lat' dir='ltr'><strong>Deo</strong></span> <span class='ocrx_word' id='word_1_878' title='bbox 2924 4591 3217 4638; x_wconf 87' lang='lat' dir='ltr'><strong>voverunt:</strong></span> <span class='ocrx_word' id='word_1_879' title='bbox 3235 4582 3322 4653; x_wconf 92' lang='lat' dir='ltr'><strong>qni</strong></span> <span class='ocrx_word' id='word_1_880' title='bbox 3347 4596 3465 4636; x_wconf 83' lang='lat' dir='ltr'><strong>vero</strong></span> <span class='ocrx_word' id='word_1_881' title='bbox 3482 4576 3658 4633; x_wconf 78' lang='lat' dir='ltr'><strong>audiunt</strong></span> 
     </span>
    </p>
   </div>
   <div class='ocr_carea' id='block_1_108' title="bbox 2127 4669 3656 4742">
    <p class='ocr_par' dir='ltr' id='par_1_108' title="bbox 2127 4669 3656 4742">
     <span class='ocr_line' id='line_1_108' title="bbox 2127 4669 3656 4742; baseline 0.001 -17"><span class='ocrx_word' id='word_1_882' title='bbox 2127 4685 2216 4725; x_wconf 90' lang='lat' dir='ltr'><strong>me</strong></span> <span class='ocrx_word' id='word_1_883' title='bbox 2256 4669 2554 4736; x_wconf 89' lang='lat' dir='ltr'><strong>dicentem,</strong></span> <span class='ocrx_word' id='word_1_884' title='bbox 2604 4670 2936 4742; x_wconf 86' lang='lat' dir='ltr'><strong>Quicumque</strong></span> <span class='ocrx_word' id='word_1_885' title='bbox 2990 4689 3097 4728; x_wconf 90' lang='lat' dir='ltr'><strong>non</strong></span> <span class='ocrx_word' id='word_1_886' title='bbox 3140 4671 3362 4728; x_wconf 77' lang='lat' dir='ltr'><strong>servatis</strong></span> <span class='ocrx_word' id='word_1_887' title='bbox 3387 4669 3656 4726; x_wconf 74' lang='lat' dir='ltr'><strong>castitatem.</strong></span> 
     </span>
    </p>
   </div>
   <div class='ocr_carea' id='block_1_109' title="bbox 2126 4757 3658 4832">
    <p class='ocr_par' dir='ltr' id='par_1_109' title="bbox 2126 4757 3658 4832">
     <span class='ocr_line' id='line_1_109' title="bbox 2126 4757 3658 4832; baseline -0.001 -19"><span class='ocrx_word' id='word_1_888' title='bbox 2126 4761 2290 4814; x_wconf 82' lang='lat' dir='ltr'><strong>mlite</strong></span> <span class='ocrx_word' id='word_1_889' title='bbox 2311 4759 2573 4832; x_wconf 79' lang='lat' dir='ltr'><strong>accedere</strong></span> <span class='ocrx_word' id='word_1_890' title='bbox 2591 4761 2658 4816; x_wconf 91' lang='lat' dir='ltr'><strong>ad</strong></span> <span class='ocrx_word' id='word_1_891' title='bbox 2685 4762 2827 4817; x_wconf 93' lang='lat' dir='ltr'><strong>illum</strong></span> <span class='ocrx_word' id='word_1_892' title='bbox 2851 4778 3064 4832; x_wconf 85' lang='lat' dir='ltr'><strong>panem,</strong></span> <span class='ocrx_word' id='word_1_893' title='bbox 3087 4764 3476 4819; x_wconf 81' lang='lat' dir='ltr'><strong>contristantur.</strong></span> <span class='ocrx_word' id='word_1_894' title='bbox 3506 4757 3563 4812; x_wconf 85' lang='lat' dir='ltr'><strong>Et</strong></span> <span class='ocrx_word' id='word_1_895' title='bbox 3581 4767 3658 4821; x_wconf 71' lang='lat' dir='ltr'><strong>es&quot;</strong></span> 
     </span>
    </p>
   </div>
   <div class='ocr_carea' id='block_1_110' title="bbox 2126 4828 3655 4923">
    <p class='ocr_par' dir='ltr' id='par_1_110' title="bbox 2126 4828 3655 4923">
     <span class='ocr_line' id='line_1_110' title="bbox 2126 4828 3655 4923; baseline -0.003 -18"><span class='ocrx_word' id='word_1_896' title='bbox 2126 4851 2319 4905; x_wconf 86' lang='lat' dir='ltr'><strong>nollem</strong></span> <span class='ocrx_word' id='word_1_897' title='bbox 2342 4850 2445 4905; x_wconf 84' lang='lat' dir='ltr'><strong>hoc</strong></span> <span class='ocrx_word' id='word_1_898' title='bbox 2463 4828 2642 4923; x_wconf 66' lang='lat' dir='ltr'><strong>dicere</strong></span> <span class='ocrx_word' id='word_1_899' title='bbox 2669 4870 2682 4905; x_wconf 91' lang='lat'><strong>:</strong></span> <span class='ocrx_word' id='word_1_900' title='bbox 2713 4852 2805 4907; x_wconf 89' lang='lat' dir='ltr'><strong>sed</strong></span> <span class='ocrx_word' id='word_1_901' title='bbox 2824 4828 2948 4922; x_wconf 76' lang='lat' dir='ltr'><strong>quid</strong></span> <span class='ocrx_word' id='word_1_902' title='bbox 2973 4828 3152 4909; x_wconf 85' lang='lat' dir='ltr'><strong>facio?</strong></span> <span class='ocrx_word' id='word_1_903' title='bbox 3174 4850 3392 4907; x_wconf 89' lang='lat' dir='ltr'><strong>Timebo</strong></span> <span class='ocrx_word' id='word_1_904' title='bbox 3410 4846 3655 4904; x_wconf 81' lang='lat' dir='ltr'><strong>hominem.</strong></span> 
     </span>
    </p>
   </div>
   <div class='ocr_carea' id='block_1_111' title="bbox 2124 4936 3657 5013">
    <p class='ocr_par' dir='ltr' id='par_1_111' title="bbox 2124 4936 3657 5013">
     <span class='ocr_line' id='line_1_111' title="bbox 2124 4936 3657 5013; baseline -0.002 -18"><span class='ocrx_word' id='word_1_905' title='bbox 2124 4948 2185 4995; x_wconf 92' lang='lat' dir='ltr'><strong>ut</strong></span> <span class='ocrx_word' id='word_1_906' title='bbox 2211 4949 2415 4996; x_wconf 82' lang='lat' dir='ltr'><strong>taceam</strong></span> <span class='ocrx_word' id='word_1_907' title='bbox 2456 4939 2772 4996; x_wconf 86' lang='lat' dir='ltr'><strong>veritatem?</strong></span> <span class='ocrx_word' id='word_1_908' title='bbox 2819 4942 2961 5013; x_wconf 81' lang='lat' dir='ltr'><strong>Ergo</strong></span> <span class='ocrx_word' id='word_1_909' title='bbox 2998 4945 3043 4997; x_wconf 90' lang='lat' dir='ltr'><strong>si</strong></span> <span class='ocrx_word' id='word_1_910' title='bbox 3080 4942 3156 4996; x_wconf 92' lang='lat' dir='ltr'><strong>illi</strong></span> <span class='ocrx_word' id='word_1_911' title='bbox 3188 4942 3329 5001; x_wconf 83' lang='lat' dir='ltr'><strong>servi</strong></span> <span class='ocrx_word' id='word_1_912' title='bbox 3369 4954 3467 4993; x_wconf 88' lang='lat' dir='ltr'><strong>non</strong></span> <span class='ocrx_word' id='word_1_913' title='bbox 3506 4936 3657 4991; x_wconf 62' lang='lat' dir='ltr'><strong>timet“</strong></span> 
     </span>
    </p>
   </div>
   <div class='ocr_carea' id='block_1_112' title="bbox 2125 5022 3655 5102">
    <p class='ocr_par' dir='ltr' id='par_1_112' title="bbox 2125 5022 3655 5102">
     <span class='ocr_line' id='line_1_112' title="bbox 2125 5022 3655 5102; baseline -0.004 -17"><span class='ocrx_word' id='word_1_914' title='bbox 2125 5031 2428 5097; x_wconf 89' lang='lat' dir='ltr'><strong>Dominum,</strong></span> <span class='ocrx_word' id='word_1_915' title='bbox 2464 5031 2624 5086; x_wconf 90' lang='lat' dir='ltr'><strong>etiam</strong></span> <span class='ocrx_word' id='word_1_916' title='bbox 2671 5048 2770 5102; x_wconf 88' lang='lat' dir='ltr'><strong>ego</strong></span> <span class='ocrx_word' id='word_1_917' title='bbox 2797 5047 2902 5087; x_wconf 90' lang='lat' dir='ltr'><strong>non</strong></span> <span class='ocrx_word' id='word_1_918' title='bbox 2939 5032 3194 5087; x_wconf 86' lang='lat' dir='ltr'><strong>timeam?</strong></span> <span class='ocrx_word' id='word_1_919' title='bbox 3231 5031 3379 5102; x_wconf 90' lang='lat' dir='ltr'><strong>quasi</strong></span> <span class='ocrx_word' id='word_1_920' title='bbox 3405 5043 3500 5085; x_wconf 89' lang='lat' dir='ltr'><strong>non</strong></span> <span class='ocrx_word' id='word_1_921' title='bbox 3522 5022 3655 5080; x_wconf 74' lang='lat' dir='ltr'><strong>sciam</strong></span> 
     </span>
    </p>
   </div>
   <div class='ocr_carea' id='block_1_113' title="bbox 2123 5120 3655 5195">
    <p class='ocr_par' dir='ltr' id='par_1_113' title="bbox 2123 5120 3655 5195">
     <span class='ocr_line' id='line_1_113' title="bbox 2123 5120 3655 5195; baseline -0.004 -19"><span class='ocrx_word' id='word_1_922' title='bbox 2123 5121 2322 5177; x_wconf 89' lang='lat' dir='ltr'><strong>dictum</strong></span> <span class='ocrx_word' id='word_1_923' title='bbox 2369 5137 2508 5189; x_wconf 87' lang='lat' dir='ltr'><strong>esse,</strong></span> <span class='ocrx_word' id='word_1_924' title='bbox 2542 5123 2697 5178; x_wconf 78' lang='lat' dir='ltr'><strong>Serve</strong></span> <span class='ocrx_word' id='word_1_925' title='bbox 2723 5140 2934 5195; x_wconf 79' lang='lat' dir='ltr'><strong>nequam</strong></span> <span class='ocrx_word' id='word_1_926' title='bbox 2978 5134 3025 5178; x_wconf 85' lang='lat' dir='ltr'><strong>et</strong></span> <span class='ocrx_word' id='word_1_927' title='bbox 3069 5124 3230 5194; x_wconf 80' lang='lat' dir='ltr'><strong>piger,</strong></span> <span class='ocrx_word' id='word_1_928' title='bbox 3265 5133 3316 5175; x_wconf 83' lang='lat' dir='ltr'><strong>tn</strong></span> <span class='ocrx_word' id='word_1_929' title='bbox 3351 5120 3506 5179; x_wconf 83' lang='lat' dir='ltr'><strong>dares,</strong></span> <span class='ocrx_word' id='word_1_930' title='bbox 3529 5123 3655 5182; x_wconf 68' lang='grc' dir='ltr'><strong>ρης)</strong></span> 
     </span>
    </p>
   </div>
   <div class='ocr_carea' id='block_1_114' title="bbox 2123 5202 3653 5284">
    <p class='ocr_par' dir='ltr' id='par_1_114' title="bbox 2123 5202 3653 5284">
     <span class='ocr_line' id='line_1_114' title="bbox 2123 5202 3653 5284; baseline -0.012 -15"><span class='ocrx_word' id='word_1_931' title='bbox 2123 5212 2370 5281; x_wconf 66' lang='lat' dir='ltr'><strong>exigerem</strong></span> <span class='ocrx_word' id='word_1_932' title='bbox 2409 5211 2622 5281; x_wconf 71' lang='lat' dir='ltr'><strong>(Matth.</strong></span> <span class='ocrx_word' id='word_1_933' title='bbox 2658 5229 2785 5279; x_wconf 85' lang='lat' dir='ltr'><strong>xxv,</strong></span> <span class='ocrx_word' id='word_1_934' title='bbox 2824 5214 2915 5280; x_wconf 66' lang='lat'><strong>26,</strong></span> <span class='ocrx_word' id='word_1_935' title='bbox 2953 5212 3068 5284; x_wconf 72' lang='grc'><strong>27).</strong></span> <span class='ocrx_word' id='word_1_936' title='bbox 3111 5212 3252 5267; x_wconf 83' lang='lat' dir='ltr'><strong>Ecce</strong></span> <span class='ocrx_word' id='word_1_937' title='bbox 3298 5209 3434 5274; x_wconf 87' lang='lat' dir='ltr'><strong>dedi,</strong></span> <span class='ocrx_word' id='word_1_938' title='bbox 3472 5202 3653 5261; x_wconf 83' lang='lat' dir='ltr'><strong>Domine</strong></span> 
     </span>
    </p>
   </div>
   <div class='ocr_carea' id='block_1_115' title="bbox 2124 5301 3653 5374">
    <p class='ocr_par' dir='ltr' id='par_1_115' title="bbox 2124 5301 3653 5374">
     <span class='ocr_line' id='line_1_115' title="bbox 2124 5301 3653 5374; baseline -0.009 -18"><span class='ocrx_word' id='word_1_939' title='bbox 2124 5302 2264 5356; x_wconf 89' lang='lat' dir='ltr'><strong>Deus</strong></span> <span class='ocrx_word' id='word_1_940' title='bbox 2290 5316 2469 5367; x_wconf 88' lang='lat' dir='ltr'><strong>meus;</strong></span> <span class='ocrx_word' id='word_1_941' title='bbox 2500 5317 2626 5358; x_wconf 84' lang='lat' dir='ltr'><strong>ecce</strong></span> <span class='ocrx_word' id='word_1_942' title='bbox 2654 5303 2705 5357; x_wconf 88' lang='lat' dir='ltr'><strong>in</strong></span> <span class='ocrx_word' id='word_1_943' title='bbox 2736 5314 3021 5374; x_wconf 85' lang='lat' dir='ltr'><strong>conspectu</strong></span> <span class='ocrx_word' id='word_1_944' title='bbox 3052 5312 3144 5357; x_wconf 90' lang='lat' dir='ltr'><strong>tuo</strong></span> <span class='ocrx_word' id='word_1_945' title='bbox 3165 5301 3537 5372; x_wconf 82' lang='lat' dir='ltr'><strong>etAngelornm</strong></span> <span class='ocrx_word' id='word_1_946' title='bbox 3562 5301 3653 5345; x_wconf 84' lang='lat' dir='ltr'><strong>tuo-</strong></span> 
     </span>
    </p>
   </div>
   <div class='ocr_carea' id='block_1_116' title="bbox 2122 5387 3650 5465">
    <p class='ocr_par' dir='ltr' id='par_1_116' title="bbox 2122 5387 3650 5465">
     <span class='ocr_line' id='line_1_116' title="bbox 2122 5387 3650 5465; baseline -0.003 -16"><span class='ocrx_word' id='word_1_947' title='bbox 2122 5410 2240 5449; x_wconf 88' lang='lat' dir='ltr'><strong>rum</strong></span> <span class='ocrx_word' id='word_1_948' title='bbox 2270 5403 2324 5450; x_wconf 92' lang='lat' dir='ltr'><strong>et</strong></span> <span class='ocrx_word' id='word_1_949' title='bbox 2351 5395 2404 5448; x_wconf 89' lang='lat' dir='ltr'><strong>in</strong></span> <span class='ocrx_word' id='word_1_950' title='bbox 2432 5403 2724 5463; x_wconf 73' lang='lat' dir='ltr'><strong>conSpectu</strong></span> <span class='ocrx_word' id='word_1_951' title='bbox 2756 5394 2919 5465; x_wconf 86' lang='lat' dir='ltr'><strong>ipsius</strong></span> <span class='ocrx_word' id='word_1_952' title='bbox 2959 5393 3129 5465; x_wconf 73' lang='lat' dir='ltr'><strong>plebis</strong></span> <span class='ocrx_word' id='word_1_953' title='bbox 3162 5404 3264 5448; x_wconf 72' lang='lat' dir='ltr'><strong>tua:</strong></span> <span class='ocrx_word' id='word_1_954' title='bbox 3302 5387 3498 5460; x_wconf 74' lang='lat' dir='ltr'><strong>erogal&#39;i</strong></span> <span class='ocrx_word' id='word_1_955' title='bbox 3521 5395 3650 5454; x_wconf 69' lang='grc' dir='ltr'><strong>ρεουυ</strong></span> 
     </span>
    </p>
   </div>
   <div class='ocr_carea' id='block_1_117' title="bbox 2123 5472 3651 5556">
    <p class='ocr_par' dir='ltr' id='par_1_117' title="bbox 2123 5472 3651 5556">
     <span class='ocr_line' id='line_1_117' title="bbox 2123 5472 3651 5556; baseline -0.006 -16"><span class='ocrx_word' id='word_1_956' title='bbox 2123 5485 2265 5540; x_wconf 79' lang='lat' dir='ltr'><strong>niam</strong></span> <span class='ocrx_word' id='word_1_957' title='bbox 2295 5495 2440 5540; x_wconf 89' lang='lat' dir='ltr'><strong>tuam</strong></span> <span class='ocrx_word' id='word_1_958' title='bbox 2469 5503 2481 5539; x_wconf 92' lang='lat'><strong>:</strong></span> <span class='ocrx_word' id='word_1_959' title='bbox 2517 5486 2679 5541; x_wconf 90' lang='lat' dir='ltr'><strong>timeo</strong></span> <span class='ocrx_word' id='word_1_960' title='bbox 2726 5487 2869 5541; x_wconf 89' lang='lat' dir='ltr'><strong>enim</strong></span> <span class='ocrx_word' id='word_1_961' title='bbox 2910 5487 3169 5556; x_wconf 87' lang='lat' dir='ltr'><strong>judicium</strong></span> <span class='ocrx_word' id='word_1_962' title='bbox 3221 5495 3384 5540; x_wconf 89' lang='lat' dir='ltr'><strong>tuum.</strong></span> <span class='ocrx_word' id='word_1_963' title='bbox 3417 5482 3516 5551; x_wconf 77' lang='lat' dir='ltr'><strong>Ego</strong></span> <span class='ocrx_word' id='word_1_964' title='bbox 3532 5472 3651 5531; x_wconf 78' lang='lat' dir='ltr'><strong>dedi.</strong></span> 
     </span>
    </p>
   </div>
   <div class='ocr_carea' id='block_1_118' title="bbox 2119 5566 3654 5648">
    <p class='ocr_par' dir='ltr' id='par_1_118' title="bbox 2119 5566 3654 5648">
     <span class='ocr_line' id='line_1_118' title="bbox 2119 5566 3654 5648; baseline -0.005 -16"><span class='ocrx_word' id='word_1_965' title='bbox 2119 5586 2177 5632; x_wconf 88' lang='lat' dir='ltr'><strong>tu</strong></span> <span class='ocrx_word' id='word_1_966' title='bbox 2206 5579 2377 5648; x_wconf 82' lang='lat' dir='ltr'><strong>exige.</strong></span> <span class='ocrx_word' id='word_1_967' title='bbox 2399 5578 2509 5631; x_wconf 86' lang='lat' dir='ltr'><strong>Etsi</strong></span> <span class='ocrx_word' id='word_1_968' title='bbox 2537 5593 2642 5632; x_wconf 92' lang='lat' dir='ltr'><strong>non</strong></span> <span class='ocrx_word' id='word_1_969' title='bbox 2660 5578 2856 5647; x_wconf 90' lang='lat' dir='ltr'><strong>dicam,</strong></span> <span class='ocrx_word' id='word_1_970' title='bbox 2878 5580 3115 5634; x_wconf 84' lang='lat' dir='ltr'><strong>facturus</strong></span> <span class='ocrx_word' id='word_1_971' title='bbox 3143 5593 3219 5632; x_wconf 87' lang='lat' dir='ltr'><strong>es.</strong></span> <span class='ocrx_word' id='word_1_972' title='bbox 3245 5578 3380 5647; x_wconf 83' lang='lat' dir='ltr'><strong>Ergo</strong></span> <span class='ocrx_word' id='word_1_973' title='bbox 3399 5578 3489 5626; x_wconf 71' lang='lat' dir='ltr'><strong>huc</strong></span> <span class='ocrx_word' id='word_1_974' title='bbox 3508 5566 3654 5640; x_wconf 73' lang='lat' dir='ltr'><strong>potius</strong></span> 
     </span>
    </p>
   </div>
   <div class='ocr_carea' id='block_1_119' title="bbox 2123 5658 3649 5754">
    <p class='ocr_par' dir='ltr' id='par_1_119' title="bbox 2123 5658 3649 5754">
     <span class='ocr_line' id='line_1_119' title="bbox 2123 5658 3649 5754; baseline -0.005 -29"><span class='ocrx_word' id='word_1_975' title='bbox 2123 5667 2243 5725; x_wconf 78' lang='lat' dir='ltr'><strong>dico</strong></span> <span class='ocrx_word' id='word_1_976' title='bbox 2274 5689 2285 5723; x_wconf 94' lang='lat'><strong>:</strong></span> <span class='ocrx_word' id='word_1_977' title='bbox 2316 5670 2423 5741; x_wconf 77' lang='lat' dir='ltr'><strong>Ego</strong></span> <span class='ocrx_word' id='word_1_978' title='bbox 2462 5669 2605 5736; x_wconf 83' lang='lat' dir='ltr'><strong>dedi,</strong></span> <span class='ocrx_word' id='word_1_979' title='bbox 2652 5680 2704 5725; x_wconf 85' lang='lat' dir='ltr'><strong>tu</strong></span> <span class='ocrx_word' id='word_1_980' title='bbox 2754 5678 3024 5740; x_wconf 84' lang='lat' dir='ltr'><strong>converte,</strong></span> <span class='ocrx_word' id='word_1_981' title='bbox 3058 5677 3114 5741; x_wconf 64' lang='lat' dir='ltr'><strong>tu</strong></span> <span class='ocrx_word' id='word_1_982' title='bbox 3149 5683 3318 5741; x_wconf 72' lang='lat' dir='ltr'><strong>parce.</strong></span> <span class='ocrx_word' id='word_1_983' title='bbox 3351 5666 3446 5722; x_wconf 77' lang='lat' dir='ltr'><strong>Fac</strong></span> <span class='ocrx_word' id='word_1_984' title='bbox 3468 5658 3649 5754; x_wconf 65' lang='lat' dir='ltr'><strong>pudicos</strong></span> 
     </span>
    </p>
   </div>
  </div>
