3934 6184
297 344 404 399 737

291 461 382 532 qui
414 459 632 515 fuerunt
652 459 924 528 impudici,
969 467 1024 514 ut
1051 459 1205 513 simul
1225 459 1276 513 iu
1305 466 1396 513 tuo
1423 467 1732 527 conspectu,
1758 469 1881 508 cum

285 552 552 623 judicium
575 553 803 616 venerit,
832 551 1153 623 gaudeamus
1173 595 1187 615 ,
1214 562 1266 606 ct
1295 552 1383 622 qui
1431 550 1665 624 erogavit
1707 555 1761 602 et
1795 547 1883 602 cui

287 655 570 716 erogatum
601 654 704 699 est.
747 644 924 698 Placet
969 645 1113 699 hoc?
1140 645 1370 698 Placeat.
1401 643 1730 710 Quicumque
1783 639 1883 692 im-

290 736 470 806 pudici
524 737 675 802 estis,
724 735 975 806 corrigite
1003 751 1118 800 vos,
1176 734 1305 788 dum
1345 735 1542 788 vivitis.
1597 735 1710 804 Ego
1737 731 1880 787 enim

288 828 514 882 verbum
534 827 626 882 Dei
658 825 802 897 loqui
832 841 1067 897 possum,
1089 826 1384 896 impudicos
1403 834 1581 880 autem
1609 825 1662 878 in
1693 823 1880 894 nequi-

289 919 361 972 tia
392 925 817 986 perseverantes,
843 917 910 972 de
933 917 1137 987 judicio
1174 927 1228 972 et
1256 917 1598 974 damnatione
1617 917 1709 973 Dei
1740 917 1876 972 libe-

285 1024 417 1066 rare
439 1025 546 1065 nou
574 1023 813 1079 possum.

723 1144 956 1201 SERMO
992 1143 1255 1200 CXXXIII
1295 1149 1313 1169 ⁶
1352 1145 1451 1216 (α).

285 1235 363 1291 De
386 1235 548 1291 verbis
580 1235 842 1307 Evangelii
866 1235 1106 1303 Joannis,
1143 1235 1228 1291 ubi
1253 1236 1404 1291 Jesus
1435 1253 1534 1290 non
1561 1253 1614 1291 se
1641 1253 1876 1290 ascensu-

356 1345 476 1382 rum
504 1328 569 1381 ad
603 1328 735 1381 diem
757 1328 940 1396 festum
962 1328 1179 1396 dixerat,
1201 1338 1249 1381 et
1292 1338 1456 1382 tamen
1485 1329 1727 1394 ascendit,
1756 1345 1871 1397 cap.

365 1434 465 1512 vn,
501 1419 534 1488 ᾗ
576 1418 713 1473 2-10
737 1418 829 1489 (ὁ).

360 1533 414 1586 1.
456 1530 776 1602 Euangelica:
818 1532 1045 1586 lectionis
1090 1533 1353 1601 expositio.
1404 1532 1740 1602 Propositum
1793 1541 1876 1588 est

290 1621 484 1686 nobis,
531 1623 586 1676 in
631 1621 899 1690 adjutorio
950 1623 1188 1687 Domini,
1237 1623 1304 1677 de
1361 1623 1461 1677 hoc
1504 1624 1874 1679 recentissimo

292 1713 561 1782 Evangelii
602 1713 834 1782 capitulo
883 1713 1174 1782 disputare,
1234 1729 1335 1768 nec
1386 1723 1469 1769 est
1513 1731 1674 1785 parva
1723 1730 1874 1784 quaa-

284 1806 424 1866 stio,
470 1820 537 1858 ne
585 1804 913 1872 periclitetur
953 1806 1184 1872 veritas,
1228 1814 1282 1859 et
1331 1807 1531 1860 falsitas
1594 1808 1869 1877 glorietur.

281 1896 394 1951 Sed
421 1911 601 1966 neque
625 1897 821 1951 veritas
850 1897 1024 1967 perire
1048 1906 1245 1966 potest,
1275 1914 1446 1968 neque
1472 1898 1673 1955 falsitas
1715 1915 1874 1970 supe-

281 2003 428 2042 rare.
479 1987 616 2055 Quid
655 1997 830 2042 autem
878 1989 1189 2057 quaestionis
1215 1988 1406 2044 habeat
1436 1990 1534 2044 ista
1565 1991 1741 2057 lectio,
1776 2006 1871 2060 pa-

282 2095 509 2148 rumper
536 2080 792 2149 accipite;
823 2087 880 2133 et
900 2079 1021 2134 facti
1052 2079 1235 2134 intenti
1268 2097 1362 2150 per
1383 2083 1705 2152 prOpasitam
1728 2099 1873 2152 qna:-

282 2172 541 2236 stionem,
590 2180 741 2225 orate
787 2179 844 2224 ut
889 2170 1212 2226 sufﬁciamus
1252 2171 1318 2226 ad
1355 2173 1693 2227 solutionem.
1751 2174 1872 2229 Dies

283 2265 456 2318 festus
482 2263 916 2318 eratJudieorum
941 2265 1256 2335 scenopegia
1281 2283 1295 2319 :
1321 2265 1372 2318 hi
1403 2265 1517 2321 dies
1536 2275 1682 2331 sunt,
1704 2282 1873 2335 quan-

283 2366 405 2411 tum
432 2355 658 2422 videtur,
693 2372 828 2426 quos
855 2356 1118 2426 hodieque
1156 2357 1460 2422 observant,
1490 2358 1700 2427 quando
1721 2373 1872 2413 casas

283 2447 593 2518 vocant(c).
619 2447 715 2502 Est
739 2447 882 2502 enim
905 2447 1009 2502 illis
1047 2447 1146 2501 ista
1187 2448 1496 2502 solemnitas
1530 2449 1598 2504 de
1638 2448 1870 2504 fabrica-

283 2541 437 2594 tioue
466 2539 966 2605 tabernaculorum;
1006 2539 1256 2609 quoniam
1303 2540 1696 2594 tabernaculum
1724 2553 1869 2603 σκηνή

281 2630 507 2694 dicitur,
535 2629 854 2699 scenopegia
875 2639 958 2685 est
989 2629 1316 2685 tabernaculi
1345 2630 1638 2686 fabricatio.
1667 2631 1730 2686 Hi
1757 2631 1872 2688 dies

277 2721 408 2775 festi
449 2719 592 2789 apud
617 2719 834 2775 Judzeos
860 2720 1154 2790 agebantur
1190 2738 1204 2774 :
1251 2731 1306 2776 et
1336 2723 1702 2791 appellabatur
1736 2739 1871 2780 unus

277 2813 405 2870 dies
419 2812 603 2878 festus,
629 2811 871 2882 nonquia
894 2827 1000 2867 uno
1018 2812 1104 2868 die
1123 2812 1301 2879 ﬁebat,
1321 2814 1414 2870 sed
1432 2816 1551 2885 quia
1569 2817 1869 2873 continuata

279 2904 574 2960 festivitate
601 2905 976 2974 peragebatur;
1004 2907 1142 2961 sicut
1168 2906 1284 2962 dies
1306 2906 1474 2963 festus
1495 2909 1732 2977 Paschie,
1760 2912 1867 2966 sic-

279 3008 344 3051 ut
372 2997 484 3053 dics
521 2997 690 3052 festus
716 3014 1046 3070 azymorum,
1063 3009 1120 3056 et
1143 3008 1342 3070 tamen,
1368 3002 1504 3057 sicut
1535 3003 1868 3059 manifestum

274 3097 391 3152 est,
415 3089 505 3144 ille
533 3088 698 3144 festus
729 3088 846 3144 dies
880 3089 1053 3160 agitur
1084 3107 1178 3160 per
1201 3091 1558 3162 aliquotdies.
1589 3086 1724 3147 Erat
1742 3110 1870 3164 ergo

278 3180 339 3234 in
372 3178 550 3233 Judaca
575 3178 674 3233 ista
724 3179 1062 3247 solemnitas;
1106 3181 1362 3237 Dominus
1386 3183 1540 3238 Iesus
1570 3185 1624 3239 in
1653 3186 1868 3240 Galiliea

275 3276 424 3332 erat,
457 3269 545 3323 ubi
570 3278 624 3323 et
648 3269 878 3325 nutritus
904 3280 1006 3334 est,
1057 3270 1143 3324 ubi
1169 3281 1223 3325 et
1263 3275 1685 3343 consanguineos
1710 3285 1869 3346 atque

275 3371 541 3430 cognatos
591 3353 798 3430 habuit,
867 3377 1002 3433 quos
1062 3363 1334 3434 Scriptura
1383 3366 1572 3421 lintres
1617 3369 1865 3438 appellat.

276 3450 538 3506 Dixerunt
558 3467 687 3523 ergo
713 3453 778 3520 ei,
801 3453 936 3509 sicut
957 3454 1148 3510 lectum
1173 3456 1489 3525 audivimus,
1517 3463 1701 3529 fratres
1727 3461 1868 3528 ejus:

278 3541 476 3598 Transi
500 3544 641 3610 hinc,
667 3555 714 3598 et
743 3545 870 3600 vade
891 3548 943 3600 in
972 3545 1232 3615 Indicant,
1261 3559 1319 3603 ut
1363 3560 1408 3604 et
1433 3540 1668 3622 discipuli
1692 3553 1767 3604 tui
1793 3553 1867 3605 vi-

274 3635 436 3688 deant
462 3651 614 3703 opera
640 3647 726 3690 tua
753 3653 866 3706 qua:
892 3639 1043 3709 facis.
1065 3637 1230 3693 Nemo
1257 3641 1391 3694 enim
1413 3641 1466 3694 in
1504 3643 1698 3695 occulto
1747 3642 1870 3713 quid

276 3727 430 3797 facit,
460 3738 507 3781 et
535 3729 714 3797 quierit
741 3729 850 3798 ipse
867 3730 921 3783 in
949 3731 1122 3801 palum
1145 3748 1271 3786 esse.
1307 3731 1369 3786 Si
1397 3733 1504 3786 lucc
1525 3733 1672 3804 facis,
1701 3736 1866 3787 mani-

279 3823 420 3888 festa
443 3828 488 3871 te
514 3821 724 3873 mundo.
751 3821 954 3876 Deinde
985 3822 1255 3891 subiungit
1281 3822 1615 3893 Evangelista
1641 3841 1656 3877 :
1691 3823 1871 3892 Neque

271 3910 418 3964 enim
445 3915 626 3981 fratres
644 3914 753 3982 ejus
771 3913 1038 3968 credebant
1055 3916 1107 3968 in
1137 3931 1267 3968 eum.
1293 3914 1349 3968 Si
1369 3931 1498 3986 ergo
1527 3932 1632 3970 non
1663 3917 1714 3970 ili
1744 3931 1866 3971 eum

269 4001 594 4069 credebant,
641 4003 900 4059 invidiosa
949 4005 1108 4061 verba
1159 4007 1529 4077 subjiciebant.
1588 4008 1868 4079 Respondit

271 4094 360 4146 eis
383 4091 532 4148 Iesus
559 4111 577 4148 :
597 4094 820 4166 Tempus
848 4113 1012 4151 meum
1038 4098 1266 4152 nondum
1292 4101 1491 4154 aduenit
1513 4117 1533 4164 ;
1562 4111 1756 4170 tempus
1774 4117 1870 4154 au-

267 4192 384 4236 tem
413 4193 623 4252 uestrum
651 4203 846 4254 semper
873 4197 946 4240 est
978 4198 1232 4257 paratum.
1275 4189 1396 4244 Non
1441 4199 1598 4260 potest
1646 4192 1867 4246 mundus

270 4273 450 4327 odisse
475 4291 558 4330 vos
586 4292 604 4329 :
629 4293 709 4330 me
732 4287 898 4332 autem
921 4280 1049 4345 odit,
1072 4281 1191 4350 quia
1219 4297 1308 4351 ego
1344 4283 1676 4336 testimonium
1699 4285 1868 4354 perhi-

272 4365 375 4417 beo
407 4365 470 4418 tle
497 4367 606 4430 illo,
639 4367 756 4434 quia
777 4384 931 4437 opera
951 4371 1062 4436 eius
1085 4371 1222 4423 mala
1239 4381 1378 4426 sunt.
1418 4370 1517 4426 Vos
1542 4374 1794 4427 ascendite
1814 4374 1866 4428 in

271 4456 418 4508 diem
447 4457 624 4524 festum
650 4459 802 4511 hunc.
828 4457 942 4530 Ego
961 4477 1061 4514 non
1093 4461 1172 4532 (d)
1193 4463 1408 4516 ascendo
1423 4464 1490 4516 ad
1513 4464 1644 4517 diem
1683 4466 1866 4536 festum

269 4547 456 4612 istum,
486 4549 602 4616 quia
629 4559 824 4619 tempus
847 4567 1012 4604 meum
1031 4553 1256 4606 nondum
1292 4553 1553 4624 impletum
1572 4566 1665 4610 est.
1704 4557 1864 4612 Dein-

272 4641 356 4694 de
399 4645 636 4711 sequitur
690 4644 1022 4713 Evangelista
1067 4664 1080 4699 :
1129 4645 1254 4700 ch
1299 4665 1414 4701 cum
1465 4650 1705 4716 dixisset,
1759 4654 1867 4724 ipse

271 4733 466 4786 remisit
493 4733 544 4786 in
589 4733 822 4788 Galilaea.
865 4735 932 4790 Ut
958 4747 1128 4790 autem
1153 4740 1483 4794 ascenderunt
1512 4747 1692 4813 fratres
1735 4747 1864 4814 ejus,

273 4835 404 4877 tunc
429 4833 473 4877 et
499 4827 609 4895 ipse
626 4829 851 4881 ascendit
869 4828 937 4880 ad
960 4829 1092 4882 diem
1119 4831 1318 4902 festum,
1349 4848 1448 4884 non
1475 4835 1756 4904 manifeste,
1779 4836 1869 4890 sed

275 4915 435 4968 nasi
462 4917 673 4974 occulte.
712 4919 825 4974 lluc
867 4934 1033 4989 usque
1058 4921 1360 4977 extenditur
1400 4925 1644 4993 qumstio,
1672 4935 1866 4983 caetera

273 5015 468 5072 aperta
494 5018 635 5061 sunt.

357 5095 411 5149 2.
444 5097 696 5154 Christum
715 5101 768 5155 in
789 5117 847 5156 eo
877 5101 986 5156 loco
1009 5119 1108 5158 non
1134 5121 1240 5159 esse
1267 5106 1544 5161 mentitum.
1575 5109 1711 5177 Quid
1739 5125 1867 5182 ergo

271 5189 576 5258 quan-itur?
604 5191 729 5260 quid
752 5195 969 5248 movet?
993 5195 1118 5263 quid
1147 5196 1198 5250 in
1227 5197 1463 5265 pericqu
1503 5200 1627 5254 est?
1652 5199 1730 5256 Ne
1758 5201 1865 5256 Do-

349 5321 368 5399 _'
395 5323 475 5372 Hic
496 5337 658 5374 sermo
696 5326 746 5376 in
781 5329 1116 5392 manuscriptis
1149 5333 1328 5382 nostris
1364 5346 1600 5396 nusquam
1642 5343 1871 5399 repertus

271 5390 619 5520 implies,
659 5448 692 5498 8
727 5452 856 5501 inter
900 5451 1057 5501 editos
1099 5465 1166 5503 ex
1220 5457 1558 5520 manuscriptis
1608 5459 1870 5511 ωιιιιιείω

273 5518 740 5642 ξὲοβωςαιει·
762 5573 811 5642 in
836 5575 1027 5642 Possidii
1049 5575 1275 5638 ludiculo,
1298 5590 1403 5642 cap.
1426 5579 1476 5629 9.

371 5634 422 5691 ι)
446 5637 601 5691 Forte,
628 5634 902 5686 Fabricant.

345 5629 426 5753 (:3
446 5637 601 5691 Forte,
628 5634 902 5686 Fabricant.
1261 5629 1273 5638 '
1357 5629 1370 5642 '

699 5695 1210 5770 Laliacctedilionuml
1236 5707 1314 5753 est
1346 5701 1497 5768 ουρὸ,
1531 5703 1785 5770 nondwn;
1818 5714 1871 5758 et

273 5750 424 5803 sicin
443 5750 630 5817 alith
651 5750 820 5809 lat-iiiis.
831 5758 1004 5810 Bibliis.
1037 5789 1039 5791 ι

1643 337 1870 394 δειιλιο
1906 334 2189 395 CXXXIII.

3466 366 3570 422 738

1992 455 2186 524 minus,
2217 458 2322 513 imo
2347 471 2403 516 ut
2433 466 2666 534 apertius
2687 470 2948 540 dicamus,
2981 481 3049 531 ne
3074 477 3184 548 ipsa
3216 480 3421 540 Veritas
3444 501 3567 540 crc-

1987 545 2143 602 datur
2162 564 2280 605 esse
2295 556 2534 608 mentita.
2561 558 2615 612 Si
2641 562 2782 615 enim
2807 565 3048 622 volumus
3074 545 3349 628 mentitum
3374 582 3562 644 putari,

1987 640 2276 697 mentiendi
2302 649 2670 704 auctoritatem
2698 653 2938 713 infirmus
2973 660 3216 729 accipiet.
3256 640 3568 723 Audivimus

1986 727 2164 785 dicere
2191 735 2469 790 mentitum
2495 754 2635 795 csse.
2666 743 2764 809 Qui
2787 746 2930 800 enim
2972 727 3159 817 puta—nt
3207 767 3327 808 esse
3377 759 3565 811 menti-

1987 828 2119 886 tum,
2144 823 2245 878 hoc
2278 826 2496 882 dicunt:
2532 831 2671 886 Dixit
2714 849 2774 889 se
2815 851 2920 891 non
2945 853 3290 896 ascensurum
3329 845 3395 899 ad
3424 846 3564 901 diem

1983 909 2197 981 festum,
2229 926 2282 971 et
2307 922 2562 976 ascendit.
2596 923 2775 980 Primo
2791 942 2936 998 ergo,
2968 943 3220 1000 quantum
3250 936 3300 990 in
3343 950 3566 1008 angusto

1983 1009 2222 1073 tempore
2250 1021 2562 1080 possumus,
2608 1015 2881 1073 videamus
2917 1030 3093 1076 utrum
3139 1029 3442 1094 mentiatur,
3476 1037 3563 1101 qui

1980 1091 2109 1147 dicit
2135 1096 2331 1166 aliquid
2357 1110 2538 1157 etnon
2567 1105 2711 1161 iacit.
2735 1108 2894 1165 Verbi
2921 1113 3062 1167 enim
3084 1129 3258 1183 causa,
3292 1118 3402 1174 dixi
3427 1091 3564 1176 inii-

1980 1197 2066 1247 co,
2097 1183 2226 1242 Cras
2256 1198 2306 1244 te
2351 1191 2540 1248 videbo
2574 1213 2588 1249 :
2615 1200 2842 1254 occurrit
2871 1202 3042 1271 major
3087 1208 3395 1274 necessitas,
3445 1228 3565 1280 qua;

1982 1275 2272 1344 retineret;
2298 1296 2402 1336 non
2427 1283 2545 1340 ideo
2565 1287 2755 1342 falsum
2782 1290 2914 1346 dixi.
2945 1293 3167 1360 Quando
3190 1299 3330 1352 enim
3363 1275 3562 1370 pruini-

1979 1364 2046 1430 si,
2079 1365 2181 1422 hoc
2201 1372 2497 1429 sentiebam
2526 1378 2664 1444 quod
2687 1379 2946 1436 dicebam.
2975 1385 3194 1453 Quando
3217 1364 3394 1444 autem
3420 1392 3561 1446 aliud

1978 1455 2150 1524 majus
2188 1464 2437 1530 occurrit,
2479 1468 2620 1534 quod
2672 1471 2945 1540 impedivit
2987 1476 3144 1530 fidem
3194 1481 3563 1547 promissionis

1979 1559 2133 1614 meae,
2166 1565 2270 1604 non
2294 1555 2505 1609 mentiri
2529 1558 2691 1624 volui,
2728 1562 2822 1615 sed
2859 1566 3174 1632 promissum
3206 1569 3426 1639 implere
3455 1588 3560 1629 non

1979 1640 2146 1704 potui.
2177 1641 2335 1707 Ecce,
2365 1657 2618 1714 quantum
2660 1653 2910 1717 arbitror,
2944 1671 3047 1710 non
3076 1658 3331 1727 laboravi,
3362 1672 3417 1717 ut
3439 1680 3561 1732 pcr-

1977 1728 2290 1799 suadercm,
2349 1735 2443 1790 sed
2503 1742 2866 1796 tantummodo
2920 1746 3172 1802 admonui
3228 1728 3557 1818 prudentiain

1978 1827 2232 1887 vestram,
2286 1839 2391 1878 non
2418 1829 2630 1883 mentiri
2661 1848 2782 1886 eum
2830 1836 2918 1902 qui
2977 1840 3236 1906 promittit
3268 1842 3462 1912 aliquid
3506 1859 3562 1900 et

1976 1923 2081 1963 non
2112 1911 2254 1979 facit,
2281 1915 2327 1968 si
2358 1925 2415 1970 ut
2445 1933 2551 1972 non
2572 1918 2907 1988 faciat,aliud
2933 1931 3241 1997 occurrerit,
3274 1911 3412 2001 quod
3442 1939 3560 2004 ejus

1977 1998 2226 2068 impediat
2269 2007 2693 2078 promissionem,
2748 2031 2852 2068 non
2894 2018 3034 2086 quod
3091 1998 3369 2078 convincat
3413 1998 3561 2082 falsi~

1977 2098 2172 2168 tatem.
2758 2158 2762 2162 ,

2047 2184 2101 2238 5.
2126 2185 2332 2241 Mentiri
2351 2191 2496 2260 pejus
2516 2201 2586 2246 est
2605 2210 2756 2262 quant
2775 2198 2905 2267 falli.
2925 2198 3028 2254 Sed
3059 2201 3131 2255 ait
3155 2205 3243 2271 qui
3274 2221 3358 2259 me
3377 2207 3554 2263 audit:

1975 2271 2239 2344 Numquid
2272 2277 2371 2333 hoc
2396 2289 2548 2348 potes
2583 2283 2651 2337 de
2695 2285 2908 2341 Christo
2955 2289 3150 2354 dicere,
3183 2295 3304 2362 quia
3349 2297 3428 2350 vel
3453 2313 3556 2352 non

1978 2369 2148 2436 potuit
2192 2369 2412 2440 implere
2463 2389 2582 2443 qua:
2632 2377 2859 2445 volebat,
2903 2382 2986 2435 vel
3029 2382 3204 2439 futura
3255 2389 3558 2444 nesciebat?

1975 2461 2120 2517 Bene
2149 2463 2281 2533 agis,
2314 2465 2450 2520 bene
2486 2471 2741 2537 suggeris,
2795 2481 2939 2526 recte
2983 2489 3327 2532 commones:
3360 2481 3452 2535 sed
3478 2523 3494 2548 ,
3524 2499 3558 2537 ο

1977 2549 2166 2617 homo,
2190 2555 2386 2622 partire
2421 2571 2624 2611 mecum
2656 2560 3089 2617 sullititudinetn.
3119 2566 3287 2633 Quem
3325 2585 3430 2624 non
3457 2587 3558 2626 au-

1976 2640 2164 2697 demus
2191 2645 2371 2701 dicere
2394 2648 2571 2703 minus
2606 2651 2889 2720 valentem,
2918 2655 3176 2712 audemus
3203 2659 3382 2716 dicere
3409 2678 3559 2718 men-

1978 2733 2368 2806 tientem?Ego
2408 2739 2640 2808 quidem,
2693 2753 2946 2812 quantum
2985 2748 3252 2816 existimo,
3302 2762 3556 2821 quantum

1976 2839 2072 2893 pro
2102 2841 2218 2880 mea
2271 2827 2576 2886 infirmitate
2615 2832 2854 2901 judicare
2878 2851 3112 2904 possum,
3140 2840 3280 2910 eligo
3315 2851 3370 2896 ut
3395 2843 3557 2900 homo

1975 2915 2028 2969 in
2054 2915 2232 2987 aliquo
2260 2918 2491 2987 fallatur,
2514 2938 2670 2992 quam
2703 2935 2758 2979 ut
2791 2927 2844 2981 in
2886 2929 3062 2999 aliquo
3089 2936 3393 2991 mentiatur.
3424 2938 3558 2995 Falli

1974 3006 2116 3060 enim
2134 3010 2363 3077 pertinet
2381 3012 2447 3067 ad
2464 3014 2846 3085 infirmitatem,
2869 3022 3080 3076 mentiri
3107 3023 3172 3078 ad
3204 3025 3553 3096 iniquitatem.

1977 3095 2162 3162 Odisti,
2188 3100 2378 3170 inquit,
2404 3102 2640 3169 Domine,
2696 3125 2866 3177 omnes
2889 3111 2975 3180 qui
3001 3126 3276 3182 aperantur
3298 3095 3555 3189 iniquita-

1973 3195 2091 3241 tem.
2116 3189 2184 3244 Ει
2210 3193 2460 3247 continuo
2494 3213 2508 3249 :
2533 3195 2723 3250 Perdes
2749 3217 2920 3255 omnes
2940 3203 3024 3270 qui
3046 3204 3318 3274 loquuntur
3343 3212 3554 3265 menda-

1973 3279 2105 3332 cium
2136 3279 2305 3351 (Psal.
2327 3300 2381 3345 v,
2407 3285 2484 3355 7).
2525 3286 2629 3340 Aut
2679 3291 3003 3347 tantumdem
3032 3295 3174 3349 valet
3220 3297 3471 3368 iniquitas
3499 3312 3555 3356 et

1973 3371 2340 3441 mendacium;
2365 3386 2457 3431 aut
2483 3379 2603 3448 plus
2627 3389 2709 3434 est
2735 3380 2943 3450 Pcrdes,
2974 3401 3130 3455 quam
3165 3388 3346 3444 Odisti.
3372 3392 3556 3464 Neque

1972 3462 2115 3517 enim
2145 3464 2234 3533 qui
2262 3464 2386 3519 odio
2424 3467 2670 3536 habetur,
2699 3473 2949 3528 continuo
2994 3475 3290 3544 perditione
3317 3462 3552 3549 punitur.

1975 3553 2172 3609 Verum
2199 3557 2268 3610 sit
2293 3557 2379 3611 illa
2403 3561 2647 3628 qumstio,
2693 3572 2870 3616 utrum
2911 3565 3196 3634 aliquando
3222 3571 3436 3626 mentiri
3455 3589 3553 3628 ne-

1973 3657 2124 3698 cesse
2162 3644 2272 3700 sit:
2305 3662 2409 3701 non
2452 3651 2596 3703 enim
2642 3651 2802 3706 modo
2847 3654 3112 3710 discutio:
3145 3658 3406 3716 latebrosa
3449 3673 3552 3723 est.

1973 3732 2166 3788 multos
2192 3735 2342 3790 sinus
2367 3736 2555 3803 habet;
2607 3755 2713 3795 non
2739 3753 2890 3798 vacat
2940 3762 3127 3802 omnes
3157 3763 3363 3819 secare,
3392 3763 3447 3808 et
3486 3756 3552 3809 ad

1971 3823 2148 3878 vivum
2171 3827 2470 3895 pervenire.
2521 3829 2661 3901 Ergo
2698 3832 2815 3901 ejus
2842 3837 3046 3890 curatio
3082 3837 3135 3891 in
3179 3847 3385 3909 tempus
3409 3845 3552 3899 aliud

1971 3913 2280 3982 differatur;
2308 3916 2550 3975 fortassis
2575 3924 2716 3976 enim
2739 3925 2856 3979 sine
2897 3939 3144 3984 sermone
3171 3939 3355 3986 nostro
3377 3933 3551 3990 divina

1971 4005 2322 4076 opitulatione
2371 4012 2665 4067 sanabitur.
2717 4014 2822 4069 Sed
2871 4017 2996 4086 quid
3043 4019 3245 4087 distuli,
3273 4024 3399 4092 quid
3430 4026 3555 4082 volo

1971 4097 2132 4154 hodie
2158 4108 2405 4168 tractare,
2436 4103 2697 4161 intendite
2722 4116 2777 4161 et
2807 4109 3132 4180 distinguite.
3163 4115 3242 4168 An
3269 4116 3554 4186 aliquando

1973 4191 2340 4247 mentiendum
2369 4193 2460 4261 sit,
2495 4194 2632 4250 hanc
2671 4197 2779 4251 dixi
2807 4198 3078 4255 difficilem
3122 4213 3173 4258 et
3200 4205 3552 4263 latebrosissi-

1969 4295 2112 4334 mam
2143 4283 2511 4351 qumstionem,
2546 4287 2682 4341 hanc
2722 4287 2930 4343 differo.
2982 4290 3168 4347 Utrum
3197 4304 3374 4350 autem
3400 4296 3554 4354 Chri-

1972 4380 2085 4427 stus
2112 4375 2367 4429 mentitus
2401 4376 2489 4444 sit,
2514 4385 2689 4432 utrum
2721 4379 2927 4436 Veritas
2963 4383 3159 4453 aliquid
3188 4385 3375 4441 falsum
3406 4389 3556 4446 dixe-

1969 4463 2070 4530 rit,
2114 4464 2215 4520 hoc
2260 4465 2422 4523 hodie
2467 4472 2799 4540 suscepimus
2838 4473 3093 4530 admoniti
3141 4493 3206 4532 ex
3249 4481 3554 4552 evangelica

1969 4555 2217 4612 lectione.
2472 4611 2480 4615 -

2041 4650 2094 4704 4.
2127 4648 2266 4703 Falli
2306 4659 2352 4704 et
2390 4653 2588 4706 mentiri
2610 4655 2860 4724 quomodo
2905 4657 3164 4724 di/i'erant.
3193 4661 3329 4729 Quid
3377 4673 3554 4720 autem

1973 4739 2180 4794 intersit
2225 4742 2361 4796 inter
2403 4741 2510 4796 falli
2541 4754 2596 4798 et
2639 4747 2873 4812 mentiri,
2913 4747 3147 4806 breviter
3165 4753 3306 4808 dico.
3334 4753 3555 4810 Fallitur

1973 4832 2062 4901 qni
2095 4841 2241 4902 putat
2268 4849 2452 4888 verum
2487 4849 2606 4888 esse
2636 4836 2777 4904 quod
2823 4836 2969 4902 dicit,
3002 4848 3057 4894 et
3095 4854 3214 4911 quia
3247 4858 3431 4898 verum
3453 4861 3556 4915 pu-

1973 4934 2072 4992 tat,
2102 4927 2222 4982 ideo
2251 4927 2398 4981 dicit.
2435 4927 2545 4981 Iloc
2594 4937 2772 4982 autem
2802 4929 2945 4998 quod
2986 4931 3114 4986 dicit
3137 4934 3227 5004 qui
3255 4933 3474 5002 fallitur,
3505 4937 3552 4990 si

1972 5033 2156 5072 verum
2184 5025 2348 5082 esset,
2376 5033 2482 5071 non
2512 5017 2787 5072 falleretur
2813 5034 2828 5072 :
2857 5020 2902 5073 si
2933 5035 3036 5074 non
3063 5023 3235 5076 solum
3261 5039 3444 5080 verum
3469 5041 3556 5082 es-

1972 5117 2074 5175 set,
2119 5109 2212 5163 sed
2242 5109 2400 5162 etiam
2441 5123 2626 5163 verum
2671 5123 2790 5164 esse
2828 5111 3008 5176 sciret,
3054 5128 3159 5167 non
3214 5117 3552 5173 mentiretur.

1974 5200 2196 5255 Fallitur
2223 5215 2372 5270 ergo,
2412 5201 2532 5270 quia
2565 5199 2753 5256 falsum
2792 5209 2894 5270 est,
2927 5213 2980 5258 et
3004 5221 3187 5260 verum
3217 5216 3396 5277 putat;
3429 5209 3557 5267 dicit

1974 5304 2152 5349 autem
2179 5294 2391 5349 nonnisi
2415 5293 2536 5364 quia
2564 5309 2752 5348 verum
2775 5303 2944 5365 putat.
2979 5297 3143 5353 Error
3163 5307 3245 5354 est
3289 5301 3341 5356 in
3369 5301 3555 5358 huma-

1973 5404 2040 5442 na
2080 5387 2401 5452 inﬁrmitate,
2456 5385 2552 5441 sed
2595 5403 2700 5442 non
2742 5389 2905 5443 estin
2944 5390 3284 5446 conscientiae
3307 5394 3555 5449 sanitate.

1975 5480 2226 5550 Quisquis
2255 5489 2434 5534 autem
2455 5479 2641 5534 falsum
2670 5489 2820 5549 putat
2847 5494 2966 5536 esse
2984 5491 3037 5535 et
3062 5497 3159 5550 pro
3187 5499 3314 5538 vero
3343 5487 3552 5552 asserit,

1974 5572 2088 5642 ipse
2110 5571 2610 5635 mentitum-Videte,
2642 5569 2832 5625 fratres
2861 5570 2987 5636 mei,
3029 5572 3339 5644 distinguite
3370 5577 3555 5633 nutriti

1975 5661 2028 5717 in
2052 5661 2308 5726 Ecclesia,
2332 5661 2522 5715 eruditi
2550 5661 2602 5714 in
2621 5660 2907 5729 Scripturis
2921 5660 3221 5728 dominicis,
3245 5681 3349 5721 non
3371 5659 3554 5734 rudes,

1979 5770 2083 5811 non
2115 5753 2318 5821 rustici,
2358 5768 2464 5809 non
2497 5752 2695 5810 idiotte.
2727 5753 2864 5810 Sunt
2881 5753 3023 5811 enim
3050 5754 3188 5813 inter
3216 5771 3312 5814 vos
3335 5755 3478 5814 docti
3501 5769 3554 5814 et
