3850 6188
476 330 576 393 739

470 444 660 501 eruditi
690 443 785 498 viri
813 450 866 496 et
911 436 1324 509 quibuscumque
1352 422 1555 489 Elitteris
1577 447 1681 487 non
1712 432 2050 486 mediocriter

472 536 714 592 instructi
740 552 753 587 :
784 542 836 587 ct
861 532 947 601 qui
995 532 1110 583 illas
1139 529 1341 583 litteras
1364 542 1482 597 quae
1508 525 1751 580 liberales
1774 533 2047 586 vocantur,

470 642 574 681 non
603 622 880 685 didicistis,
912 622 1029 689 plus
1058 628 1139 674 est
1191 617 1333 689 quod
1366 617 1417 671 in
1446 630 1692 670 sermone.
1744 615 1836 669 Dei
1871 614 2053 667 nutriti

468 716 617 773 estis.
646 714 701 770 Si
741 714 925 767 laboro
966 712 1017 765 in
1054 708 1369 781 explicando
1403 706 1543 769 quod
1585 706 1779 773 sentio,
1808 704 2056 774 adjuvate

468 820 553 860 me
601 813 657 859 et
713 803 1003 857 attentione
1053 798 1299 855 audiendi
1330 808 1383 853 et
1439 796 1714 867 prudentia
1765 793 2052 865 cogitandi.

466 893 576 950 Nec
600 893 944 963 adjuvabitis,
995 892 1093 946 nisi
1124 889 1467 958 adjuvemini.
1501 888 1652 943 Unde
1695 887 1918 941 invicem
1960 900 2054 954 pro

468 986 622 1041 nobis
652 1000 886 1047 oremus.
936 993 991 1038 et
1039 996 1322 1037 commune
1372 980 1691 1051 adjutorium
1736 979 1935 1049 pariter
1958 990 2051 1032 ex~

467 1086 785 1145 spectemus.
819 1075 1058 1140 Fallitur,
1089 1074 1177 1144 qui
1202 1088 1323 1128 cum
1353 1073 1422 1127 sit
1446 1071 1658 1135 falsum,
1690 1086 1875 1126 verum
1904 1078 2055 1139 putat

467 1184 590 1223 esse
616 1166 754 1237 quod
782 1167 909 1222 dicit
933 1183 946 1220 :
975 1166 1226 1221 mentitur
1250 1171 1449 1229 autem,
1478 1163 1567 1233 qui
1598 1162 1785 1217 falsum
1806 1175 1925 1216 esse
1951 1161 2053 1213 ali-

465 1258 592 1327 quid
624 1266 806 1327 putat,
848 1265 901 1310 et
929 1269 1023 1325 pro
1050 1269 1178 1309 vero
1218 1252 1377 1319 dicit,
1422 1253 1535 1307 sive
1564 1248 1691 1306 illud
1732 1263 1915 1305 verum
1962 1249 2051 1314 sit,

465 1347 578 1405 sive
606 1348 813 1402 falsum.
845 1346 1123 1401 Intuemini
1149 1345 1275 1416 quid
1304 1342 1623 1399 addiderim.
1652 1342 1775 1398 Sive
1802 1339 1930 1395 illud
1958 1354 2051 1395 ve-

467 1454 583 1493 rum
600 1440 687 1502 sit,
714 1439 825 1493 sive
848 1437 1056 1503 falsum,
1084 1446 1257 1491 tamen
1287 1435 1375 1507 qui
1398 1435 1585 1489 falsum
1613 1443 1778 1503 putat,
1796 1441 1850 1487 et
1866 1446 2051 1486 verum

464 1532 677 1595 asserit,
697 1530 948 1584 mentitur
974 1546 987 1582 :
1019 1528 1203 1583 fallere
1232 1528 1461 1583 allectat.
1482 1525 1618 1594 Quid
1642 1524 1784 1580 enim
1815 1522 1862 1578 ei
1889 1522 2051 1593 prodâ€”

465 1629 568 1684 est,
602 1624 722 1688 quia
756 1635 939 1674 verum
964 1620 1083 1673 est?
1113 1619 1332 1673 Interim
1364 1618 1475 1687 ipse
1506 1618 1607 1671 hoc
1652 1615 1840 1669 falsum
1871 1622 2050 1685 putat,

466 1720 521 1764 et
547 1711 673 1764 dicit
705 1720 954 1780 tanquam
1002 1725 1185 1763 verum
1230 1710 1319 1764 sit.
1374 1708 1571 1763 Verum
1597 1715 1680 1762 est
1733 1706 1785 1760 in
1836 1719 1894 1759 se
1925 1703 2050 1758 illud

469 1800 610 1868 quod
636 1798 784 1864 dicit,
817 1799 868 1851 in
904 1813 962 1852 se
991 1814 1174 1852 verum
1204 1806 1287 1859 est
1317 1814 1331 1851 :
1364 1796 1503 1867 apud
1552 1796 1700 1850 illum
1728 1795 1916 1849 falsum
1946 1802 2047 1859 est,

472 1905 577 1942 nun
598 1889 698 1943 hoc
726 1888 886 1942 habet
900 1888 1222 1943 conscientia
1248 1888 1364 1958 ejus
1382 1887 1522 1958 quod
1548 1888 1809 1957 loquitur;
1829 1886 1970 1941 aliud
1997 1886 2048 1940 in

466 1995 527 2033 se
552 1979 749 2050 cogitat
774 1995 957 2033 verum
980 1994 1119 2047 esse,
1143 1978 1286 2033 aliud
1303 1977 1447 2033 foras
1468 1977 1668 2048 profert
1689 1993 1783 2047 pro
1807 1978 2046 2031 veritate.

474 2069 672 2138 Duplex
692 2086 784 2123 cor
814 2079 916 2135 est,
946 2085 1049 2124 neu
1073 2070 1294 2139 simplex
1324 2087 1336 2123 :
1370 2084 1474 2123 non
1501 2070 1639 2139 quod
1666 2069 1736 2123 ibi
1764 2068 1921 2123 habet
1948 2069 2049 2124 hoc

469 2160 689 2227 profert.
716 2159 919 2228 Duplex
946 2175 1042 2213 eor
1066 2159 1191 2212 olim
1232 2159 1594 2229 reprobatum.
1623 2157 1782 2212 Labia
1802 2159 1977 2214 dolosa
1996 2160 2049 2213 in

465 2252 614 2305 corde
640 2260 684 2304 et
706 2251 857 2305 corde
878 2250 1031 2305 loculi
1061 2262 1176 2304 sunt
1206 2252 1340 2304 mala
1366 2248 1535 2322 (Psal.
1566 2266 1638 2316 xi,
1668 2250 1744 2322 5).
1768 2251 2049 2307 Sulllceret

470 2353 527 2398 ut.
554 2344 777 2408 diceret,
809 2344 862 2397 in
882 2343 1035 2397 corde
1060 2343 1214 2396 locuti
1236 2351 1351 2396 sunt
1381 2343 1553 2405 mala;
1584 2343 1672 2396 ubi
1696 2352 1776 2397 est
1795 2342 1928 2396 labia
1952 2343 2046 2397 do-

464 2437 575 2487 losa
594 2436 619 2487 2
642 2435 778 2500 Quid
803 2446 886 2489 est
914 2434 1108 2488 dolus?
1134 2434 1268 2487 Cum
1299 2433 1440 2487 aliud
1472 2434 1662 2502 agitur,
1697 2432 1837 2486 aliud
1860 2434 2050 2489 obten-

463 2524 625 2577 ditur.
653 2522 812 2576 Labia
833 2523 1009 2577 dolosa
1036 2538 1139 2576 non
1163 2523 1388 2592 simplex
1410 2538 1530 2587 cor;
1564 2535 1615 2577 et
1633 2524 1756 2593 quia
1782 2540 1888 2579 non
1914 2524 2045 2579 sim-

466 2615 583 2682 plex
614 2629 726 2678 cor,
758 2614 880 2668 ideo
922 2614 974 2667 in
1002 2613 1153 2667 corde
1180 2624 1227 2667 et
1256 2614 1441 2680 corde;
1470 2614 1589 2669 ideo
1617 2616 1698 2671 bis
1725 2617 1895 2682 corde,
1925 2618 2047 2688 quia

460 2699 660 2776 duplex
682 2720 792 2760 cor.

534 2798 587 2853 5.
624 2796 733 2851 Nec
760 2796 875 2866 [alii
906 2806 1064 2867 potest
1093 2795 1321 2852 Christus
1340 2838 1355 2862 ,
1397 2814 1484 2851 uec
1512 2799 1732 2852 mentiri.
1766 2800 2045 2857 Dominum

464 2903 592 2957 ergo
621 2886 804 2942 Iesum
840 2888 1111 2942 Christum
1141 2888 1266 2958 quid
1286 2890 1676 2957 existimamus,
1706 2893 1827 2961 quia
1852 2892 2047 2947 menti-

462 2986 549 3034 tus
573 2981 694 3035 est?
720 2979 775 3033 Si
799 2979 974 3034 minus
1020 2988 1103 3034 est
1151 2981 1273 3044 falli,
1305 2996 1461 3049 quam
1492 2982 1737 3048 mentiri;
1770 2998 1927 3053 quem
1966 2984 2049 3039 di-

464 3087 587 3126 cere
614 3088 719 3125 uon
760 3070 1017 3125 audemus
1065 3070 1209 3136 falli,
1262 3070 1440 3126 dicere
1491 3072 1749 3127 audemus
1789 3073 2047 3130 mentiri?

467 3161 556 3215 Ille
581 3176 708 3216 vero
736 3176 833 3215 nec
864 3160 1076 3225 fallitur,
1107 3176 1205 3215 nec
1223 3163 1509 3215 mentitur:
1541 3161 1633 3216 sed
1655 3162 1891 3230 omnino,
1912 3163 2047 3218 sicut

463 3252 717 3321 scriptum
747 3260 829 3306 est
860 3250 949 3318 (de
975 3250 1066 3304 illo
1092 3250 1288 3319 quippe
1318 3249 1651 3320 intelligitur,
1672 3252 1737 3305 de
1769 3252 1858 3306 illo
1885 3252 2045 3307 debet

467 3340 732 3412 intelligi),
776 3340 914 3395 Nihil
959 3340 1153 3396 falsum
1198 3340 1393 3395 dicitur
1434 3341 1570 3412 regi,
1616 3351 1667 3396 et
1696 3342 1825 3397 nihil
1852 3344 2042 3398 falsum

460 3432 603 3487 exiet
625 3432 693 3485 de
718 3447 811 3486 ore
840 3431 972 3501 ejus.
1006 3430 1060 3486 Si
1083 3445 1261 3501 regem
1288 3431 1577 3500 quemlibet
1598 3432 1864 3487 hominem
1889 3433 2040 3502 dixit,

461 3536 639 3589 regem
668 3521 932 3575 Christum
964 3521 1073 3591 regi
1112 3520 1310 3575 homini
1339 3535 1731 3591 prmpouamus.
1754 3523 1808 3578 Si
1839 3534 2039 3590 autem,

460 3611 602 3679 quod
630 3612 804 3665 verius
832 3611 1139 3680 intelligitur
1158 3652 1174 3677 ,
1205 3609 1447 3666 Christus
1481 3621 1562 3666 est
1590 3611 1658 3666 de
1677 3628 1784 3683 quo
1810 3613 1950 3668 dixit
1968 3616 2041 3685 (ei

461 3703 660 3772 quippe
687 3704 878 3757 falsum
904 3703 1036 3757 nihil
1063 3702 1275 3769 dicitur,
1304 3702 1425 3773 quia
1453 3717 1560 3759 non
1590 3703 1815 3770 fallitur;
1847 3721 1912 3761 ex
1928 3705 2042 3776 ejus

462 3807 557 3847 ore
585 3793 714 3846 nihil
741 3793 856 3847 falsi
897 3792 1165 3862 procedit,
1192 3792 1314 3861 quia
1343 3807 1446 3848 non
1488 3792 1763 3866 mentitur)
1790 3811 1804 3857 ;
1836 3810 2042 3865 quaera-

462 3897 581 3936 mus
618 3882 884 3951 quomodo
934 3882 1221 3951 capitulum
1262 3882 1623 3953 evangelicum
1666 3884 2037 3955 intelligamus,

457 3982 517 4028 et
546 3991 649 4028 nou
689 3975 993 4045 voraginem
1020 3972 1277 4029 mendacii
1303 3974 1454 4045 quasi
1477 3973 1684 4030 emlesti
1729 3976 2041 4034 auctoritate

459 4074 849 4120 constt-uanius.
879 4066 970 4119 Est
990 4074 1166 4119 autem
1194 4065 1475 4121 absurdius
1501 4081 1744 4136 quaerere
1771 4082 2040 4137 exponere

467 4156 744 4210 veritatem
795 4166 851 4211 et
905 4156 1077 4210 locum
1122 4171 1417 4226 prmparare
1464 4157 1761 4213 mendacio.
1786 4157 1921 4224 Quid
1953 4174 2039 4215 me

454 4245 639 4310 doces,
670 4260 801 4316 rogo
827 4255 900 4313 te,
931 4246 1021 4315 qui
1043 4246 1330 4314 capitulum
1349 4247 1449 4301 hoc
1477 4248 1707 4317 exponis
1725 4249 2037 4319 mihi?quid

455 4352 544 4391 me
569 4338 650 4390 vis
674 4336 902 4391 docere?
926 4335 1117 4390 Nescio
1144 4344 1318 4391 utrum
1353 4338 1553 4393 audeas
1588 4340 1787 4407 dicere,
1811 4339 2035 4395 Falsita-

455 4436 587 4479 tem.
616 4425 748 4479 Nam
780 4425 822 4479 si
853 4439 1014 4479 ausus
1039 4424 1203 4480 fueris
1220 4426 1321 4481 hoc
1343 4426 1543 4492 dicere,
1568 4438 1751 4484 averto
1779 4444 1956 4492 aures,
1984 4439 2038 4485 et

454 4514 645 4569 obturo
662 4514 847 4582 spinis,
874 4515 991 4567 utsi
1014 4522 1283 4569 coarctare
1306 4518 1610 4585 tentaveris,
1630 4520 1787 4573 etiam
1810 4530 2036 4589 punctus

453 4603 736 4659 abscedam
757 4604 957 4674 absque
1001 4604 1245 4674 exposito
1296 4606 1602 4675 Evangelio.
1630 4608 1723 4663 Dic
1750 4610 1878 4663 mihi
1909 4610 2034 4680 quid

451 4712 541 4752 tne
565 4696 699 4751 velis
723 4695 942 4763 docere,
973 4706 1027 4751 et
1048 4695 1252 4752 solvisti
1277 4699 1645 4768 qutestionem.
1673 4700 1785 4766 Dic,
1815 4717 1911 4757 oro
1941 4712 1990 4758 te
2016 4722 2029 4757 :

452 4803 581 4842 ecce
606 4786 830 4851 adsum;
873 4802 1030 4841 aures
1065 4796 1266 4857 patent,
1311 4804 1405 4843 cor
1449 4799 1687 4858 paratum
1726 4800 1826 4854 est,
1876 4793 2030 4849 doce.

452 4878 558 4934 Sed
579 4892 760 4949 qumro
800 4878 964 4949 quid?
1012 4879 1125 4934 Non
1152 4895 1218 4934 eo
1245 4897 1339 4951 per
1384 4882 1566 4935 multa.
1616 4884 1748 4951 Quid
1780 4885 2033 4941 docturus

451 4972 546 5025 es?
583 4972 981 5042 Quamcumque
1025 4971 1320 5027 doctrinam
1370 4974 1421 5027 in
1476 4975 1649 5029 medio
1689 4987 2027 5044 versaturus,

459 5060 708 5132 quidquid
738 5077 1020 5116 nervorum
1061 5063 1115 5116 in
1157 5062 1514 5134 disputatione
1544 5065 1898 5136 adhibiturus,
1930 5070 2030 5124 hoc

453 5152 621 5207 aulum
649 5152 757 5217 die,
786 5168 946 5206 unum
977 5152 1044 5206 de
1070 5152 1277 5207 duobus
1294 5154 1562 5225 interrogo
1592 5174 1605 5210 :
1635 5157 1917 5213 Veritatem
1943 5175 2029 5214 me

450 5241 702 5297 docturus
722 5256 801 5304 es,
830 5256 896 5296 an
916 5241 1231 5297 falsitatem?
1250 5242 1385 5310 Quid
1404 5254 1645 5313 putamus
1669 5262 1789 5302 eum
1811 5264 2029 5320 respon-

450 5347 656 5400 surum,
685 5348 751 5387 ne
779 5333 1031 5389 abscedat
1055 5354 1067 5399 ;
1098 5350 1165 5390 ne
1205 5334 1438 5390 hiantem
1464 5345 1519 5391 et
1542 5338 1701 5393 verba
1728 5340 2029 5409 exprimere

449 5440 729 5486 conantem
768 5432 1020 5488 continuo
1047 5431 1326 5486 deseram?
1354 5431 1478 5502 quid
1521 5436 1877 5502 promissurus
1916 5446 2023 5499 est,

451 5522 555 5576 nisi
581 5524 891 5578 veritatem?
934 5524 1134 5589 Audio,
1182 5533 1299 5589 sto,
1345 5535 1627 5594 exspecto,
1674 5528 2026 5585 intentissime

449 5624 723 5679 exspecto.
756 5614 900 5669 Ecce
939 5615 1028 5671 ille
1063 5616 1150 5685 qui
1186 5616 1525 5685 promittebat
1549 5632 1606 5671 se
1630 5618 1909 5674 docturum
1940 5636 2024 5676 me

458 5699 751 5765 veritatem,
781 5702 845 5756 de
873 5702 1085 5758 Christo
1114 5704 1346 5761 insinuat
1398 5706 1699 5762 falsitatem.
1743 5707 2022 5777 Quomodo

1675 323 1729 376 S.
1774 316 2042 375 AUGUST

2184 302 2479 373 EPISCOPI
3580 338 3659 393 Ï€Î¿

2167 428 2325 498 igitur
2352 429 2629 482 veritatem
2657 427 2933 492 docturus,
2974 426 3244 486 Christum
3290 438 3554 497 mendacem
3577 447 3662 503 dic.

2162 520 2346 574 turus?
2371 518 2428 574 Si
2448 518 2688 574 Christus
2716 521 2987 584 mentitur,
3005 523 3311 590 sperandum
3329 538 3401 582 est
3417 532 3525 587 mihi
3545 541 3654 605 quod

2162 618 2215 663 tu
2243 608 2369 663 mihi
2400 624 2582 663 verum
2609 610 2846 664 dicturus
2869 609 2964 664 es?

2230 700 2284 754 6.
2317 699 2400 753 Ea:
2436 701 2547 769 ipsa
2586 698 2848 770 Evangelii
2884 701 3086 754 veritate
3124 702 3339 761 Christus
3377 724 3407 760 a
3444 715 3655 769 mendacio

2158 791 2464 845 vindicatus.
2528 791 2661 846 Vide
2722 792 2882 847 aliud.
2940 792 3074 861 Quid
3129 794 3286 850 dicit?
3337 798 3554 859 Mentitus
3599 822 3659 864 ea

2159 882 2424 937 Christus.
2467 881 2605 948 Ubi,
2647 898 2775 952 rogo
2814 883 2901 936 te?
2933 883 3029 937 Ubi
3067 883 3195 938 dixit
3218 926 3230 947 .
3264 885 3375 942 Non
3404 895 3588 948 ascendo
3610 901 3659 949 ad

2159 971 2291 1023 diem
2324 974 2525 1042 festum,
2558 982 2609 1025 et
2641 973 2896 1026 ascendit.
2925 973 3034 1042 Ego
3060 974 3267 1043 quidem
3292 985 3573 1046 perscrutari
3596 1002 3661 1042 vc.

2159 1061 2249 1115 lim
2278 1062 2434 1116 istum
2461 1064 2635 1117 locum
2659 1105 2672 1128 ,
2710 1078 2776 1119 ne
2804 1062 2943 1117 forte
2968 1079 3072 1117 non
3099 1065 3166 1118 sit
3189 1064 3418 1123 Christus
3440 1076 3660 1130 mentitus.

2160 1152 2271 1207 Itno
2311 1154 2431 1223 quia
2469 1168 2575 1208 non
2607 1150 2792 1209 dubito
2830 1154 3095 1209 Christum
3136 1171 3239 1208 non
3266 1172 3380 1213 esse
3407 1163 3663 1231 mentitum,

2160 1244 2334 1299 locum
2366 1246 2522 1299 istum
2551 1256 2641 1300 aut
2670 1247 3046 1316 perscrutabor
3072 1256 3127 1301 et
3156 1249 3427 1319 intelligam
3447 1292 3461 1314 ,
3489 1265 3563 1307 aut
3586 1273 3663 1311 noa

2157 1333 2453 1404 intelligens
2482 1334 2743 1390 differam.
2774 1335 3047 1390 Christum
3090 1345 3262 1391 tamen
3296 1341 3545 1396 mentitum
3574 1361 3666 1400 esse

2156 1438 2264 1478 non
2285 1424 2478 1479 dicam.
2517 1422 2622 1480 Fac
2654 1442 2738 1480 me
2777 1441 2882 1480 non
2924 1426 3247 1483 intellexisse
3277 1446 3289 1480 :
3326 1429 3563 1486 discedam
3594 1450 3665 1488 ne-

2156 1515 2352 1571 sciens.
2391 1516 2576 1571 Melius
2609 1525 2692 1572 est
2727 1518 2868 1572 enim
2906 1532 3027 1572 cum
3072 1518 3265 1587 pietate
3302 1522 3519 1587 nescire,
3545 1540 3665 1592 quam

2155 1624 2277 1662 cum
2302 1608 2502 1662 insania
2520 1607 2779 1678 judicare.
2811 1610 3013 1664 Tamen
3038 1619 3306 1665 â€˜tentamus
3334 1611 3593 1680 discutere,
3619 1630 3667 1669 ne

2156 1698 2292 1754 forte
2309 1701 2399 1753 illo
2420 1700 2700 1769 adjuvante
2717 1701 2805 1770 qui
2823 1699 3034 1754 Veritas
3050 1710 3151 1767 est,
3166 1702 3355 1770 aliquid
3376 1704 3664 1768 inveniamus,

2154 1790 2351 1861 aliquid
2381 1800 2435 1846 et
2464 1792 2826 1858 inveniamur,
2867 1801 2920 1846 et
2960 1791 3134 1861 ipsum
3164 1793 3357 1863 aliquid
3392 1811 3486 1849 non
3521 1797 3605 1850 erit
3629 1797 3665 1850 in

2154 1884 2373 1937 veritate
2411 1883 2766 1938 mendacium.
2807 1884 2937 1938 Nam
2966 1884 3010 1938 si
3038 1885 3353 1954 qumrendo,
3394 1887 3666 1942 mendacium

2155 1975 2386 2039 invenio;
2414 1992 2519 2030 non
2549 1976 2747 2045 aliquid
2767 2018 2780 2040 ,
2810 1977 2902 2031 sed
2934 1976 3068 2030 nihil
3099 1976 3326 2031 invenio.
3358 1978 3486 2048 Ergo
3505 1994 3667 2049 (Î¼Ï…Ï‰Ï€Î¹-

2154 2083 2271 2122 mus
2305 2067 2393 2122 tibi
2436 2067 2570 2122 dicis
2602 2068 2873 2122 Christum
2914 2083 3037 2122 esse
3078 2069 3368 2122 mentitum.
3397 2068 3515 2136 Quia
3540 2070 3666 2132 dixit,

2156 2156 2343 2227 inquit,
2370 2156 2489 2209 Non
2519 2158 2736 2211 ascendo
2756 2157 2824 2209 ad
2845 2157 2975 2211 diem
2998 2158 3205 2227 festum,
3231 2166 3282 2211 et
3305 2158 3534 2213 ascendit.
3558 2158 3669 2213 Unde

2151 2248 2257 2303 scis
2285 2263 2405 2302 eum
2429 2246 2666 2303 dixisse?
2693 2248 2828 2316 Quid
2854 2290 2869 2316 ,
2898 2248 2943 2304 si
2978 2264 3084 2318 ego
3107 2249 3277 2303 dicam
3301 2290 3314 2313 ,
3344 2250 3440 2303 imo
3458 2266 3548 2303 non
3566 2264 3666 2319 ego,

2150 2340 2245 2397 sed
2275 2341 2498 2411 aliquis;
2529 2341 2665 2395 absit
2692 2341 2834 2394 enim
2880 2350 2935 2394 ut
2976 2340 3084 2395 hoc
3121 2356 3220 2409 ego
3257 2340 3420 2396 dicam
3449 2358 3461 2394 :
3489 2340 3616 2411 quid,
3637 2341 3668 2393 si

2151 2430 2295 2485 dicat
2322 2431 2485 2497 alius,
2512 2430 2623 2485 Hoc
2651 2431 2895 2486 Christus
2927 2447 3035 2485 non
3066 2431 3231 2487 dixit?
3260 2431 3392 2487 unde
3418 2429 3667 2494 convincis,

2154 2522 2293 2577 unde
2330 2522 2646 2592 probaturus
2687 2523 2784 2577 es?
2822 2523 3079 2579 Codicem
3107 2534 3416 2594 aperturas,
3442 2525 3668 2579 lectionem

2154 2613 2485 2681 inventurus,
2518 2612 2719 2668 homini
2749 2614 3233 2678 demonstraturus,
3266 2615 3368 2670 imo
3393 2629 3499 2669 cum
3524 2629 3667 2684 nisgna

2157 2702 2345 2757 ï¬ducia
2373 2705 2601 2773 pectoris
2622 2705 2887 2759 resistenti
2910 2705 3155 2761 codicem
3178 2706 3486 2775 impacturtts
3507 2723 3519 2759 :
3539 2705 3667 2769 Tene,

2150 2794 2386 2861 attende,
2414 2796 2549 2867 lege,
2573 2796 2917 2867 Evangelium
2939 2808 3151 2869 portas.
3173 2798 3307 2865 Quid
3327 2813 3463 2869 ergo,
3489 2813 3594 2869 rogo
3615 2808 3667 2859 to,

2149 2885 2275 2956 quid
2299 2887 2587 2943 conturbas
2607 2888 2873 2957 paululum
2900 2888 3007 2961 (a)?
3027 2889 3147 2945 Noli
3170 2904 3373 2961 urgere,
3394 2890 3470 2944 dic
3490 2888 3668 2958 planius,

2151 2976 2501 3046 tranquillius.
2530 2976 2670 3032 Ecce
2706 2977 3064 3048 Evangelium
3105 2989 3293 3051 porto,
3328 2988 3379 3034 et
3412 2978 3521 3049 quid
3548 2978 3672 3032 hinc?

2150 3068 2243 3124 Ille
2273 3087 2286 3122 :
2319 3069 2922 3140 Evangelium-loquitur
2949 3070 3226 3126 Christum
3249 3070 3436 3126 divisse
3460 3070 3577 3140 quod
3603 3084 3671 3122 ne-

2147 3174 2261 3230 gas.
2294 3160 2359 3214 Et
2387 3160 2508 3215 ideo
2530 3160 2721 3216 credes
2741 3160 2842 3215 hoc
2861 3161 3067 3218 dixisse
3096 3162 3382 3228 Christum,
3412 3161 3520 3231 quia
3539 3159 3670 3228 loqui-

2150 3260 2234 3306 tur
2260 3252 2631 3322 Evangelium?
2658 3251 2784 3307 Ideo
2806 3253 2983 3321 plane,
3020 3255 3216 3325 inquit.
3243 3254 3351 3324 Ego
3378 3252 3573 3307 multum
3598 3252 3672 3302 mi-

2148 3356 2260 3408 ror,
2287 3340 2552 3410 quomodo
2577 3342 2725 3397 dicas
2748 3344 2960 3398 mentiri
2991 3344 3270 3400 Christum
3294 3352 3347 3399 et
3377 3359 3472 3397 non
3506 3338 3671 3395 mentiri

2149 3430 2516 3501 Evangelium.
2538 3431 2643 3488 Sed
2663 3446 2732 3487 ne
2760 3432 2915 3498 forte,
2946 3448 3076 3489 cum
3101 3435 3222 3489 dico
3250 3432 3577 3503 Evangelium,
3599 3442 3669 3483 co-

2144 3519 2315 3575 dicem
2341 3510 2605 3586 atfendas,
2633 3521 3000 3576 membranam
3048 3533 3105 3579 et
3141 3533 3481 3579 atramentum
3514 3518 3672 3590 cogitas

2146 3611 2487 3681 Evangelium
2509 3653 2524 3678 ,
2556 3612 2681 3684 quid
2706 3612 2848 3668 dicat
2873 3613 2995 3669 vide
3026 3630 3261 3684 graecum
3291 3628 3473 3669 nomen
3500 3629 3513 3665 :
3537 3611 3669 3666 Evan-

2144 3703 2338 3773 gelium
2366 3710 2449 3757 est
2473 3702 2643 3757 bonus
2661 3704 2895 3769 nuntius,
2922 3706 3010 3759 vel
3042 3705 3184 3760 bona
3203 3702 3535 3773 annuntiatio.
3554 3698 3668 3755 NII-

2144 3769 2247 3847 lius
2273 3806 2400 3863 ergo
2420 3806 2526 3847 non
2549 3794 2823 3858 mentitur,
2853 3803 2907 3848 et
2934 3795 3028 3863 qui
3058 3810 3185 3850 eum
3216 3795 3394 3861 misit,
3430 3769 3669 3847 mentitur?

2144 3883 2247 3940 Iste
2271 3885 2505 3950 nuntius,
2536 3883 2871 3956 Evangelista
2899 3888 3129 3954 scilicet,
3153 3898 3214 3944 ut
3239 3904 3425 3945 nomen
3450 3886 3589 3942 etiam
3606 3881 3668 3936 di-

2142 3990 2364 4044 camus,
2414 3976 2513 4031 iste
2552 3974 2786 4033 Joannes
2828 3978 2916 4046 qui
2961 3978 3067 4035 hoc
3109 3980 3360 4050 scripsit,
3402 3978 3465 4033 de
3503 3975 3670 4031 Christo

2143 4067 2397 4122 mentitus
2420 4076 2523 4132 est,
2545 4082 2614 4121 an
2642 4084 2823 4122 verum
2850 4068 3021 4123 dixit?
3044 4071 3198 4140 Elige
3226 4070 3366 4140 quod
3397 4069 3492 4135 vis,
3516 4079 3599 4136 ego
3620 4060 3669 4115 ad

2144 4166 2426 4228 utrmnque
2450 4166 2505 4213 te
2531 4158 2716 4215 audire
2737 4168 2951 4229 paratus
2972 4176 3116 4216 sum.
3144 4162 3201 4216 Si
3226 4163 3467 4216 mentitus
3484 4168 3571 4224 est,
3589 4169 3667 4209 non

2144 4259 2227 4303 est
2251 4250 2392 4303 unde
2419 4249 2611 4318 probes
2633 4249 2901 4305 Christum
2930 4252 3019 4306 illa
3038 4253 3262 4309 dixisse.
3290 4254 3347 4309 Si
3369 4266 3533 4308 verum
3549 4246 3667 4311 dixit,

2141 4339 2209 4393 de
2250 4340 2394 4394 fonte
2436 4339 2677 4394 falsitatis
2724 4340 2918 4395 veritas
2955 4357 3065 4396 non
3107 4342 3248 4397 lIuit.
3290 4342 3418 4409 Quis
3442 4348 3517 4395 est
3548 4334 3670 4391 fons?

2142 4431 2383 4486 Christus
2414 4449 2427 4485 :
2453 4431 2651 4486 rivulus
2674 4432 2744 4486 sit
2763 4432 3015 4489 Joannes.
3042 4434 3205 4490 Venit
3230 4434 3299 4490 ad
3319 4451 3402 4490 me
3420 4433 3611 4492 rivulus,
3628 4435 3670 4479 et

2141 4522 2273 4577 dicis
2309 4522 2437 4577 mihi
2460 4564 2474 4589 ,
2504 4523 2633 4578 Bibe
2663 4538 2883 4580 secums
2916 4543 2929 4579 :
2960 4535 3017 4581 et
3051 4543 3180 4583 eum
3208 4528 3275 4583 de
3311 4529 3422 4598 ipso
3453 4526 3576 4580 fonte
3608 4535 3673 4573 me

2144 4622 2366 4679 torreas,
2388 4628 2508 4667 cum
2538 4614 2588 4668 in
2616 4615 2758 4668 fonte
2778 4628 2895 4669 esse
2918 4615 3205 4672 falsitatem
3228 4616 3530 4683 dicas,dicis
3551 4609 3669 4671 mihi,

2141 4702 2269 4758 Bibe
2304 4718 2543 4759 securus.
2572 4704 2706 4771 Quid
2734 4705 2899 4759 bibo?
2937 4707 3074 4774 Quid
3105 4707 3245 4762 dixit
3270 4706 3528 4762 Joannes?
3548 4700 3669 4756 Chri-

2140 4802 2281 4847 stum
2308 4807 2429 4848 esse
2457 4794 2769 4848 mentitum?
2788 4794 2939 4850 Unde
2962 4796 3109 4850 venit
3132 4796 3402 4852 Joannes?
3421 4797 3458 4848 Î‘
3480 4790 3663 4847 Christo

2140 4884 2277 4940 Vera
2304 4885 2435 4940 mihi
2455 4886 2695 4941 dicturus
2714 4895 2792 4942 est
2814 4888 2901 4956 qui
2932 4888 2999 4943 ab
3031 4888 3127 4943 illo
3150 4890 3314 4949 venit.
3348 4904 3463 4943 eum
3491 4880 3661 4938 mentio

2137 4973 2293 5028 batur
2334 4974 2423 5029 ille
2470 4990 2498 5028 a
2546 4991 2653 5045 quo
2696 4976 2877 5030 venit?
2921 4977 3046 5047 Legi
3100 4979 3259 5048 plane
3305 4979 3356 5031 in
3401 4970 3667 5043 Evangelio.

2134 5064 2361 5120 Joannes
2388 5084 2537 5138 super
2564 5078 2735 5138 pectus
2767 5068 2971 5124 Domini
3002 5070 3351 5126 discumbebat
3383 5069 3544 5142 (Joan.
3570 5076 3668 5123 xm.

2134 5156 2227 5229 23)
2259 5176 2272 5212 :
2302 5157 2396 5213 sed
2419 5169 2546 5229 puto
2564 5161 2686 5229 quia
2704 5162 2979 5218 veritatem
3001 5162 3240 5218 bibebat.
3262 5162 3394 5232 Quid
3412 5160 3528 5214 vidit
3543 5166 3667 5221 super

2136 5257 2319 5318 peetus
2355 5250 2563 5305 Domini
2604 5251 2978 5309 discumbens?
3016 5253 3160 5322 Quid
3208 5253 3375 5310 bibit?
3412 5248 3552 5322 quid,
3592 5242 3668 5297 nisi

2134 5339 2274 5408 quod
2302 5342 2601 5396 ructuavit?
2630 5340 2696 5395 1Î·
2723 5344 2968 5412 principio
3000 5354 3112 5397 erat
3142 5344 3389 5409 Verbum,
3414 5351 3458 5394 et
3494 5335 3668 5391 Verbum

2133 5439 2238 5483 erat
2276 5432 2417 5501 apud
2451 5431 2644 5498 Deum,
2684 5442 2728 5487 et
2768 5433 2905 5488 Deus
2940 5445 3047 5489 erat
3096 5435 3312 5491 Verbum
3356 5449 3376 5488 :
3405 5432 3489 5485 hoc
3514 5432 3603 5482 eral
3629 5423 3671 5474 Î´á½·

2138 5521 2389 5590 principio
2438 5522 2577 5590 apud
2624 5521 2806 5578 Deum.
2856 5525 3039 5579 Omnia
3076 5543 3169 5595 per
3201 5528 3365 5596 ipsum
3401 5528 3524 5593 facta
3555 5521 3666 5572 said.

2135 5620 2180 5663 et
2208 5612 2315 5666 sine
2340 5613 2449 5681 ipso
2465 5617 2654 5682 factum
2679 5624 2749 5669 est
2778 5617 2923 5671 nihil.
2946 5616 3101 5685 Quod
3130 5620 3321 5690 factum
3341 5624 3425 5682 est,
3449 5612 3495 5666 in
3514 5624 3565 5664 Î¹Î¿
3589 5604 3670 5660 vi!â€œ

2196 5722 2268 5785 (Î±)
2305 5730 2461 5783 Forte,
2486 5726 2754 5787 parvulum.
