3934 6184
164 319 274 377 7H

154 448 251 503 est,
284 447 334 494 et
361 439 464 494 uita
491 446 602 492 erat
629 435 720 491 lux
747 435 1004 490 hominum
1023 475 1040 504 ,
1069 441 1113 487 ct
1133 435 1225 488 lux
1251 433 1305 486 in
1337 429 1549 485 tenebris
1585 430 1714 482 lucet
1735 467 1750 492 ,

152 541 197 586 et
237 530 458 588 tenebris
473 546 586 585 eam
606 545 707 584 non
731 527 1214 599 contpreltenderunt
1252 541 1271 578 :
1307 533 1482 579 tamen
1505 523 1645 577 lucet
1663 563 1678 585 ,
1700 529 1754 575 et

152 623 193 674 si
223 637 328 692 ego
351 621 488 676 forte
515 619 856 675 obscuritatis
899 616 1096 688 aliquid
1132 616 1336 680 habeo,
1374 628 1474 669 nec
1507 627 1752 682 compre-

153 712 403 768 hendere
440 712 507 766 ad
534 710 828 781 perfectum
861 709 1099 775 valeam,
1128 707 1218 763 illa
1251 706 1402 760 lucet.
1443 702 1568 758 Fuit
1602 704 1752 758 homo

151 802 346 858 missus
371 820 403 857 a
431 803 542 857 Deo
562 843 577 866 ,
625 802 708 856 cui
744 815 926 856 nomen
967 809 1076 854 erat
1110 798 1336 853 Joannes
1367 812 1386 852 :
1413 797 1496 851 hic
1525 796 1656 850 venit
1698 803 1754 848 ut

155 895 507 948 testimonium
539 892 820 964 perhiberet
861 895 932 951 de
964 891 1180 956 lumine,
1207 900 1263 945 ut
1289 905 1459 944 omnes
1497 887 1752 942 crederent

160 1001 248 1054 per
272 985 465 1056 ipsum.
491 981 612 1037 Non
639 992 748 1038 erat
767 982 856 1036 ille
878 981 1044 1036 lumen
1073 995 1092 1036 :
1119 981 1274 1052 quis?
1291 981 1524 1036 Joannes
1551 994 1566 1045 ;
1595 976 1754 1048 quis?

158 1074 397 1130 Joannes
420 1075 675 1144 Baptista.
704 1073 780 1128 De
807 1073 922 1142 ipso
945 1073 1088 1128 enim
1118 1071 1248 1128 dicit
1269 1071 1503 1128 Joannes
1529 1085 1754 1141 evange-

165 1165 302 1230 lista,
325 1161 450 1217 Non
476 1173 584 1217 erat
609 1163 698 1217 ille
722 1163 892 1217 lumen
909 1179 928 1216 :
944 1161 1010 1218 de
1039 1177 1147 1234 quo
1170 1162 1298 1217 dicit
1327 1163 1602 1228 Dominus,
1625 1159 1754 1230 Erat

165 1259 374 1310 lucerna
401 1255 588 1309 ardens
609 1262 658 1308 et
687 1255 858 1308 lucens
893 1251 1072 1321 (Joon.
1097 1271 1148 1315 v,
1184 1254 1298 1322 35).
1332 1252 1436 1308 Sed
1463 1253 1673 1308 lucerna
1700 1261 1754 1306 et

164 1347 388 1403 accendi
419 1356 477 1403 et
498 1346 762 1418 exstingui
796 1353 990 1415 potest.
1019 1345 1155 1412 Quid
1189 1344 1358 1416 ergo?
1393 1344 1534 1400 unde
1561 1341 1750 1399 distin-

163 1438 280 1506 guis
294 1437 322 1492 ἲ
342 1438 419 1494 De
434 1451 540 1507 quo
559 1437 678 1491 loco
698 1437 892 1506 quzeris
906 1435 980 1508 (a)
996 1435 1020 1489 ?
1037 1435 1134 1492 Cui
1166 1436 1373 1490 lucerna
1395 1435 1753 1491 testimonium

166 1528 516 1596 perhibebat,
557 1536 663 1581 erat
705 1526 875 1580 lumen
907 1543 1097 1580 verum.
1141 1526 1240 1582 Ubi
1282 1526 1486 1581 addidit
1521 1526 1755 1582 Jomnes

166 1635 370 1685 verum,
408 1620 477 1674 ibi
515 1629 569 1672 tu
595 1619 790 1689 qumris
819 1619 1173 1674 mendacium.
1203 1619 1391 1675 Adhuc
1423 1619 1548 1674 audi
1581 1619 1752 1690 ipsum

165 1709 430 1766 Joannem
471 1712 847 1781 evangelistam
885 1721 1218 1767 ructuantcm
1245 1711 1386 1783 quod
1414 1712 1656 1767 biberat:
1687 1711 1755 1765 Et

167 1803 390 1856 ridimus
412 1844 428 1867 ,
461 1803 664 1872 inquit,
691 1803 908 1873 gloriam
939 1806 1066 1871 eius.
1092 1804 1226 1871 Quid
1259 1805 1427 1859 vidit?
1455 1820 1611 1876 quam
1638 1805 1752 1876 glo-

171 1897 300 1949 riam
323 1895 481 1949 \'itlit?
496 1894 724 1950 Gloriam
746 1905 987 1965 tanquam
1021 1896 1277 1968 Unigeniti
1297 1913 1328 1951 a
1349 1896 1527 1966 Patre,
1551 1898 1754 1969 plenum

169 1987 336 2055 gratia
377 1995 426 2040 et
463 1987 670 2062 veritate
707 1986 815 2061 (Id.
843 2005 894 2053 ι,
927 1987 1104 2060 1-14).
1135 1988 1267 2045 Vide
1307 1990 1494 2059 igitur,
1526 1990 1648 2046 vide
1688 2005 1756 2045 ne

173 2076 308 2132 forte
337 2076 631 2132 debeamus
656 2078 1041 2148 disputationes
1071 2079 1308 2135 infirmas
1333 2080 1416 2135 vel
1447 2081 1757 2136 temerarias

172 2167 429 2223 cohibere
453 2209 468 2233 ,
496 2177 551 2223 et
573 2168 640 2223 de
666 2169 890 2225 veritate
929 2169 1058 2225 nihil
1089 2169 1206 2226 falsi
1244 2185 1594 2242 praesumere,
1629 2170 1758 2227 dare

175 2261 404 2316 Domino
425 2262 564 2330 quod
593 2262 852 2318 debetur:
878 2263 1007 2318 fonti
1032 2264 1257 2334 gloriam
1279 2264 1486 2329 demus,
1509 2273 1566 2319 ut
1586 2264 1758 2319 securi

173 2349 514 2419 impleamur.
563 2350 699 2406 Deus
736 2364 903 2407 autem
947 2369 1102 2408 verax
1141 2370 1161 2408 :
1202 2356 1365 2409 omnis
1408 2365 1573 2409 autem
1612 2355 1759 2409 homo

175 2441 397 2494 mendax
423 2440 596 2510 (Rom.
626 2458 704 2509 ιιι,
735 2445 816 2515 4).
848 2445 983 2511 Quid
1011 2445 1249 2501 esthoc?
1272 2447 1410 2502 Deus
1433 2447 1624 2518 plenus
1644 2455 1758 2501 est:

175 2532 354 2587 omnis
382 2531 547 2587 homo
573 2533 745 2590 inanis
771 2544 853 2590 est
884 2554 897 2586 :
925 2537 970 2590 si
1011 2536 1121 2591 vult
1163 2536 1408 2606 impleri,
1439 2538 1656 2592 accedat
1694 2535 1762 2590 ad

178 2622 416 2690 plenum.
430 2623 664 2678 Accedite
683 2625 750 2678 ad
769 2641 902 2691 eum,
922 2637 967 2680 et
990 2627 1349 2681 illuntinuntini
1367 2625 1540 2695 (Psal.
1562 2642 1758 2691 χχχιιι,

178 2711 250 2781 6).
279 2711 458 2766 Porro
486 2713 531 2768 si
558 2713 718 2769 homo
760 2717 933 2770 inanis
977 2726 1086 2782 est,
1128 2717 1251 2787 quia
1291 2717 1518 2772 mendax
1561 2725 1676 2782 est,
1711 2726 1765 2770 et

177 2803 372 2871 quaerit
404 2802 643 2873 impleri,
682 2815 734 2860 et
773 2822 896 2861 cum
941 2807 1278 2863 festinatione
1313 2817 1473 2877 atque
1513 2806 1764 2860 aviditate

177 2893 346 2947 currit
361 2894 429 2949 ad
453 2894 671 2962 fontem,
702 2897 910 2968 impleri
931 2899 1072 2966 vult,
1093 2899 1266 2954 inanis
1285 2909 1385 2953 est.
1405 2898 1508 2956 Sed
1535 2907 1586 2952 tu
1609 2897 1761 2962 dicis,

178 2981 321 3039 Cave
358 2983 593 3053 fontem,
635 2997 719 3044 est
756 2988 826 3044 ibi
878 2991 1236 3047 mendacium.
1269 2991 1407 3061 Quid
1447 2990 1593 3046 aliud
1632 2988 1766 3044 dicis

179 3093 338 3148 quam
359 3119 376 3143 ,
405 3079 498 3134 Est
523 3080 596 3135 ibi
623 3082 925 3138 venenum?

267 3172 324 3224 7.
408 3171 609 3226 Salutio
682 3176 988 3244 quaestionis.
1061 3174 1176 3230 Jam
1209 3217 1225 3243 ,
1296 3176 1508 3246 inquit,
1589 3175 1766 3231 omnia

181 3260 409 3326 dixisti,
467 3263 578 3333 jam
641 3279 728 3318 me
777 3265 1060 3321 cohibuisti
1093 3309 1109 3332 ,
1158 3266 1272 3338 jam
1323 3267 1612 3338 castigasti.
1670 3265 1768 3320 Dic

182 3353 310 3408 mihi
365 3354 633 3425 quomodo
681 3371 783 3410 non
831 3358 901 3411 sit
950 3359 1236 3425 mentitus,
1290 3359 1381 3429 qui
1425 3358 1596 3426 dixit,
1647 3356 1767 3412 Non

183 3443 445 3510 ascendo,
495 3453 551 3499 et
593 3447 870 3500 ascendit?
918 3448 1099 3503 Dicam
1128 3489 1143 3514 ,
1196 3448 1243 3504 si
1289 3459 1477 3519 potero
1523 3466 1535 3502 :
1582 3463 1766 3519 parum

183 3535 274 3589 tibi
332 3551 438 3590 non
489 3537 592 3600 sit,
639 3539 763 3607 quia
809 3539 911 3593 etsi
959 3554 1064 3593 non
1124 3549 1175 3595 te
1221 3541 1469 3596 constitui
1526 3539 1579 3594 in
1625 3539 1768 3593 veri-

186 3637 334 3695 tate,
379 3629 626 3697 prohibui
667 3638 844 3686 tamen
888 3646 917 3684 a
959 3632 1278 3687 temeritate.
1323 3631 1505 3686 Dicam
1548 3639 1723 3686 tamen
1747 3665 1776 3698 ,_

184 3718 329 3787 quod
351 3727 406 3773 et
429 3727 482 3773 tu
500 3719 635 3788 jam,
664 3721 708 3775 si
737 3721 1022 3776 meministi
1052 3722 1210 3776 verba
1232 3737 1349 3792 qute
1374 3721 1763 3788 commendavi,

186 3819 320 3878 puto
347 3811 464 3880 quia
492 3813 790 3882 cognoscis.
821 3812 936 3884 Ipsa
968 3814 1126 3869 verba
1155 3814 1368 3870 solvunt
1394 3815 1766 3884 quazstionem.

186 3901 367 3956 Multis
385 3902 572 3958 diebus
600 3903 857 3974 agebatur
881 3905 970 3959 ille
998 3905 1114 3959 dies
1135 3905 1320 3960 festus.
1353 3903 1434 3959 Ad
1462 3907 1635 3973 istum,
1660 3906 1767 3960 uti-

186 4008 288 4062 que
334 3993 644 4049 hodiemum
685 3996 851 4062 diem,
893 3996 1093 4066 inquit,
1137 3998 1352 4067 festum,
1395 3998 1552 4052 istum
1590 3999 1769 4068 utique

188 4088 507 4142 hodiernum
542 4086 756 4159 quando
777 4087 852 4142 illi
878 4089 1198 4158 sperabant,
1238 4107 1342 4144 non
1377 4091 1642 4157 ascendit;
1674 4092 1768 4147 sed

186 4179 404 4249 quando
433 4177 546 4248 ipse
568 4178 904 4249 disponebat.
932 4180 1165 4251 Denique
1185 4183 1398 4237 attende
1422 4183 1561 4254 quod
1593 4185 1770 4254 sequi-

187 4280 274 4327 tur
302 4289 318 4324 :
356 4268 481 4325 lites
508 4286 622 4324 cum
653 4271 888 4336 dixisset,
917 4273 1024 4343 ipse
1045 4275 1240 4326 .mansit
1280 4275 1332 4327 in
1369 4273 1602 4330 Galiltea.
1631 4277 1769 4346 Ergo

190 4377 295 4417 non
341 4360 580 4416 ascendit
618 4363 686 4415 ad
726 4363 878 4417 istum
917 4365 1046 4417 diem
1086 4367 1286 4436 festum.
1328 4365 1589 4420 Volebam
1624 4367 1767 4421 enim

189 4453 387 4509 fratres
429 4453 579 4523 ejus,
621 4462 679 4508 ut
718 4455 831 4524 ipse
869 4455 1014 4525 prior
1050 4456 1182 4520 iret;
1228 4456 1346 4510 ideo
1382 4457 1455 4510 illi
1487 4456 1765 4524 dixerant,

191 4545 380 4599 Transi
413 4545 528 4599 hinc
561 4547 614 4600 in
641 4544 896 4600 Judteam.
926 4545 1038 4601 Non
1076 4547 1350 4614 dixerant,
1382 4547 1764 4616 Transeamus,

189 4635 346 4705 quasi
362 4635 580 4690 comites
597 4636 712 4705 ejus
731 4634 885 4692 futuri
907 4653 921 4701 ;
945 4645 1053 4700 aut,
1071 4635 1304 4706 Sequere
1325 4653 1420 4692 nos
1438 4637 1489 4690 in
1507 4637 1766 4703 Judmam,

190 4733 443 4794 tanquam
473 4726 674 4795 priores
700 4726 853 4791 ituri;
881 4727 974 4780 sed
1002 4739 1247 4798 tanquam
1282 4728 1627 4796 pra-missuri.
1661 4729 1772 4784 lloc

190 4813 282 4869 ille
314 4815 504 4880 voluit,
531 4825 586 4869 ut
615 4816 688 4870 illi
714 4816 1076 4884 praecederent
1105 4836 1118 4872 :
1147 4817 1247 4872 hoc
1278 4819 1479 4884 vitavit,
1501 4835 1772 4874 commen-

189 4906 332 4962 dans
366 4905 595 4962 hominis
637 4908 1038 4974 infirmitatem,
1085 4911 1356 4966 occultans
1399 4910 1768 4980 divinitatem;

190 4994 299 5050 hoe
338 4996 553 5063 vitavit,
584 4997 721 5052 sicut
747 5013 866 5053 cum
908 5000 958 5052 in
988 4995 1272 5072 Egyptum
1300 4999 1431 5070 fugit
1466 5000 1675 5072 (Matth.
1704 5018 1768 5069 ιι,

190 5086 310 5155 ιι).
339 5084 450 5140 Νοιι
473 5087 614 5141 enim
643 5098 759 5143 erat
779 5089 1102 5159 impotentiae
1132 5107 1146 5142 :
1178 5090 1272 5145 sed
1297 5091 1471 5146 ethoc
1496 5093 1734 5147 veritatis
1753 5134 1768 5160 ,

190 5185 251 5230 ut
276 5175 432 5231 daret
449 5179 747 5247 exemplum
768 5179 992 5234 cavendi
1018 5197 1030 5232 :
1059 5195 1124 5234 ne
1143 5181 1418 5251 quisquam
1449 5197 1632 5236 servus
1659 5183 1772 5253 ejus

189 5265 419 5332 diceret,
445 5265 560 5321 Non
585 5268 724 5338 fugio
742 5311 757 5335 ,
783 5271 904 5338 quia
937 5279 1086 5339 turpe
1110 5279 1220 5334 est;
1250 5286 1371 5326 cum
1399 5271 1532 5326 forte
1557 5273 1770 5343 expedi-

191 5367 278 5412 ret
308 5368 364 5412 ut
387 5361 604 5428 fugeret.
640 5361 887 5416 Dicturus
916 5363 1044 5425 suis,
1068 5360 1194 5418 Cum
1216 5379 1298 5416 vos
1326 5365 1568 5432 persecuti
1588 5366 1774 5434 fuerint

190 5448 246 5501 in
280 5450 377 5503 hac
408 5451 637 5517 civitate,
672 5453 831 5523 fugite
867 5453 918 5507 in
955 5455 1108 5508 aliaat
1141 5453 1251 5520 (Id.
1286 5471 1340 5521 x,
1370 5455 1498 5524 25);
1531 5455 1632 5510 hoc
1661 5456 1774 5525 ipse

192 5540 498 5609 exemplum
531 5545 772 5613 prtebuit.
811 5545 941 5600 Nam
981 5546 1193 5617 quando
1238 5547 1432 5612 voluit,
1477 5547 1774 5618 prehensus

195 5639 315 5694 est;
353 5637 562 5699 quando
609 5637 802 5704 voluit,
847 5646 1002 5693 natus
1047 5648 1151 5694 est.
1204 5637 1318 5693 Hoc
1363 5654 1529 5709 ergo,
1579 5654 1646 5695 ne
1695 5639 1773 5696 illi

255 5747 333 5804 (at
349 5747 522 5798 uened.
549 5749 710 5802 ferunt
730 5751 807 5801 hic
827 5750 885 5801 ad
906 5751 1189 5816 marginem,
1218 5749 1348 5802 lacus
1371 5752 1637 5804 mendosus.
1711 5758 1768 5802 sl.

1543 307 1773 367 SEBHO
1809 305 2094 368 CXXXIV.

3337 325 3444 382 7η

1866 433 2218 499 pmvenirent
2248 474 2265 498 ,
2317 441 2373 489 et
2422 449 2544 490 eum
2589 445 2868 492 venturum
2923 451 3040 492 esse
3091 438 3394 496 nuntiarent
3423 483 3439 502 .

1861 531 1916 575 et
1971 534 2396 593 przepararentur
2442 526 2646 581 insidim
2698 546 2711 581 :
2766 527 2886 582 Non
2933 535 3184 598 ascendo,
3231 534 3441 601 inquit,

1861 612 1930 665 ad
1967 612 2098 666 diem
2141 618 2342 686 festum.
2387 615 2528 671 Dixit
2577 635 2589 670 :
2635 617 2756 672 Non
2785 621 3050 687 ascendo,
3099 629 3158 676 ut
3203 622 3442 676 occulta-

1862 712 2011 758 retur
2035 720 2050 758 :
2072 704 2278 761 addidit
2309 707 2460 760 istum
2481 749 2495 774 ,
2534 724 2600 763 ne
2636 711 2968 766 mentiretur.
2994 713 3202 783 Aliquid
3231 713 3442 770 intulit.

1860 798 2066 870 aliquid
2106 801 2358 867 abstulit,
2401 803 2598 872 aliquid
2643 803 2846 858 distulit
2887 823 2899 857 :
2935 806 3062 860 nihil
3106 815 3281 862 tamen
3327 807 3442 861 falsi

1861 888 2028 957 dixit,
2068 890 2190 960 quia
2233 890 2364 946 nihil
2405 892 2520 946 falsi
2561 893 2628 947 de
2670 894 2788 962 ejus
2833 909 2930 950 ore
2971 896 3231 965 procedit.
3280 899 3437 951 Deni-

1860 996 1965 1051 que
2003 992 2348 1053 posteaquam
2389 984 2504 1039 haec
2545 984 2711 1050 dixit,
2766 983 2864 1040 Ubi
2905 997 3071 1040 autem
3110 989 3446 1044 ascenderunt

1862 1073 2046 1143 fratres
2072 1074 2182 1142 ejus
2214 1073 2596 1144 :Evangelium
2626 1075 2877 1144 loquitur;
2904 1077 3138 1141 attende,
3168 1078 3281 1148 lege
3301 1080 3440 1148 quod

1862 1161 1990 1216 mihi
2011 1162 2301 1228 oll'erebas;
2334 1163 2455 1219 vide
2483 1165 2526 1218 si
2553 1181 2658 1220 non
2685 1166 2798 1235 ipsa
2826 1167 2983 1221 lectio
3004 1169 3166 1222 solvit
3194 1171 3444 1238 quaestio-

1861 1266 2004 1319 nem,
2031 1254 2152 1309 vide
2181 1255 2226 1308 si
2253 1251 2469 1310 aliunde
2497 1257 2698 1326 sumpsi
2725 1258 2864 1326 quod
2893 1258 3146 1314 dicerem.
3177 1261 3288 1316 lloc
3315 1277 3445 1332 ergo

1861 1341 2119 1398 Dominus
2145 1346 2510 1413 exspectabat,
2540 1355 2596 1401 ut
2625 1348 2830 1415 priores
2857 1349 2927 1402 illi
2956 1351 3305 1406 ascenderunt
3326 1395 3340 1418 ,
3371 1369 3439 1408 ne

1863 1444 2146 1489 venturum
2209 1437 2643 1504 praenuntiarent.
2711 1437 3049 1507 Posteaquam
3115 1443 3446 1496 ascenderunt

1862 1527 2046 1595 fratres
2069 1527 2180 1594 ejus
2205 1567 2220 1593 ,
2247 1527 2470 1582 ascendit
2495 1528 2643 1582 etiam
2674 1530 2780 1598 ipse
2821 1541 2938 1584 tunc
2964 1531 3032 1584 ad
3056 1533 3187 1585 diem
3222 1537 3405 1603 festum
3426 1575 3443 1596 ,

1861 1634 1962 1672 non
1990 1617 2242 1673 evidenter
2265 1661 2280 1687 ,
2316 1619 2407 1674 sed
2443 1622 2586 1690 quasi
2627 1623 2840 1674 occulte.
2871 1623 3005 1688 Quid
3031 1625 3174 1694 quasi
3213 1626 3447 1678 occulte?

1863 1709 1938 1765 lbi
1969 1709 2094 1766 facit
2119 1710 2271 1781 quasi
2300 1712 2528 1767 occulte.
2565 1711 2701 1778 Quid
2729 1713 2873 1782 quasi
2901 1715 3136 1768 occulte?
3171 1714 3305 1781 Quia
3345 1730 3444 1769 nec

1862 1801 1964 1858 hoc
1989 1810 2104 1858 erat
2128 1802 2354 1858 occulte.
2378 1801 2490 1857 Non
2516 1803 2659 1857 enim
2681 1817 2807 1858 vere
2827 1803 2993 1858 latere
3018 1803 3330 1868 conabatur,
3352 1807 3455 1876 qui’

1863 1893 1916 1948 in
1951 1901 2212 1963 potestate
2235 1894 2461 1950 habebat
2486 1895 2698 1965 quando
2723 1903 3014 1952 teneretur.
3045 1897 3151 1952 Sed
3179 1897 3229 1951 in
3254 1897 3363 1960 illa,
3391 1909 3447 1952 ut

1862 1982 1993 2049 dixi,
2023 1983 2377 2038 occultatione
2415 1985 2718 2054 exemplum
2754 1985 3026 2054 prazbebat
3059 1987 3277 2042 cavendi
3311 1989 3444 2041 insi-

1861 2075 1978 2130 dias
1999 2075 2332 2130 inimicorum
2356 2075 2578 2130 infirmis
2599 2075 2894 2145 discipulis,
2917 2077 3006 2146 qui
3029 2078 3314 2145 potentiam
3338 2095 3442 2132 non

1865 2165 2168 2232 habebant,
2197 2166 2410 2236 quando
2451 2166 2658 2220 nollent
2699 2181 2766 2220 ne
2802 2167 3280 2234 prchendereutur.
3313 2169 3443 2223 Nam

1866 2257 1956 2312 ille
1992 2257 2151 2312 etiam
2193 2257 2363 2325 palam
2393 2257 2633 2311 ascendit
2675 2267 2879 2326 postea,
2910 2266 2964 2312 et
2991 2257 3216 2313 docebat
3257 2274 3350 2315 eos
3393 2262 3446 2316 in

1868 2347 2088 2418 templo,
2120 2355 2172 2400 et
2197 2347 2444 2402 dicebant
2463 2349 2703 2403 nonnulli
2729 2366 2741 2401 :
2764 2347 2902 2403 Ecce
2925 2349 3005 2402 ltic
3024 2359 3128 2415 est;
3147 2367 3258 2406 ecce
3283 2353 3444 2407 docet.

1866 2435 2012 2492 Certe
2034 2437 2261 2491 dicebant
2282 2438 2440 2491 nostri
2459 2439 2714 2508 principes
2731 2477 2747 2504 ,
2786 2439 2904 2509 quia
2936 2440 3313 2510 apprehendere
3336 2460 3447 2496 cum

1867 2526 2096 2581 colebant
2123 2543 2141 2581 :
2171 2544 2283 2582 ecce
2306 2528 2480 2598 palam
2507 2527 2745 2598 loquitur,
2780 2537 2825 2582 et
2857 2545 3002 2582 nemo
3027 2530 3079 2583 in
3106 2546 3220 2584 eum
3243 2547 3448 2586 manum

1868 2619 2020 2672 mittit
2046 2619 2225 2688 (Joan.
2252 2635 2327 2673 vtt
2350 2661 2365 2686 ,
2391 2620 2482 2684 25,
2507 2619 2624 2690 26).

1942 2710 1994 2763 8.
2026 2710 2198 2763 Altera
2245 2710 2452 2764 solutio.
2494 2709 2611 2764 Jam
2639 2725 2769 2765 vero
2802 2713 2848 2765 si
2879 2726 2976 2766 nos
3022 2712 3166 2782 ipsos
3205 2715 3448 2769 attenda-

1868 2815 2011 2866 mus,
2035 2800 2080 2854 si
2108 2815 2302 2870 corpus
2323 2800 2439 2871 ejus
2466 2802 2759 2872 cogitemus
2777 2844 2793 2869 ,
2833 2803 2954 2873 quia
2998 2812 3054 2859 et
3079 2819 3178 2860 nos
3207 2807 3320 2875 ipse
3345 2818 3447 2862 est.

1870 2890 2002 2945 Nam
2029 2891 2130 2944 etsi
2157 2905 2255 2944 nos
2299 2890 2412 2960 ipse
2453 2906 2557 2946 non
2596 2907 2866 2959 essemus,
2913 2909 3017 2948 non
3061 2905 3202 2951 esset
3232 2913 3449 2962 verum,

1869 2983 1998 3040 Cum
2060 2983 2152 3037 uni
2214 2998 2278 3038 ex
2344 2984 2564 3038 minimis
2620 2985 2744 3039 meis
2798 2986 2984 3058 fecistis
3007 3028 3022 3054 ,
3085 2989 3212 3042 mihi
3265 2992 3455 3060 fecistis

1873 3075 2085 3148 (Matth.
2117 3090 2243 3142 xxv,
2268 3073 2380 3146 40).
2404 3075 2459 3130 Si
2484 3091 2582 3131 nos
2604 3076 2716 3146 ipse
2745 3093 2850 3132 non
2871 3092 3112 3134 essemus
3130 3122 3145 3147 ,
3179 3097 3283 3136 non
3311 3096 3453 3139 esset

1871 3181 2077 3232 verum,
2108 3165 2286 3230 Saule,
2317 3165 2498 3234 Saule,
2528 3167 2652 3238 quid
2670 3184 2749 3221 me
2773 3171 3079 3240 persequeris
3099 3170 3235 3238 (Act.
3265 3189 3343 3236 Ix,
3370 3175 3459 3240 ιν

1871 3258 2016 3328 Ergo
2040 3266 2092 3312 et
2122 3271 2221 3312 nos
2260 3256 2392 3327 ipse,
2439 3258 2561 3328 quia
2601 3273 2698 3313 nos
2737 3259 2973 3314 membra
3013 3261 3166 3331 ejus,
3199 3264 3320 3334 quia
3357 3281 3456 3320 nos

1872 3362 2066 3419 corpus
2089 3347 2235 3417 ejus,
2267 3348 2388 3418 quia
2421 3348 2534 3418 ipse
2561 3357 2718 3418 caput
2743 3359 2984 3406 nostrum
3010 3352 3224 3424 (Ephes.
3255 3369 3304 3423 ι,
3333 3355 3449 3425 22),

1873 3439 1994 3508 quia
2045 3445 2186 3493 totus
2231 3438 2472 3493 Christus
2519 3446 2678 3508 caput
2727 3447 2782 3494 et
2832 3455 3047 3511 corpus.
3103 3442 3263 3498 Forte
3324 3459 3454 3514 ergo

1873 3544 1972 3583 nos
2027 3527 2350 3598 przevidebat
2380 3568 2396 3593 ,
2456 3529 2578 3598 quia
2623 3528 2739 3583 dies
2783 3530 2946 3586 festos
2989 3531 3294 3588 Iudaeorum
3346 3549 3450 3589 non

1872 3633 2084 3675 eramus
2108 3618 2317 3684 acturi,
2343 3628 2397 3673 et
2425 3617 2528 3673 hoc
2553 3627 2638 3674 est
2655 3661 2670 3684 ,
2698 3618 2811 3690 Ego
2850 3638 2952 3675 non
2987 3624 3202 3677 ascendo
3227 3625 3296 3678 ad
3322 3625 3454 3680 diem

1874 3711 2057 3781 festum
2106 3709 2276 3762 istum.
2323 3707 2464 3764 Ecce
2505 3723 2602 3764 nec
2648 3707 2924 3776 Christus,
2975 3726 3076 3767 nec
3117 3711 3451 3784 Evangelista

1873 3797 2127 3853 mentitus
2155 3806 2241 3853 est
2283 3815 2298 3852 :
2338 3812 2564 3868 quorum
2612 3798 2838 3853 duorum
2875 3800 2920 3855 si
2969 3801 3194 3856 alterum
3235 3819 3453 3859 necesse

1873 3898 1955 3945 est
1994 3889 2192 3960 eligere
2216 3931 2232 3958 ,
2273 3889 2426 3945 daret
2472 3890 2601 3945 mihi
2642 3891 2850 3946 veniam
2887 3893 3223 3964 Evangelista
3247 3936 3264 3961 ,
3306 3897 3453 3951 nullo

1874 3980 2034 4036 modo
2058 3995 2304 4036 veracem
2330 3981 2427 4052 ipsi
2456 3981 2663 4036 veritati
2685 3996 3073 4052 praponerem;
3096 3985 3314 4040 missum
3344 3987 3391 4042 ei
3422 4004 3451 4040 ιι

1874 4089 1981 4145 quo
2006 4074 2200 4130 missus
2241 4083 2356 4139 est,
2399 4088 2506 4128 non
2553 4072 2880 4143 praeferrem.
2923 4073 3028 4130 Sed
3070 4075 3182 4130 Deo
3220 4077 3450 4146 gratias,

1873 4174 2128 4238 quantum
2175 4164 2441 4230 arbitror,
2490 4163 2806 4219 renudatum
2859 4173 2942 4220 est
2985 4165 3126 4235 quod
3167 4165 3451 4222 obscurum

1873 4266 2009 4313 erat.
2041 4254 2327 4325 Adjuvahit
2353 4254 2418 4308 ad
2450 4254 2616 4308 Deum
2657 4253 2828 4323 pietas
2869 4263 3066 4309 vestra.
3099 4255 3273 4322 Ecce,
3316 4257 3452 4312 sicut

1875 4349 2044 4418 potui,
2069 4348 2203 4401 solvi
2229 4346 2577 4416 qtucstionem
2600 4387 2613 4408 ,
2644 4355 2698 4399 et
2723 4347 2774 4398 in
2806 4345 3018 4401 Christo
3043 4355 3096 4402 et
3125 4347 3176 4401 in
3209 4347 3452 4417 Evange-

1875 4435 2176 4492 lista.'l‘ene
2196 4449 2425 4500 mecum,
2451 4435 2642 4500 amice,
2674 4435 2973 4501 veritatem,
2991 4437 3313 4506 amplectere
3339 4438 3455 4491 sine

1874 4527 2219 4583 contentione
2247 4525 2585 4580 cbaritatem.

2311 4633 2538 4693 δεῖ).Μο
2575 4634 2834 4691 CXXXIV
2877 4644 2892 4659 '
2935 4635 3032 4708 (a).

1877 4751 1954 4806 De
1990 4751 2146 4804 verbis
2191 4748 2455 4819 Evangelii
2494 4745 2730 4811 Joannis,
2762 4744 2815 4800 Si
2854 4746 3157 4801 manseritis
3199 4746 3252 4800 in
3296 4747 3458 4801 verbo

1949 4858 2088 4908 meo,
2133 4851 2261 4896 vere
2298 4838 2542 4908 discipuli
2571 4838 2676 4893 mei
2714 4837 2865 4903 estis,
2904 4845 3023 4904 etc.,
3067 4855 3182 4908 cap.
3218 4852 3333 4905 vnt,
3376 4838 3410 4908 ᾗ
3437 4875 3454 4892 .

1947 4933 2116 4988 31-34
2139 4930 2236 5002 (ι).

1946 5033 2172 5092 CAPUT
2213 5029 2495 5087 PRIMUM.
2534 5059 2606 5068 —
2650 5029 2702 5082 l.
2751 5025 2997 5098 Magister
3037 5029 3260 5082 omnium
3309 5026 3430 5083 ΟΙιή

1876 5137 2001 5184 stus.
2039 5125 2248 5180 Manere
2287 5123 2342 5176 in
2395 5118 2540 5175 verbo
2588 5119 2705 5174 Dei.
2742 5118 2899 5174 Novit
2947 5116 3190 5173 Charitas
3236 5127 3413 5174 vestra
3438 5158 3453 5188 ,

1877 5232 2068 5276 omnes
2093 5230 2190 5270 nos
2219 5228 2380 5268 unum
2411 5211 2712 5282 Magistrum
2735 5209 2952 5277 habere,
2983 5218 3038 5266 et
3069 5209 3168 5264 sub
3202 5209 3295 5264 illo
3320 5224 3454 5265 con-
3492 5205 3497 5209 ’

1878 5305 2164 5376 discipulos
2194 5318 2332 5358 esse.
2363 5301 2476 5358 Nec
2513 5300 2633 5356 ideo
2658 5300 2893 5371 magistri
2914 5299 3074 5356 vestri
3101 5315 3304 5365 sumus,
3333 5299 3455 5370 quia

1878 5397 1945 5452 de
1971 5396 2090 5452 loco
2131 5394 2404 5464 superiore
2434 5392 2701 5462 loquimur
2740 5391 2930 5445 vobis:
2958 5389 3053 5446 sed
3097 5391 3346 5460 magister
3373 5401 3457 5446 est

1943 5504 2262 5555 'Emendatus
2281 5501 2342 5552 ad
2365 5510 2471 5554 tres
2489 5502 2573 5551 bu.
2597 5509 2803 5565 quatuor
2823 5499 2885 5552 cl.
2909 5500 2970 5551 ad
2991 5511 3038 5549 a.
3063 5499 3142 5550 ch.
3166 5499 3199 5550 f.
3225 5499 3286 5551 fs.
3314 5515 3364 5565 ε.
3389 5499 3454 5552 Ir.

1878 5583 1945 5619 ω’
1963 5578 2182 5689 Β,λῦῐὲ
2196 5565 2280 5674 vde
2303 5624 2472 5697 verbis
2487 5624 2668 5695 Domini
2687 5622 2764 5670 48.
2815 5684 2825 5695 .
3410 5683 3421 5694 .

1941 5630 2011 5752 Eb)
2035 5686 2401 5752 Hujusforsuan
2423 5697 2661 5736 sermonis
2681 5684 2900 5735 meminit
2933 5683 3225 5746 augustinus
3243 5681 3387 5747 infra,
3409 5695 3421 5732 ι

1941 5681 2011 5752 (lt)
2035 5681 2182 5748 Hujus
2205 5686 2401 5735 forsitan
2423 5687 2661 5736 sermonis
2681 5684 2900 5735 meminit
2933 5683 3225 5746 augustinus
3243 5681 3387 5747 infra,
3409 5683 3458 5732 in

1881 5762 2107 5807 sermone
2136 5748 2239 5808 135,
2264 5761 2312 5796 ιι.
2336 5747 2369 5796 8
