3850 6188
536 323 640 383 743

534 436 771 493 omnium
800 426 894 504 qui
927 423 1130 484 habitat
1163 425 1217 481 in
1242 422 1490 480 omnibus
1519 420 1692 477 nobis.
1721 420 1840 491 Ipse
1883 420 2043 479 modo
2064 420 2122 496 in

537 531 819 600 Evangolto
858 525 1013 582 nobis
1040 522 1290 578 omnibus
1321 517 1656 589 loquebatur,
1689 526 1745 572 et
1771 515 1985 572 dicebat
2019 530 2123 569 no-

534 625 636 686 bis.
668 618 810 692 quod
851 617 1010 673 etiam
1053 631 1153 686 ego
1193 613 1314 669 dico
1344 611 1497 665 vobis
1529 627 1542 663 :
1573 608 1702 664 dicit
1731 617 1910 664 autem
1940 606 2030 663 ille
2055 605 2127 663 de

535 712 707 777 nobis,
737 718 793 764 et
835 707 989 764 nobis
1017 715 1072 762 et
1109 705 1279 770 vobis,
1323 703 1386 759 Si
1414 701 1698 756 manseritis
1722 700 1777 754 in
1805 699 1953 755 uerbo
1977 714 2087 755 meo
2105 738 2121 766 ,

533 819 640 859 mm
667 802 850 871 utique
891 800 943 854 in
988 813 1129 864 meo,
1161 797 1251 867 qui
1291 795 1451 851 modo
1494 794 1713 864 loquor;
1757 792 1851 847 sed
1897 791 1950 845 in
1981 792 2119 860 eius,

532 895 620 964 qui
652 894 810 948 modo
837 908 902 948 ex
941 890 1234 959 Evangelio
1279 887 1597 957 loquebatur
1625 903 1638 940 :
1670 885 1732 941 Si
1758 884 2044 939 manseritis
2072 884 2126 939 in

534 984 680 1039 uerbo
716 1000 848 1047 meo,
879 981 1066 1051 inquit,
1089 995 1201 1034 vere
1220 976 1457 1048 discipuli
1487 976 1583 1030 mei
1602 977 1738 1031 estis.
1780 973 1860 1029 Ad
1894 973 2127 1044 discipu-

534 1077 640 1129 lum
672 1089 859 1144 parum
901 1080 983 1127 est
1019 1069 1298 1135 accedere,
1325 1067 1421 1123 sed
1449 1080 1687 1120 manere.
1717 1063 1833 1127 Non
1870 1078 1999 1133 ergo
2026 1065 2122 1129 ait,

531 1168 588 1223 Si
617 1166 894 1222 audieritis
933 1163 1150 1218 verbum
1188 1174 1402 1223 meum;
1432 1166 1545 1222 aut,
1579 1156 1635 1212 Si
1677 1153 2012 1211 accesseritis
2056 1152 2125 1207 ad

535 1260 754 1316 verbum
803 1272 1015 1316 meum;
1049 1262 1157 1318 aut,
1190 1252 1246 1308 Si
1273 1247 1614 1307 laudaveritis
1639 1246 1862 1304 verbum
1904 1259 2122 1303 meum:

535 1350 627 1406 sed
659 1350 833 1403 videte
874 1346 1000 1416 quid
1041 1344 1254 1410 dixerit,
1288 1341 1348 1398 Si
1391 1339 1674 1395 ntanseritis
1715 1337 1771 1392 in
1801 1336 1950 1392 uerbo
1989 1351 2123 1400 meo,

536 1458 646 1496 vere
674 1437 911 1509 discipuli
936 1437 1031 1491 mei
1055 1436 1210 1499 estis;
1235 1443 1281 1487 et
1306 1430 1610 1503 cognoscetis
1631 1428 1908 1493 veritatem,
1933 1434 1981 1480 et
2007 1425 2130 1479 aerio

536 1544 615 1587 tas
662 1532 889 1587 liberabit
937 1545 1040 1583 vos.
1073 1527 1206 1595 Quid
1237 1525 1465 1581 dicimus
1488 1563 1505 1588 ,
1549 1519 1781 1577 fratres?
1823 1532 2041 1574 manere
2071 1515 2124 1569 in

538 1626 701 1680 verbo
722 1623 836 1689 Dei,
865 1622 1013 1677 labor
1036 1627 1137 1684 est,
1161 1634 1230 1672 an
1254 1631 1358 1671 non
1383 1614 1501 1670 est?
1529 1613 1583 1669 Si
1611 1612 1761 1667 labor
1776 1617 1879 1672 est,
1907 1605 2126 1663 attende

540 1730 787 1784 magnum
820 1711 1093 1782 prmtttium
1136 1728 1150 1764 :
1177 1708 1223 1763 si
1252 1707 1404 1761 labor
1441 1719 1544 1760 non
1575 1710 1692 1767 est,
1721 1700 1887 1772 gratis
1928 1697 2128 1767 accipis

541 1804 839 1874 prmmium.
868 1802 1176 1855 Maneamus
1204 1812 1332 1867 ergo
1358 1796 1411 1850 in
1439 1810 1505 1849 eo
1534 1793 1623 1863 qui
1654 1799 1836 1846 manet
1869 1790 1921 1844 iu
1951 1787 2126 1843 nobis.

539 1895 669 1961 Nos,
696 1894 743 1949 si
766 1895 815 1948 in
839 1894 931 1948 illo
960 1907 1064 1946 nou
1093 1887 1468 1953 manserimus,
1502 1884 1742 1940 cadimus
1767 1900 1780 1936 :
1811 1881 1902 1936 ille
1924 1890 2125 1942 autem,

538 1987 583 2039 si
613 1985 667 2041 in
699 1984 851 2038 uobis
881 1974 986 2037 non
1017 1979 1291 2043 manserit,
1320 1991 1426 2032 non
1465 1974 1586 2031 ideo
1624 1973 1843 2029 domum
1873 1969 2126 2041 perdidit.

544 2075 697 2130 Novit
719 2074 862 2130 enim
903 2072 993 2126 ille
1035 2083 1255 2125 unmere
1296 2068 1349 2122 in
1380 2080 1461 2133 se,
1490 2065 1580 2135 qui
1622 2077 1891 2132 nunquam
1931 2057 2130 2114 deserit

541 2181 621 2221 se.
656 2164 805 2220 Absit
826 2172 1002 2218 autem
1025 2162 1093 2215 ab
1120 2158 1432 2225 liomine,ut
1456 2165 1668 2210 maneat
1692 2153 1745 2207 iu
1774 2166 1855 2216 se,
1888 2150 1978 2221 qui
2008 2164 2131 2218 pcr-

542 2257 673 2313 didit
708 2271 786 2310 se.
817 2254 959 2325 Ergo
988 2266 1087 2307 nos
1127 2251 1182 2305 in
1222 2250 1313 2305 illo
1341 2261 1621 2303 manemus
1648 2241 1935 2313 indigentia
1973 2257 1987 2294 :
2017 2240 2131 2310 ipse

544 2348 596 2402 in
621 2346 775 2401 uoltis
801 2351 983 2400 manet
1008 2340 1395 2398 misericordia.

610 2436 834 2493 CAPUT
871 2434 1022 2490 ll.—
1043 2433 1100 2488 2.
1126 2431 1402 2487 Prcemium
1416 2427 1661 2483 manentis
1682 2426 1732 2482 in
1758 2424 1905 2481 verba
1916 2422 2127 2480 Christi.

546 2528 769 2583 biberari
797 2525 992 2581 duobus
1016 2523 1178 2579 modis
1199 2522 1403 2576 dicitur.
1430 2519 1548 2575 Jam
1574 2532 1702 2589 ergo
1728 2517 1772 2573 si
1801 2516 2129 2587 propositum

543 2632 627 2674 est
666 2617 794 2688 quid
831 2616 1007 2671 facere
1052 2613 1361 2678 debeamus,
1394 2609 1521 2681 quid
1548 2609 1814 2679 accepturi
1844 2623 2028 2665 sumus
2048 2608 2129 2663 vi-

544 2713 786 2767 deamus.
840 2707 1036 2764 Indixit
1079 2705 1223 2761 enim
1260 2718 1428 2774 opus,
1454 2712 1509 2759 et
1536 2701 1779 2772 promisit
1807 2699 2126 2755 mercedem.

545 2799 696 2869 Quod
720 2808 802 2854 est
821 2797 988 2868 opus?
1010 2795 1073 2851 Si
1092 2779 1376 2849 manseritis
1399 2792 1451 2846 in
1471 2791 1616 2846 verba
1632 2805 1761 2845 meo.
1782 2789 1951 2844 Breve
1969 2803 2129 2858 opus;

546 2891 717 2947 verbo
739 2889 920 2953 breve,
952 2900 1201 2956 magnum
1227 2898 1423 2954 opere:
1449 2882 1509 2937 Si
1530 2880 1839 2936 manseritis.
1862 2878 1998 2946 Quid
2024 2887 2127 2946 est,

547 2983 611 3039 Si
636 2980 957 3035 manseritis?
975 2979 1032 3035 Si
1072 2978 1127 3034 in
1155 2987 1304 3047 petra
1328 2971 1737 3030 mdilicavcritis.
1762 2971 1808 3029 Ο
1835 2985 1992 3041 quam
2018 2985 2133 3025 ma-

546 3089 705 3145 gnum
737 3081 821 3129 est
838 3070 961 3136 hoc,
992 3069 1213 3133 fratres,
1234 3082 1397 3137 super
1422 3075 1628 3135 petram
1656 3063 1939 3130 aediﬁcare,
1970 3077 2130 3132 quam

546 3178 793 3233 magnum
824 3163 938 3217 est!
974 3158 1231 3215 Venerunt
1275 3157 1510 3228 ﬂumina,
1550 3156 1798 3225 [lacerum
1830 3154 1963 3208 venti
1981 3194 1997 3220 ,
2042 3153 2131 3208 de-

546 3254 735 3309 scendit
768 3251 939 3322 pluvia
960 3291 976 3315 ,
1003 3261 1050 3304 et
1077 3249 1389 3321 impegerunt
1416 3246 1471 3300 in
1499 3246 1708 3300 domum
1745 3245 1918 3312 illam,
1955 3253 2004 3300 et
2030 3260 2132 3300 non

545 3344 720 3398 cecidit
754 3359 773 3397 :
813 3342 1031 3413 fundata
1066 3341 1200 3395 enim
1237 3347 1345 3394 erat
1371 3355 1527 3410 supra
1564 3347 1759 3408 petram
1785 3335 1995 3407 (Matth.
2018 3352 2128 3403 vn,

544 3435 636 3500 2b,
661 3433 779 3503 εὖ).
807 3432 945 3501 Quid
965 3441 1049 3487 est
1073 3446 1202 3501 ergo
1223 3430 1277 3486 in
1297 3430 1461 3485 verbo
1486 3428 1584 3485 Dei
1608 3443 1854 3492 manere,
1885 3427 1988 3483 nisi
2011 3427 2131 3482 nul-

548 3524 613 3579 lis
641 3521 1019 3578 teutationibus
1048 3520 1273 3577 cedere?
1303 3517 1588 3575 Praemium
1622 3517 1763 3589 quod
1788 3519 1909 3574 est?
1931 3517 2132 3588 Cogno-

544 3614 692 3670 scetis
720 3614 1012 3681 veritatem,
1057 3622 1103 3666 et
1139 3613 1323 3667 veritas
1357 3610 1584 3666 liberabit
1618 3625 1725 3665 vos.
1754 3609 2133 3681 Compatimini

547 3705 721 3771 uobis,
743 3704 866 3775 quia
892 3718 1077 3759 vocem
1115 3718 1287 3758 meam
1318 3701 1528 3757 sentitis
1554 3701 1801 3758 obtusam
1834 3718 1849 3756 :
1884 3700 2133 3771 adiuvate

547 3810 634 3850 me
660 3793 1061 3864 tranquillitate.
1086 3790 1131 3848 0
1172 3790 1479 3862 pnnmium!
1504 3790 1826 3863 Cognoscetis
1852 3792 2130 3847 veritatem.

548 3883 707 3941 Forte
731 3884 925 3955 aliquis
950 3880 1152 3939 diceret
1182 3900 1199 3938 :
1227 3882 1297 3938 Et
1323 3880 1453 3953 quid
1489 3882 1619 3936 mihi
1648 3881 1867 3952 prodest
1884 3922 1900 3949 ,
1920 3896 2133 3954 cogno-

545 3988 697 4029 scere
720 3973 1044 4029 veritatem?
1068 3970 1139 4027 Et
1168 3973 1350 4027 veritas
1370 3971 1596 4027 liberabit
1621 3987 1729 4028 vos.
1756 3972 1814 4029 Si
1838 3988 1946 4028 non
1981 3971 2133 4030 dele-

545 4070 655 4117 ctat
678 4063 897 4132 veritas,
928 4062 1160 4118 delectet
1183 4063 1424 4119 libertas.
1452 4062 1508 4118 lu
1538 4063 1926 4121 consuetudine
1954 4063 2135 4121 latinae

547 4151 740 4222 linguae
784 4150 1002 4207 liberari
1030 4152 1234 4207 duobus
1267 4153 1440 4208 modis
1463 4152 1659 4209 dicitur
1685 4172 1701 4209 :
1728 4162 1783 4210 et
1809 4154 2040 4212 maxime
2077 4156 2134 4214 in

546 4257 613 4296 eo
647 4242 1027 4298 consuevimus
1064 4242 1250 4298 audire
1292 4243 1395 4299 hoc
1421 4244 1645 4301 verbum
1665 4285 1678 4309 .
1721 4254 1780 4301 ut
1814 4246 2135 4317 quicumque

546 4331 817 4398 liberatur,
869 4332 1197 4402 intelligatur
1242 4335 1534 4404 periculum
1574 4336 2135 4406 evadere,*molestiis

546 4435 750 4476 carere.
783 4421 1024 4476 Liberari
1054 4430 1232 4477 autem
1257 4423 1468 4493 proprie
1498 4424 1692 4481 dicitur
1719 4426 1946 4483 liberum
1977 4427 2089 4484 fieri
2115 4445 2130 4483 :

545 4508 816 4577 quomodo
855 4510 1083 4575 salvari,
1109 4510 1314 4566 salvum
1346 4512 1493 4579 ﬁeri;
1520 4515 1730 4581 sanari,
1757 4530 1946 4572 sanum
1974 4517 2090 4574 fieri
2113 4535 2131 4586 ;

546 4597 625 4653 sie
654 4598 891 4666 liberari,
921 4599 1147 4655 liberum
1193 4600 1328 4656 fieri.
1355 4601 1479 4658 Ideo
1508 4602 1636 4669 dixi,
1668 4603 1724 4660 Si
1763 4620 1869 4661 non
1904 4606 2134 4664 delectat

547 4688 762 4756 veritas,
784 4688 1014 4743 delectet
1039 4689 1276 4745 libertas.
1305 4690 1414 4746 lloc
1443 4692 1496 4746 iu
1526 4707 1696 4762 graeca
1719 4693 1895 4767 lingua
1912 4696 2134 4753 eviden-

547 4779 648 4833 tius
675 4787 862 4845 sonat,
894 4794 993 4835 nec
1023 4789 1198 4850 potest
1225 4781 1380 4837 aliter
1418 4781 1657 4853 intelligi.
1688 4784 1753 4839 Et
1785 4795 1843 4841 ut
1878 4788 2130 4844 noveritis

544 4868 668 4939 quia
688 4868 843 4925 aliter
871 4869 1089 4941 intelligi
1113 4887 1219 4927 non
1246 4881 1418 4942 potest
1436 4887 1467 4939 ς,
1480 4872 1731 4944 loquente
1760 4875 2005 4945 Domino,
2040 4893 2134 4935 re-

542 4962 876 5033 sponderunt
918 4963 1110 5030 Judmi,
1161 4963 1271 5018 Nos
1321 4965 1508 5019 nemini
1540 4968 1831 5022 seruiuimus
1871 4985 2130 5041 unquam;

545 5055 798 5126 quoinodo
827 5064 880 5109 tu
904 5055 1051 5123 dicis,
1091 5054 1282 5110 Veritas
1312 5056 1538 5113 liberabit
1563 5059 1687 5114 vos?
1712 5059 1768 5115 ω
1791 5068 1892 5127 est,
1922 5061 2130 5121 Veritas

547 5147 746 5202 liberos
788 5151 884 5202 vos
914 5147 1103 5214 faciet,
1130 5148 1398 5218 quomodo
1425 5149 1559 5205 dicis
1596 5151 1779 5217 nobis,
1810 5152 1901 5223 qui
1929 5155 2128 5210 nemini

549 5256 783 5311 unquam
818 5239 1166 5295 scrvivimus?
1192 5240 1337 5307 Quos
1376 5240 1558 5309 vides,
1590 5242 1865 5313 inquiunt,
1894 5260 1999 5299 nou
2037 5245 2133 5300 ba-

548 5331 676 5386 bere
719 5331 992 5386 servitutis
1028 5330 1420 5398 necessitatem,
1459 5333 1727 5401 quomodo
1761 5333 2024 5404 polliceris
2053 5335 2133 5392 eis

547 5419 881 5475 libertatem?

615 5510 845 5568 CAPUT
884 5510 1133 5567 ll|.—5.
1167 5511 1397 5568 Servitus
1425 5513 1636 5583 peccati.
1670 5512 1966 5569 Audierunt
1987 5517 2129 5587 quod

545 5599 883 5657 debuerunt:
916 5601 1009 5657 sed
1049 5619 1153 5658 non
1200 5602 1443 5659 fecerunt
1469 5603 1612 5674 quod
1647 5603 1960 5661 debuerunt.
1993 5606 2130 5676 Quid

544 5690 869 5747 audierunt?
893 5691 1028 5761 Quia
1054 5693 1184 5763 dixi,
1227 5692 1418 5752 Veritas
1438 5694 1662 5752 liberabit
1682 5712 1767 5755 eos
1781 5712 1804 5763 ;
1831 5697 2130 5755 ostendistis

1761 307 1819 364 s.
1860 303 2227 365 annosum
2268 298 2572 361 EPiSCOl’l
2774 342 2777 345 -
3368 266 3389 275 ’
3648 322 3724 381 ης

2234 432 2327 471 vos
2350 417 2474 487 quia
2502 431 2608 471 non
2634 415 2846 472 servitis
2872 412 3098 483 homini,
3127 428 3178 475 et
3204 419 3432 493 dixistis,
3450 426 3631 487 Reatini
3650 452 3729 491 εσ.

2231 508 2440 562 vivimus
2468 524 2712 579 unquam.
2747 507 2948 572 (tumis,
2977 494 3192 565 Judauus
3217 522 3268 566 et
3294 512 3492 570 Gnaeus
3509 558 3526 584 ,
3543 520 3665 579 dives
3689 536 3729 582 et

2232 612 2450 668 pauper,
2486 597 2776 654 honoratus
2816 607 2871 654 et
2912 599 3147 668 privatus
3166 643 3182 667 ,
3208 602 3475 673 imperator
3498 619 3545 663 et
3569 615 3730 669 tuendi.

2230 702 2344 753 cus,
2367 687 2545 743 Omnis
2561 689 2646 760 qui
2666 690 2791 761 facit
2813 703 3091 761 peccatur»,
3112 708 3276 748 servus
3292 705 3361 749 est
3376 701 3563 766 peccati.
3577 699 3727 775 Omnis,

2232 778 2423 849 inquit,
2449 780 2536 851 qui
2559 781 2684 851 facit
2721 790 3000 852 peccatum,
3032 799 3198 840 servus
3218 794 3289 840 est
3315 790 3510 858 peccati.
3540 791 3588 848 Si
3608 810 3732 865 agno-

2231 881 2383 926 scant
2426 870 2670 928 homines
2706 873 3039 939 servitutem,
3069 875 3314 932 videbunt
3342 879 3469 935 unde
3490 882 3729 959 accipisnt‘

2231 959 2553 1017 libertatem.
2581 960 2850 1033 [ingenuus
2878 971 2962 1019 est
2987 964 3175 1034 aliquis
3210 967 3487 1037 captivatus
3508 986 3537 1026 δ
3576 974 3726 1032 barba-

2231 1050 2307 1107 ris
2331 1052 2374 1116 ‘,
2396 1067 2461 1107 ex
2483 1052 2711 1123 ingenuo
2737 1052 2904 1108 factus
2930 1066 3014 1110 est
3035 1069 3221 1110 servus
3247 1074 3260 1110 :
3288 1058 3426 1114 audit
3451 1059 3591 1118 bomo
3612 1066 3737 1121 mise-

2230 1151 2398 1207 rator,
2422 1142 2727 1198 considerat
2752 1157 2810 1199 se
2836 1142 3036 1200 habere
3074 1147 3361 1214 pecuniam,
3398 1149 3452 1204 ﬁt
3472 1151 3729 1224 redemptor,

2232 1231 2403 1302 pergit
2421 1230 2489 1285 ad
2527 1231 2800 1297 barbaros,
2830 1232 2918 1287 dat
2946 1235 3243 1303 perennium,
3262 1237 3463 1293 redimit
3494 1240 3728 1299 hominem.

2231 1320 2395 1377 Plane
2420 1322 2646 1379 reddidit
2674 1322 2993 1388 libertatem,
3023 1324 3068 1378 si
3086 1323 3300 1380 abstulit
3324 1326 3635 1397 iniquitatem.
3655 1332 3734 1389 Sed

2230 1411 2349 1481 quis
2372 1411 2590 1465 abstulit
2618 1405 2990 1481 iniquitatem“!
3014 1412 3177 1469 homo
3204 1413 3436 1471 homini?
3460 1416 3541 1473 Ille
3558 1421 3632 1489 qui
3652 1437 3737 1477 ser-

2233 1499 2411 1555 viebat
2444 1499 2588 1570 apud
2626 1501 2918 1568 barbaros,
2945 1517 2977 1556 a
3012 1502 3348 1573 redemptore
3380 1521 3471 1563 suo
3498 1508 3735 1580 redemptus

2230 1599 2313 1646 est
2337 1609 2351 1646 :
2378 1600 2433 1647 et
2458 1592 2682 1648 multum
2715 1592 2934 1649 interest
2957 1593 3094 1649 inter
3115 1594 3490 1666 redemptorem
3506 1609 3554 1655 et
3576 1601 3734 1656 ralem-

2232 1694 2419 1756 ptum;
2448 1691 2625 1740 tamen
2670 1684 2769 1740 sub
2815 1683 3033 1741 domina
3080 1686 3355 1757 iniquitate
3392 1687 3517 1744 forte
3552 1692 3734 1747 conservi

2236 1785 2381 1832 sunt.
2406 1775 2677 1851 Interrogo
2695 1775 3024 1846 redemptum
3049 1795 3063 1831 :
3093 1777 3267 1834 llabes
3287 1780 3569 1849 peccatum)?
3585 1780 3734 1847 Habeo,

2233 1866 2422 1938 inquit.
2472 1866 2747 1939 Interrogo
2794 1866 3236 1939 redemptorem:
3285 1869 3449 1927 Habes
3478 1873 3733 1942 peccatum?

2234 1958 2437 2025 Habeo,
2471 1959 2662 2031 inquit.
2693 1961 2832 2031 Ergo
2860 1976 2959 2016 nec
2989 1971 3043 2016 tu
3072 1969 3125 2017 te
3147 1961 3314 2033 iactes
3339 1962 3734 2036 redemputmmec

2236 2058 2294 2105 tu
2321 2059 2372 2105 te
2396 2051 2621 2105 extollas
2645 2049 3036 2120 redemptorem
3067 2069 3082 2107 :
3110 2051 3207 2108 sed
3243 2051 3401 2123 fugite
3428 2055 3568 2110 ambo
3588 2054 3641 2108 ad
3669 2070 3736 2109 ve-

2237 2154 2354 2201 rum
2375 2138 2735 2195 liberatorem.
2763 2138 2956 2195 Parum
2973 2149 3056 2196 est
3073 2141 3201 2212 quia
3220 2142 3304 2213 qui
3320 2140 3415 2197 sub
3434 2152 3618 2213 peccato
3630 2152 3735 2208 sunt.

2234 2230 2376 2284 servi
2402 2228 2530 2283 dicti
2554 2238 2711 2295 sunt;
2739 2236 2796 2285 et
2813 2228 3005 2285 mortui
3022 2229 3294 2288 dicuntur.
3316 2231 3457 2300 Quod
3483 2233 3610 2288 timet
3624 2234 3738 2289 homo

2237 2334 2306 2373 ue
2344 2317 2499 2374 faciat
2530 2318 2602 2374 illi
2630 2318 2932 2389 captivitas,
2952 2324 3065 2391 jam
3096 2321 3180 2377 illi
3219 2322 3340 2378 fecit
3373 2323 3610 2394 iniquitas.
3642 2323 3739 2392 Quid

2235 2409 2401 2472 enim,
2432 2409 2553 2478 quia
2580 2409 2825 2464 videntur
2848 2409 3053 2479 vivere,
3079 2412 3337 2483 numquid
3360 2412 3472 2470 ideo
3493 2414 3654 2470 erravit
3675 2414 3736 2468 ille

2237 2501 2325 2571 qui
2348 2500 2502 2568 dixit,
2536 2498 2742 2556 Dimitte
2758 2513 2980 2559 mortuos
2995 2506 3219 2577 sepelire
3237 2515 3451 2561 mortuos
3467 2523 3571 2560 suos
3584 2505 3740 2579 (lauti.

2239 2607 2354 2659 τω,
2384 2590 2520 2663 22)?
2551 2592 2689 2663 Ergo
2711 2594 2905 2649 mortui
2927 2609 3118 2651 omnes
3140 2596 3240 2652 sub
3261 2606 3484 2668 peccato,
3504 2598 3622 2653 servi
3641 2612 3743 2653 utor-

2237 2684 2332 2748 tui,
2355 2680 2642 2737 serviendo
2671 2684 2887 2751 mortui,
2912 2684 3198 2741 moriendo
3224 2687 3384 2742 servi.

2306 2774 2361 2829 4.
2388 2773 2433 2826 Α
2463 2774 2654 2846 peccati
2681 2775 2913 2830 servitute
2940 2784 2987 2831 et
3022 2787 3188 2831 morte
3212 2794 3313 2832 non
3340 2777 3504 2832 liberet
3534 2776 3614 2831 nisi

2235 2873 2362 2918 stus.
2392 2862 2689 2919 Similitudo
2718 2867 2884 2921 carnis
2904 2868 3101 2937 peccati
3133 2875 3188 2923 tn
3217 2868 3426 2924 Christo.
3451 2868 3564 2935 Quis
3581 2866 3743 2937 ergoti-

2235 2953 2387 3010 berat
2428 2969 2458 3008 a
2503 2963 2676 3010 morte
2717 2965 2771 3011 et
2809 2971 2839 3010 a
2868 2957 3148 3025 servitute,
3180 2959 3279 3015 nisi
3310 2960 3361 3014 iu
3400 2956 3744 3014 mortuisliberl

2235 3045 2367 3114 Quis
2394 3054 2478 3101 est
2518 3046 2570 3101 in
2603 3048 2827 3104 mortuis
2849 3049 3003 3116 liber,
3041 3050 3150 3106 nisi
3187 3033 3325 3107 inter
3363 3059 3634 3122 peccatores
3662 3048 3746 3103 sine

2237 3143 2499 3211 peccato?
2532 3140 2664 3196 Ecce
2687 3143 2818 3197 venit
2832 3144 3079 3218 princeps
3107 3146 3303 3210 mundi,
3327 3147 3434 3216 ipse
3450 3144 3563 3200 dicit
3578 3141 3747 3198 Redem-

2237 3239 2360 3302 ptor
2402 3240 2607 3301 noster,
2651 3233 2931 3290 Liberator
2967 3244 3157 3291 noster
3201 3252 3215 3291 :
3256 3234 3384 3290 Ecce
3419 3235 3535 3289 vertit
3571 3233 3744 3305 princeps

2238 3323 2439 3386 mundi,
2470 3332 2518 3377 et
2553 3324 2610 3378 in
2648 3341 2726 3379 me
2754 3325 2883 3380 nihil
2909 3327 3129 3382 inveniet
3165 3326 3353 3397 (Joan.
3381 3343 3482 3393 stv,
3506 3325 3603 3396 30).
3627 3323 3747 3378 Tenet

2235 3426 2371 3483 quos
2394 3411 2621 3484 decepit,
2645 3429 2780 3485 quos
2803 3414 3031 3482 seduxit,
3058 3417 3259 3488 quibus
3278 3426 3533 3488 peccatum
3554 3420 3746 3471 monem-

2235 3518 2339 3573 que
2378 3506 2680 3574 persuasit;
2713 3506 2766 3561 in
2800 3522 2879 3562 me
2920 3507 3051 3563 nihil
3090 3508 3330 3565 inveniet.
3362 3508 3515 3576 Veni,
3550 3504 3745 3567 Domine;

2236 3593 2380 3658 veni,
2409 3593 2758 3666 Redemptor,
2789 3596 2911 3652 veni
2946 3615 2960 3652 :
2999 3607 3262 3667 agnoscat
3287 3608 3341 3657 te
3377 3598 3606 3669 captivus.
3628 3592 3747 3663 ῐυείθι

2238 3690 2291 3739 te
2316 3684 2650 3754 captivator;
2680 3695 2733 3741 tu
2773 3694 2890 3743 esto
2926 3687 3057 3742 mihi
3088 3689 3363 3747 liberator.
3396 3689 3486 3745 ille
3513 3701 3589 3743 me
3619 3683 3747 3755 perdi-

2239 3780 2353 3829 tum
2381 3776 2601 3843 invenit,
2628 3777 2685 3832 in
2716 3793 2822 3849 quo
2847 3778 3091 3836 diabolus
3118 3782 3253 3837 nihil
3278 3783 3417 3855 quod
3439 3798 3554 3840 caro
3574 3783 3663 3853 sgit
3686 3779 3745 3833 in-

2237 3864 2403 3921 venit.
2450 3864 2655 3925 lnvenit
2691 3867 2745 3923 in
2786 3868 2879 3924 illo
2919 3884 3141 3928 carnem
3171 3873 3415 3944 princeps
3439 3872 3581 3943 hujus
3599 3864 3745 3928 seculi.

2238 3952 2441 4011 invenit
2469 3973 2482 4012 :
2513 3964 2567 4013 et
2603 3957 2814 4028 qualem
2849 3961 3109 4016 carnem?
3137 3962 3438 4031 Moralem,
3460 3976 3601 4036 quam
3629 3955 3749 4029 possit

2239 4052 2425 4102 tenere
2446 4088 2462 4113 ,
2504 4061 2663 4118 quam
2706 4047 2876 4119 possit
2911 4051 3249 4124 cruciﬁgere,
3281 4069 3435 4126 quam
3471 4053 3615 4124 possit
3644 4044 3741 4103 oeci

2239 4133 2389 4191 dere.
2420 4135 2606 4206 Erras,
2631 4136 2906 4209 deceptor,
2946 4155 3052 4195 non
3100 4142 3303 4199 fallitur
3343 4142 3746 4212 Redemptum—

2242 4244 2352 4284 ras.
2382 4228 2544 4285 Vides
2565 4230 2619 4284 in
2647 4230 2874 4287 Domino
2892 4246 3111 4289 carnem
3138 4235 3437 4303 mortalem,
3464 4239 3642 4290 nonest
3659 4238 3749 4282 caro

2238 4320 2440 4391 peccati
2488 4338 2503 4374 :
2545 4322 2838 4379 similitudo
2878 4332 2962 4380 est
3005 4326 3188 4383 carnis
3234 4327 3455 4399 peccati.
3496 4323 3616 4380 Misit
3645 4316 3749 4375 enim

2237 4408 2377 4466 Deus
2400 4409 2598 4467 Filium
2620 4428 2770 4467 suum
2793 4414 2847 4468 in
2870 4414 3255 4473 similitudinem
3271 4417 3434 4473 carnis
3451 4412 3632 4488 peccati.
3651 4408 3748 4463 Vera

2238 4515 2386 4570 caro,
2420 4502 2659 4559 mortalis
2683 4519 2810 4559 caro
2839 4522 2853 4559 :
2881 4505 2976 4561 sed
2995 4522 3104 4563 non
3126 4509 3333 4579 peccati
3354 4523 3493 4564 caro.
3520 4497 3750 4560 Hisitenim

2237 4591 2379 4649 Deus
2411 4592 2606 4650 Filium
2631 4612 2779 4651 suum
2816 4597 2869 4652 in
2910 4598 3293 4656 similitudinem
3329 4600 3489 4655 carnis
3523 4592 3693 4667 ρισεωὲι
3713 4598 3751 4639 tu

2237 4684 2302 4739 de
2330 4695 2535 4756 peccato
2578 4684 2844 4742 damnaret
2885 4700 3144 4759 peccatum
3186 4693 3242 4745 in
3283 4702 3451 4746 carne.
3490 4686 3613 4742 Misit
3646 4678 3751 4736 etii!"

2238 4775 2377 4831 Deus
2402 4774 2596 4831 Filium
2631 4793 2778 4831 suum
2804 4778 2860 4833 iu
2887 4779 3275 4836 similitudinem
3304 4780 3466 4836 carnis
3503 4770 3692 4848 ροιωιίε
3710 4767 3748 4819 in

2236 4882 2476 4936 carnem,
2501 4882 2608 4923 non
2630 4875 2808 4924 tamen
2832 4869 2883 4923 in
2902 4884 3116 4926 carnem
3144 4872 3350 4942 peccati
3371 4869 3493 4938 ;sed
3510 4869 3558 4922 in
3579 4859 3752 4919 εὐαίων

2238 4960 2405 5013 dinem
2451 4961 2619 5015 carnis
2660 4960 2870 5030 peccati.
2913 4960 3138 5032 Pr0pter
3179 4962 3344 5033 quid?
3380 4961 3446 5018 Ut
3482 4958 3539 5013 de
3572 4960 3748 5025 pacato.

2237 5050 2378 5122 quod
2417 5058 2562 5106 certe
2594 5052 2793 5106 nullum
2826 5054 2879 5107 in
2907 5065 2967 5108 se
3001 5064 3134 5120 erat,
3166 5054 3431 5109 damnaret
3471 5039 3747 5124 peccat!!!“

2237 5157 2390 5198 carne
2411 5158 2431 5197 :
2462 5153 2515 5197 ut
2536 5143 2742 5216 justitia
2761 5142 2908 5216 Legis
2937 5139 3231 5216 impleretur
3246 5146 3300 5200 in
3328 5143 3483 5209 nobis,
3501 5139 3579 5211 qui
3602 5143 3758 5189 ηοκα-
3818 5168 3819 5185 ι

2238 5235 2461 5288 cundum
2506 5253 2710 5290 carnem
2749 5234 3065 5293 ambulamus
3087 5278 3102 5304 ,
3148 5237 3241 5292 sed
3274 5234 3537 5293 secundum
3574 5224 3759 5298 spiritu

2242 5324 2568 5404 (Rom.gvm,
2599 5328 2653 5395 5,
2681 5326 2761 5399 4).
3651 5404 3659 5406 _
3714 5395 3757 5406 -.

2306 5401 2534 5475 error
2573 5397 2746 5475 tv.—'-
2764 5419 2819 5476 s.
2848 5418 3088 5489 Peccata,
3114 5419 3369 5490 iamnon
3393 5431 3481 5490 pro

2304 5591 2322 5659 ξ
2348 5598 2489 5659 Juxta
2512 5597 2588 5659 Er.
2611 5592 2758 5656 Lugd.
2780 5600 2923 5656 Ven.,
2944 5593 3205 5659 accipiunt.
3271 5597 3330 5641 Il.

2303 5653 2327 5726 ε
2338 5632 2758 5726 pingens:
2771 5632 3215 5726 maereant“;
3262 5632 3484 5718 iam.»
3513 5647 3578 5697 cst
3607 5632 3764 5700 cum.

2240 5714 2565 5778 captivatur‘a
2586 5714 2822 5769 barbatis.
2888 5723 2945 5768 tt.
