3934 6184
290 343 401 418 ιιι.

292 488 426 544 ergo
451 470 747 530 similitmlo
767 472 881 532 erat
903 478 1079 534 carnis
1109 490 1331 550 peccati,
1359 496 1465 538 non
1494 495 1620 539 caro
1638 484 1880 556 peccati;

289 566 588 637 quamodo,
625 567 693 623 Ut
720 569 785 624 de
809 582 1010 634 peccato
1039 573 1300 629 damnaret
1331 585 1593 646 peccatum
1610 578 1665 632 in
1690 580 1888 634 carne?

287 657 442 714 Solet
476 668 531 715 ει
569 660 862 717 similitudo
903 679 1095 735 capere
1125 682 1317 722 nomen
1348 669 1467 738 ejus
1504 671 1583 726 rei
1617 671 1768 742 cujus
1803 681 1886 728 est

288 749 609 806 similitudo.
644 751 814 806 llomo
843 753 1034 810 dicitur
1063 766 1256 817 verus:
1290 758 1383 815 sed
1410 761 1568 817 etiam
1598 761 1643 819 si
1681 764 1883 835 pictum

287 842 342 896 in
374 842 583 912 pariete
609 845 880 910 ostendas,
904 858 956 902 et
979 862 1186 918 qumras
1220 852 1343 922 quid
1372 853 1472 919 sit,
1504 855 1880 926 respondetur,

288 933 484 988 llomo.
522 934 801 990 Peccatum
833 952 963 1008 ergo
998 941 1259 1008 appellata
1297 951 1378 997 est
1404 958 1529 999 caro
1568 944 1771 1003 habens
1810 947 1884 1003 si-

292 1023 653 1078 militudincm
694 1026 870 1081 carnis
900 1031 1122 1098 peccati,
1154 1042 1209 1085 ut
1243 1041 1385 1087 esset
1427 1036 1745 1092 sacriﬁcium
1785 1049 1883 1109 pro

290 1122 534 1184 peccato.
568 1114 701 1169 Dicit
726 1116 863 1177 idem
890 1121 1164 1188 apostolus
1191 1123 1294 1176 alio
1317 1124 1435 1179 loco
1463 1143 1476 1179 :
1508 1125 1641 1181 Eunt
1668 1129 1755 1198 qui
1776 1144 1878 1185 non

291 1215 498 1259 noverat
527 1216 809 1275 peccatum,
840 1225 931 1279 pro
960 1209 1101 1264 nobis
1132 1225 1392 1279 peccatum
1419 1215 1536 1286 fecit
1567 1210 1647 1288 (ll
1672 1218 1792 1274 Cor.
1821 1235 1876 1289 ν,

287 1294 408 1366 2|).
445 1294 578 1348 Eunt
602 1296 690 1367 qni
708 1314 809 1351 non
833 1310 1034 1354 noverat
1056 1313 1313 1372 peccatum
1333 1321 1354 1360 :
1380 1322 1537 1377 quem
1562 1310 1648 1379 qui
1668 1326 1768 1365 non
1789 1326 1882 1366 no-

289 1396 428 1439 verat
451 1397 732 1455 peccatum,
760 1389 860 1444 nisi
882 1405 1024 1454 eum,
1049 1394 1136 1463 qui
1162 1394 1314 1461 dixit,
1340 1396 1473 1452 Ecce
1492 1402 1623 1454 venit
1646 1402 1880 1471 princeps

289 1479 473 1531 mundi
491 1519 504 1540 ,
533 1487 578 1531 et
606 1480 660 1534 in
693 1497 771 1535 me
799 1468 927 1536 nihil
966 1484 1221 1540 inveniet?
1248 1486 1382 1541 Eunt
1424 1491 1513 1558 qui
1547 1468 1657 1545 noni
1675 1468 1878 1547 noverat

289 1580 569 1638 percolunt,
601 1581 861 1641 peccatum
885 1582 977 1644 pro
997 1574 1138 1630 nobis
1160 1578 1278 1647 fecit
1298 1593 1318 1632 :
1342 1593 1467 1636 eum
1507 1581 1676 1651 ipsmn
1716 1583 1875 1638 Chri-

290 1668 429 1712 stum
475 1661 798 1716 nescientem
838 1674 1135 1732 peccatum,
1163 1668 1282 1736 fecit
1306 1683 1397 1738 pro
1423 1672 1565 1726 nobis
1591 1673 1729 1728 Deus
1756 1682 1874 1743 pec-

288 1759 473 1802 catum.
504 1749 641 1817 Quid
666 1761 749 1807 est
787 1752 909 1822 hoc,
953 1753 1182 1812 fratres?
1221 1758 1277 1813 Si
1321 1760 1607 1829 diceretur,
1650 1764 1795 1819 Fecit
1822 1767 1873 1822 in

290 1838 437 1892 illum
468 1849 774 1909 peccatum,
802 1854 925 1909 aut,
960 1845 1109 1900 Fecit
1147 1847 1295 1902 illum
1329 1849 1524 1906 habere
1566 1866 1869 1923 peccatum;

287 1930 622 1987 intolerabile
651 1933 958 1989 videretur:
989 1938 1255 2006 quomodo
1293 1941 1577 1998 toleramus
1614 1946 1753 2014 quod
1793 1946 1873 2002 di-

285 2029 426 2076 ctum
453 2033 569 2090 est,
604 2022 745 2079 Fecit
783 2039 897 2079 euut
937 2037 1221 2098 peccatum,
1265 2036 1321 2086 ut
1366 2032 1481 2104 ipse
1524 2026 1766 2092 Christus
1803 2039 1874 2093 sit

288 2116 603 2183 peccatum?
642 2116 742 2184 Qui
780 2129 1040 2174 noverunt
1088 2120 1387 2191 Scripturas
1430 2125 1632 2182 Veteris
1677 2127 1870 2186 Testa-

288 2205 451 2259 mcnti
472 2247 486 2271 ,
515 2219 901 2277 recognoscunt
932 2208 1071 2280 quod
1101 2209 1239 2266 dico.
1280 2212 1394 2268 Non
1425 2217 1565 2271 enim
1593 2219 1760 2274 semel
1785 2220 1871 2273 di-

285 2302 428 2348 ctum
464 2303 564 2361 est,
616 2296 710 2351 sed
751 2297 1063 2368 aliquoties,
1108 2303 1431 2361 creberrime
1476 2317 1687 2378 peccata
1729 2310 1869 2367 diota

283 2395 407 2439 sunt
434 2386 691 2441 sacrificia
721 2404 817 2458 pro
845 2392 1095 2461 peccatis.
1127 2392 1479 2464 Oiferebatur,
1506 2399 1652 2454 verbi
1678 2402 1866 2472 gratia,

283 2492 382 2545 ιντο
435 2485 655 2546 peccato
698 2477 896 2547 hircus,
923 2482 1095 2544 aries,
1139 2484 1457 2555 quodlibet:
1499 2489 1612 2558 ipsa
1654 2491 1867 2546 victima

280 2581 402 2635 quae
438 2566 759 2623 offerebatur
807 2586 905 2640 pro
936 2582 1184 2642 peccato,
1235 2588 1507 2645 peccatum
1553 2581 1866 2637 nominaba-

283 2664 393 2708 tur.
424 2655 710 2713 Peccatum
747 2675 877 2731 ergo
900 2660 1175 2719 dicebatur
1198 2667 1517 2724 sacriﬁcium
1552 2686 1646 2741 pro
1672 2687 1865 2743 pecea-

282 2755 341 2801 to
373 2746 448 2819 (a)
474 2766 486 2802 :
518 2750 588 2803 ita
614 2758 671 2805 ut
692 2751 882 2807 alicubi
908 2752 1047 2809 dicat
1076 2754 1207 2821 Lex,
1231 2758 1531 2816 sacerdotes
1553 2776 1751 2831 ponere
1771 2764 1866 2820 de-

278 2838 412 2894 bere
438 2852 625 2897 manus
655 2859 777 2899 suas
815 2860 977 2916 super
1015 2858 1285 2918 peccatum
1314 2850 1507 2923 (Leuit.
1536 2864 1608 2922 tv,
1631 2854 1733 2923 29,
1763 2871 1862 2912 sec.

275 2924 469 3001 LXX).
504 2931 665 3004 Ergo,
694 2933 824 2989 Eum
850 2938 937 3009 qui
959 2955 1060 2993 non
1094 2950 1296 2995 noverat
1323 2953 1602 3015 peccatum,
1625 2947 1742 3018 fecit
1775 2964 1868 3015 pro

276 3021 425 3077 nobis
452 3034 705 3091 peccatum
735 3041 754 3080 :
779 3026 829 3080 id
859 3035 961 3095 est,
992 3030 1306 3087 sacrificium
1333 3049 1432 3104 pro
1454 3047 1668 3105 peccato
1699 3038 1867 3098 factus

278 3125 386 3170 εει.
419 3116 699 3172 Peccatum
728 3121 962 3175 oblatum
993 3131 1076 3177 est
1106 3125 1144 3191 ¹,
1175 3133 1230 3180 ει
1273 3126 1505 3183 deletum
1543 3139 1627 3185 est
1674 3147 1857 3202 pecca-

280 3212 419 3260 tum.
467 3207 637 3263 Fusus
675 3218 757 3264 est
783 3212 999 3281 sanguis
1046 3212 1416 3286 Redemptoris
1440 3260 1454 3285 ,
1483 3229 1537 3274 et
1570 3220 1742 3277 deleta
1781 3235 1865 3280 est

276 3297 459 3351 cantio
482 3297 754 3353 debitoris.
789 3299 904 3371 Ipse
932 3310 1015 3358 est
1048 3307 1262 3376 sanguis
1286 3309 1373 3379 qui
1406 3325 1500 3381 pro
1527 3314 1708 3369 multis
1731 3314 1857 3370 ειΥιιι

276 3404 374 3443 sus
396 3398 479 3444 est
504 3391 558 3444 in
584 3391 949 3450 remissionem
980 3406 1341 3465 peccatorum.

352 3481 575 3538 CAPUT
622 3482 681 3538 V.
716 3514 784 3525 -—
810 3486 865 3541 6.
926 3486 1212 3544 Conclusio.
1251 3490 1387 3561 Quid
1431 3504 1513 3550 est
1554 3512 1680 3570 ergo
1721 3499 1862 3570 quod

274 3571 591 3641 insipienter
611 3577 883 3632 exsultasti
908 3620 923 3645 ,
952 3595 1106 3635 meus
1133 3582 1454 3653 captivator,
1487 3589 1608 3658 quia
1643 3605 1859 3646 carnem

274 3665 557 3719 mortalem
573 3664 750 3721 habuit
769 3683 917 3723 meus
936 3670 1210 3727 Liberator
1237 3674 1260 3727 ?
1284 3674 1341 3730 Si
1366 3677 1544 3732 habuit
1564 3691 1858 3749 peccatum,

271 3751 399 3807 vide
433 3755 518 3808 :si
560 3756 757 3837 aliquid
793 3767 937 3814 tuum
983 3762 1036 3816 in
1080 3778 1144 3818 eo
1174 3764 1442 3833 invenisti,
1463 3776 1602 3824 tene.
1626 3768 1860 3828 Verbum
1936 3814 1943 3821 .

271 3861 407 3900 caro
431 3845 617 3903 factum
635 3858 714 3904 est
738 3849 911 3922 (Joan.
942 3854 1357 3926 1,14).Verbum
1383 3869 1589 3914 creator
1617 3869 1716 3926 est,
1735 3877 1862 3920 caro

268 3946 521 3992 creatura
562 3948 661 3994 est.
699 3941 834 4009 Quid
884 3943 954 3997 ibi
987 3953 1169 4011 tuum,
1216 3946 1474 4003 inimice?
1517 3937 1856 4009 Et'Verbum

272 4026 421 4080 Deus
449 4037 561 4093 est,
609 4038 663 4085 et
708 4031 883 4086 anima
927 4032 1158 4090 hominis
1205 4044 1446 4093 creatura
1489 4048 1604 4107 est,
1659 4051 1712 4097 et
1734 4059 1859 4100 caro

268 4115 508 4173 hominis
542 4132 785 4177 creatura
815 4132 930 4190 est,
961 4132 1015 4180 et
1056 4141 1180 4180 caro
1209 4128 1448 4183 mortalis
1483 4131 1577 4186 Dei
1616 4143 1856 4189 creatura

266 4217 378 4262 est.
419 4208 696 4266 Peccatum
727 4228 924 4283 qugere.
956 4214 1060 4270 Sed
1094 4216 1221 4287 quid
1249 4220 1498 4288 qttteras?
1529 4221 1734 4278 Veritas
1774 4225 1857 4278 lo-

265 4300 457 4370 quitur
492 4320 506 4357 :
546 4301 715 4358 Veniet
757 4305 991 4377 princeps
1019 4309 1192 4362 mundi
1218 4309 1402 4382 hujus,
1449 4322 1496 4366 et
1536 4314 1590 4367 in
1617 4332 1695 4369 me
1732 4317 1860 4371 nihil

263 4390 507 4445 inveniet.
539 4392 656 4449 Non
702 4411 830 4467 ergo
887 4414 991 4453 non
1040 4400 1239 4457 invenit
1287 4418 1537 4471 carnem,
1584 4408 1678 4462 sed
1728 4410 1858 4465 nihil

263 4495 461 4547 suum,
492 4482 542 4537 id
578 4493 661 4540 est
685 4527 700 4553 ,
743 4487 948 4543 nullum
981 4500 1275 4559 peccatum.
1308 4493 1573 4565 Decepisti
1605 4497 1858 4556 innocen-

265 4582 389 4639 tes,
444 4572 615 4631 fecisti
674 4589 949 4636 nocentes.
999 4582 1247 4637 Occidisti
1300 4583 1634 4643 innocentem
1676 4606 1691 4656 ;
1734 4606 1856 4661 per-

262 4664 448 4720 emisti
477 4682 634 4738 quem
675 4685 780 4725 non
809 4671 1060 4740 debebas,
1094 4674 1256 4730 redde
1284 4677 1424 4746 quod
1455 4679 1689 4735 tenebas.
1722 4682 1857 4751 Quid

262 4769 401 4825 ergo
443 4755 510 4810 ad
540 4758 724 4814 horam
762 4763 1033 4818 exsultasti
1056 4804 1071 4829 ,
1109 4765 1232 4835 quia
1279 4767 1524 4823 invenisti
1565 4771 1616 4826 in
1646 4770 1858 4830 Christo

261 4861 483 4901 carnem
517 4851 832 4908 mortalem?
860 4853 1147 4925 Muscipula
1177 4865 1262 4912 tua
1293 4869 1407 4914 erat
1438 4878 1451 4914 :
1486 4864 1625 4919 unde
1653 4866 1858 4922 laetatus

259 4950 334 4992 es
354 4977 369 4999 .
402 4937 523 4994 inde
548 4948 733 5011 captus
759 4957 836 4997 es.
861 4942 954 4999 Ubi
982 4954 1033 4999 te
1050 4947 1326 5003 exsultasti
1347 4951 1543 5021 aliquid
1568 4954 1853 5024 invenisse,

262 5026 398 5082 inde
439 5045 578 5085 nunc
619 5032 769 5088 doles
793 5033 935 5105 quod
961 5038 1280 5106 possederas
1320 5043 1635 5111 perdidisse.
1674 5048 1852 5119 Ergo,

257 5115 483 5186 fratres,
501 5122 589 5192 qui
611 5123 879 5181 credimus
900 5126 951 5181 in
979 5128 1267 5199 Christum,
1288 5148 1596 5192 maneamus
1619 5138 1669 5193 in
1690 5143 1857 5198 verbo

256 5210 406 5280 ejus.
453 5213 507 5269 Si
552 5217 693 5271 enim
739 5221 1092 5278 manserimus
1134 5224 1184 5278 in
1236 5227 1400 5281 verbo
1439 5229 1587 5298 ejus,
1622 5248 1746 5288 vere
1776 5235 1857 5290 di-

255 5302 454 5372 scipuli
477 5304 594 5374 ejus
634 5322 838 5365 sumus.
866 5310 979 5367 Non
1015 5315 1157 5370 enim
1202 5318 1300 5372 soli
1328 5318 1399 5373 illi
1429 5318 1730 5392 duodecim,
1759 5326 1856 5383 sed

254 5407 457 5448 omnes
505 5396 595 5466 qui
632 5413 910 5458 manemus
955 5403 1005 5458 in
1049 5406 1213 5462 verbo
1258 5408 1389 5479 ejus,
1444 5428 1569 5469 vere
1608 5414 1855 5488 discipuli

252 5483 380 5557 ejus
396 5501 596 5545 sumus.
616 5491 683 5546 Et
705 5508 1092 5565 cognoscemus
1120 5500 1415 5568 veritatem,
1438 5513 1495 5561 et
1516 5508 1708 5564 veritas
1726 5483 1860 5568 libe-

326 5640 577 5718 2915s"
599 5645 753 5709 factm
789 5662 859 5701 est
880 5657 1147 5718 ρξςεαεωιι,
1171 5654 1354 5718 oblatus
1375 5664 1463 5718 est,
1489 5667 1585 5710 etc.

255 5780 293 5815 η
324 5705 402 5813 qi)
428 5707 543 5757 vtes
570 5705 851 5760 sermonem
880 5705 994 5769 'tss,
1022 5728 1103 5763 ιιιι.
1134 5705 1207 5777 io,
1237 5705 1710 5780 tabiﬁcum
1749 5730 1837 5784 155

595 5863 866 5932 ΡΑΤιιοι..
901 5872 1219 5943 XXXVIII.

1681 356 1916 427 SERMO
1952 359 2210 431 CXXXV.

3468 375 3571 435 ἨΘ

1994 489 2134 544 rabit
2158 505 2255 546 nos
2286 510 2300 546 :
2334 492 2386 549 id
2418 503 2520 566 est,
2552 497 2794 558 Christus
2819 490 2980 561 Filius
3012 496 3121 573 Dei,
3153 509 3243 579 qui
3274 510 3425 577 dixit,
3468 516 3578 589 Ego

1991 595 2104 633 sum
2129 583 2306 639 veritas
2334 585 2513 659 (Joan.
2537 606 2645 658 xw,
2664 593 2740 664 6).
2769 594 2987 652 Liberos
3017 615 3113 656 nos
3135 600 3315 669 faciet;
3344 605 3444 662 hoc
3468 583 3573 675 εει,

1993 669 2237 729 liberabit
2259 692 2376 743 nos,
2409 694 2513 736 non
2541 697 2570 737 a
2618 684 2883 755 barbaris,
2915 690 3008 746 sed
3045 706 3073 746 a
3104 694 3318 750 diabolo
3346 669 3573 771 χιιοιιὰ

1990 767 2230 835 corporis
2242 770 2566 841 captivitate,
2587 774 2680 830 sed
2700 779 2767 832 ab
2783 781 2973 835 anima:
2990 782 3287 852 iniquitate.
3310 768 3466 846 Solus
3494 805 3576 849 est

1989 857 2081 927 qui
2110 859 2187 915 sic
2212 861 2421 919 liberat.
2453 863 2620 922 Nemo
2644 884 2701 923 se
2730 871 2950 926 liberum
2976 875 3136 941 dicat,
3168 893 3233 933 ne
3262 894 3447 936 servus
3488 898 3576 939 re-

1989 952 2223 1005 maneat.
2266 949 2385 1010 Non
2426 959 2722 1013 remanebit
2772 962 2825 1016 in
2856 965 3110 1022 servitute
3148 970 3323 1025 anima
3367 984 3571 1042 nostra,

1988 1038 2110 1109 quia
2135 1043 2372 1111 qliotidie
2395 1044 2729 1105 dimittuntur
2753 1052 2928 1109 debita
2957 1066 3156 1114 nostra.

2408 1157 2635 1216 SERMD
2672 1158 2911 1220 cxxxv
2957 1171 2974 1190 ο
3006 1167 3104 1239 (α);

1991 1252 2068 1317 De
2107 1264 2265 1319 verbis
2320 1266 2584 1341 Evangelii
2624 1272 2863 1341 Joannis,
2905 1278 3015 1349 Ego
3066 1259 3212 1347 veni,
3260 1292 3316 1339 ut
3381 1284 3572 1344 faciam

2055 1366 2216 1423 opera
2242 1356 2358 1426 ejus
2386 1362 2475 1429 qui
2506 1364 2648 1418 misit
2677 1381 2782 1420 me.
2812 1367 2998 1424 Contra
3024 1371 3260 1429 Arianos.
3311 1374 3381 1433 Et
3423 1379 3486 1433 de
3515 1398 3574 1435 eo

2053 1445 2190 1514 quod
2226 1449 2298 1501 ait
2339 1448 2655 1510 illinninatus
2681 1455 2781 1521 ille~
2802 1459 2888 1528 qni
2920 1470 3028 1513 erat
3061 1479 3223 1517 aecus
3257 1477 3424 1531 natus,
3454 1468 3571 1525 Sci-

2048 1551 2173 1595 mus
2201 1540 2325 1610 quia
2369 1553 2675 1611 peccatores
2716 1548 2854 1605 Deus
2897 1565 3004 1606 non
3053 1556 3286 1611 exaudit.
3320 1558 3446 1629 Cap.
3487 1577 3571 1617 ιχ.

2050 1643 2277 1708 CAPUT
2326 1654 2608 1714 PRIMUM.
2638 1690 2711 1701 —-
2756 1663 2807 1717 1.
2857 1663 3067 1721 Caecitas
3116 1672 3340 1726 omnium
3402 1674 3571 1729 homi-

1980 1755 2104 1797 num
2138 1759 2174 1796 a
2218 1746 2495 1804 nativitate.
2542 1749 2795 1808 Dominus
2853 1754 3029 1823 Jesus,
3084 1759 3221 1815 sicut
3269 1762 3570 1822 audivimus

1977 1845 2099 1887 cum
2130 1843 2371 1892 sanctum
2423 1838 2768 1910 Evangelium
2819 1845 3104 1915 legeretur.
3152 1854 3360 1920 aperuit
3383 1858 3567 1913 oculos

1979 1920 2182 1979 homini
2206 1926 2298 1996 qui
2323 1943 2497 1984 carens
2526 1940 2642 1986 erat
2664 1942 2839 1989 natus.
2870 1935 3086 1993 Fratres
3107 1980 3124 2007 ,
3155 1941 3201 1995 si
3229 1945 3568 2003 attendamus

1977 2011 2368 2073 hereditariam
2409 2033 2619 2089 poenam
2667 2033 2925 2090 nostram,
2960 2034 3101 2085 totus
3139 2033 3371 2091 mundus
3393 2051 3568 2094 ett-cus

1976 2114 2079 2161 est.
2115 2105 2242 2164 ideo
2284 2112 2430 2166 venit
2457 2112 2701 2170 Christus
2748 2118 3101 2186 illuminator,
3151 2124 3273 2193 quia
3325 2126 3567 2185 diabolus

1975 2194 2150 2253 fuerat
2177 2194 2497 2257 exerceatur.
2530 2202 2729 2261 Omnes
2765 2222 2938 2263 caecos
2967 2212 3109 2265 nasci
3142 2212 3286 2279 fecit,
3329 2217 3419 2285 qui
3461 2220 3568 2288 pri-

1973 2301 2122 2343 mum
2166 2289 2435 2347 hominem
2465 2286 2701 2364 decepit.
2749 2296 2979 2352 Currant
3014 2299 3082 2355 ad
3131 2286 3562 2376 illuminatorem,

1975 2387 2231 2447 currant,
2261 2381 2525 2452 credant,
2578 2387 2839 2457 accipiant
2864 2389 3034 2445 lutum
3060 2391 3127 2447 de
3150 2394 3314 2449 saliva
3342 2394 3562 2453 factum.

1976 2468 2153 2526 Saliva
2194 2475 2346 2543 quasi
2376 2475 2604 2532 Verbum
2632 2490 2734 2546 est,
2782 2488 2919 2535 terra
2949 2498 3076 2538 caro
3120 2495 3222 2541 est.
3255 2488 3459 2546 Lavcnt
3487 2493 3565 2545 fa-

1974 2562 2110 2618 ciem
2137 2563 2189 2618 in
2221 2566 2422 2635 piscina
2453 2568 2634 2625 Silom.
2676 2571 2936 2627 Pertinuit
2974 2584 3152 2630 autem
3191 2578 3256 2633 ad
3278 2581 3564 2653 Evangeli-

1973 2662 2110 2707 stam
2126 2670 2394 2725 exponere
2418 2659 2570 2715 nobis
2595 2661 2720 2730 quid
2748 2663 3009 2733 significet
3034 2664 3195 2731 Siloa,
3216 2679 3268 2724 et
3291 2671 3386 2737 ait,
3414 2672 3565 2738 Quod

1973 2743 2333 2814 interpretatur
2359 2749 2560 2804 missus.
2606 2750 2739 2819 Quis
2787 2762 2870 2808 est
2920 2755 3034 2823 ipse
3085 2758 3301 2825 missus,
3346 2761 3444 2817 uisi
3471 2765 3564 2834 qui

1973 2834 2107 2891 dixit
2144 2837 2198 2891 in
2245 2840 2359 2909 ipsa
2413 2840 2661 2910 lectione,
2714 2841 2844 2915 Ego,
2880 2845 3069 2919 inquit,
3113 2851 3243 2913 veni,
3275 2862 3331 2906 ut
3375 2856 3564 2925 faciant

1973 2943 2129 2997 opera
2170 2929 2283 2998 ejus
2324 2931 2411 2999 qui
2439 2946 2518 2984 me
2541 2933 2679 2987 misit
2707 2933 2733 2987 ἴ
2758 2935 2897 2991 Ecce
2925 2936 3067 2993 Siloa
3097 2956 3111 3004 ;
3145 2940 3315 2998 lavate
3340 2944 3552 3014 faciem,

1971 3018 2334 3088 baptizamini,
2388 3032 2446 3078 ut
2494 3024 2901 3096 illuminetuini,
2941 3038 2997 3085 et
3021 3031 3244 3089 videatis
3280 3037 3368 3106 qui
3395 3039 3409 3070 ⁸
3437 3050 3563 3096 ante

1973 3125 2078 3166 non
2111 3111 2399 3168 videbatis.

2066 3202 2122 3258 9.
2164 3201 2329 3258 Locus
2375 3204 2438 3259 ab
2488 3206 2691 3264 Ariani:
2744 3209 3051 3271 calumniosi:
3087 3225 3379 3287 usurpatus.
3422 3219 3563 3277 Ecce

1970 3294 2202 3364 primum
2248 3295 2319 3349 ad
2353 3295 2455 3351 hoc
2500 3298 2641 3368 quod
2678 3299 2876 3356 dictum
2924 3313 3001 3358 est
3029 3344 3045 3368 ,
3076 3307 3261 3363 oculos
3309 3311 3558 3380 aperite:

1970 3380 2103 3455 Ego,
2135 3385 2322 3454 inquit,
2364 3387 2476 3441 veni
2514 3397 2573 3441 ut
2611 3390 2798 3460 faciam
2823 3408 2978 3461 opera
3018 3396 3128 3464 ejus
3169 3398 3259 3467 qui
3295 3416 3374 3453 me
3394 3402 3559 3459 misit.

1968 3471 2086 3530 Jam
2155 3474 2240 3528 hic
2291 3475 2472 3530 existit
2525 3477 2775 3543 Arianus,
2824 3489 2879 3534 et
2930 3480 3059 3536 dicit
3114 3501 3129 3537 :
3190 3487 3327 3542 Ecce
3369 3489 3559 3545 videtis

1968 3563 2091 3634 quia
2132 3563 2377 3621 Christus
2421 3582 2527 3621 non
2568 3567 2692 3624 fecit
2729 3585 2892 3638 orera
2930 3586 3024 3627 sua
3051 3610 3069 3641 ,
3119 3575 3214 3631 sed
3254 3577 3427 3635 Patris
3467 3584 3560 3654 qui

1967 3670 2089 3712 eum
2118 3657 2284 3712 misit.
2315 3657 2597 3729 Nunquam
2627 3660 2730 3716 hoc
2754 3662 2974 3728 diceret,
3006 3667 3051 3720 si
3081 3667 3301 3737 videret,
3331 3671 3435 3728 hoc
3454 3684 3556 3742 est,

1966 3747 2013 3802 si
2039 3747 2093 3803 in
2143 3748 2259 3818 ipso
2309 3750 2399 3818 qui
2429 3751 2624 3806 missus
2670 3762 2772 3818 est,
2807 3762 3055 3825 tanquam
3084 3757 3139 3813 in
3166 3759 3337 3829 Siloa,
3369 3764 3557 3822 faciem

1966 3836 2188 3893 lavarct.
2233 3838 2369 3906 Quid
2397 3856 2524 3911 ergo
2574 3842 2708 3897 dicis
2737 3842 2760 3897 ?
2786 3844 2945 3911 Ecce,
2998 3847 3189 3918 inquit,
3244 3850 3358 3921 ipse
3402 3855 3553 3911 dixit.

1965 3927 2100 3995 Quid
2130 3928 2262 3984 dixit
2289 3930 2313 3984 ?
2356 3929 2498 3998 Veni,
2538 3942 2592 3986 ut
2621 3934 2807 4003 [ariam
2835 3952 2990 4006 opera
3014 3940 3124 4008 eius
3150 3943 3239 4012 qui
3280 3960 3360 3999 me
3398 3949 3554 4004 misit.

1963 4017 2080 4072 Non
2111 4034 2240 4089 ergo
2266 4035 2362 4075 sua
2392 4021 2577 4077 ?Non.
2608 4024 2671 4078 Et
2699 4026 2824 4094 quid
2862 4037 2943 4083 est
2968 4030 3107 4098 quod
3137 4033 3211 4088 ait
3250 4034 3364 4105 ipse
3388 4036 3553 4106 Siloa,

1964 4109 2079 4178 ipse
2118 4111 2334 4173 missus.
2386 4112 2499 4181 ipse
2546 4114 2732 4181 Filius,
2767 4117 2879 4186 ipse
2902 4117 3103 4175 Unicus
3130 4139 3292 4193 quem
3323 4137 3376 4183 ιιι
3417 4146 3555 4201 que-

1964 4200 2102 4253 reris
2130 4201 2150 4231 ¹
2176 4214 2295 4255 esse
2344 4200 2667 4272 degenerem
2697 4205 2720 4258 ?
2758 4206 2895 4273 Quid
2925 4218 3007 4265 est
3050 4214 3192 4282 quod
3221 4217 3295 4271 ait
3316 4259 3333 4286 ,
3352 4200 3557 4277 ‘Ontnia

1962 4307 2074 4361 quae
2092 4291 2236 4346 habet
2256 4292 2429 4361 Pater,
2449 4312 2559 4349 mea
2576 4306 2691 4351 sunt
2711 4297 2822 4368 (Id.
2851 4302 3065 4374 “1,15)
3095 4305 3120 4359 2'
3145 4307 3224 4362 Tu
3247 4309 3380 4367 dicis
3425 4316 3553 4385 quia

1961 4396 2122 4451 opera
2148 4383 2318 4438 aliena
2336 4384 2593 4451 faciebat;
2619 4388 2742 4458 quia
2759 4389 2911 4457 dixit,
2936 4391 3148 4449 Faciant
3164 4414 3317 4468 opera
3336 4383 3553 4478 ejus—qui

1961 4489 2041 4528 nte
2060 4474 2212 4528 misit.
2238 4475 2349 4545 Ego
2374 4476 2498 4535 dico
2514 4480 2636 4548 quia
2659 4480 2816 4537 Pater
2845 4499 2933 4541 res
2955 4485 3155 4543 alienas
3175 4489 3403 4550 habebat
3428 4515 3442 4561 ;
3467 4474 3556 4555 sc.-

1959 4564 2189 4620 cundum
2215 4580 2310 4620 cor
2335 4576 2481 4623 tuum
2511 4570 2717 4640 loquor.
2752 4572 2903 4630 Unde
2940 4577 3069 4633 mihi
3093 4581 3172 4635 vis
3205 4588 3551 4652 pnescribere

1960 4658 2083 4726 quia
2120 4659 2256 4714 dixit
2276 4659 2541 4731 Christus,
2592 4662 2714 4718 Veni
2735 4705 2751 4730 ,
2776 4676 2835 4720 ut
2858 4669 3043 4738 faciam
3067 4687 3222 4741 opera
3247 4677 3375 4746 ejus,
3405 4678 3555 4750 quasi

1965 4764 2068 4803 non
2098 4764 2237 4813 mea,
2263 4751 2357 4807 sed
2382 4753 2494 4822 ejus
2516 4754 2603 4822 qui
2628 4755 2761 4809 misit
2787 4773 2865 4810 ius
2890 4758 2917 4811 2’

2030 4838 2256 4896 CAPUT
2286 4840 2350 4894 li.
2379 4842 2519 4895 —3.
2556 4841 2724 4911 Opera
2762 4842 2936 4900 Patris
2979 4856 3028 4930 ει
3070 4848 3195 4905 Filii
3223 4856 3429 4911 eadem-
3466 4859 3542 4914 ln-

1958 4937 2174 5000 terrogo
2225 4939 2294 4995 te,
2346 4931 2570 4985 Domine
2599 4931 2826 4999 Christe,
2862 4937 3010 4993 solve
3049 4946 3420 5012 qutestiouem,
3458 4947 3545 5004 lini

1963 5023 2358 5077 contentionem
2387 5023 2427 5074 ³.
2461 5023 2665 5088 Omnia,
2697 5025 2884 5094 inquit,
2910 5044 3027 5098 qua:
3048 5031 3195 5086 habet
3226 5033 3404 5105 Pater,
3437 5057 3549 5095 mea

1959 5123 2098 5169 sunt.
2143 5114 2283 5183 Ergo
2324 5114 2495 5169 Patris
2533 5131 2640 5175 non
2678 5120 2894 5181 suut,.si
2922 5129 3012 5176 tua
3037 5134 3160 5180 sunt
3199 5124 3366 5183 iNon
3405 5133 3547 5189 enim

1959 5208 2051 5269 ait,
2102 5203 2291 5261 Omnia
2321 5222 2443 5278 qua:
2483 5206 2643 5263 habet
2685 5209 2861 5275 Pater,
2914 5212 3059 5269 dedit
3080 5218 3206 5273 mihi
3251 5234 3263 5272 :
3309 5227 3550 5291 quamvis

1961 5297 2005 5352 si
2030 5306 2083 5352 et
2113 5298 2213 5352 hoc
2237 5297 2478 5363 dixisset,
2502 5301 2857 5370 teqttalitatem
2882 5306 3224 5365 ostendisset.
3252 5309 3356 5368 Sed
3387 5318 3548 5370 mole.

1960 5395 2099 5442 stnm
2142 5398 2224 5442 cst
2265 5389 2405 5459 quod
2444 5390 2597 5456 dixit,
2649 5390 2833 5446 Omnia
2879 5409 2992 5465 quat
3033 5396 3181 5452 habet
3225 5399 3403 5472 Pater,
3435 5424 3548 5463 mea

2025 5555 2041 5620 ξ
2066 5554 2140 5603 sic
2160 5560 2276 5620 nias;
2307 5554 2422 5603 Editi
2447 5568 2585 5615 vero,
2608 5560 2754 5620 φςοα.

2023 5614 2711 5685 ξέιιι.ᾓι’.ειιιεε.,ᾳιιωὶ·ἱε.
2842 5656 2845 5657 ν
3091 5678 3103 5685 ,
3172 5649 3180 5657 -

2025 5629 2043 5646 -
2069 5629 2167 5663 sm.
2192 5629 2268 5687 ter.
2295 5629 2345 5665 et
2369 5629 2711 5726 ntss.,qnwm.
2842 5656 2845 5657 ν
2922 5682 2932 5694 θ
2982 5675 2993 5685 ι
3091 5678 3104 5692 ⁸
3172 5649 3180 5657 .

2025 5677 2133 5746 fs_ic
2154 5676 2335 5746 aliquot
2356 5683 2463 5746 Mss.
2489 5687 2518 5746 [ι
2544 5692 2573 5727 ιι
2600 5693 2719 5746 vero
2740 5692 2850 5730 cum
2872 5683 3036 5737 cuius.
3056 5692 3159 5736 ante
3181 5697 3490 5746 οοιιιεηιιοηρ.

2022 5735 2042 5807 ξ
2066 5735 2354 5807 emendatus
2375 5740 2432 5788 ad
2471 5740 2795 5807 ἀπε-τεμεῖ.
2820 5755 2910 5798 rm.
2937 5758 2982 5794 v.
3008 5735 3462 5807 Ᾰιιιτιῆἶδιιιῗῖλῖῖ

2017 5796 2097 5862 (α)
2121 5798 2262 5863 Alias,
2285 5801 2348 5851 45
2368 5816 2431 5852 ex
2462 5802 2673 5854 llomih'is

2731 5893 2770 5971 {
2782 5887 3308 5975 Vingt-quatrc./
