3850 6188
291 398 391 460 ’τι-ε

293 526 433 576 sunt.
483 513 539 568 Si
590 504 872 573 intelligas,
922 493 1112 552 Omnia
1159 502 1276 559 qua:
1327 481 1489 540 habet
1537 479 1714 544 Pater,
1762 472 1878 527 Filii

293 621 421 671 sunt
460 603 681 673 ;omuia
726 563 1054 667 qum-habet
1093 583 1279 646 Filius,
1328 574 1499 633 Patris
1552 580 1695 627 sunt.
1743 563 1880 621 Audi

297 666 446 758 illum
462 666 576 749 alio
594 691 714 746 loco
746 666 760 739 ξ
794 681 977 736 Omnia
1002 692 1114 733 mea
1140 684 1225 728 tua
1252 677 1385 733 sunt,
1420 676 1466 721 ct
1498 674 1585 718 tua
1614 676 1723 714 mea
1742 666 1878 712 sunt.

302 793 476 863 (Joan.
514 777 779 847 xvu,10.)
811 772 980 828 Finita
1008 777 1089 824 est
1116 756 1454 837 qumstio,'de
1483 756 1564 811 his
1586 768 1705 823 quae
1727 749 1885 804 habet

298 840 453 936 Pater
480 885 534 930 et
575 869 742 927 Filius
762 840 782 921 ἐ
814 858 1107 919 concordes
1135 851 1389 914 liabent‘,
1419 858 1475 902 tu
1502 845 1609 900 noli
1654 840 1883 911 litigare.

299 973 473 1041 Opera
506 963 679 1020 Patris
717 973 835 1029 qua:
859 953 988 1010 dicit
1011 962 1172 1021 opera
1214 959 1347 1008 sua;
1388 939 1510 1011 quia
1554 944 1609 990 et
1638 947 1724 989 tua
1769 944 1888 984 mea

299 1064 443 1118 suut’
466 1058 613 1129 :quia
634 1054 773 1110 illius
792 1048 958 1104 Patris
978 1044 1106 1099 dicit
1119 1053 1301 1110 opera,
1320 1034 1403 1089 cui
1417 1026 1760 1094 dixit,0nmiu
1780 1038 1891 1076 mea

301 1169 390 1212 tua
428 1162 564 1214 sunt,
608 1157 653 1202 et
682 1157 767 1199 tua
795 1157 905 1196 mea
933 1145 1070 1193 sunt.
1113 1133 1253 1202 Ergo
1281 1142 1441 1197 opera
1474 1138 1590 1178 mea
1619 1129 1706 1174 tua
1738 1124 1886 1179 Slllll,

302 1259 357 1305 et
383 1258 545 1317 opera
576 1252 663 1296 tua
693 1250 807 1292 mea
835 1241 979 1289 sunt.
1014 1228 1349 1294 Quaecumque
1389 1218 1521 1272 enim
1552 1214 1706 1268 Pater
1732 1211 1890 1283 facit:

306 1345 421 1413 ipse
464 1335 619 1400 dixit,
660 1329 915 1385 Dominus
968 1321 1123 1385 dixit,
1172 1312 1487 1383 Unigcnitus
1534 1307 1686 1371 dixit,
1733 1302 1896 1355 Filius

306 1393 460 1494 drixit,
489 1393 695 1482 Veritas
715 1420 864 1479 dixit.
889 1413 1023 1484 Quid
1039 1408 1207 1467 dixit?
1227 1407 1559 1474 Quacumque
1584 1397 1734 1451 Pater
1756 1393 1895 1465 facit,

311 1528 417 1579 lucc
440 1493 485 1576 et
517 1518 680 1573 Filius
708 1513 828 1584 facit
849 1507 1076 1563 similiter
1110 1500 1218 1573 (Id.
1243 1514 1296 1565 ν,
1328 1498 1435 1565 19).
1463 1493 1648 1562 Magna
1685 1500 1902 1557 expres-

311 1618 411 1676 sio,
433 1623 619 1677 magna
642 1604 855 1666 veritas,
883 1610 1069 1666 magna
1088 1588 1377 1660 aequalitas.
1404 1583 1587 1638 Omnia
1614 1595 1727 1652 qua!
1748 1575 1904 1629 Pater

316 1666 458 1774 facit,
491 1666 597 1753 haec
627 1696 743 1755 facit
772 1700 818 1745 et
844 1688 1029 1742 Filius.
1060 1682 1364 1744 Sufliceret,
1397 1674 1582 1729 Omnia
1606 1685 1719 1741 qua:
1746 1666 1903 1721 Pater

318 1756 462 1861 'ftlcil',
495 1792 600 1844 [nec
627 1787 747 1856 facit
779 1791 821 1837 et
852 1779 1039 1833 Filius.
1074 1774 1188 1829 Non
1237 1769 1469 1830 sufﬁcit;
1511 1764 1670 1829 addo,
1719 1756 1902 1813 simili-

321 1898 412 1938 ter.
451 1852 636 1947 Quare
679 1873 839 1938 addo,
872 1865 1155 1924 similiter?
1197 1861 1330 1927 Quia
1374 1857 1549 1912 solent
1594 1852 1772 1906 dicere
1800 1861 1903 1900 non

322 1941 700 2042 intelligentes,
743 1974 797 2020 et
825 1959 1058 2017 nondum
1103 1953 1301 2025 apertis
1339 1949 1509 2005 oculis
1553 1941 1902 2002 ambulantes,

323 2030 523 2120 solent“
542 2060 720 2115 dicere
771 2072 785 2108 :
829 2054 986 2107 Pater
1035 2046 1159 2102 fecit
1199 2039 1472 2113 jubendo,
1527 2035 1694 2089 Filius
1748 2030 1907 2084 obse-

323 2154 534 2229 quendo
560 2168 575 2219 ;
601 2166 727 2220 ergo
752 2141 1084 2202 dissimiliter
1098 2139 1141 2192 ⁸.
1184 2135 1239 2191 Si
1279 2141 1459 2188 autem
1495 2126 1743 2185 similiter.
1780 2134 1909 2193 quo-

324 2221 484 2306 modo
506 2247 614 2311 ille,
641 2242 719 2297 sic
747 2239 836 2294 ille
860 2253 874 2291 :
902 2234 980 2290 sic
1004 2244 1123 2302 qua:
1150 2227 1259 2294 ille,
1287 2225 1402 2279 haec
1424 2221 1542 2276 iste.

396 2336 622 2398 CAPUT
649 2333 736 2388 111.
754 2331 887 2385 -4.
914 2327 961 2381 F
961 2326 1081 2381 ilius
1110 2321 1203 2377 Dei
1236 2311 1676 2374 consubstantiatis
1713 2316 1759 2363 et
1787 2320 1913 2359 core-

279 2481 287 2488 .
328 2447 503 2491 ternas
526 2428 692 2484 Patri.
724 2423 834 2480 Sed
855 2420 1009 2491 jubet
1033 2418 1211 2476 Pater,
1241 2409 1433 2481 inquit,
1462 2417 1517 2461 ut
1544 2404 1700 2459 iaciat
1722 2399 1908 2455 Filius.

327 2522 623 2580 Carnalitcr
651 2516 861 2588 quidem
892 2510 1058 2581 sapis,
1094 2504 1187 2560 sed
1228 2503 1343 2557 sine
1372 2494 1678 2570 pra-judicio
1714 2491 1914 2546 verita-

331 2619 418 2677 tis.
451 2612 585 2668 cedo
631 2583 743 2663 tibi.
777 2604 913 2658 Ecce
941 2599 1101 2654 Pater
1125 2592 1312 2664 jubet,
1344 2588 1508 2644 Filius
1554 2583 1868 2653 obsequitur
1898 2597 1911 2633 :

333 2671 590 2775 numquid
639 2698 762 2753 ideo
806 2706 912 2748 non
957 2696 1042 2744 est
1080 2686 1196 2756 ejus
1221 2690 1426 2738 natura:
1451 2677 1641 2738 Filius,
1675 2675 1797 2744 quia
1827 2671 1917 2727 ille

333 2766 523 2869 jubet,
553 2790 644 2847 ille
679 2782 991 2854 obsequitur
1026 2779 1053 2834 ρ
1082 2777 1156 2832 Da
1185 2773 1315 2829 mihi
1342 2771 1476 2827 duos
1512 2766 1777 2837 homines,
1821 2779 1914 2832 pa—

338 2857 474 2944 trem
510 2857 572 2940 et
603 2881 769 2936 ﬁlium
798 2895 813 2932 :
844 2872 1090 2930 homines
1111 2875 1237 2924 sunt
1275 2864 1418 2930 duo;
1447 2860 1539 2931 qui
1561 2857 1733 2929 jubet,
1758 2857 1919 2909 homo

338 2990 468 3044 cst;
520 2974 611 3047 qui
659 2965 986 3039 obsequitur,
1033 2963 1195 3016 homo
1250 2964 1335 3011 est
1362 2972 1377 3007 :
1404 2952 1495 3022 qui
1544 2949 1695 3019 jubet
1730 2955 1786 3000 et
1829 2944 1918 3013 qui

340 3034 666 3139 obsequitur,
696 3074 857 3116 uuam
878 3055 1080 3111 habent
1102 3046 1448 3115 eamdemque
1477 3049 1738 3096 naturam.
1768 3034 1923 3089 Num-

490 3124 601 3215 Iille
630 3124 719 3226 qui
741 3151 910 3224 jubet,
943 3161 1049 3202 non
1078 3142 1147 3198 de
1175 3150 1359 3195 natura
1382 3149 1477 3190 sua
1502 3130 1684 3203 genuit
1709 3124 1924 3182 illium?

345 3223 613 3323 {Numquid
649 3223 751 3302 ille
794 3242 884 3313 qui
927 3235 1255 3308 obsequitur,
1293 3223 1635 3296 obsequendo
1680 3229 1924 3277 naturam

346 3308 618 3416 perdidit?
643 3308 838 3407 Accipe
865 3324 992 3400 ergo
1017 3322 1249 3388 interim,
1274 3314 1541 3389 quomodo
1570 3310 1765 3381 accipis
1790 3308 1928 3364 duos

348 3404 614 3497 bomiues,
669 3404 880 3496 Patrem
923 3420 1217 3489 jubentem,
1270 3410 1462 3466 Filium
1520 3404 1926 3473 obsequentem,

351 3538 528 3582 tamen
556 3489 722 3574 Deum
750 3492 805 3570 et
824 3513 1016 3567 Deum.
1045 3505 1152 3563 Sed
1176 3501 1334 3559 simul
1364 3497 1450 3553 isti
1478 3496 1585 3552 duo
1609 3500 1733 3548 sunt
1755 3489 1923 3545 homi-

353 3630 469 3679 nes,
519 3607 679 3665 simul
726 3604 816 3659 ille
859 3614 994 3656 unus
1036 3596 1176 3651 Deus
1208 3591 1353 3648 :hoc
1381 3596 1464 3644 est
1489 3584 1725 3640 divinum
1766 3582 1932 3634 mira-

353 3708 550 3763 culum.
579 3697 797 3757 [nterim
824 3694 870 3749 si
897 3691 979 3746 vis
1004 3696 1060 3744 ut
1081 3696 1255 3742 tecum
1281 3692 1567 3752 agnoscam
1596 3671 1933 3742 obsequium,

357 3799 504 3871 prius
541 3803 748 3848 mecum
795 3795 1026 3856 agnosce
1074 3786 1336 3833 naturam.
1384 3771 1496 3825 lloc
1534 3765 1717 3838 genuit
1758 3762 1932 3825 Pater,

806 3842 863 3930 Sui
889 3869 1033 3928 aliud
1074 3866 1255 3938 genuit
1284 3864 1461 3925 Pater,
1506 3871 1664 3929 quam
1690 3852 1831 3925 quod
1858 3842 1941 3905 εει

360 3944 493 4049 ipse,
526 3944 633 4029 non
649 3981 836 4025 verum
854 3962 1038 4036 genuit
1073 3958 1266 4014 Filium
1289 3972 1302 4010 :
1325 3953 1484 4008 Pater
1507 3948 1637 4005 dicit
1655 3946 1722 4001 ad
1748 3944 1941 3999 Filium

362 4034 446 4125 ἐκ
467 4034 606 4120 utero
626 4068 741 4115 ante
758 4034 1022 4125 luciferum
1038 4048 1186 4122 genui
1212 4056 1257 4100 te
1278 4042 1562 4115 (Psat.c1x,
1581 4039 1659 4107 '5).
1679 4034 1816 4102 Quid
1839 4040 1941 4098 est,

363 4172 478 4215 ante
519 4147 955 4225 luciferunt?Per
974 4140 1252 4198 luciferum
1284 4132 1645 4206 signiﬁcantur
1685 4135 1943 4195 tempora.

365 4254 505 4320 Ergo
524 4207 646 4303 ante
670 4252 927 4311 tempora,
946 4243 1069 4290 ante
1096 4245 1261 4286 omne
1277 4225 1418 4298 quod
1440 4231 1563 4277 ante
1584 4219 1795 4281 dicitur;
1813 4207 1949 4269 ante

368 4354 528 4401 omne
551 4334 692 4408 quod
718 4346 821 4386 non
846 4325 1036 4393 est,vel
1061 4330 1184 4376 ante
1198 4332 1357 4375 omne
1378 4313 1516 4386 quod
1538 4321 1638 4369 est.
1665 4310 1776 4364 Non
1806 4305 1948 4363 enim

369 4434 444 4489 ait
470 4402 829 4497 Evaiigelium,
852 4418 908 4473 ln
932 4414 1188 4487 principio
1209 4409 1330 4465 fecit
1352 4408 1492 4461 Deus
1517 4402 1750 4458 Verbum
1774 4415 1790 4462 ;
1816 4413 1951 4469 quo-

374 4523 535 4579 modo
568 4496 721 4581 dixit,
750 4511 819 4566 In
845 4505 1093 4580 principio
1137 4502 1254 4575 fecit
1282 4499 1420 4552 Deus
1447 4496 1625 4551 coelum
1665 4501 1714 4547 et
1771 4500 1956 4544 terram

375 4614 571 4687 (Geni,
597 4609 650 4680 1)
681 4626 695 4664 :
719 4612 831 4670 aut,
867 4602 923 4657 ln
950 4594 1214 4669 principio
1239 4600 1421 4646 natum
1448 4597 1531 4643 est
1551 4586 1817 4648 Verbum;
1841 4592 1952 4648 aut,

376 4670 434 4762 lu
463 4670 720 4775 principio
751 4695 891 4750 Deus
910 4685 1093 4762 genuit
1113 4682 1366 4747 Verbum,
1390 4677 1496 4734 Sed
1523 4674 1648 4747 quid
1671 4673 1786 4729 ait?
1806 4670 1956 4735 Erat,

378 4764 505 4867 erui,
528 4764 677 4852 erati.
700 4788 865 4847 Audis
879 4786 1027 4847 Erat,
1052 4777 1230 4836 crede.
1251 4773 1318 4829 In
1342 4770 1589 4845 principio
1606 4777 1713 4822 erat
1724 4764 1958 4828 Verbum,

377 4856 425 4948 et
451 4856 666 4946 verbum
681 4890 788 4938 erat
805 4872 1151 4950 opud'Deum,
1174 4876 1222 4923 et
1241 4865 1380 4921 Deus
1543 4858 1758 4915 Verbum
1783 4856 1959 4929 (locu.

381 5003 419 5052 ι,
444 4984 522 5052 1).
549 4978 732 5035 Τοιίεε
768 4946 941 5035 audis,
975 4965 1132 5030 Erat;
1160 4959 1268 5016 noli
1301 4946 1541 5029 qurerere
1573 4963 1809 5020 tempus,
1842 4947 1965 5018 quia

382 5042 596 5147 semper
609 5076 741 5127 erat.
762 5065 853 5121 Ille
863 5075 991 5132 ergo
1003 5056 1094 5129 qui
1105 5067 1318 5123 semper
1331 5060 1465 5114 erat,
1483 5056 1672 5103 etcum
1690 5042 1822 5097 Filio
1838 5056 1969 5096 sem-

386 5188 478 5241 per
499 5144 632 5232 erat,
655 5161 776 5234 quia
802 5166 992 5227 potens
1007 5157 1090 5206 est
1105 5148 1249 5204 Deus
1276 5144 1391 5200 sine
1414 5149 1653 5211 tempore
1677 5149 1929 5207 generare
1952 5152 1966 5199 ;

388 5226 476 5319 ille
497 5226 629 5315 dixit
657 5226 722 5311 ad
746 5226 960 5313 Filium,
1010 5241 1094 5297 Ea:
1119 5250 1262 5294 utero
1289 5245 1406 5290 ante
1434 5232 1699 5302 luciferum
1726 5226 1875 5299 genui
1904 5235 1969 5278 te.

388 5354 523 5425 Quid
552 5360 655 5418 est,
682 5345 763 5401 Ea:
788 5351 928 5397 utero
957 5337 981 5391 9
1012 5335 1152 5390 Deus
1177 5330 1364 5386 habuit
1390 5324 1642 5382 uterum?
1669 5320 1974 5377 Putabimus

454 5472 470 5501 ³
497 5466 633 5525 Fditi,
656 5451 971 5512 Concordiam
994 5446 1179 5498 habent.
1207 5450 1261 5493 Αι
1281 5438 1610 5501 manusu'ipti,
1625 5433 1882 5486 concordes
1896 5424 1979 5481 ha-

392 5533 799 5646 beetitanuscrlpti
820 5591 916 5629 non
935 5574 1139 5646 habent,
1159 5563 1609 5646 gitiahetiuanmea
1632 5542 1979 5646 ﬂnfflisgm-

394 5629 865 5708 aum'r'diiéfaaém
887 5643 1044 5708 tjatrts
1063 5629 1181 5708 qua!
1196 5630 1331 5708 dicit,
1354 5638 1501 5691 opera
1520 5635 1610 5675 sua
1628 5629 1755 5674 satu.

464 5695 707 5766 ῗιίῖἱιὶἐέη
731 5695 847 5767 ergo
869 5698 949 5752 dic
971 5695 1216 5767 ciuiliter.

463 5776 485 5810 δ
507 5745 1148 5830 aifii'gd'ét't-“éafgiat.
1173 5762 1294 5830 erat,
1318 5750 1460 5830 audis
1494 5756 1618 5830 erat,
1658 5745 1821 5799 crede.
1850 5753 1978 5803 Lma,

408 5817 908 5894 ErctTezatut'erbum.
938 5817 1099 5873 Audis.
1126 5822 1250 5877 erat,
1272 5817 1434 5865 crede.
1499 5819 1557 5861 tu.

1527 360 1586 415 S.
1626 345 1994 415 AUGUSTINI
2034 343 2330 403 EPISCOPI

3467 329 3579 388 748

1990 470 2156 526 Deum
2187 481 2283 537 per
2302 463 2539 519 membra
2557 452 2850 530 corporalia
2873 464 2994 507 esse
3020 444 3336 519 dispositum
3352 442 3378 497 2
3396 442 3574 498 Absit.

1990 563 2057 617 Et
2081 533 2245 632 quare
2269 557 2419 623 dixit,
2447 552 2531 609 Ea:
2555 562 2715 615 utero,
2744 545 2844 602 nisi
2862 554 2919 599 ut
2957 539 3345 610 intelligeretur
3370 533 3441 589 de
3477 545 3579 586 sua

1990 652 2286 710 substantia
2298 643 2579 719 genuisse?
2606 644 2742 711 Ergo
2764 654 2827 693 ex
2851 645 3001 691 utero
3015 632 3119 687 hoc
3135 626 3412 700 processit,
3433 623 3574 693 quod

1992 744 2232 814 eratipse
2253 714 2341 811 qui
2364 739 2561 812 genuit.
2582 734 2713 789 Nam
2733 732 2777 786 si
2800 726 2941 783 aliud
2964 733 3078 780 erat
3101 722 3189 794 qui
3204 719 3409 791 genuit,
3435 714 3583 771 aliud

1995 848 2169 892 autem
2201 851 2267 891 ex
2290 843 2438 888 utero
2461 828 2720 902 processit
2746 839 2761 888 ;
2796 829 3088 877 monstrum
3119 824 3222 882 est,
3256 827 3361 867 non
3389 810 3581 865 Filius.

2066 925 2289 982 CAPUT
2316 899 2560 978 lV.—;S.
2597 917 2665 973 Ut
2708 915 2872 969 Filius
2900 926 3053 980 opera
3087 905 3276 969 Patris,
3298 904 3371 959 sic
3423 899 3585 954 Pater

1999 1036 2154 1090 opera
2198 1017 2324 1080 Filii
2350 1015 2491 1085 facit.
2540 1012 2679 1079 Ergo
2724 1007 2880 1060 faciat
2929 1002 3090 1056 Filius
3136 1011 3298 1067 opera
3329 992 3447 1063 ejus
3491 989 3589 1058 qui

2002 1110 2147 1166 misit
2188 1079 2361 1171 eum;
2383 1104 2539 1158 faciat
2567 1111 2621 1154 et
2662 1100 2818 1153 Pater
2857 1107 3017 1163 opera
3044 1088 3182 1144 Filii.
3214 1085 3393 1141 Certe-
3417 1079 3595 1134 voluit

2002 1201 2179 1264 Pater,
2212 1195 2377 1252 el‘ticit
2403 1194 2588 1249 Filius.
2622 1191 2758 1246 Ecce
2783 1184 3006 1241 ostendo
3030 1181 3153 1251 quia
3182 1177 3293 1231 vult
3319 1175 3506 1237 Filius,
3537 1180 3596 1224 et

2003 1289 2131 1347 facit
2166 1260 2345 1342 Pater.
2396 1282 2497 1338 Ubi
2550 1278 2809 1342 ostendis,
2866 1270 3088 1343 inquis?
3141 1266 3298 1322 Modo
3336 1260 3592 1317 ostendo.

2006 1382 2183 1447 Pater,
2205 1379 2336 1432 volo.
2364 1376 2479 1431 Jam
2504 1388 2601 1442 ego
2623 1372 2666 1424 si
2688 1367 2996 1424 calumniari
3027 1362 3241 1425 vellem,
3264 1370 3393 1412 cccc
3420 1352 3597 1408 Filius

2001 1442 2178 1541 jubet,
2203 1478 2252 1523 et
2277 1467 2432 1521 Pater
2464 1464 2601 1517 facit.
2627 1459 2759 1528 Quid
2784 1458 2908 1541 vis
2942 1454 3008 1509 Ut
3038 1453 3121 1506 ubi
3142 1466 3234 1520 ego
3259 1463 3395 1512 sunt,
3435 1454 3482 1497 et
3512 1442 3597 1496 illi

2008 1557 2105 1610 sint
2139 1568 2330 1607 mecum
2357 1548 2531 1620 (Jomt.
2563 1561 2691 1609 xvu,
2721 1540 2835 1614 24).
2862 1538 3172 1603 Evasimus,
3224 1533 3329 1588 illic
3386 1529 3601 1584 erimus

2011 1646 2097 1701 ubi
2136 1652 2217 1700 est
2241 1643 2332 1697 ille
2364 1658 2377 1693 :
2411 1639 2519 1694 illic
2559 1637 2780 1701 erimus,
2825 1632 3109 1687 evasimus.
3141 1626 3273 1694 Quis
3301 1624 3443 1679 delet
3466 1620 3602 1675 0m-

2009 1736 2297 1809 nipotentis
2334 1732 2460 1787 Volo
2485 1731 2542 1783 ‘?
2567 1728 2734 1783 Audis
2764 1725 3086 1779 voluntatem
3130 1714 3424 1789 powstatis,
3470 1711 3607 1766 audt

2010 1803 2404 1900 (rt-potestatem
2435 1818 2740 1876 voluntatis.
2772 1816 2914 1872 Sicut
2946 1811 3120 1876 Pater,
3162 1807 3354 1877 inquit,
3386 1803 3609 1858 suscitat

2013 1929 2255 1983 mortuos,
2303 1925 2348 1970 et
2382 1913 2596 1985 viriﬁcat
2626 1926 2643 1973 ς
2670 1910 2741 1962 sic
2776 1917 2819 1961 et
2851 1904 3014 1959 Filius
3052 1917 3176 1971 quos
3209 1898 3338 1965 cuit,
3371 1895 3607 1963 vivificat

2014 2008 2150 2083 (Id.
2184 1982 2327 2071 “ei
2361 2009 2399 2074 ).
2436 1982 2573 2070 Quos
2601 1996 2724 2053 vult.
2766 1995 2842 2050 Ne
2867 1994 3034 2057 dicas,
3087 1985 3468 2043 lllosvivilieat
3518 1982 3610 2043 Fi-

2014 2073 2136 2159 lius.
2164 2110 2296 2167 quos
2320 2092 2469 2164 jubet
2494 2093 2649 2146 Pater
2678 2094 2736 2142 ut
2763 2083 3016 2141 vivilicct.
3049 2082 3187 2149 Quos
3217 2075 3321 2131 rult
3359 2073 3610 2142 vioiﬁcat.

2016 2190 2157 2259 Ergo
2182 2162 2332 2257 quos
2356 2183 2463 2238 vult
2491 2182 2669 2245 Pater,
2701 2186 2756 2234 et
2792 2188 2929 2247 quos
2977 2172 3090 2227 vult
3135 2171 3295 2239 ipse;
3345 2165 3469 2236 quia
3518 2162 3617 2218 ubi

2016 2291 2098 2337 est
2124 2294 2225 2335 una
2280 2284 2551 2349 potestas,
2595 2286 2698 2326 una
2726 2269 2969 2323 voluntas
2996 2271 3097 2319 est.
3130 2261 3434 2316 Habeamus
3477 2269 3617 2326 ergo

2019 2371 2072 2426 in
2101 2367 2265 2425 corde
2295 2382 2400 2421 non
2445 2377 2610 2430 careo,
2644 2360 2815 2415 Patris
2842 2367 2897 2412 et
2917 2355 3035 2410 Filii
3062 2366 3223 2408 unam
3252 2346 3620 2417 eamdemque

2018 2468 2263 2515 naturam
2313 2475 2327 2510 :
2384 2455 2508 2525 quia
2562 2464 2719 2507 verus
2767 2456 2851 2504 est
2902 2445 3080 2510 Pater,
3130 2454 3291 2496 verus
3310 2449 3395 2494 est
3420 2435 3622 2491 Filius.

2018 2549 2171 2620 Quod
2204 2556 2308 2612 est,
2339 2546 2441 2601 hoc
2466 2543 2649 2616 genuit
2675 2559 2691 2608 ;
2719 2540 2842 2611 quia
2868 2537 3082 2609 genitus
3108 2548 3217 2588 non
3246 2526 3623 2601 degeneravit.

2089 2639 2316 2700 CAPUT
2364 2637 2427 2693 V.
2451 2666 2524 2678 -——
2567 2633 2622 2690 6.
2675 2632 3009 2687 Peccotorttm
3053 2627 3202 2687 etiam
3233 2622 3494 2680 orationes
3532 2634 3629 2676 ar-

2020 2735 2206 2791 audiri.
2229 2731 2419 2787 Nescio
2444 2725 2570 2799 quid
2600 2732 2775 2796 potest
2800 2735 3014 2777 morere
3059 2720 3114 2773 in
3140 2715 3323 2772 verbis
3347 2712 3495 2769 illius
3528 2710 3626 2784 qui

2021 2843 2194 2884 caecus
2231 2832 2368 2891 erat,
2416 2830 2470 2878 ct
2509 2819 2646 2875 forte
2689 2816 2884 2872 multos
2930 2828 3038 2867 non
3081 2810 3219 2867 bene
3260 2805 3633 2876 intelligentes

2026 2921 2146 2979 facit
2166 2921 2471 2991 desperare.
2493 2916 2576 2970 Ait
2597 2913 2738 2970 enim
2764 2911 2902 2965 inter
2929 2916 3121 2962 caetera
3149 2919 3244 2958 sua
3274 2899 3458 2960 verba.
3479 2895 3629 2951 idem

2023 3014 2107 3068 cui
2148 3011 2282 3066 oculi
2339 3009 2506 3078 aperti
2557 3013 2679 3060 sunt
2716 3020 2731 3058 :
2763 3002 2965 3058 Scimus
3000 2998 3119 3070 quia
3164 3003 3447 3067 peccatores
3491 2987 3636 3042 Deus

2026 3119 2128 3156 non
2171 3099 2394 3155 exaudit.
2425 3096 2561 3167 Quid
2602 3094 2842 3155 facimus,
2889 3090 2934 3144 si
2994 3095 3301 3160 peccatores
3350 3082 3491 3136 Dens
3520 3092 3631 3130 non

2029 3191 2290 3251 exaudit?
2336 3188 2603 3243 Audemus
2631 3198 2819 3255 rogare
2854 3182 3042 3244 Deum,
3091 3177 3136 3233 si
3179 3184 3488 3246 peccatores
3520 3184 3629 3222 non

2031 3282 2247 3338 exaudit
2272 3279 2295 3332 ?
2326 3280 2453 3333 Date
2492 3276 2621 3331 mihi
2669 3274 2759 3345 qui
2791 3280 2958 3343 roget,
2987 3284 3112 3326 ecce
3136 3276 3219 3323 εει
3242 3265 3330 3334 qui
3353 3262 3623 3317 exaudiat.

2034 3372 2165 3428 Date
2194 3370 2282 3440 qui
2320 3378 2489 3439 roget,
2522 3367 2768 3422 discutite
2808 3378 2974 3435 genus
3015 3372 3302 3413 uumauum
3332 3355 3400 3409 ab
3429 3348 3622 3421 imper-

2036 3462 2190 3518 fectis
2238 3460 2303 3515 ad
2355 3459 2636 3532 perfectos.
2679 3454 2922 3510 Ascende
2960 3467 2991 3505 a
3039 3464 3206 3504 verno
3243 3448 3309 3501 ad
3336 3452 3615 3500 mStatem:

2037 3552 2141 3608 hoc
2175 3552 2315 3608 enim
2356 3548 2707 3611 cantavimus,
2747 3542 3002 3598 xEstatcm
3042 3549 3086 3594 et
3124 3553 3326 3592 vernum
3368 3543 3420 3586 tu
3464 3529 3618 3603 fecisti

2041 3642 2211 3715 (Psal.
2264 3656 2452 3706 LXXIII,
2495 3638 2606 3710 l7).
2632 3636 2688 3692 Id
2725 3643 2826 3702 est,
2862 3633 2973 3704 jam
3004 3629 3304 3700 spiritualcs
3350 3634 3404 3679 et
3448 3619 3613 3675 adhuc

2042 3740 2284 3791 carnales
2311 3743 2365 3790 tu
2397 3731 2565 3787 fecisti
2596 3746 2610 3795 ;
2641 3728 2761 3800 quia
2811 3736 2866 3780 et
2897 3726 3008 3799 ipse
3049 3722 3215 3776 Filius
3242 3718 3391 3785 dicit,
3428 3712 3615 3785 Imper-

2045 3827 2229 3898 fectum
2252 3840 2415 3879 nteant
2442 3822 2670 3876 ciderunt
2698 3818 2828 3877 oculi
2856 3817 2948 3869 tui.
2992 3812 3361 3883 Intperﬁctunt
3381 3803 3512 3877 quod
3536 3810 3611 3854 εει

2047 3918 2101 3973 in
2131 3931 2358 3987 corpore
2398 3927 2539 3978 meo,
2569 3909 2795 3965 viderunt
2822 3906 2953 3961 oculi
3001 3905 3093 3959 tui.
3141 3901 3208 3956 Et
3229 3898 3355 3976 quid
3394 3892 3610 3950 deinde?

2047 3986 2256 4063 Habent
2306 4020 2453 4075 spem
2503 4003 2590 4072 qui
2646 3997 2940 4073 imperfecti
2990 3993 3161 4049 sunt?
3211 3992 3416 4044 llabcut
3453 3986 3609 4060 plane.

2051 4097 2185 4153 Audi
2214 4095 2353 4168 quod
2381 4094 2620 4164 sequitur
2651 4110 2664 4146 :
2791 4089 2841 4142 in
2883 4086 3007 4142 libro
3055 4095 3140 4138 tuo
3169 4096 3342 4137 omnes
3365 4076 3625 4133 sm'beutur.

2057 4163 2249 4265 (Psal:
2275 4163 2528 4251 cxxxvnt,
2583 4184 2693 4254 16).
2737 4165 2842 4235 Sed
2876 4180 3037 4243 forte,
3083 4176 3299 4239 fratres,
3339 4163 3614 4244 spiritualcs

2055 4289 2248 4353 rogant
2287 4288 2341 4335 et
2388 4275 2763 4340 exaudiuutur,
2816 4273 2937 4341 quia
2977 4275 3084 4327 non
3130 4274 3258 4321 sunt
3313 4266 3611 4334 peccatores.

2013 4369 2020 4375 ’
2056 4343 2192 4442 Qtiid
2248 4369 2449 4424 faciunt
2493 4363 2790 4420 carnales?
2842 4360 2968 4433 quid
3021 4358 3221 4415 faciunt
3256 4354 3280 4409 ?
3327 4343 3616 4411 Peribunt?

2062 4438 2228 4522 Deum
2260 4478 2366 4519 non
2407 4457 2716 4529 rogabunt?
2760 4454 2929 4509 Absit.
2959 4452 3033 4505 Da
3062 4447 3190 4504 mihi
3227 4446 3375 4502 illum
3402 4438 3619 4496 Publica-

2061 4570 2208 4614 num.
2241 4551 2395 4619 chi,
2447 4547 2753 4611 Publicane,
2803 4556 2883 4600 sta
2917 4543 2971 4596 in
3001 4538 3196 4602 medio,
3228 4530 3450 4591 OStende
3493 4537 3616 4581 tuam

2063 4661 2235 4716 spem,
2265 4659 2332 4698 ne
2361 4615 2556 4699 inﬁrmi
2587 4638 2811 4710 perdunt
2840 4649 3011 4705 spem.
3054 4631 3193 4685 Ecce
3222 4629 3367 4683 enim
3408 4615 3621 4691 ascendit

2067 4738 2386 4795 Publicanus
2436 4748 2558 4790 cum
2602 4730 2867 4787 Pltarismo
2894 4739 3067 4787 orare,
3100 4732 3152 4776 et
3173 4720 3379 4791 dejecta
3420 4711 3538 4771 faeie
3575 4708 3619 4763 in

2071 4843 2266 4889 terram
2295 4827 2523 4892 dicebat,
2574 4825 2729 4894 longe
2769 4830 2935 4883 stans,
2971 4814 3200 4872 tundens
3254 4821 3436 4884 pectus
3473 4824 3487 4861 :
3533 4801 3617 4856 Do~

2072 4928 2225 4993 mine,
2258 4922 2507 4996 prOpitius
2554 4928 2658 4975 esto
2697 4915 2820 4971 milii
2862 4909 3127 4987 percalori.
3160 4907 3225 4961 Et
3257 4897 3521 4960 descendit
3552 4894 3618 4963 ju-

2074 5017 2329 5072 stilieatus
2352 4986 2537 5081 inagis,
2561 5023 2717 5082 quam
2747 5006 2833 5063 ille
2861 4986 3159 5061 Pharis-mus
3189 4996 3340 5068 (Luc.
3372 5006 3513 5052 xvnt,
3542 4986 3622 5039 10-

2079 5111 2185 5176 14).
2230 5106 2328 5175 Qui
2359 5104 2510 5168 dixit,
2553 5098 2812 5169 Propitius
2838 5105 2939 5149 esto
2975 5092 3098 5146 mliti
3140 5086 3390 5163 ρει-σαιοή
3426 5089 3623 5142 Herum

2079 5203 2209 5257 dixit
2235 5243 2248 5265 ,
2274 5216 2339 5252 an
2371 5196 2558 5250 falsum
2583 5192 2606 5246 ?
2632 5191 2688 5245 Si
2723 5202 2905 5243 verum
2928 5184 3078 5246 dixit,
3128 5187 3376 5251 peccator
3404 5179 3543 5234 erat;
3577 5173 3622 5219 el

2083 5292 2361 5350 exauditus
2388 5297 2486 5351 est,
2520 5296 2574 5340 et
2597 5280 2915 5354 justiﬁcatus
2939 5284 3041 5331 est.
3070 5272 3210 5344 Quid
3246 5281 3330 5325 est
3370 5280 3492 5336 ergo
3517 5256 3630 5330 quod

2085 5387 2263 5445 dixisti
2306 5396 2383 5446 tu,
2414 5379 2501 5435 cui
2540 5375 2805 5435 Dominus,
2832 5370 3015 5424 oculos
3050 5363 3281 5434 aperuit,
3318 5359 3511 5414 Scimus
3541 5349 3636 5422 quid

2087 5489 2370 5555 peccatores
2399 5471 2537 5526 Deus
2566 5448 2667 5522 non
2692 5462 2897 5521 exaudit
2944 5460 2968 5514 ?
2996 5457 3135 5513 Ecce
3180 5460 3486 5525 peccatores
3526 5443 3646 5497 Dens

2824 5554 2827 5555 ⁷
3039 5547 3059 5555 ⁸
3122 5546 3132 5555 ⁸
3269 5552 3278 5555 -
3483 5534 3559 5555 Ω-ι
3603 5528 3646 5555 ὶ-

2087 5528 2321 5629 trrxaudit.
2375 5562 2483 5619 Sed
2532 5561 2649 5616 lava
2679 5554 2985 5612 interiorem
3036 5546 3224 5602 faciem
3266 5552 3433 5609 tuam,
3483 5534 3565 5591 ﬁat
3603 5528 3684 5580 λιι

2154 5740 2169 5770 ι
2201 5741 2299 5781 Am.
2326 5738 2378 5794 et
2394 5735 2488 5789 Er.,
2513 5725 2626 5787 ouis
2644 5718 2784 5794 dedit
2803 5715 2830 5794 ?_
2840 5704 3446 5794 gngupqtggcotaﬁgv»
3476 5696 3574 5761 cui:
3589 5684 3703 5742 (ιε’

2085 5801 2146 5851 cit
2179 5774 2538 5854 r‘Th'uitL-Biaui
2556 5774 2700 5841 rtv'olo.
2728 5774 3005 5831 ttcstituitur
3029 5774 3162 5823 locus
3185 5783 3245 5819 ex
3272 5774 3377 5816 Mss.
