3934 6184
276 375 383 434 749

276 490 463 552 comic,
495 486 639 559 quod
667 485 863 542 factum
893 497 976 542 est
1015 487 1069 542 in
1113 487 1245 543 facie
1270 496 1357 542 tua
1383 505 1398 554 ;
1427 498 1480 543 et
1508 488 1709 543 videbis
1744 489 1866 559 quia

279 588 590 650 peccatores
618 579 756 632 Deus
779 577 1015 632 exaudit.
1046 576 1256 632 Fefellit
1284 587 1335 633 te
1356 578 1663 648 imaginatio
1691 578 1869 634 cordis

268 672 372 729 tui.
421 669 613 724 Adhuc
654 677 738 724 est
764 668 904 739 quod
953 668 1045 723 tibi
1073 668 1249 723 iaciat.
1281 669 1436 725 Certe
1483 670 1752 740 proiectus
1784 680 1868 725 est

275 766 375 818 iste
408 764 476 816 de
521 776 788 832 synagoga
820 778 834 813 :
866 760 1086 823 audivit,
1119 761 1263 815 venit
1292 760 1357 815 ad
1389 776 1532 823 eum,
1561 770 1615 816 et
1638 761 1769 815 dixit
1793 762 1863 826 ei,

270 855 314 910 Τ
318 874 351 908 u
380 855 543 909 credis
562 854 615 907 in
663 852 854 907 Filium
893 850 989 906 Dei
1018 852 1043 905 ?
1074 852 1138 906 Et
1164 852 1251 906 ille
1284 869 1295 904 :
1338 851 1464 917 Quis
1507 862 1599 916 est,
1631 851 1863 918 Domine,

268 958 328 1001 ut
363 947 569 1001 credam
589 947 642 998 in
664 962 776 998 eum
804 946 829 999 Ρ
874 944 1115 1007 Videbat,
1146 955 1201 998 et
1238 958 1343 998 non
1371 943 1584 998 videbat
1614 962 1625 993 :
1656 944 1867 998 videbat.

267 1036 463 1100 oculis,
512 1035 607 1090 sed
646 1034 1022 1113 adliuctcorde
1049 1050 1153 1088 non
1183 1033 1412 1088 videbat.
1464 1034 1552 1087 Ait
1580 1033 1654 1087 illi
1683 1034 1864 1088 Domi-

271 1143 415 1183 nus:
447 1127 517 1181 Et
546 1128 682 1182 vides
729 1142 862 1190 eum,
912 1126 1013 1181 hoc
1048 1135 1148 1193 est,
1200 1125 1366 1180 oculis
1398 1144 1411 1179 :
1440 1136 1484 1179 ct
1522 1126 1609 1195 qui
1646 1125 1866 1195 loquitur

265 1232 453 1283 tecum,
501 1220 611 1288 ipse
647 1228 737 1272 est.
780 1217 924 1272 Tunc
967 1226 1247 1289 prostratus
1278 1217 1507 1270 adoravit
1549 1232 1682 1271 eum.
1716 1215 1864 1271 Tunc

266 1312 392 1365 lavit
422 1311 609 1365 faciem
641 1310 838 1365 cordis.

334 1401 565 1456 CAPUT
588 1399 669 1454 ιι.
698 1428 771 1440 -—
797 1402 847 1454 7.
876 1398 1069 1454 Nullus
1091 1400 1171 1454 hic
1191 1401 1299 1454 sine
1320 1409 1540 1469 peccato.
1570 1399 1862 1457 lncumbite

264 1507 394 1562 ergo
415 1492 745 1547 orationibus
765 1533 779 1555 ,
809 1501 1145 1560 peccatores;
1174 1493 1501 1548 conﬁtemini
1532 1502 1744 1562 peccata
1772 1509 1861 1549 ve-

263 1596 372 1638 stra
399 1626 413 1649 ,
443 1595 592 1638 orate
620 1593 677 1639 ut
712 1584 988 1640 deleantur
1024 1586 1038 1615 ¹
1057 1626 1071 1648 ,
1104 1594 1252 1639 orate
1275 1594 1331 1639 ut
1358 1584 1682 1652 minuantur,
1712 1595 1861 1641 orate

263 1688 320 1731 ut
358 1679 513 1733 vobis
561 1677 958 1747 proﬁcientibus
1004 1679 1118 1746 ipsa
1161 1678 1412 1732 deﬁciant
1438 1694 1451 1729 :
1482 1686 1657 1750 tamen
1698 1678 1859 1755 nolite

261 1769 586 1838 desperare,
620 1776 673 1822 et
704 1777 1009 1836 peccatores
1040 1779 1208 1823 orate.
1247 1768 1377 1836 Quis
1416 1772 1557 1825 cnim
1598 1786 1702 1823 non
1737 1785 1860 1838 pec-

258 1857 441 1913 cavit?
458 1860 499 1911 Α
522 1858 884 1913 sacerdotibus
913 1860 1103 1928 incipe.
1127 1858 1503 1915 Sacerdotibus
1528 1861 1679 1926 dixit,
1706 1862 1857 1916 I‘rius

260 1948 441 2013 o/ferte
480 1949 735 2016 sacriﬁcia
761 1965 853 2017 pro
879 1950 1097 2019 peccatis
1123 1950 1297 2002 uestris
1316 1992 1329 2011 ,
1376 1959 1420 2003 et
1445 1951 1518 2004 sic
1546 1968 1638 2021 pro
1665 1952 1855 2021 papula

261 2037 447 2110 (Leuit.
480 2054 586 2103 svi,
617 2038 679 2105 6;
714 2037 868 2092 Ilebr.
895 2055 963 2093 vn
987 2081 1002 2105 ,
1029 2040 1145 2109 ‘27).
1173 2040 1438 2096 Sacriﬁcia
1467 2042 1855 2098 convincebant

260 2129 571 2185 sacerdotes
591 2148 603 2183 :
626 2139 682 2185 ut
700 2131 742 2184 si
761 2132 881 2200 quis
898 2132 1233 2201 sejustumet
1253 2134 1369 2189 sine
1388 2143 1603 2202 peccato
1627 2136 1849 2204 diceret,

260 2222 678 2291 responderetur
697 2223 766 2289 ci,
785 2223 901 2277 Non
922 2211 1138 2278 attendo
1157 2225 1298 2296 quod
1322 2227 1575 2293 loqueris,
1597 2227 1690 2282 sed
1724 2228 1852 2297 quid

258 2313 491 2378 offeras;
550 2314 759 2367 victima
799 2323 885 2367 tua
930 2316 1196 2370 convincit
1230 2326 1301 2372 te.
1349 2318 1523 2385 Quare
1568 2316 1729 2372 olich
1757 2333 1852 2386 pro

256 2405 494 2474 peccatis
526 2405 627 2459 tuis
646 2447 660 2468 ,
689 2406 733 2458 si
762 2405 905 2459 nulla
937 2405 1101 2462 habes
1126 2408 1385 2476 peccata?
1406 2411 1484 2462 An
1509 2408 1560 2462 in
1589 2408 1852 2465 sacriﬁcio

258 2497 505 2552 mentiris
551 2496 699 2551 Deo?
746 2497 854 2551 Sed
898 2498 1033 2552 forte
1076 2497 1383 2553 sacerdotes
1427 2499 1625 2553 veteris
1673 2501 1851 2569 populi

256 2600 569 2660 peccatores
608 2602 793 2655 erant,
839 2592 960 2646 novi
1007 2593 1187 2662 pepuli
1234 2608 1339 2646 non
1369 2606 1488 2647 sunt
1519 2603 1846 2663 peccatores.
1890 2618 1895 2623 ι

255 2682 456 2745 Certe,
507 2681 731 2748 fratres,
777 2683 900 2752 quia
946 2682 1083 2738 Deus
1126 2683 1326 2749 voluit,
1378 2685 1629 2739 sacerdos
1684 2686 1851 2755 ipsius

254 2786 378 2826 sum
397 2813 413 2836 ,
442 2785 688 2840 peccator
727 2788 843 2827 sum
864 2814 880 2840 ,
912 2775 1184 2829 vobiscum
1230 2786 1412 2844 pectus
1436 2776 1604 2831 tundo
1622 2819 1638 2843 ,
1667 2778 1847 2833 vobis-

251 2878 381 2916 cum
424 2863 632 2917 veniam
662 2879 824 2935 nogo,
857 2865 1126 2920 vobiscum
1159 2866 1324 2921 Deum
1356 2869 1639 2939 propitium
1668 2885 1844 2941 spero.

250 2953 364 3008 Sed
396 2953 534 3008 forte
562 2955 801 3022 Apostoli
834 2959 1032 3022 sancti,
1066 2957 1256 3026 primi,
1284 2960 1477 3013 summi
1504 2959 1698 3015 arietes
1724 2977 1846 3032 gre-

252 3044 373 3112 gis,
414 3044 641 3114 pastoris
671 3044 906 3099 membra
930 3054 1202 3114 pastores,
1236 3046 1373 3103 forte
1403 3048 1505 3118 ipsi
1533 3064 1637 3105 non
1679 3051 1846 3108 habe-

255 3136 389 3191 bant
432 3145 724 3204 peccaturo.
759 3137 894 3192 Vere
940 3136 1207 3193 habebant
1248 3150 1301 3195 et
1350 3142 1488 3210 ipsi,
1539 3143 1842 3199 habebant:

256 3242 369 3279 non
411 3225 728 3292 irascuntur,
765 3227 885 3297 quia
912 3227 1247 3283 confitentur.
1282 3229 1395 3300 Ego
1433 3248 1541 3286 non
1570 3236 1843 3289 auderem.

251 3317 496 3371 Primum
529 3318 698 3386 ipsum
748 3318 1024 3373 Dominum
1078 3320 1200 3375 audi
1249 3323 1511 3378 dicentem
1541 3328 1844 3395 Apostolis,

252 3408 350 3462 Sic
376 3418 533 3462 orate.
561 3408 837 3476 Quomodo
864 3410 936 3463 illi
967 3411 1272 3467 sacerdotes
1301 3414 1578 3469 sacrificiis
1622 3418 1846 3472 convin-

248 3501 533 3560 cebantur,
583 3501 659 3554 sic
687 3501 769 3554 isti
798 3500 1056 3556 oratione.
1090 3503 1180 3557 Sic
1205 3513 1360 3557 orate.
1395 3505 1459 3559 Et
1489 3506 1625 3560 inter
1653 3518 1845 3563 czetera

247 3607 376 3660 qua:
408 3591 566 3659 jussit
604 3606 786 3653 orare,
824 3602 875 3645 et
904 3592 1007 3647 hoc
1037 3593 1249 3661 posuit:
1283 3593 1491 3649 Dimitte
1517 3597 1659 3650 nobis
1682 3599 1847 3652 debita

250 3684 593 3749 ttostra,sicut
619 3693 664 3735 et
686 3700 776 3736 nos
795 3685 1091 3738 dimittimus
1111 3685 1412 3740 debitoribus
1432 3689 1615 3741 nostris
1635 3688 1843 3759 (Matth.

255 3792 312 3829 Vt
335 3817 350 3840 ,
381 3775 450 3841 9,
481 3775 591 3846 1‘2).
636 3776 772 3843 Quid
817 3777 999 3831 dicunt
1026 3780 1303 3847 Apostoli?
1347 3781 1596 3848 Quotidie
1624 3783 1724 3837 sibi
1748 3784 1845 3840 de-

248 3867 369 3923 bita
412 3875 601 3937 petunt
651 3869 863 3922 dimitti.
914 3870 1188 3925 Debitorcs
1236 3872 1469 3938 intrant,
1500 3874 1724 3929 absoluti
1754 3892 1847 3931 ex-

246 3968 408 4025 eunt,
450 3969 506 4013 et
544 3960 608 4014 ad
657 3961 959 4025 orationem
1004 3963 1272 4018 debitores
1316 3965 1559 4019 redeunt.
1602 3966 1700 4022 ista
1739 3969 1844 4023 vita

247 4065 365 4103 non
394 4059 477 4103 est
505 4051 621 4104 sine
648 4063 896 4119 peccato,
930 4062 987 4106 ut
1031 4054 1238 4123 quoties
1285 4066 1486 4125 oratur,
1518 4058 1673 4114 toties
1716 4073 1844 4129 pec-

243 4149 371 4193 cata
395 4139 752 4195 dimittantur.

326 4229 553 4286 CAPUT
584 4231 692 4287 Vll.
713 4262 785 4272 —
809 4233 862 4289 8.
892 4232 1122 4304 Apostoli
1150 4238 1298 4291 etiam
1328 4248 1439 4308 post
1465 4240 1651 4295 Christi
1669 4258 1840 4297 resur-

241 4324 524 4376 rectionem
566 4332 768 4390 peccato
815 4324 1033 4381 obnoxii.
1061 4327 1167 4383 Sed
1206 4329 1332 4399 quid
1372 4329 1579 4385 dicam?
1605 4330 1681 4386 Illi
1710 4334 1845 4391 forte

238 4414 466 4484 quando
508 4413 810 4470 didicerunt
853 4418 1149 4475 orationem
1175 4462 1189 4485 ,
1224 4421 1398 4477 adhuc
1426 4423 1619 4480 inﬁrmi
1662 4437 1838 4483 erant.

245 4506 412 4560 Forte
440 4505 584 4560 dicet
612 4508 713 4563 hoc
745 4509 935 4579 aliquis
965 4529 977 4564 :
1009 4513 1233 4577 Quando
1274 4515 1397 4572 illos
1436 4517 1616 4573 docuit
1645 4522 1840 4577 oratio-

242 4611 373 4651 nem
420 4597 677 4651 Dominus
720 4598 913 4666 Jcsus,
954 4603 1127 4658 adhuc
1171 4608 1372 4673 parvuli
1418 4620 1597 4675 erant,
1645 4610 1841 4668 inﬁrmi

238 4698 404 4743 erant
422 4730 435 4751 ,
466 4691 708 4745 carnales
731 4702 914 4755 erant;
950 4695 1182 4770 nondum
1208 4710 1357 4753 erant
1384 4701 1685 4769 spiritualcs
1706 4746 1719 4767 ,
1750 4706 1838 4773 qui

240 4794 354 4833 non
380 4778 579 4835 habent
606 4791 898 4850 peccatum.
927 4784 1062 4851 Quid
1090 4801 1246 4857 ergo,
1281 4789 1467 4845 fratres
1488 4832 1503 4856 ,
1531 4791 1652 4847 facti
1683 4794 1839 4863 spiri-

242 4872 423 4926 tuales
446 4887 602 4927 orate
629 4878 940 4930 cessarunt?
969 4876 1158 4933 Debuit
1185 4894 1315 4949 ergo
1340 4881 1585 4938 Christus
1625 4885 1801 4941 dicere
1818 4928 1835 4954 ,

241 4959 409 5015 nodo
440 4963 562 5017 talia
588 4974 756 5028 orate,
787 4976 840 5020 et
866 4966 995 5021 dare
1014 4960 1375 5037 spiritualibus
1394 4974 1616 5029 alteram
1642 4978 1840 5033 oratio-

240 5067 392 5108 nem.
425 5052 538 5109 Una
565 5064 667 5121 est,
698 5057 809 5128 ipsa
832 5069 933 5124 est,
960 5060 1072 5129 ipse
1088 5070 1169 5117 est
1192 5064 1282 5133 qui
1309 5064 1486 5120 dedit:
1511 5069 1680 5136 ipsam
1709 5085 1837 5142 ergo

238 5153 395 5197 orate
455 5144 508 5197 in
560 5144 819 5201 Ecclesia.
886 5149 993 5205 Sed
1051 5153 1298 5209 tollamus
1348 5161 1764 5216 controversiam
1819 5181 1831 5218 :

235 5235 461 5303 quando
498 5234 632 5290 dicis
658 5237 963 5307 spirituales
989 5256 1106 5298 esse
1132 5254 1347 5300 sanctos
1366 5248 1650 5317 Apostolos
1668 5293 1683 5317 ,
1727 5267 1833 5322 quo

242 5340 417 5395 usque
450 5336 719 5397 pateretur
764 5332 1020 5389 Dominus
1049 5337 1290 5393 carnales
1314 5348 1494 5404 erant;
1540 5340 1639 5396 hoc
1666 5357 1725 5397 es
1746 5343 1832 5398 di-

225 5425 451 5471 cturus.
478 5419 717 5490 Denique
735 5422 877 5492 quod
903 5440 1088 5480 verum
1115 5438 1230 5494 est,
1259 5429 1349 5483 illo
1370 5428 1633 5500 pendente
1667 5435 1830 5503 trepi-

234 5508 536 5577 daverunt,
583 5521 638 5567 et
685 5523 811 5569 tunc
850 5515 1265 5586 desperaverunt
1304 5523 1581 5591 Apostoli,
1619 5526 1829 5595 quando

234 5599 473 5654 credidit
499 5602 653 5657 latro.
687 5603 876 5660 Petrus
901 5622 1063 5664 ausus
1091 5619 1174 5665 est
1193 5614 1340 5683 sequi
1363 5657 1377 5679 ,
1412 5615 1625 5685 quando
1653 5616 1832 5671 Domi-

235 5704 350 5744 nus
372 5690 437 5746 ad
467 5694 764 5761 passionem
792 5696 981 5753 ductus
1006 5712 1119 5767 est,
1152 5718 1311 5760 ausus
1333 5716 1415 5762 est
1443 5708 1613 5780 sequi,
1638 5708 1731 5781 qui
1759 5708 1827 5766 ad

309 5809 326 5831 ι
347 5802 419 5852 ste
440 5807 546 5852 uss.
572 5813 626 5854 At
650 5806 789 5866 editi,
811 5808 1125 5871 depellantur.

1635 370 1863 430 δεκιιυ
1900 373 2185 430 CXXXVI.

3461 392 3566 451 750

1979 489 2195 546 domum
2223 496 2497 562 pervenit,
2546 507 2598 550 et
2643 498 2691 552 in
2721 500 2856 556 atrio
2884 501 3128 574 fatigatus
3153 514 3264 572 est,
3295 507 3362 563 ad
3389 509 3562 580 ignem

1974 583 2183 649 stabat,
2235 593 2289 638 et
2327 584 2505 655 friguit
2541 606 2554 641 :
2601 591 2667 643 ad
2716 591 2888 661 ignem
2931 597 3109 663 stetit,
3144 598 3334 656 timore
3374 601 3564 674 frigido

1973 675 2291 744 congelavit.
2324 677 2683 749 Interrogatus
2713 683 2780 738 ab
2804 684 2996 739 ancilla
3022 728 3036 751 ,
3063 690 3270 758 negavit
3295 692 3562 751 Christum

1971 765 2136 819 semel
2168 783 2181 819 :
2215 754 2569 837 interrogatus
2616 771 2836 837 iterum,
2893 778 3103 845 negavit
3141 796 3153 831 :
3210 780 3564 853 interrogatus

1974 856 2160 921 tertio,
2212 848 2419 926 negavit
2471 858 2676 928 (Matth
2730 880 2882 931 xxvi,
2929 866 3138 940 69-75).
3183 870 3295 925 Deo
3331 848 3562 943 gratias,

1971 947 2092 1013 quia
2136 951 2361 1002 cessavit
2416 950 2759 1023 interrogatio
2809 974 2820 1008 :
2864 957 2911 1011 si
2960 974 3067 1013 non
3120 975 3351 1018 cessaret
3393 967 3561 1022 inter-

1972 1040 2197 1107 rogatio,
2235 1041 2323 1094 diu
2366 1052 2981 1119 repetereturncgatio.
3031 1054 3170 1123 Ergo
3219 1068 3560 1131 posteaquam

1968 1130 2226 1195 surrexit,
2258 1138 2381 1186 tunc
2408 1149 2501 1188 eos
2530 1137 2861 1193 conﬁrmavit
2882 1183 2894 1203 ,
2930 1152 3055 1196 tunc
3084 1144 3207 1200 facti
3234 1158 3358 1203 sunt
3398 1130 3558 1221 spiri-

1970 1219 2157 1272 tuales.
2188 1220 2305 1275 Jam
2338 1239 2463 1293 ergo
2490 1240 2595 1280 non
2622 1227 2885 1284 habebant
2909 1245 3182 1301 peccatum
3201 1237 3224 1291 ἲ
3245 1219 3560 1307 Spirituales
3634 1230 3643 1238 ’

1967 1312 2206 1380 Apostoli
2256 1316 2561 1372 scribebant
2607 1321 2909 1388 spirituales
2959 1326 3253 1397 Epistolas,
3305 1332 3560 1391 Ecclesiis

1967 1403 2246 1458 mittebant
2280 1422 2292 1456 :
2337 1423 2441 1462 non
2486 1409 2750 1466 habebant
2790 1426 3062 1483 peccatum
3085 1461 3099 1486 ,
3130 1419 3229 1476 hoc
3254 1422 3405 1478 dicis.
3436 1425 3555 1482 Non

1967 1493 2058 1548 tibi
2089 1496 2250 1551 credo
2271 1540 2283 1561 ,
2315 1498 2456 1569 ipsos
2503 1501 2793 1574 interrogo.
2843 1508 3041 1574 Dicite,
3079 1514 3245 1568 sancti
3277 1517 3553 1585 Apostoli.

1966 1595 2309 1657 posteaquam
2339 1594 2568 1648 surrexit
2592 1595 2862 1661 Dominus,
2895 1610 2946 1653 et
2972 1602 3305 1661 conﬁrmavit
3329 1624 3421 1663 vos
3437 1609 3557 1679 Spi-

1965 1678 2066 1730 ritu
2097 1690 2281 1735 sancto
2304 1685 2467 1739 misso
2488 1685 2554 1741 de
2576 1686 2736 1749 cwlo,
2755 1694 3005 1747 cessastis
3035 1695 3231 1753 habere
3246 1678 3556 1768 peccatum?

1964 1770 2132 1828 Dicite
2160 1776 2311 1830 nobis
2335 1819 2348 1842 ,
2390 1779 2633 1834 obsecro.
2667 1784 2989 1853 Audiamus,
3022 1805 3088 1844 ne
3114 1790 3393 1861 desperent
3427 1811 3553 1864 pec-

1961 1870 2201 1928 catores,
2235 1882 2301 1920 ne
2329 1867 2578 1923 desinant
2622 1889 2811 1941 rogare
2857 1877 3064 1942 Deum,
3111 1882 3232 1949 quia
3280 1898 3385 1938 non
3428 1898 3555 1940 sunt

1960 1951 2074 2006 sine
2103 1967 2335 2023 peccato.
2369 1960 2533 2015 Dicite
2560 1963 2731 2018 nobis.
2758 1967 2839 2019 Ait
2871 1983 3001 2022 unus
3026 1970 3284 2039 ipsorum.
3320 1976 3552 2046 thuis?

1958 2041 2127 2107 Quem
2175 2046 2428 2103 Dominus
2466 2054 2693 2119 au‘tplins
2723 2057 2971 2127 diligebat
2994 2102 3008 2125 ,
3038 2072 3090 2115 et
3120 2065 3206 2133 qui
3255 2041 3430 2135 supcr-
3460 2084 3554 2138 pe-

1961 2144 2079 2187 ctus
2122 2136 2331 2192 Domini
2381 2140 2942 2216 discumbebat(.loan.
2987 2167 3110 2214 xm,
3159 2154 3288 2222 25),
3322 2166 3376 2211 et
3402 2136 3551 2228 regni

1957 2225 2216 2281 cmlorum
2261 2231 2401 2297 quod
2443 2242 2708 2289 ructuaret
2732 2249 2996 2294 secretum
3028 2241 3260 2297 bibebat.
3287 2245 3400 2314 Ipse
3423 2225 3549 2303 eum

1957 2317 2227 2389 interrogo
2253 2344 2266 2373 :
2303 2321 2517 2377 Habetis
2544 2336 2816 2394 peccatum
2840 2370 2853 2392 ,
2876 2345 2942 2384 an
2973 2334 3118 2386 non?
3141 2334 3464 2405 Respondet,
3495 2351 3551 2395 et

1956 2406 2085 2463 dicit
2115 2427 2127 2461 :
2161 2411 2225 2465 Si
2248 2414 2527 2470 rlixerinms
2566 2418 2683 2487 quia
2730 2436 2986 2485 peccatum
3015 2441 3114 2479 non
3157 2428 3423 2498 habemus,
3456 2449 3548 2487 nos

1951 2501 2092 2572 ipsos
2139 2504 2448 2576 decipimus,
2495 2520 2539 2562 ct
2585 2512 2765 2566 veritas
2792 2514 2843 2567 in
2872 2516 3014 2570 nobis
3041 2536 3141 2571 non
3183 2530 3272 2574 est.
3314 2522 3548 2580 Joannes

1953 2603 2130 2649 autem
2175 2597 2264 2651 ille
2308 2607 2388 2652 est
2410 2641 2426 2665 ,
2453 2602 2541 2670 qui
2570 2602 2703 2657 dixit
2734 2620 2747 2657 :
2782 2600 2846 2658 In
2872 2608 3121 2680 principio
3165 2624 3270 2666 erat
3310 2614 3542 2682 Verbum,

1953 2692 1999 2737 ct
2048 2683 2259 2740 Verbum
2287 2699 2394 2741 erat
2423 2691 2563 2759 apud
2604 2691 2796 2759 Deum,
2820 2706 2865 2749 et
2892 2695 3029 2753 Deus
3054 2710 3159 2753 erat
3193 2700 3407 2759 Verbum
3432 2705 3542 2776 (Id.

1957 2790 2001 2837 ι,
2027 2776 2100 2844 1).
2138 2776 2322 2833 Videte
2352 2790 2549 2849 quanta
2592 2786 3022 2853 transcenderat,
3052 2802 3104 2845 ut
3133 2796 3435 2861 perveniret
3477 2799 3545 2852 ad

1954 2863 2210 2922 Verbum.
2243 2868 2386 2925 'l‘alis
2414 2886 2475 2926 ac
2501 2880 2679 2928 tantus
2698 2917 2712 2940 ,
2742 2878 2831 2946 qui
2857 2879 3050 2935 volavit
3080 2884 3218 2939 sicut
3253 2888 3427 2956 aquila
3456 2905 3548 2943 su-

1954 2971 2047 3024 per
2077 2957 2277 3023 nubes,
2318 2962 2406 3030 qui
2448 2964 2640 3018 mentis
2664 2967 2952 3024 serenitate
2980 2974 3232 3029 cernebat
3253 3017 3267 3040 ,
3300 2976 3368 3031 In
3398 2980 3543 3047 prin-

1951 3048 2086 3118 cipio
2110 3061 2220 3103 erat
2263 3050 2474 3107 Verbum
2499 3071 2518 3108 :
2547 3055 2660 3125 ipse
2699 3056 2858 3125 dixit,
2887 3060 2947 3114 Si
2970 3061 3246 3118 dixerimus
3271 3069 3391 3131 quia
3431 3086 3546 3137 pec-

1952 3147 2118 3193 catum
2157 3158 2257 3195 non
2283 3142 2520 3199 habemus
2540 3187 2556 3212 ,
2588 3163 2679 3200 nos
2704 3148 2841 3218 ipsos
2869 3149 3179 3222 decipimus,
3211 3165 3257 3209 et
3288 3159 3466 3213 veritas
3490 3162 3543 3215 in

1951 3231 2095 3285 nobis
2122 3249 2222 3286 non
2246 3244 2341 3287 est.
2389 3234 2452 3290 Si
2477 3246 2649 3290 autem
2693 3241 2909 3307 confessi
2935 3244 3180 3312 fuerimus
3221 3260 3425 3318 peccata
3452 3269 3544 3306 no-

1950 3331 2056 3375 stra
2075 3362 2090 3389 ,
2120 3324 2286 3391 ﬁdelis
2310 3335 2357 3378 et
2374 3327 2544 3395 justus
2569 3338 2640 3381 est
2662 3370 2675 3390 ,
2706 3340 2761 3383 ut
2786 3332 3005 3386 dimittat
3044 3335 3184 3390 nobis
3224 3351 3427 3407 peccata
3452 3360 3544 3396 ne-

1950 3424 2057 3468 stra
2077 3457 2093 3479 ,
2125 3427 2172 3468 et
2214 3416 2419 3471 mandet
2460 3436 2550 3474 nos
2597 3420 2660 3474 ab
2687 3424 2822 3476 omni
2849 3426 3107 3497 iniquitate
3134 3428 3179 3501 (l
3216 3429 3373 3487 Joan.
3404 3450 3453 3499 ι,
3484 3436 3540 3504 8,

1948 3506 2030 3574 tl).
2061 3506 2200 3579 Ergo
2219 3520 2388 3563 orate.

2396 3627 2624 3692 scroto
2666 3630 2927 3689 cxxxvn
2976 3635 3075 3709 (a).

1954 3750 2017 3807 In
2047 3755 2273 3811 eamdem
2300 3758 2557 3838 lectionem
2597 3760 2857 3838 Evangelii
2869 3767 3144 3838 iloannis,
3191 3774 3253 3828 de
3276 3776 3539 3834 illumina-

2394 3832 2531 3885 tioue
2556 3835 2676 3885 εατί
2701 3832 2827 3889 nati.
2850 3837 2976 3907 Cap.
3008 3857 3080 3896 Ix.

2022 3957 2074 4009 1.
2137 3956 2269 4011 (ἐττιηὶ
2324 3961 2430 4013 uati
2487 3962 2809 4019 illuminatio.
2878 3969 3189 4028 Audivimus
3254 3977 3540 4036 lectionem

1949 4048 2117 4104 sancti
2160 4051 2465 4122 Evangelii,
2515 4072 2672 4125 quam
2728 4044 2962 4116 solemus
3002 4080 3015 4117 :
3062 4065 3157 4120 sed
3211 4068 3402 4122 botnnn
3455 4083 3541 4126 est

1948 4144 2303 4208 commoneri;
2352 4144 2548 4201 bonum
2598 4156 2682 4204 est
2720 4150 2789 4205 ab
2826 4152 3109 4210 oblivionis
3156 4168 3376 4215 veterno
3422 4179 3537 4219 Ille-

1948 4232 2171 4287 moriam
2195 4250 2473 4292 renovare.
2503 4239 2739 4310 Denique
2776 4245 3130 4302 vetustissima
3172 4250 3352 4316 lectio,
3386 4257 3537 4323 quasi

1948 4336 2118 4386 nova,
2175 4340 2272 4379 nos
2318 4326 2624 4384 delectavit.
2674 4332 2884 4388 Cmcum
2932 4351 2961 4390 a
3012 4340 3287 4398 nativitate
3340 4345 3536 4400 illumi-

1945 4412 2091 4467 navit
2130 4413 2376 4472 Christus
2417 4436 2430 4471 :
2477 4421 2603 4489 quid
2647 4423 2953 4480 miramini?
2990 4429 3232 4486 Salvator
3273 4444 3352 4488 est
3380 4436 3534 4489 Chri-

1945 4514 2059 4561 Stus
2104 4524 2118 4562 :
2165 4506 2268 4563 hoc
2316 4511 2545 4569 reddidit
2594 4513 2881 4585 benellcio,
2926 4523 3067 4592 quod
3115 4526 3290 4581 minus
3339 4528 3537 4585 fecerat

1945 4595 1997 4649 in
2027 4605 2195 4651 utero.
2216 4599 2440 4668 Quando
2463 4614 2643 4661 autem
2666 4607 2714 4660 ei
2737 4610 2923 4664 oculos
2944 4614 3121 4668 minus
3143 4617 3398 4685 faciebat,
3428 4638 3531 4677 nea

1945 4688 2127 4758 utique
2166 4690 2411 4757 errabat;
2449 4695 2543 4749 sed
2584 4696 2649 4750 ad
2677 4699 2989 4756 miraculum
3019 4705 3314 4763 differebat.
3350 4712 3534 4768 Dicitis

1944 4777 2118 4833 forte:
2151 4779 2304 4836 Unde
2332 4784 2475 4839 seis?
2502 4786 2584 4840 Ah
2615 4787 2731 4856 ipso
2769 4792 2946 4847 audivi
2979 4813 2991 4847 :
3023 4798 3182 4853 modo
3209 4801 3335 4855 illud
3362 4803 3529 4867 dixit:

1942 4869 2098 4923 simul
2129 4871 2445 4928 audivimus.
2479 4874 2704 4940 Quando
2729 4882 2872 4935 enim
2918 4884 3375 4958 interrogaverunt
3402 4909 3527 4950 eum

1941 4958 2184 5029 discipuli
2224 4963 2369 5032 ejus,
2400 4972 2456 5018 et
2494 4965 2781 5037 dixerunt,
2828 4971 3073 5041 Domine,
3119 4981 3233 5048 quis
3270 4987 3490 5051 peccavit
3516 5030 3531 5048 ,

1940 5048 2034 5102 iste
2066 5060 2152 5103 aut
2188 5061 2418 5120 parentes
2447 5055 2557 5125 ejus
2574 5096 2591 5121 ,
2621 5060 2859 5126 quoniam
2896 5079 3059 5119 aecus
3086 5079 3234 5124 natus
3259 5048 3373 5127 est?
3401 5077 3526 5145 quid

1936 5140 2243 5208 respondit,
2277 5156 2485 5198 mecum
2526 5146 2747 5203 audistis
2782 5168 2793 5202 :
2825 5150 3001 5222 Neque
3026 5156 3107 5209 hic
3152 5140 3526 5231 peccavitpne-

1936 5245 2032 5299 que
2056 5240 2287 5299 parentes
2312 5235 2456 5303 ejus;
2480 5236 2574 5292 sed
2598 5247 2650 5291 ut
2678 5242 3008 5299 ostendantur
3028 5264 3183 5316 Opera
3207 5250 3300 5306 Dei
3317 5256 3369 5309 in
3389 5258 3520 5327 ipso.

1938 5320 2078 5377 Ecce
2097 5338 2262 5392 quare
2294 5325 2572 5383 differebat
2591 5370 2605 5395 ,
2630 5333 2844 5400 quando
2868 5337 3042 5393 niinus
3068 5343 3250 5397 oculos
3278 5320 3520 5403 faciebat.

1936 5411 2051 5468 Non
2081 5413 2232 5478 fecit,
2261 5418 2401 5487 quod
2424 5417 2652 5487 iaceret;
2687 5441 2790 5478 non
2822 5426 2938 5481 iecit
2961 5471 2977 5494 ,
3012 5433 3149 5495 quini
3174 5433 3437 5492 facturum
3462 5457 3524 5497 se

1933 5518 2054 5559 esse
2108 5506 2337 5572 sciebat,
2383 5512 2593 5578 quando
2642 5516 2938 5583 oportebat.
2990 5521 3100 5578 Γάιε
3151 5526 3516 5598 arbitren'tini,

1988 5700 2221 5801 una
2234 5706 3104 5801 taaﬁmst’twit.smteate¢ee
3120 5800 3123 5801 ,
3140 5723 3427 5801 εοιυονμίοίε
3449 5729 3520 5780 N-

1930 5763 2210 5824 bliothecae,
2234 5763 2398 5838 notabo
2432 5763 2539 5817 8:21.
2581 5763 2825 5844 Habentur
2847 5763 3516 5858 ejixétiét'a'séiiiﬁi‘ﬁa;

1932 5838 2091 5858 moon:
2117 5826 2211 5858 dum
2237 5841 2281 5858 In
2307 5831 2445 5858 nmtm
2468 5844 2555 5858 ιη...
2583 5832 2696 5858 ηιμ...-
2722 5837 2964 5858 ,ηιιΛημα
2991 5857 2995 5858 ,

1931 5838 2095 5879 menta
2116 5826 2211 5877 duo
2234 5828 2284 5879 in
2306 5831 2445 5880 Beda:
2468 5844 2557 5883 seu
2582 5832 2697 5885 t‘lori
2719 5826 3022 5894 eollcciioiic'.
