3850 6188
399 378 500 436 75f

304 472 315 479 ι
402 491 594 547 fratres
616 530 630 555 ,
655 492 899 559 parentes
920 481 1036 553 ejus
1064 479 1263 534 nullum
1285 474 1539 531 habuisse
1565 478 1838 542 peccatum
1861 508 1877 533 ,
1903 474 1992 520 aut

402 583 575 652 ipsum
606 558 741 642 non,
779 572 993 646 quando
1023 579 1180 626 natus
1206 576 1324 637 est,
1370 564 1701 622 contraxisse
1736 558 1993 631 originale

402 679 677 741 peccatum
700 708 714 733 ,
749 674 967 736 propter
993 661 1133 733 quod
1158 666 1436 730 peccatum
1458 652 1835 711 remittendum
1868 664 1992 719 par-

402 740 509 815 vuli
536 758 871 828 lnptizantur
899 755 950 809 in
978 752 1345 809 remissionem
1369 754 1726 818 peccatorum.
1758 740 1864 797 Sed
1886 755 1994 795 cte-

402 853 535 907 citas
566 851 651 904 illa
683 864 786 902 non
817 847 917 901 fuit
952 853 1169 915 propter
1210 850 1487 912 peccatum
1530 844 1808 908 parentum
1829 875 1844 900 ,
1889 847 1994 886 non

373 944 502 997 .t‘uit
529 949 748 1012 propter
784 946 1054 1009 peceatum
1084 934 1283 1004 ipsius;
1326 931 1422 988 sed
1452 939 1508 985 ut
1529 927 1997 985 manifestarcntur

384 1028 568 1103 ‘opera
600 1031 694 1086 Dei
720 1032 775 1085 in
796 1030 930 1100 ipso.
954 1027 1152 1082 Omnes
1173 1026 1350 1088 enim,
1383 1020 1593 1092 quando
1632 1018 1741 1073 nati
1777 1030 1997 1083 sumus,

405 1133 687 1197 peccatum
715 1119 970 1191 originale
993 1116 1285 1180 traximus;
1317 1124 1372 1169 et
1400 1123 1576 1168 tamen
1604 1125 1709 1163 non
1736 1107 1861 1163 ctcci
1889 1106 1997 1161 nati

378 1240 383 1243 -
407 1230 613 1271 sumus.
641 1215 909 1282 Interroga
935 1210 1218 1280 diligenter
1242 1223 1256 1260 :
1284 1215 1341 1260 ct
1357 1205 1483 1259 caeci
1511 1203 1617 1257 uati
1639 1215 1846 1257 sumus.
1866 1198 1998 1266 Quis

407 1309 550 1363 enim
580 1320 689 1360 non
712 1317 887 1360 ececus
916 1311 1070 1356 natus
1095 1299 1208 1355 est?
1228 1296 1325 1353 sed
1351 1297 1404 1349 in
1425 1293 1605 1348 corde.
1638 1291 1892 1346 Dominus
1913 1303 1999 1341 au-

411 1408 519 1453 tem
546 1396 734 1462 Iesus,
779 1394 903 1465 quia
931 1401 1214 1459 utrumque
1258 1393 1535 1442 creaverat
1576 1390 1860 1447 utrumque
1901 1393 1997 1433 cu-

403 1490 565 1543 ravit.

478 1583 534 1634 2.
577 1579 709 1633 Ca-ci
748 1594 908 1641 error,
940 1574 1162 1647 palantis
1192 1580 1477 1642 peccatores
1512 1584 1613 1622 non
1639 1562 1888 1621 exaudiri.
1910 1560 2002 1623 Ἣ-

404 1674 562 1729 distis
609 1686 810 1727 caecum
861 1670 1021 1723 istum
1064 1665 1233 1721 oculis
1281 1663 1435 1727 fidei,
1476 1659 1682 1716 vidistis
1724 1657 1885 1713 etiam
1931 1669 2000 1710 ex

410 1780 555 1818 ra-co
585 1763 853 1818 videntem
880 1778 892 1813 :
926 1759 1018 1813 sed
1064 1755 1283 1811 audistis
1308 1762 1597 1809 errantem.
1630 1749 1687 1803 In
1717 1762 1823 1819 quo
1847 1760 2002 1801 erra-

413 1858 501 1910 bat
539 1868 712 1910 crocus
762 1854 896 1917 istc,
948 1852 1069 1903 dico
1103 1866 1115 1900 :
1151 1848 1376 1916 primum
1405 1844 1525 1914 quia
1556 1841 1825 1897 Christum
1876 1850 2002 1907 ιιι-οη

415 1946 623 2015 plictam
666 1942 919 2014 putabat,
951 1938 1040 1993 Dei
1073 1936 1260 1990 Filium
1294 1932 1583 1989 nesciebat.
1628 1927 1826 1984 Deinde
1853 1924 2004 1981 audi-

412 2041 587 2093 vimus
633 2026 790 2091 unam
839 2029 1241 2102 responsionem
1289 2026 1455 2095 ipsius
1505 2034 1722 2093 prorsus
1769 2018 1999 2073 falsam:

413 2132 488 2183 ait
512 2129 689 2195 enim,
722 2126 924 2181 Scimus
965 2123 1086 2193 quia
1127 2127 1413 2192 peccatores
1452 2114 1590 2169 Deus
1628 2129 1728 2167 non
1776 2108 2002 2164 ett-audit.

414 2224 470 2277 Si
504 2227 810 2292 peceatores
856 2216 996 2270 Deus
1036 2228 1140 2267 non
1185 2208 1432 2273 exaudit,
1460 2220 1617 2276 quant
1648 2216 1799 2273 spem
1836 2199 2003 2254 babe-

417 2291 572 2367 nxus?
599 2309 654 2366 Si
685 2316 995 2379 peccatores
1026 2304 1165 2358 Deus
1203 2317 1308 2356 non
1357 2296 1605 2361 exaudit,
1651 2291 1836 2363 utquid
1882 2304 2005 2344 ora-

418 2419 536 2457 mus
556 2443 571 2469 ,
600 2410 653 2456 et
679 2396 1040 2454 testimonium
1070 2391 1274 2463 peccati
1300 2388 1466 2444 nostri
1498 2385 1745 2440 tuosione
1772 2380 2007 2452 pectoris

417 2490 682 2548 dicimus?
727 2488 827 2545 Ubi
866 2496 949 2541 est
999 2493 1144 2540 certe
1195 2482 1285 2536 ille
1333 2478 1689 2543 Publicanus,
1740 2474 1830 2544 qui
1884 2486 2004 2527 cum

422 2584 689 2639 Phariszeo
713 2578 951 2635 ascendit
982 2578 1032 2631 in
1070 2574 1324 2643 templum
1345 2613 1359 2634 ,
1391 2579 1445 2626 et
1474 2570 1565 2623 illo
1613 2567 1882 2622 Pharin
1923 2564 2007 2633 ja-

419 2682 631 2738 ctante,
664 2669 950 2726 ventilante
988 2665 1175 2719 merita
1215 2677 1341 2723 sua,
1390 2661 1480 2715 ille
1531 2667 1681 2713 stans
1726 2657 1906 2726 longe,
1956 2662 2011 2709 et

420 2764 589 2820 oculis
621 2762 737 2817 lixis
762 2762 813 2814 in
844 2769 1005 2824 terra,
1036 2765 1090 2813 et
1116 2755 1345 2811 tendens
1370 2762 1557 2824 pectus
1584 2764 1758 2816 suum,
1786 2750 2009 2803 confite—

422 2856 577 2911 batur
606 2860 820 2923 peccata
857 2849 991 2904 sua?
1021 2849 1083 2902 Et
1111 2844 1387 2902 descendit
1414 2844 1542 2909 iste,
1587 2841 1677 2913 qui
1717 2839 2010 2896 confiteba-

424 2958 511 3003 tur
540 2953 754 3018 pcccata
778 2958 876 2999 sua
895 2983 911 3009 ,
934 2939 1257 3011 justifieatus
1280 2936 1349 2992 de
1379 2935 1609 3004 templo,
1657 2931 1825 3001 magis
1853 2944 2010 3000 quam

424 3040 514 3095 ille
544 3036 844 3092 Pbarisaaus
877 3031 1027 3105 (Luc.
1056 3045 1216 3091 xvm,
1266 3027 1480 3097 lli-il).
1521 3024 1680 3078 Certe
1706 3030 2014 3092 peccatores

427 3130 567 3183 Deus
587 3124 820 3181 exaudit.
851 3122 955 3179 Sed
999 3120 1086 3176 ille
1131 3119 1222 3190 qui
1264 3119 1363 3172 ista
1406 3116 1571 3180 dixit,
1603 3113 1837 3169 nondum
1866 3113 2013 3167 lave-

427 3230 512 3297 rat
540 3217 732 3273 faciem
759 3214 938 3272 cordis
963 3213 1032 3268 de
1051 3211 1217 3267 Siloa.
1249 3209 1304 3263 In
1329 3208 1500 3263 oculis
1524 3206 1643 3275 ejus
1670 3212 2017 3275 praecesserat

428 3294 817 3367 sacramentum
861 3324 874 3360 :
924 3304 1016 3361 sed
1065 3304 1116 3357 in
1157 3299 1322 3357 corde
1364 3298 1599 3354 nondum
1628 3306 1743 3352 erat
1770 3294 2016 3351 effectum

318 3392 325 3395 ἡ
428 3403 614 3474 gratia:
638 3398 972 3455 beneficium.
998 3391 1224 3464 Quando
1250 3391 1373 3445 lavit
1396 3389 1582 3444 faciem
1608 3386 1785 3441 cordis
1810 3385 1891 3441 sui
1916 3400 2020 3439 ca:-

431 3472 527 3548 cus
558 3490 698 3547 iste?
727 3486 951 3556 Quando
994 3500 1115 3541 cum
1148 3481 1402 3537 Dominus
1446 3478 1586 3532 foras
1622 3478 1842 3532 missum
1870 3490 1905 3532 a
1929 3472 2021 3529 Ju-

435 3586 567 3641 daeis
586 3625 601 3651 ,
626 3554 916 3637 intromisit
939 3576 1004 3631 ad
1028 3590 1108 3632 se.
1132 3571 1500 3629 Invenitenim
1527 3585 1647 3625 eum
1664 3609 1678 3631 .
1709 3554 1764 3622 ἐι
1788 3566 1920 3621 dixit
1947 3564 2018 3631 ei,

434 3678 573 3731 sicut
596 3672 894 3728 audivimus
927 3685 940 3721 :
975 3665 1051 3720 Tu
1089 3663 1253 3718 credis
1302 3662 1354 3715 in
1398 3659 1589 3714 Filium
1630 3658 1763 3712 Dei?
1789 3656 1857 3711 Et
1885 3655 1972 3711 ille
2005 3671 2019 3708 :

438 3767 567 3834 Quis
593 3774 663 3819 cst
684 3805 699 3830 ,
727 3762 938 3816 Domine
955 3800 970 3826 ,
1005 3766 1059 3811 ut
1089 3757 1291 3809 credam
1319 3754 1371 3807 in
1397 3753 1549 3806 eum?
1573 3750 1729 3805 Certe
1749 3748 1858 3819 jam
1877 3746 2025 3802 vide-

442 3858 531 3911 bat
575 3855 745 3910 oculis
769 3870 782 3904 ς
808 3851 916 3922 jam
961 3845 1154 3903 corde?
1182 3843 1445 3900 Nondum.
1475 3841 1795 3911 Exspectate
1824 3857 1838 3894 :
1866 3837 2026 3894 modo

437 3947 658 4002 videbit.
691 3939 986 4012 Respondit
1011 3938 1060 3994 ei
1085 3937 1283 3992 Jesus:
1312 3934 1424 4004 Ego
1460 3948 1572 3986 sum
1591 3972 1607 3998 ,
1638 3930 1723 4001 qui
1751 3929 1928 3998 loquor
1951 3938 2025 3981 te-

441 4057 574 4095 cum.
605 4034 869 4106 Numquid
899 4030 1196 4088 dubitavit?
1230 4026 1494 4083 Continuo
1521 4023 1711 4078 faciem
1738 4021 1881 4076 lavit.
1927 4021 2029 4075 Lo-

441 4132 700 4202 qucbalur
724 4129 867 4184 enim
894 4140 1013 4181 cum
1054 4122 1144 4177 illo
1171 4119 1312 4176 Siloa
1336 4158 1354 4185 ,
1380 4116 1515 4188 quod
1537 4116 1891 4183 interpretatur
1919 4113 2030 4166 mis-

442 4244 548 4281 sus.
570 4223 702 4292 Quis
718 4229 801 4279 est
823 4219 1035 4281 missus,
1065 4213 1164 4270 nisi
1194 4208 1480 4267 Christus?
1507 4206 1609 4274 Qui
1635 4219 1778 4275 saepe
1805 4213 2032 4261 testatus

444 4325 526 4371 est
554 4316 737 4370 dicens
757 4351 775 4375 ,
813 4308 1131 4364 Voluntatem
1162 4301 1294 4371 facio
1325 4298 1499 4353 Patris
1531 4297 1629 4351 mei
1648 4338 1662 4364 ,
1692 4295 1777 4366 qui
1802 4310 1880 4348 me
1898 4294 2031 4347 misit

452 4408 629 4478 (Joau.
653 4421 728 4470 tv,
751 4402 849 4465 51;
881 4414 932 4464 v,
959 4396 1027 4452 ὅθ
1047 4434 1062 4460 ,
1089 4403 1136 4448 et
1164 4408 1216 4447 Vt
1237 4433 1252 4458 ,
1283 4390 1395 4461 38).
1422 4390 1563 4459 Ergo
1583 4389 1696 4457 ipse
1720 4394 1836 4442 erat
1862 4385 2028 4442 Siloa.

449 4475 689 4552 Accessit
731 4489 895 4547 corde
939 4499 1144 4547 caicus,
1175 4481 1407 4546 audivit,
1447 4477 1708 4542 credidit,
1747 4475 2027 4532 adoravit:

448 4587 638 4643 faciem
663 4582 789 4637 lavit
803 4621 818 4646 ,
852 4577 1002 4632 vidit.

519 4678 572 4732 3.
611 4672 911 4728 Judazorum
936 4666 1157 4733 accitas,
1184 4659 1598 4718 calwnniautium
1621 4656 1743 4712 εσιυὶ
1770 4657 2033 4711 sabbatum

447 4788 481 4824 a
507 4766 728 4824 Christo.
755 4762 832 4817 llli
856 4769 1032 4816 autem
1060 4755 1151 4828 qui
1175 4770 1296 4812 eum
1326 4752 1466 4807 foras
1489 4749 1777 4815 miserunt,
1796 4748 1924 4803 caeci
1950 4762 2036 4803 re-~

448 4866 793 4924 manserunt,
827 4848 1252 4926 quandoquidem
1292 4842 1517 4900 Domino
1557 4841 2032 4907 calumniabautur,

447 4958 571 5029 quia
599 4951 880 5010 sabbatum
906 4956 1049 5014 erat,
1078 4940 1293 5015 quando
1321 4939 1489 4994 lutum
1517 4935 1641 4991 fecit
1668 4934 1737 4991 de
1760 4944 1919 5004 sputo
1936 4974 1956 4998 ,
1982 4942 2039 4987 et

449 5025 657 5108 inuuxit
703 5046 886 5103 oculos
931 5039 1079 5097 caeci.
1124 5033 1348 5105 Quando
1394 5032 1534 5087 enim
1579 5029 1835 5084 Dominus
1874 5025 2037 5080 verbo

448 5145 689 5203 curabat,
716 5145 898 5207 aperte
923 5128 1381 5189 calumniabantur
1399 5122 1588 5179 Judaei.
1609 5120 1725 5175 Non
1750 5118 1892 5191 enim
1916 5116 2038 5171 sab-

450 5238 575 5290 bato
618 5229 937 5301 operabatur
981 5218 1217 5291 aliquid,
1255 5214 1468 5287 quando
1497 5212 1738 5277 dicebat,
1773 5217 1827 5264 et
1854 5207 2035 5263 fiebat.

458 5334 647 5397 Aperta
690 5319 953 5377 calumnia
995 5322 1108 5371 erat
1146 5329 1160 5366 :
1200 5308 1406 5381 jubenti
1434 5303 1926 5370 calumniabantur,
1958 5300 2039 5354 lo-

449 5394 634 5490 quenti
664 5408 1154 5470 calumniabantur;
1186 5401 1336 5471 quasi
1365 5397 1464 5467 ipsi
1498 5410 1593 5465 per
1625 5394 1900 5449 sabbatum
1932 5406 2040 5445 non

450 5480 817 5581 loquerentur.
848 5503 1070 5557 Possum
1099 5495 1278 5550 dicere
1303 5490 1425 5560 quia
1461 5501 1565 5541 non
1595 5484 1766 5539 solum
1798 5498 1891 5551 per
1915 5480 2041 5536 sab-

453 5575 634 5658 batum
655 5642 669 5665 ,
702 5596 797 5652 sed
828 5592 973 5648 nullo
999 5590 1086 5645 die
1120 5588 1440 5656 loquuntur,
1469 5578 1717 5649 quoniam
1748 5591 1777 5629 a
1809 5575 1918 5630 veri
1948 5575 2040 5628 Dei

457 5691 705 5747 laudibus
742 5691 1098 5742 recesserunt.
1126 5678 1331 5733 Tamen
1357 5682 1416 5728 ut
1438 5672 1545 5727 dixi
1564 5712 1580 5736 ,
1611 5670 1801 5725 fratres
1820 5711 1833 5735 ,
1858 5676 2039 5738 aperta

457 5781 719 5841 calumnia
746 5786 877 5831 erat.
913 5772 1133 5829 Dicebat
1153 5769 1406 5824 Dominus
1431 5764 1653 5831 homini,
1684 5761 1911 5817 Extende
1933 5778 2040 5815 ma-

1603 355 1661 411 s.
1703 345 2069 409 AUGUSTINI
2105 339 2411 404 EPISCOPI
3527 356 3611 416 πρ

2099 479 2223 517 num
2248 472 2387 516 tuam
2410 476 2433 515 τ
2465 459 2621 515 flebat
2647 473 2841 526 sanus,
2875 467 2929 515 et
2955 459 3386 521 calumniabantur
3409 470 3514 537 quia
3538 490 3613 542 per

2097 556 2373 642 sabbatum
2394 553 2614 611 curabat
2641 550 2850 625 (Matth.
2875 567 2969 616 xu,
2992 552 3192 625 10-”).
3213 553 3339 622 Quid
3360 555 3498 614 fecit?
3513 564 3613 632 quid

2099 655 2348 716 operatus
2368 643 2487 701 est?
2505 642 2646 715 quod
2668 658 2803 697 onus
2824 642 2979 697 tulit?
2997 644 3099 700 Sed
3121 645 3272 700 modo
3287 661 3459 716 spuere
3478 652 3520 706 in
3539 663 3617 709 ter-

2098 753 2235 802 ram,
2260 735 2427 791 lutum
2453 735 2646 802 facere,
2672 743 2725 788 et
2746 733 2949 790 homini
2968 735 3147 790 oculos
3170 736 3425 807 inungere,
3445 748 3617 811 operari

2100 839 2202 884 est.
2244 828 2413 884 Nemo
2449 828 2687 893 dubitet,
2718 828 2927 897 operari
2962 837 3092 883 erat.
3125 830 3367 886 Dominus
3389 834 3617 894 salutatum

2101 920 2379 976 solvebat:
2403 920 2495 976 sed
2519 935 2627 974 non
2648 920 2771 974 ideo
2790 934 2934 975 reus.
2962 919 3095 986 Quid
3120 923 3353 991 estquod
3375 924 3490 991 dixi,
3514 928 3620 984 Sab-

2103 1012 2282 1067 batum
2324 1012 2600 1068 solvebat?
2637 1012 2750 1069 Lux
2782 1012 2896 1081 ipse
2924 1021 3165 1079 venerat,
3194 1015 3396 1070 umbras
3423 1034 3622 1076 remove-

2101 1103 2208 1158 bat.
2239 1102 2529 1159 Sabbatum
2556 1103 2698 1158 enim
2735 1118 2766 1157 a
2806 1102 3031 1158 Domino
3069 1103 3176 1159 Deo
3213 1115 3506 1176 prmceptum
3539 1121 3620 1178 est,

2102 1194 2170 1248 ab
2191 1193 2306 1263 ipso
2329 1193 2547 1249 Christo
2568 1204 2912 1264 prteceptnm,
2940 1195 3165 1265 quicum
3187 1197 3333 1253 Patre
3355 1209 3472 1265 erat,
3491 1217 3624 1272 quan-

2102 1284 2173 1340 do
2203 1286 2313 1341 Lex
2342 1287 2426 1341 illa
2465 1286 2690 1341 dabatur
2719 1304 2732 1341 :
2762 1287 2831 1342 ab
2861 1287 2974 1358 ipso
3006 1297 3323 1358 praeceptum
3349 1300 3453 1359 est,
3481 1295 3557 1348 sed
3581 1296 3622 1351 in

2102 1376 2289 1431 umbra
2329 1374 2509 1431 futuri.
2544 1376 2711 1431 Nemo
2738 1394 2856 1448 ergo
2900 1393 2984 1433 vos
3019 1380 3213 1452 judicet
3250 1382 3300 1435 in
3337 1382 3461 1449 cibo,
3493 1389 3625 1443 autin

2104 1474 2246 1536 potu,
2272 1476 2360 1520 aut
2383 1468 2435 1521 in
2461 1476 2602 1536 parte
2625 1468 2723 1522 diei
2748 1468 2884 1540 festi,
2916 1479 3005 1523 aut
3026 1473 3308 1538 neomenia',
3335 1484 3415 1527 aut
3435 1476 3623 1531 sabbato-

2104 1574 2246 1625 rum,
2277 1557 2413 1629 quod
2453 1566 2527 1613 est
2562 1558 2739 1613 umbra
2776 1562 3061 1631 futurorum
3102 1562 3312 1631 (Coloss.
3343 1579 3399 1630 ιι,
3429 1566 3623 1639 16,17).

2109 1648 2339 1704 Venerat
2365 1664 2524 1720 quem
2558 1658 2837 1706 venturum
2868 1651 2968 1708 ista
3011 1654 3335 1709 nuntiabant.
3354 1644 3483 1723 Quid
3510 1659 3626 1715 dele'

2105 1747 2250 1794 ctant
2274 1740 2517 1796 umbra?
2541 1741 2729 1808 Judtci,
2756 1743 2959 1813 aperite
2982 1745 3167 1800 oculos
3190 1763 3206 1799 τ
3230 1747 3304 1800 sol
3325 1762 3530 1817 prmseus
3545 1761 3626 1807 est.

2108 1830 2221 1885 Nos
2257 1831 2467 1886 scimus.
2508 1832 2648 1900 Quid
2684 1832 2862 1900 scitis,
2900 1848 2934 1888 ο
2972 1834 3135 1889 corde
3161 1837 3320 1892 ctecil
3344 1838 3458 1906 quid
3482 1841 3628 1895 scitis?

2111 1923 2244 1990 Quia
2271 1941 2373 1979 non
2400 1933 2471 1980 est
2497 1925 2590 1980 iste
2618 1925 2768 1979 homo
2795 1942 2828 1979 a
2856 1924 2964 1980 Deo
2983 1965 3000 1992 ,
3030 1928 3115 1995 qui
3141 1928 3211 1982 sic
3238 1929 3373 1982 solvit
3396 1929 3626 1986 sabbatum.

2108 2013 2397 2071 Sabbatum
2414 2057 2427 2080 ,
2451 2015 2655 2082 miseri,
2677 2016 2955 2072 sabbatum
2980 2017 3152 2087 ipsum
3172 2017 3403 2075 Christus
3425 2021 3629 2091 prs-dica-

2107 2107 2203 2172 vit,
2231 2122 2389 2177 quem
2415 2106 2590 2162 dicitis
2617 2121 2722 2162 non
2747 2122 2867 2163 esse
2888 2123 2919 2163 a
2946 2108 3080 2163 Deo.
3106 2108 3378 2164 Sabbatum
3400 2112 3631 2167 carnaliter

2108 2200 2405 2255 observatis
2423 2240 2437 2263 ,
2467 2200 2684 2255 salivam
2713 2197 2912 2255 Christi
2941 2215 3051 2255 non
3084 2201 3301 2257 habetis.
3336 2203 3567 2258 Attenditc
3590 2203 3630 2258 in

2110 2300 2253 2348 terra
2279 2291 2483 2348 sabbati
2513 2291 2671 2347 etiam
2698 2292 2918 2347 salivam
2945 2291 3169 2359 Christi,
3197 2303 3250 2349 et
3276 2295 3539 2367 intelligetis
3559 2312 3629 2366 pet

2109 2384 2388 2439 sabbatum
2418 2381 2792 2453 prephetatum
2822 2383 3120 2439 Christum.
3150 2383 3251 2440 Sed
3285 2400 3373 2440 vos
3405 2386 3509 2457 quia
3533 2387 3631 2441 sali-

2111 2490 2230 2530 vam
2250 2474 2450 2529 Christi
2477 2475 2527 2528 in
2552 2483 2691 2528 terra
2714 2490 2874 2545 super
2898 2476 3087 2531 oculos
3112 2487 3308 2532 vestros
3334 2493 3426 2532 non
3451 2477 3632 2542 habetis,

2112 2565 2233 2619 ideo
2260 2565 2327 2619 ad
2356 2565 2552 2620 Siloam
2589 2580 2695 2619 non
2732 2565 2986 2631 venistis,
3023 2574 3078 2621 et
3118 2565 3301 2621 faciem
3330 2583 3426 2621 non
3457 2568 3631 2627 lavistis.

2114 2663 2168 2710 et
2184 2657 2311 2711 (ιωεί
2333 2655 2692 2720 remansistis;
2722 2653 2861 2709 bono
2882 2656 3014 2711 (ξωεί
3037 2657 3177 2727 ejus,
3196 2657 3301 2712 imo
3313 2658 3412 2727 jam
3432 2673 3519 2712 non
3536 2658 3635 2712 cteci

2114 2763 2214 2803 nec
2238 2763 2422 2815 carne,
2451 2762 2549 2802 nec
2574 2746 2758 2802 corde.
2785 2734 3009 2817 Accepit
3036 2748 3088 2802 in
3112 2757 3264 2818 sputo
3285 2748 3455 2814 lutum,
3478 2747 3636 2801 iniuncti

2113 2845 2238 2892 sunt
2267 2837 2381 2907 ejus
2408 2837 2548 2893 oculi
2568 2877 2583 2902 ,
2626 2836 2854 2892 accessit
2881 2840 2948 2891 ad
2974 2837 3175 2893 Siloam
3194 2880 3211 2905 ,
3241 2838 3360 2893 lavit
3384 2838 3571 2902 faciem,
3594 2836 3635 2889 in

2115 2928 2384 2984 Christum
2411 2927 2669 2993 credidit,
2703 2927 2864 2993 vidit,
2894 2943 3003 2983 non
3037 2930 3284 2984 remansit
3311 2930 3358 2984 in
3383 2927 3638 2997 illojudicio

2116 3023 2269 3080 valde
2296 3022 2512 3079 terribili
2538 3038 2553 3076 :
2579 3021 2690 3094 Ego
2716 3022 2769 3076 in
2784 3021 3047 3092 judicium
3072 3023 3180 3076 veni
3207 3024 3261 3076 in
3280 3023 3403 3076 hunc
3424 3020 3637 3083 mundum,

2117 3125 2173 3168 ut
2200 3116 2284 3187 qui
2313 3131 2414 3168 non
2440 3114 2606 3168 vident
2625 3155 2639 3178 ,
2670 3113 2905 3179 videant;
2933 3114 3101 3183 et-qtti
3124 3113 3305 3179 uident,
3335 3112 3441 3167 caci
3465 3112 3583 3181 ﬁant.

2189 3206 2242 3260 tl.
2274 3203 2484 3259 Caecitas
2506 3202 2806 3258 Judteorum
2831 3204 3088 3274 quomodo
3112 3204 3291 3259 Christi
3312 3203 3503 3256 adventu
3525 3209 3641 3253 aucta

2119 3306 2211 3351 est.
2239 3297 2454 3366 Magnus
2481 3296 2682 3351 terror!
2720 3294 2786 3351 Ut
2814 3296 2899 3365 qui
2927 3311 3034 3350 non
3060 3296 3252 3360 vident,
3282 3294 3497 3349 rideant:
3519 3293 3639 3346 bene.

2119 3388 2205 3443 Sal
2215 3388 2414 3442 vatoris
2434 3385 2668 3440 ofﬁcium
2687 3393 2789 3451 est,
2812 3386 3083 3455 professio
3106 3386 3371 3442 medicina!
3393 3392 3481 3449 est,
3509 3382 3564 3438 Ut
3577 3380 3644 3451 qui

2122 3494 2224 3533 non
2248 3478 2433 3542 vident,
2460 3476 2679 3531 videant.
2707 3475 2842 3544 Quid
2866 3484 2979 3540 est,
3002 3477 3245 3543 Domine,
3275 3476 3403 3547 qitod
3425 3471 3644 3535 addidisti,

2130 3570 2198 3626 Ut
2222 3571 2308 3641 qui
2332 3570 2520 3636 uident,
2549 3570 2667 3623 caci
2694 3570 2864 3637 ﬁant?
2887 3568 2943 3625 Si
2976 3569 3342 3642 intelligamus,
3370 3566 3646 3624 verissimum

2125 3671 2181 3716 et
2204 3661 2555 3715 rectissimum
2580 3668 2682 3714 est.
2707 3659 2843 3727 Quid
2869 3667 2952 3714 est
2978 3667 3155 3715 tamen
3174 3702 3192 3727 ,
3212 3661 3295 3730 qui
3316 3652 3645 3714 sidentuudrci

2128 3762 2273 3808 sunt.
2307 3753 2446 3822 Ergo
2473 3751 2653 3807 vident
2668 3750 3027 3829 {Secundum
3064 3752 3221 3807 verba
3249 3765 3337 3806 sua
3370 3741 3528 3804 vident'
3549 3765 3561 3799 :
3583 3758 3646 3798 se

2128 3842 2359 3898 cundum
2389 3842 2662 3896 veritatem
2695 3856 2799 3894 non
2830 3840 3033 3895 vident.
3063 3841 3201 3910 Quid
3229 3850 3309 3895 est
3332 3854 3464 3910 ergo,
3487 3832 3648 3892 vident?
3702 3854 3709 3859 -

2130 3935 2324 3990 Videre
2351 3949 2411 3990 se
2438 3941 2648 4005 putant,
2680 3932 2859 3987 videre
2889 3947 2948 3987 se
2982 3934 3225 3987 credunt.
3262 3931 3438 3986 Videre
3470 3927 3585 3983 enim
3604 3936 3650 3976 se

2129 4024 2417 4080 credebant
2437 4065 2452 4087 ,
2484 4023 2697 4093 quando
2724 4032 2910 4077 contra
2940 4022 3208 4078 Christum
3238 4022 3419 4093 Legem
3446 4013 3643 4073 defende-

2131 4116 2279 4172 bant.
2311 4114 2423 4169 Nos
2444 4116 2627 4169 scimus
2654 4129 2674 4168 :
2698 4128 2824 4184 ergo
2850 4113 3049 4169 vident.
3081 4113 3217 4181 Quid
3240 4122 3342 4178 est,
3368 4108 3469 4165 Nos
3489 4106 3649 4162 scimus.

2132 4207 2235 4263 nisi
2256 4248 2270 4274 ,
2302 4221 2400 4261 nos
2423 4204 2703 4259 videmus?
2743 4203 2880 4271 Quid
2917 4212 3035 4271 est,
3064 4205 3179 4274 quia
3206 4204 3350 4257 homo
3376 4201 3461 4254 iste
3490 4213 3571 4251 non
3595 4200 3651 4246 est

2133 4314 2169 4352 α
2192 4296 2304 4351 Deo
2322 4337 2337 4362 ,
2368 4296 2487 4367 quia
2512 4296 2586 4350 sic
2613 4294 2758 4348 solvit
2784 4292 3087 4348 sabbatum?
3118 4292 3362 4348 Videntes
3386 4297 3496 4345 sunt
3514 4304 3526 4339 :
3544 4279 3651 4354 quod

2134 4387 2245 4442 Lex
2274 4386 2519 4452 dicebat,
2546 4384 2805 4456 legebant.
2842 4385 3173 4454 Prmeeptum
3210 4393 3292 4437 est
3325 4380 3454 4437 enim
3479 4386 3527 4430 ut
3550 4370 3649 4441 lapi-

2135 4478 2354 4534 daretur
2379 4477 2469 4547 qui
2509 4476 2743 4532 solveret
2769 4475 3047 4531 sabbatum
3086 4473 3274 4545 (Nam.
3307 4485 3411 4536 xv,
3439 4466 3534 4539 36).
3560 4461 3652 4518 Ideo

2137 4570 2297 4625 istum
2337 4568 2584 4623 dicebant
2622 4582 2728 4621 non
2767 4579 2885 4620 esse
2927 4580 2957 4618 a
3000 4565 3112 4619 Deo
3141 4580 3156 4619 :
3185 4563 3278 4620 sed
3316 4561 3530 4615 videntes
3556 4550 3653 4607 circi

2138 4668 2323 4725 erant,
2353 4659 2475 4730 quia
2517 4658 2570 4713 in
2606 4657 2858 4727 judicium
2904 4655 3048 4710 venit
3077 4655 3129 4710 in
3161 4652 3404 4709 mundum
3431 4650 3509 4704 ille
3528 4642 3653 4715 inde!

2139 4752 2347 4807 futurus
2383 4751 2622 4806 vivorum
2656 4758 2711 4805 et
2738 4756 3087 4803 mortuorum.
3122 4747 3296 4816 Quare
3327 4741 3493 4801 venit?
3516 4738 3570 4793 Ut
3590 4732 3654 4804 qui

2140 4862 2241 4899 non
2279 4842 2474 4904 vident,
2511 4842 2706 4895 uideant
2740 4855 2759 4893 :
2784 4840 2871 4909 qui
2917 4852 2973 4893 se
3018 4853 3124 4892 non
3171 4838 3345 4891 videre
3374 4831 3654 4889 confitentur.

2141 4936 2523 4991 illuminentur.
2565 4930 2631 4985 Et
2670 4931 2754 5000 qui
2792 4930 2992 4993 vident,
3033 4930 3154 4982 circi
3195 4929 3320 4997 ﬁant
3345 4944 3364 4979 :
3390 4923 3435 4978 id
3465 4929 3562 4981 est,
3586 4911 3659 4983 qui

2141 5025 2432 5080 eucitatem
2477 5037 2629 5076 suam
2671 5035 2776 5075 non
2819 5020 3170 5084 confitentur,
3212 5016 3412 5087 gravius
3444 5007 3656 5065 ONUfCﬂ‘

2142 5126 2246 5171 tur.
2283 5116 2518 5185 Denique
2560 5112 2830 5183 impletum
2872 5120 2991 5176 est,
3029 5108 3131 5177 Qui
3166 5109 3360 5171 vident,
3395 5101 3499 5157 arci
3527 5097 3658 5166 [iam

2143 5207 2300 5277 Legis
2337 5204 2679 5266 defensores.
2714 5202 2870 5273 Legis
2900 5209 3240 5263 tractaturos,
3273 5196 3418 5265 Legis
3440 5191 3653 5277 W05.

2145 5276 2301 5370 Leuis
2324 5299 2678 5354 iutcllectorcs
2698 5305 2967 5350 auctorem
2985 5294 3140 5363 Legis
3158 5290 3522 5346 crncilixeruut.
3534 5276 3574 5332 0
3588 5288 3670 5328 αι-
3688 5290 3695 5294 ‘

2144 5392 2308 5447 citas!
2347 5392 2459 5460 ipsa
2488 5397 2570 5444 est
2597 5404 2714 5457 qure
2741 5403 2806 5444 ex
2834 5397 2984 5458 parte
3012 5385 3171 5440 Israel
3201 5383 3330 5437 facta
3360 5385 3452 5432 est.
3487 5372 3541 5427 lit
3568 5379 3662 5420 cnt—

2146 5485 2448 5554 ciﬂgerctur
2488 5481 2764 5544 Christus,
2810 5491 2860 5536 et
2901 5477 3173 5549 plenitudo
3200 5473 3433 5531 Gentium
3463 5462 3656 5519 intraret.

2147 5552 2357 5634 accitas
2385 5592 2449 5632 ex
2480 5584 2627 5645 parte
2651 5573 2810 5629 Israel
2838 5573 2971 5628 facta
2996 5580 3097 5626 est.
3127 5567 3258 5635 Quid
3282 5572 3379 5627 est,
3409 5558 3469 5614 Ut
3488 5552 3561 5624 qui
3581 5558 3660 5645 llo"

2147 5674 2332 5737 vident,
2365 5669 2605 5726 videant?
2638 5667 2706 5722 Ut
2734 5666 2991 5738 plenitudo
3018 5661 3246 5716 Gentium
3271 5659 3478 5710 intraret,
3501 5639 3662 5738 emitti

2148 5784 2209 5821 ex.
2246 5774 2387 5836 parte
2422 5760 2589 5816 Israel
2631 5722 2763 5823 facti:
2803 5768 2876 5811 est
2918 5756 3089 5829 (Rom.
3123 5768 3202 5817 XI,
3229 5748 3337 5815 25).
3367 5741 3511 5797 Totus
3545 5722 3669 5781 orbis
