3850 6188
237 363 337 418 733
1561 342 1793 405 SEHMO
1830 338 1967 398 CXX
1979 343 2139 402 XVII.

231 489 400 533 ca-cus
437 470 652 542 jacebat
677 486 690 521 :
728 467 821 529 sed
851 466 996 527 venit
1021 466 1104 522 ille
1128 508 1141 530 ,
1167 473 1223 519 ut
1257 463 1344 535 qui
1374 478 1475 519 non
1500 460 1664 517 vident
1682 502 1698 529 ,
1738 460 1813 515 ei-

230 568 413 629 dcant;
442 572 492 618 et
515 562 603 632 qui
622 560 807 625 vident,
838 558 958 612 circi
976 558 1123 627 ﬁant.
1151 555 1424 626 ignoratus
1442 563 1526 613 est
1549 569 1577 607 a
1597 550 1814 618 Juda'is,

227 656 510 713 cruciﬁxus
543 662 627 709 est
660 668 689 707 a
716 650 912 707 Iudaeis
949 667 963 703 :
1000 649 1065 704 de
1104 647 1359 718 sanguine
1400 660 1497 701 suo
1537 645 1817 716 collyrium

230 751 348 806 fecit
373 749 551 803 cocis.
578 746 828 802 Duriores
858 741 1143 808 laeti,c:eci
1171 739 1288 794 facti
1314 739 1437 809 qni‘
1468 754 1529 793 se
1553 736 1819 807 iactabant

230 841 403 895 videre.
437 838 611 891 lucem
636 876 652 902 ,
684 833 1061 889 cruciﬁxcrunt
1113 831 1304 886 lucem.
1334 830 1539 897 Quanta
1568 826 1813 882 caecitas!

228 934 420 988 Lucem
460 930 774 985 occiderunt
813 945 827 980 :
864 912 959 980 sed
999 922 1250 979 cruciﬁxa
1289 923 1377 977 lus
1411 934 1580 977 eccos
1622 918 1817 974 illumi-

229 1026 386 1082 navit.
1362 1016 1369 1025 ’

291 1118 345 1173 5.
384 1114 543 1170 Pauli
566 1113 629 1167 de
651 1111 798 1183 chis
817 1109 1113 1181 impotentia
1137 1118 1183 1162 et
1204 1106 1268 1162 de
1285 1105 1582 1160 Judworunt
1599 1106 1819 1159 ccecilate

225 1207 586 1263 testimonium.
615 1203 750 1258 Audi
782 1202 1047 1256 videntem
1069 1240 1085 1265 ,
1117 1198 1207 1269 qui
1235 1212 1407 1253 carens
1432 1206 1564 1251 erat.
1597 1195 1736 1251 Ecce
1762 1195 1816 1251 in

221 1317 376 1371 quam
404 1314 621 1354 crucem
654 1298 793 1351 male
821 1295 1158 1352 offenderunt
1177 1334 1190 1358 ,
1224 1292 1314 1363 qtti
1342 1292 1635 1347 c'ecitatem
1664 1304 1814 1345 suam

222 1391 429 1446 medico
449 1390 691 1444 confiteri
716 1388 1016 1442 noluerunt.
1038 1387 1388 1443 Remanserat
1409 1384 1509 1436 illis
1529 1382 1658 1436 Lex.
1677 1381 1817 1447 Quid

223 1483 341 1537 facit
368 1481 482 1536 Lex
520 1481 638 1535 sine
665 1477 874 1549 gratia?
915 1476 959 1532 Ο
999 1476 1212 1531 miseri!
1243 1474 1371 1546 quid
1408 1473 1534 1528 fecit
1562 1473 1669 1528 Lex
1699 1472 1815 1526 sine

222 1574 407 1639 gratia.
436 1572 580 1639 Quid
606 1571 733 1628 facit
759 1579 899 1626 terra
927 1570 1043 1626 sine
1066 1567 1263 1624 Christi
1290 1567 1491 1624 saliva?
1529 1565 1666 1634 Quid
1691 1564 1815 1619 facit

220 1664 322 1722 Lex
354 1668 476 1721 sine
502 1664 708 1735 gratia,
740 1663 840 1719 nisi
871 1662 1035 1732 magis
1072 1660 1232 1715 reos?
1257 1658 1469 1727 Quare?
1498 1658 1630 1725 Quia
1661 1656 1814 1727 chis

219 1758 493 1814 auditores
510 1766 692 1812 etnon
720 1755 969 1815 fartores.
998 1768 1059 1806 ac
1087 1751 1303 1821 per~ltoe
1323 1756 1645 1819 peccatores,
1670 1763 1811 1816 prae-

221 1849 564 1904 varicatores.
606 1845 845 1900 Mortuus
886 1852 970 1898 est
1011 1857 1143 1912 puer
1179 1840 1403 1910 hospitae
1433 1838 1664 1893 hominis
1693 1837 1808 1903 Dei,

216 1951 271 1996 et
292 1942 495 1996 missus
521 1948 605 1994 est
632 1938 962 2006 baculus‘per
982 1950 1216 1999 servum,
1245 1940 1299 1987 et
1325 1931 1524 2003 positus
1547 1939 1631 1986 est
1651 1944 1811 1999 super

220 2031 404 2088 faciem
426 2032 618 2102 ipsius,
647 2041 702 2086 et
727 2043 835 2083 non
863 2026 1081 2082 revixit.
1113 2023 1247 2090 Quid
1269 2022 1396 2079 facit
1420 2022 1526 2076 Lex
1553 2021 1669 2076 sine
1691 2035 1811 2091 gra-

218 2123 324 2177 tia?
356 2120 650 2191 Apostolus
672 2119 781 2189 jam
810 2115 996 2172 videns
1016 2155 1031 2181 ,
1056 2114 1166 2184 jam
1196 2129 1262 2168 ex
1293 2126 1435 2167 caeco
1461 2110 1806 2179 illuminatus,

219 2213 337 2281 quid
360 2212 534 2267 dicit?
564 2212 625 2266 Si
646 2211 777 2264 attint
799 2210 921 2262 data
940 2216 1063 2262 esset
1084 2204 1193 2259 Lex
1215 2220 1329 2274 quae
1349 2212 1512 2273 posset
1535 2202 1807 2271 viviﬁcare.

217 2304 419 2357 omnino
460 2318 525 2355 ea:
565 2300 693 2370 Lege
731 2308 856 2354 esset
883 2297 1106 2368 justitia.
1149 2294 1411 2349 lntendite
1442 2312 1458 2348 :
1489 2292 1812 2361 respondes-

218 2408 330 2447 ιιιιιε
349 2432 366 2455 ,
403 2400 464 2446 et
486 2391 728 2445 dicamus
755 2405 768 2442 :
796 2387 922 2459 quid
950 2394 1040 2441 est
1072 2385 1214 2455 quod
1254 2382 1423 2439 dixit?
1453 2382 1515 2437 Si
1543 2382 1661 2435 data
1680 2389 1827 2438 esset-

220 2481 320 2535 ια
338 2497 457 2551 quas
479 2476 649 2552 possei
675 2478 945 2547 uiviﬁcare,
977 2477 1180 2532 omnino
1206 2491 1268 2528 ea:
1290 2473 1425 2545 Lege
1445 2482 1570 2527 esset
1586 2473 1806 2543 justitia.

213 2572 264 2625 Si
290 2588 400 2626 non
431 2578 645 2640 poterat
667 2569 954 2629 vivilieare,
980 2565 1176 2636 utquid
1200 2565 1320 2619 data
1342 2562 1699 2619 est?Secutus
1719 2562 1812 2618 ad-

213 2665 385 2730 junsit
410 2681 426 2717 :
456 2664 568 2719 Sed
595 2662 838 2717 conclusit
870 2661 1137 2730 Scriptura
1160 2658 1331 2713 omnia
1365 2656 1455 2712 sub
1490 2666 1692 2726 peccato
1711 2697 1725 2720 ,
1756 2665 1810 2710 ut

218 2756 486 2823 promissio
512 2770 578 2807 ea:
604 2753 708 2822 ﬁde
730 2751 857 2806 Jesu
883 2751 1068 2806 Christi
1106 2750 1311 2804 daretur
1337 2749 1651 2803 credentibus
1677 2747 1808 2822 (Ga-

217 2846 301 2903 lut.
338 2863 429 2912 ιιι,
458 2845 521 2899 2t
547 2886 562 2910 ,
592 2843 703 2915 22).
734 2842 1024 2898 Promissio
1062 2840 1459 2896 illuminationis
1478 2880 1494 2906 ,
1525 2840 1811 2910 promissio

218 2939 520 2996 dilectionis
540 2953 605 2993 ex
627 2936 730 2992 llde
751 2936 878 2991 Jesu
901 2933 1114 2997 Christi,
1136 2943 1191 2988 ut
1213 2932 1427 2987 daretur
1446 2930 1807 2996 credentibus,

216 3032 493 3101 Scriptura
522 3029 612 3083 illa
633 3069 647 3092 ,
677 3026 727 3082 id
759 3036 841 3081 cst
860 3067 874 3089 ,
905 3025 1035 3090 Lex,
1066 3021 1327 3078 conclusit
1352 3022 1528 3077 omnia
1559 3022 1659 3078 sub
1684 3036 1810 3092 pec-

214 3134 352 3177 cato.
386 3120 530 3188 Quid
561 3127 664 3179 est,
692 3117 935 3172 conclusit
973 3116 1142 3169 omnia
1167 3115 1257 3170 sub
1282 3113 1525 3185 peccato?
1551 3110 1809 3182 Concupi-

214 3216 457 3270 scentiam
486 3211 765 3267 nesciebant
782 3251 798 3275 ,
827 3208 925 3263 nisi
954 3207 1062 3262 Lea:
1084 3208 1300 3270 diceret,
1332 3204 1455 3260 Non
1492 3208 1811 3275 concupisces

217 3304 391 3379 (Rom.
415 3320 489 3357 vn
506 3344 519 3364 .
551 3301 628 3372 7).
657 3299 795 3368 Quid
821 3306 904 3355 est
921 3339 935 3365 ,
963 3295 1207 3350 conclusit
1234 3295 1500 3366 Scriptura
1525 3294 1694 3348 omnia
1718 3293 1811 3348 sub

213 3405 419 3461 peccato
435 3394 463 3448 2
489 3392 639 3449 Fecit
656 3390 968 3459 delictorem
988 3388 1149 3443 etiam
1170 3385 1652 3458 praevaricatorem.
1678 3382 1808 3439 Nam

211 3500 406 3540 sanare
446 3499 555 3537 non
601 3481 770 3551 putuit
816 3486 1170 3551 lmccatorcm.
1216 3474 1474 3533 Conclusit
1511 3476 1683 3530 omnia
1716 3473 1809 3528 sub

209 3586 417 3646 peccato
444 3590 463 3628 ε
491 3572 585 3627 sed
614 3588 718 3643 qua
747 3572 882 3642 spe?
907 3568 1010 3640 Spe
1035 3569 1219 3639 gratiae
1240 3608 1254 3632 ,
1283 3582 1379 3637 spe
1405 3565 1806 3620 misericordias

213 3669 480 3739 Accepisti
520 3669 752 3739 Legem;
798 3667 979 3722 facere
1011 3664 1229 3720 voluisti
1253 3664 1296 3729 ',
1341 3675 1446 3715 non
1487 3659 1748 3730 potuisti:
1778 3673 1808 3712 a

211 3761 463 3832 superbia
492 3758 730 3815 cecidisti
750 3799 767 3825 ,
798 3758 1107 3827 languorem
1137 3764 1282 3808 tuum
1317 3751 1515 3806 vidisti.
1547 3748 1714 3804 Curre
1741 3748 1807 3805 ad

213 3852 503 3917 medicum,
532 3849 648 3905 lava
671 3848 880 3904 faciem.
906 3846 1040 3918 Opta
1065 3845 1357 3909 Christum,
1381 3841 1637 3898 conﬁtere
1654 3840 1811 3896 Chri-

212 3952 384 4008 stum,
412 3941 575 3997 crede
604 3941 657 3994 in
682 3939 952 3995 Christum
982 3955 997 3991 :
1026 3935 1233 3993 accedit
1254 3934 1481 4006 Spiritus
1507 3935 1727 3998 litterm,
1755 3941 1810 3989 et

206 4036 319 4089 eris
342 4034 549 4089 salvus.
575 4032 710 4088 Nam
739 4032 784 4087 si
809 4030 1066 4100 Spiritum
1098 4029 1290 4084 littera:
1328 4026 1611 4091 detrahas,
1643 4027 1809 4080 littera

207 4124 393 4178 occidit
421 4139 441 4177 :
464 4123 509 4177 si
539 4121 765 4190 occidit,
802 4122 891 4178 ubi
928 4118 1091 4191 spes?
1119 4118 1348 4189 Spiritus
1383 4127 1551 4173 autem
1591 4116 1809 4185 viviﬁcot

207 4214 272 4281 (ll
300 4213 428 4268 Cor.
459 4228 515 4268 ιιι
531 4254 548 4280 ,
580 4212 657 4281 6).

272 4308 337 4362 6.
365 4305 586 4360 Eliswus
614 4304 849 4361 baculum
882 4305 1188 4375 praemittens
1205 4342 1222 4370 ,
1252 4311 1360 4356 tum
1382 4302 1491 4373 ipse
1522 4301 1719 4356 veniens
1739 4300 1808 4354 ad

202 4398 560 4452 suscitandam
600 4409 888 4460 mortuum,
927 4396 1049 4467 quid
1084 4395 1366 4449 adumbret.
1409 4392 1649 4461 Accipiat
1678 4405 1806 4460 ergo

200 4490 355 4544 Caeni
399 4503 588 4545 servus
629 4489 806 4544 Elisaei
847 4488 1124 4553 baculum,
1152 4496 1399 4556 tanquam
1423 4484 1622 4554 Legem
1647 4499 1805 4540 acee-
1846 4538 1859 4542 -

206 4584 341 4649 perit
375 4596 566 4637 servus
594 4581 686 4636 Dei
716 4580 948 4650 Moyses.
978 4580 1215 4650 Accipiat
1248 4578 1491 4634 baculum
1510 4618 1525 4643 ,
1558 4576 1804 4644 accipiat,

204 4684 424 4740 currat,
456 4674 754 4744 pra'cedat,
787 4672 1106 4743 praeveniat.
1140 4670 1385 4726 baculum
1423 4682 1588 4738 super
1616 4666 1805 4721 faciem

204 4766 357 4833 pueri
390 4764 587 4819 mortui
618 4772 798 4833 ponat.
827 4763 896 4817 Et
927 4765 1118 4818 factum
1146 4768 1231 4816 est
1257 4777 1269 4812 :
1297 4759 1521 4829 accepit,
1548 4757 1804 4824 cucurrit,

205 4857 454 4912 baculum
483 4869 648 4924 super
687 4854 874 4910 faciem
916 4854 1064 4923 pueri
1107 4851 1301 4906 mortui
1340 4850 1537 4919 posuit.
1579 4848 1688 4905 Sed
1719 4857 1804 4902 ut-

201 4948 328 5017 quid
346 4950 372 4999 τ
397 4948 484 5001 cui
514 4946 802 5011 baculum?
828 4945 890 5001 Si
908 4946 1029 4999 data
1049 4954 1172 5000 esset
1196 4942 1305 4998 Lex
1328 4957 1442 5013 qua:
1464 4951 1625 5010 posset
1647 4941 1807 5010 viviﬁ-

202 5053 340 5100 ἀει-ε,
369 5052 503 5106 puer
524 5036 867 5090 resuscitatus
886 5042 1033 5090 esset
1052 5033 1239 5088 baculo
1264 5048 1277 5085 :
1300 5031 1392 5086 sed
1419 5031 1538 5101 quia
1564 5028 1806 5083 conclusit

205 5127 480 5197 Scriptura
505 5128 677 5181 omnia
697 5127 789 5182 sub
810 5135 1031 5197 peccato,
1059 5125 1233 5180 adhuc
1245 5123 1389 5193 iacet
1412 5130 1671 5176 mortuus.
1697 5120 1805 5176 Sed

203 5233 372 5288 quare
397 5218 644 5272 conclusit
665 5218 835 5271 omnia
857 5216 947 5271 sub
967 5216 1208 5285 peccato?
1231 5213 1300 5269 Ut
1319 5214 1588 5283 promissio
1613 5228 1677 5266 ea:
1706 5212 1807 5279 ﬁde

199 5309 334 5364 Jesu
362 5311 549 5366 Christi
579 5309 786 5364 daretur
812 5308 1142 5363 credentibus.
1183 5306 1372 5362 Veniat
1400 5321 1528 5376 ergo
1558 5305 1801 5369 Elisarus,

200 5404 295 5474 qui
324 5405 472 5459 misit
495 5403 745 5458 baculum
771 5416 869 5473 per
892 5416 1103 5456 servum
1128 5399 1194 5454 ad
1218 5397 1642 5453 convincendum
1665 5411 1807 5451 mor-

203 5505 359 5552 tuum
387 5514 402 5549 :
432 5496 613 5562 veniat
650 5497 799 5565 ipse,
831 5495 943 5564 ipse
974 5492 1180 5560 veniat,
1215 5492 1328 5561 ipse
1359 5490 1642 5560 hospitium
1684 5505 1802 5543 mu-

204 5586 359 5643 lieris
372 5589 628 5657 introeat,
647 5587 898 5644 ascendat
916 5587 982 5641 ad
1002 5600 1242 5656 puerum,
1260 5583 1492 5640 inveniat
1511 5591 1802 5648 mortuum,

272 5723 291 5791 ἶ
323 5713 510 5791 Ψηηεν
534 5720 763 5791 “mortis
786 5719 932 5791 Γαςιῑ;
957 5718 1070 5782 quia
1096 5753 1110 5780 ,
1138 5727 1232 5769 etc.

269 5784 291 5814 ’
318 5784 497 5845 flatus,
522 5790 650 5833 atare
677 5783 876 5834 t'olaa'Jl.
942 5846 997 5893 ι

3414 348 3519 405 758

1930 459 2228 515 emtl‘ormct
2253 475 2310 517 se
2338 458 2594 517 membris
2621 462 2845 527 mortui,
2880 479 2981 515 non
3012 474 3283 529 mortuus,
3314 463 3406 517 scd
3439 466 3517 516 vi-

1930 566 2043 603 vus.
2091 552 2199 605 lloc
2237 553 2378 605 enim
2417 551 2538 607 fecit
2582 570 2593 606 :
2637 552 2821 607 faciem
2866 568 3024 622 super
3070 551 3287 619 faciem,
3335 555 3516 608 oculis

1930 657 2088 711 super
2118 642 2321 708 oculos,
2355 658 2542 697 manus
2568 658 2728 713 sopor
2759 659 2962 706 manus,
2994 643 3207 715 vestigia
3240 659 3399 713 super
3428 660 3516 713 pc—

1928 731 2023 786 des
2054 733 2256 801 posuit,
2289 733 2577 788 coarctaxit
2604 749 2662 787 se
2682 775 2694 797 ,
2727 735 2996 789 contraxit
3025 750 3112 799 se,
3144 749 3264 790 cum
3295 750 3516 806 magnus

1928 835 2071 879 esset
2094 840 2310 895 parvum
2330 840 2388 879 se
2408 824 2531 880 fecit
2561 825 2651 896 (ιγ
2675 824 2802 897 Reg.
2825 824 2923 898 ιν).
2949 824 3222 881 Contraxit
3245 842 3338 891 se;
3369 836 3424 881 ut
3445 828 3515 882 ita

1927 913 2121 981 dicant,
2150 917 2430 971 minoravit
2451 932 2526 972 se.
2552 917 2683 983 Quia
2710 934 2825 971 cum
2850 918 2900 983 in
2927 918 3090 987 farina
3115 917 3210 972 Dei
3231 922 3373 985 esset,
3402 922 3512 974 exi-

1927 1007 2115 1059 nanivit
2144 1023 2225 1071 se,
2252 1010 2467 1077 formam
2492 1009 2621 1062 servi
2640 1009 2889 1077 accipiens
2912 1007 3165 1080 (Philipp.
3192 1027 3246 1077 ll,
3273 1011 3510 1085 6).,Qnitl

1927 1104 2028 1162 est,
2052 1097 2401 1152 conformavit
2425 1115 2484 1154 se
2512 1100 2663 1153 vivus
2690 1103 2936 1153 mortuo?
2965 1100 3102 1168 Quid
3130 1102 3217 1159 sit.
3242 1102 3513 1171 queritis?

1925 1188 2238 1258 Apostolum
2269 1191 2447 1246 audite
2478 1210 2492 1246 :
2522 1191 2661 1246 Misit
2687 1191 2824 1247 Deus
2845 1191 3036 1246 Filium
3059 1210 3227 1247 suum.
3252 1195 3386 1261 Quid
3411 1205 3510 1264 est,

1926 1279 2277 1335 conformavit
2300 1297 2359 1336 se
2388 1283 2635 1337 mortuo?
2661 1283 2773 1338 lloc
2799 1282 2970 1347 dicat,
3004 1294 3283 1351 sequatur,
3315 1295 3370 1342 et
3400 1286 3512 1355 ipse

1925 1370 2065 1425 dicat
2095 1389 2106 1424 :
2138 1369 2203 1425 In
2241 1373 2621 1428 similitudinem
2651 1376 2816 1429 carnis
2858 1376 3047 1445 peccati
3079 1375 3250 1448 (Rom.
3280 1391 3402 1442 vm,
3432 1377 3507 1447 5).

1928 1459 2037 1514 Hoc
2063 1470 2145 1516 est
2170 1462 2504 1518 conformare
2534 1480 2591 1519 se
2621 1474 2830 1520 mortuo
2861 1466 3035 1520 vivum
3068 1483 3080 1519 :
3110 1467 3290 1522 venire
3314 1467 3380 1521 ad
3412 1482 3510 1522 nos

1926 1552 1978 1608 iu
2008 1553 2405 1610 similitudinem
2436 1558 2612 1611 carnis
2639 1558 2861 1627 peccati,
2892 1574 2995 1612 non
3022 1557 3076 1613 in
3105 1573 3263 1615 carne
3285 1561 3507 1628 peccati.

1923 1644 2162 1701 Mortuus
2185 1647 2398 1717 jaccbat
2438 1648 2488 1702 in
2516 1664 2679 1703 carne
2706 1651 2942 1719 peccati,
2972 1650 3323 1705 cenformavit
3347 1666 3406 1706 se
3435 1652 3506 1706 illi

1923 1735 2216 1791 similitudo
2240 1740 2414 1794 carnis
2442 1741 2660 1809 peccati.
2693 1741 2929 1796 Mortuus
2956 1751 3035 1797 est
3062 1743 3199 1797 enim
3227 1743 3313 1812 qui
3341 1758 3507 1812 quare

1923 1837 2353 1890 tnoreretur.non
2386 1830 2630 1886 habebat.
2664 1832 2901 1887 Mortuus
2926 1841 3008 1886 est
3030 1833 3083 1886 in
3111 1834 3337 1889 mortuis
3361 1834 3508 1891 solus

1921 1919 2088 1983 liber;
2116 1923 2368 1992 quoniam
2412 1923 2657 1978 universa
2696 1938 2819 1979 caro
2858 1923 3131 1979 hominum
3171 1934 3289 1981 crat.
3326 1926 3508 1997 utique

1920 2026 2047 2067 caro
2077 2014 2299 2083 peccati.
2332 2014 2610 2081 Quomodo
2636 2015 3006 2083 revivisceret,
3038 2016 3139 2071 nisi
3170 2016 3256 2071 ille
3282 2017 3371 2087 qui
3399 2032 3510 2072 non

1921 2103 2151 2159 habebat
2177 2113 2451 2174 peccatum
2479 2105 2817 2162 conformaus
2843 2121 2903 2162 se
2938 2117 3179 2175 mortuo,
3215 2110 3419 2164 veniret
3451 2110 3505 2165 in

1919 2192 2337 2255 similitudinem,
2393 2196 2572 2249 carnis
2643 2197 2885 2265 peccati?
2943 2195 2987 2252 Ο
3048 2197 3272 2257 Domine
3325 2199 3450 2255 Jesu
3486 2241 3503 2264 ,

1922 2296 2076 2350 passo
2131 2299 2227 2355 pro
2276 2285 2425 2338 nobis
2446 2327 2461 2351 ,
2509 2301 2615 2342 non
2671 2301 2766 2354 pro
2797 2294 2878 2352 te,
2912 2302 3015 2341 non
3044 2287 3245 2343 habens
3270 2289 3502 2360 culpam,

1918 2381 1973 2426 et
2014 2375 2286 2430 sustinens
2333 2391 2541 2446 prunam
2566 2377 2605 2444 ί,
2659 2385 2719 2432 ιιι
2757 2386 2812 2433 et
2858 2378 3070 2448 culpam
3097 2380 3273 2436 solvas
3301 2390 3353 2437 et
3388 2397 3505 2449 poe-

1919 2482 2062 2523 nam.

2346 2581 2574 2638 suane
2611 2582 2896 2640 cxxxvn
2936 2583 3079 2657 '(a).

1919 2717 1987 2772 In
2017 2717 2281 2790 Evangelii
2307 2717 2524 2773 Joannis
2561 2728 2712 2790 caput
2746 2735 2777 2774 x
2800 2761 2813 2783 ,
2843 2720 2869 2774 1
2889 2749 2910 2758 -
2930 2718 3015 2774 16.
3065 2719 3143 2773 De
3184 2727 3417 2790 pastore,
3458 2729 3506 2774 ct

2365 2811 2703 2878 mercenaria,
2735 2819 2778 2864 ct
2804 2810 2917 2881 fure
2948 2809 3043 2881 (ιι).

1989 2942 2216 3000 CAPUT
2259 2943 2545 3001 PRIMUM.
2587 2974 2659 2985 —
2707 2945 2758 3000 1.
2810 2942 3021 3000 Sonitus
3068 2945 3401 3007 ntetttbrorum
3450 2964 3504 3002 tn

1919 3035 2112 3089 unitate
2142 3043 2189 3089 et
2223 3035 2488 3090 charitate.
2518 3034 2635 3090 Non
2666 3035 2874 3106 ignorat
2904 3034 3036 3091 ﬁdes
3066 3044 3265 3102 vestra,
3297 3036 3504 3091 charis-

1864 3158 1869 3163 -
1920 3124 2040 3180 siuti
2061 3166 2077 3191 ,
2104 3133 2160 3180 et
2200 3124 2270 3179 ita
2304 3140 2401 3182 vos
2425 3126 2677 3182 didicisse
2701 3125 2975 3193 novimus,
3000 3124 3229 3182 docente
3256 3126 3505 3197 Magistro

1920 3214 1987 3270 de
2015 3215 2177 3280 celo,
2211 3215 2263 3269 in
2290 3229 2397 3285 quo
2425 3231 2574 3284 spem
2605 3226 2837 3272 vestram
2868 3216 3140 3286 posuistis,
3171 3216 3295 3286 quia
3318 3216 3503 3272 Domi‘

1921 3322 2021 3362 nus
2053 3316 2239 3361 noster
2263 3306 2423 3362 .lesus
2447 3307 2721 3369 Christus,
2754 3308 2843 3378 qui
2868 3308 2976 3375 jam
3008 3323 3104 3379 pro
3134 3308 3289 3363 nobis
3315 3324 3505 3380 passus

1919 3408 2002 3454 est
2029 3408 2079 3454 el
2109 3399 2440 3462 resurrexit,
2489 3411 2648 3470 caput
2670 3414 2755 3455 est
2786 3401 3035 3457 Ecclesia:
3056 3443 3070 3466 ,
3110 3411 3165 3458 et
3201 3412 3283 3457 est
3308 3418 3504 3471 corpus

1920 3492 2036 3561 ejus
2064 3492 2300 3548 Ecclesia
2318 3534 2334 3557 ,
2375 3502 2430 3546 et
2456 3493 2508 3548 in
2537 3493 2654 3563 ejus
2677 3509 2904 3564 corpore
2938 3495 3113 3548 unitas
3142 3496 3501 3550 membrorum

1919 3595 2261 3654 etcompago
2303 3584 2608 3652 charitatis,
2663 3595 2911 3655 tanquam
2966 3585 3213 3639 saniuts'
3271 3587 3498 3640 exsistit.

1918 3674 2252 3744 Quicumque
2290 3684 2469 3730 autem
2498 3675 2551 3728 in
2587 3674 2846 3730 charitate
2887 3675 3156 3745 triguerit,
3205 3677 3505 3732 inlirmatur

1919 3768 1973 3822 in
1998 3781 2224 3836 corpore
2249 3766 2465 3822 Christi.
2503 3767 2607 3824 Sed
2637 3776 2824 3837 potens
2852 3778 2935 3822 est
2963 3768 3071 3835 ille,
3102 3769 3191 3838 qui
3218 3769 3327 3835 jam
3356 3769 3502 3824 exal-

1921 3859 2051 3915 tavit
2073 3868 2233 3930 caput
2255 3862 2496 3914 nostrum
2516 3901 2530 3925 ,
2574 3860 2734 3915 etiam
2764 3860 2972 3914 inﬁrma
2999 3859 3240 3915 membra
3265 3874 3454 3916 sanare
3486 3881 3501 3916 :

1916 3951 2043 4007 dum
2089 3960 2403 4007 tamennon
2435 3951 2597 4007 nimia
2643 3950 2918 4021 impietate
2962 3950 3317 4021 priocidantur
3342 3991 3356 4016 ,
3405 3951 3502 4005 sed

1919 4041 2159 4098 hzereant
2210 4042 2422 4120 φιμοτί
2469 4041 2642 4097 donec
2701 4050 2977 4097 sanentur.
3043 4040 3309 4111 Quidquid
3357 4041 3500 4096 enim

1918 4133 2094 4190 adhuc
2130 4133 2302 4191 lueret
2342 4134 2592 4204 corpori,
2636 4149 2739 4188 non
2775 4132 3076 4205 desperatae
3101 4133 3345 4190 sanitatis
3370 4143 3453 4189 est
3486 4152 3500 4187 ε

1917 4227 2060 4298 quod
2088 4234 2269 4283 autem
2301 4226 2581 4297 przecisurn
2624 4225 2811 4290 fuerit,
2844 4240 2944 4281 nec
2970 4226 3166 4291 curari,
3199 4240 3298 4281 nec
3324 4226 3505 4280 sanari

1919 4329 2116 4395 potest.
2161 4321 2294 4376 Cum
2325 4334 2454 4390 ergo
2480 4319 2548 4374 sit
2576 4319 2664 4374 ille
2689 4328 2850 4391 caput
2879 4318 3162 4383 Ecclesize,
3205 4329 3254 4374 et
3286 4320 3356 4373 sit
3383 4334 3502 4373 cor-

1918 4428 2017 4484 pus
2044 4412 2161 4482 ejus
2191 4410 2428 4469 Ecclesia
2452 4453 2467 4476 ,
2500 4417 2643 4465 totus
2667 4410 2911 4464 Christus
2938 4418 2994 4463 ct
3039 4418 3199 4479 caput
3226 4418 3280 4464 et
3308 4424 3505 4480 corpus

1917 4513 2018 4559 est.
2068 4502 2384 4558 Resurrexit
2420 4502 2531 4572 jam
2580 4501 2688 4556 ille.
2752 4501 2925 4570 Caput
2974 4515 3102 4572 ergo
3144 4500 3402 4556 habemus
3451 4502 3502 4554 in

1915 4594 2073 4649 etelo.
2123 4591 2293 4663 Caput
2333 4601 2574 4647 nostrum
2618 4590 2922 4662 interpellat
2971 4606 3068 4660 pro
3107 4591 3281 4646 nobis.
3331 4590 3505 4660 Caput

1918 4693 2155 4741 nostrum
2183 4685 2300 4740 sine
2328 4690 2546 4752 peccato
2591 4692 2647 4738 et
2689 4683 2806 4738 sine
2843 4690 3048 4746 morte,
3100 4683 3210 4752 jam
3254 4684 3505 4752 propitiat

1918 4777 2083 4831 Deum
2110 4790 2208 4845 pro
2238 4774 2470 4844 peccatis
2511 4774 2712 4827 nostris
2742 4791 2753 4826 :
2786 4782 2844 4826 ut
2875 4781 2928 4827 et
2955 4787 3055 4827 nos
3091 4772 3142 4826 in
3185 4772 3289 4826 line
3321 4788 3505 4827 resur-

1914 4874 2122 4937 gentes,
2154 4873 2210 4920 et
2248 4865 2509 4920 immutati
2542 4864 2593 4917 in
2620 4863 2842 4934 gloriam
2875 4863 3147 4918 caelestem
3171 4905 3185 4930 ,
3216 4878 3503 4932 sequamur

1915 4971 2072 5029 caput
2100 4967 2364 5013 nostrum.
2396 4957 2513 5024 Quo
2542 4956 2682 5009 enim
2710 4964 2889 5024 caput,
2933 4964 2986 5009 et
3014 4965 3205 5009 caetera
3236 4954 3500 5008 membra.

1915 5050 2020 5105 Sed
2047 5049 2173 5105 dum
2207 5048 2294 5103 hic
2334 5061 2553 5111 sumus,
2599 5046 2839 5101 membra
2884 5059 3107 5110 sumus;
3156 5043 3503 5114 nedespereo

1920 5156 2054 5206 mus,
2083 5140 2207 5210 quia
2234 5138 2467 5195 secuturi
2496 5150 2680 5192 sumus
2705 5145 2864 5206 caput
2894 5144 3153 5189 nostrum.

1980 5297 1994 5328 ί
2023 5296 2107 5346 uie
2136 5296 2186 5343 in
2208 5301 2288 5345 Ms.
2313 5292 2442 5343 Colb.
2466 5292 2710 5354 repetitur
2747 5325 2761 5351 ,
2785 5303 2878 5341 non
2901 5288 3077 5341 habens
3098 5288 3308 5354 culpant,
3332 5295 3378 5340 et
3400 5300 3503 5353 pae-

1848 5406 1857 5415 ,
1896 5371 2025 5411 ηηαηι
2048 5356 2297 5407 sustinens.

1977 5424 1995 5451 ε
2020 5426 2149 5473 ιον..
2174 5424 2403 5482 tanquam
2445 5413 2696 5477 sanitatis;
2736 5413 3085 5465 dissidentibus
3119 5412 3315 5463 cte‘eris
3343 5410 3497 5463 libris.

1980 5508 1995 5521 '
2016 5504 2131 5552 ttuic
2154 5499 2458 5550 emendando
2495 5511 2640 5560 Opem
2663 5499 2932 5561 attulerunt
2954 5507 3057 5549 tres
3088 5498 3172 5548 lm.
3196 5504 3403 5561 quatuor
3424 5496 3490 5548 cl.

1914 5582 1959 5616 a.
1985 5567 2061 5616 cb.
2101 5584 2129 5612 ξ.
2158 5570 2214 5612 ts.
2242 5577 2291 5625 g.
2331 5561 2391 5609 lr.
2419 5574 2482 5609 ιιι.
2532 5574 2603 5621 pr.
2627 5574 2719 5610 rm.
2748 5560 2827 5609 vd.

1977 5648 2049 5707 (a)
2074 5646 2214 5703 Alias,
2238 5646 2301 5694 de
2328 5643 2501 5707 Verbis
2516 5642 2711 5707 Domini
2720 5642 2801 5707 ιθ,

1977 5650 2027 5707 (a
2074 5648 2214 5703 Alias,
2238 5648 2301 5694 de
2328 5648 2497 5692 Verbis
2516 5648 2697 5691 Domini
2723 5648 2801 5690 49.

1976 5648 2049 5771 (ιλ
2070 5715 2261 5771 Notatur
2284 5718 2311 5754 a
2332 5706 2540 5771 Possidio
2563 5704 2609 5771 in
2627 5703 2826 5771 ttulieuli
2851 5706 3008 5770 capite
3031 5706 3092 5770 8;
3125 5714 3176 5758 et
3208 5718 3235 5755 a
3272 5702 3405 5757 Floro
3426 5704 3499 5763 (ἃ

1915 5767 2043 5825 tatur
2065 5769 2124 5822 ad
2150 5777 2163 5818 ι
2185 5778 2287 5819 Cor.
2314 5783 2377 5830 ιν,
2406 5776 2453 5818 et
2478 5767 2536 5817 ad
2562 5767 2756 5830 Philipp.
2784 5781 2816 5817 ι.
