  <div class='ocr_page' id='page_1' title='image "/cluster/home/n/w/nwhite01/storage/ocr_20150623/38/hvd.32044096580600/383.png"; bbox 0 0 3910 6184; ppageno 0'>
   <div class='ocr_carea' id='block_1_1' title="bbox 334 347 442 410">
    <p class='ocr_par' dir='ltr' id='par_1_1' title="bbox 334 347 442 410">
     <span class='ocr_line' id='line_1_1' title="bbox 334 347 442 410; baseline 0.037 -4"><span class='ocrx_word' id='word_1_1' title='bbox 334 347 442 410; x_wconf 78' lang='lat'><strong>755</strong></span> 
     </span>
    </p>
   </div>
   <div class='ocr_carea' id='block_1_2' title="bbox 408 460 1916 525">
    <p class='ocr_par' dir='ltr' id='par_1_2' title="bbox 408 460 1916 525">
     <span class='ocr_line' id='line_1_2' title="bbox 408 460 1916 525; baseline -0.007 -1"><span class='ocrx_word' id='word_1_2' title='bbox 408 465 632 525; x_wconf 79' lang='lat' dir='ltr'><strong>CAPUT</strong></span> <span class='ocrx_word' id='word_1_3' title='bbox 670 460 734 522; x_wconf 91' lang='lat' dir='ltr'><strong>ll.</strong></span> <span class='ocrx_word' id='word_1_4' title='bbox 784 497 852 507; x_wconf 85' lang='lat'><strong>-—</strong></span> <span class='ocrx_word' id='word_1_5' title='bbox 896 466 950 520; x_wconf 75' lang='lat'><strong>2.</strong></span> <span class='ocrx_word' id='word_1_6' title='bbox 1002 463 1185 521; x_wconf 71' lang='lat' dir='ltr'><strong>(initas</strong></span> <span class='ocrx_word' id='word_1_7' title='bbox 1227 464 1415 523; x_wconf 89' lang='lat' dir='ltr'><strong>Christi</strong></span> <span class='ocrx_word' id='word_1_8' title='bbox 1465 475 1512 519; x_wconf 85' lang='lat' dir='ltr'><strong>et</strong></span> <span class='ocrx_word' id='word_1_9' title='bbox 1559 463 1916 520; x_wconf 80' lang='lat' dir='ltr'><strong>membrorum.</strong></span> 
     </span>
    </p>
   </div>
   <div class='ocr_carea' id='block_1_3' title="bbox 336 554 1921 627">
    <p class='ocr_par' dir='ltr' id='par_1_3' title="bbox 336 554 1921 627">
     <span class='ocr_line' id='line_1_3' title="bbox 336 554 1921 627; baseline -0.005 -14"><span class='ocrx_word' id='word_1_10' title='bbox 336 559 527 616; x_wconf 69' lang='lat' dir='ltr'><strong>Videte</strong></span> <span class='ocrx_word' id='word_1_11' title='bbox 555 560 718 624; x_wconf 90' lang='lat' dir='ltr'><strong>enim,</strong></span> <span class='ocrx_word' id='word_1_12' title='bbox 754 556 951 614; x_wconf 89' lang='lat' dir='ltr'><strong>fratres</strong></span> <span class='ocrx_word' id='word_1_13' title='bbox 972 600 987 624; x_wconf 94' lang='lat'><strong>,</strong></span> <span class='ocrx_word' id='word_1_14' title='bbox 1018 557 1357 614; x_wconf 92' lang='lat' dir='ltr'><strong>dilectionem</strong></span> <span class='ocrx_word' id='word_1_15' title='bbox 1402 557 1566 627; x_wconf 81' lang='lat' dir='ltr'><strong>ipsius</strong></span> <span class='ocrx_word' id='word_1_16' title='bbox 1592 554 1783 625; x_wconf 90' lang='lat' dir='ltr'><strong>capitis</strong></span> <span class='ocrx_word' id='word_1_17' title='bbox 1822 568 1921 607; x_wconf 57' lang='lat' dir='ltr'><strong>no-</strong></span> 
     </span>
    </p>
   </div>
   <div class='ocr_carea' id='block_1_4' title="bbox 337 643 1923 720">
    <p class='ocr_par' dir='ltr' id='par_1_4' title="bbox 337 643 1923 720">
     <span class='ocr_line' id='line_1_4' title="bbox 337 643 1923 720; baseline -0.004 -16"><span class='ocrx_word' id='word_1_18' title='bbox 337 653 455 705; x_wconf 74' lang='lat' dir='ltr'><strong>stri.</strong></span> <span class='ocrx_word' id='word_1_19' title='bbox 503 649 616 704; x_wconf 75' lang='lat' dir='ltr'><strong>1am</strong></span> <span class='ocrx_word' id='word_1_20' title='bbox 661 650 724 720; x_wconf 24' lang='lat' dir='ltr'><strong>ini</strong></span> <span class='ocrx_word' id='word_1_21' title='bbox 758 649 894 704; x_wconf 73' lang='lat' dir='ltr'><strong>emta</strong></span> <span class='ocrx_word' id='word_1_22' title='bbox 921 658 1023 711; x_wconf 87' lang='lat' dir='ltr'><strong>est,</strong></span> <span class='ocrx_word' id='word_1_23' title='bbox 1064 659 1118 703; x_wconf 88' lang='lat' dir='ltr'><strong>et</strong></span> <span class='ocrx_word' id='word_1_24' title='bbox 1156 649 1240 704; x_wconf 90' lang='lat' dir='ltr'><strong>hic</strong></span> <span class='ocrx_word' id='word_1_25' title='bbox 1286 648 1513 712; x_wconf 81' lang='lat' dir='ltr'><strong>laborat,</strong></span> <span class='ocrx_word' id='word_1_26' title='bbox 1554 645 1802 716; x_wconf 82' lang='lat' dir='ltr'><strong>quamdiu</strong></span> <span class='ocrx_word' id='word_1_27' title='bbox 1838 643 1923 698; x_wconf 91' lang='lat' dir='ltr'><strong>hic</strong></span> 
     </span>
    </p>
   </div>
   <div class='ocr_carea' id='block_1_5' title="bbox 336 737 1922 806">
    <p class='ocr_par' dir='ltr' id='par_1_5' title="bbox 336 737 1922 806">
     <span class='ocr_line' id='line_1_5' title="bbox 336 737 1922 806; baseline -0.004 -8"><span class='ocrx_word' id='word_1_28' title='bbox 336 743 543 798; x_wconf 78' lang='lat' dir='ltr'><strong>laborat</strong></span> <span class='ocrx_word' id='word_1_29' title='bbox 566 741 828 797; x_wconf 83' lang='lat' dir='ltr'><strong>Ecclesia.</strong></span> <span class='ocrx_word' id='word_1_30' title='bbox 864 742 958 796; x_wconf 89' lang='lat' dir='ltr'><strong>ilic</strong></span> <span class='ocrx_word' id='word_1_31' title='bbox 979 743 1224 796; x_wconf 78' lang='lat' dir='ltr'><strong>Christus</strong></span> <span class='ocrx_word' id='word_1_32' title='bbox 1253 743 1441 806; x_wconf 84' lang='lat' dir='ltr'><strong>eSurit,</strong></span> <span class='ocrx_word' id='word_1_33' title='bbox 1474 741 1558 795; x_wconf 89' lang='lat' dir='ltr'><strong>hic</strong></span> <span class='ocrx_word' id='word_1_34' title='bbox 1587 740 1719 805; x_wconf 80' lang='lat' dir='ltr'><strong>silit,</strong></span> <span class='ocrx_word' id='word_1_35' title='bbox 1750 737 1922 792; x_wconf 86' lang='lat' dir='ltr'><strong>nudus</strong></span> 
     </span>
    </p>
   </div>
   <div class='ocr_carea' id='block_1_6' title="bbox 336 826 1920 902">
    <p class='ocr_par' dir='ltr' id='par_1_6' title="bbox 336 826 1920 902">
     <span class='ocr_line' id='line_1_6' title="bbox 336 826 1920 902; baseline -0.005 -13"><span class='ocrx_word' id='word_1_36' title='bbox 336 844 439 891; x_wconf 47' lang='lat' dir='ltr'><strong>est.</strong></span> <span class='ocrx_word' id='word_1_37' title='bbox 486 834 679 902; x_wconf 80' lang='lat' dir='ltr'><strong>hospes</strong></span> <span class='ocrx_word' id='word_1_38' title='bbox 706 844 808 895; x_wconf 91' lang='lat' dir='ltr'><strong>est,</strong></span> <span class='ocrx_word' id='word_1_39' title='bbox 840 835 1160 899; x_wconf 73' lang='lat' dir='ltr'><strong>inlinuntur,</strong></span> <span class='ocrx_word' id='word_1_40' title='bbox 1195 834 1246 886; x_wconf 90' lang='lat' dir='ltr'><strong>in</strong></span> <span class='ocrx_word' id='word_1_41' title='bbox 1276 846 1491 886; x_wconf 82' lang='lat' dir='ltr'><strong>carcere</strong></span> <span class='ocrx_word' id='word_1_42' title='bbox 1521 839 1619 884; x_wconf 83' lang='lat' dir='ltr'><strong>est.</strong></span> <span class='ocrx_word' id='word_1_43' title='bbox 1651 826 1920 897; x_wconf 78' lang='lat' dir='ltr'><strong>Quidquid</strong></span> 
     </span>
    </p>
   </div>
   <div class='ocr_carea' id='block_1_7' title="bbox 341 920 1923 994">
    <p class='ocr_par' dir='ltr' id='par_1_7' title="bbox 341 920 1923 994">
     <span class='ocr_line' id='line_1_7' title="bbox 341 920 1923 994; baseline -0.004 -15"><span class='ocrx_word' id='word_1_44' title='bbox 341 926 480 979; x_wconf 88' lang='lat' dir='ltr'><strong>enim</strong></span> <span class='ocrx_word' id='word_1_45' title='bbox 515 925 598 978; x_wconf 89' lang='lat' dir='ltr'><strong>hic</strong></span> <span class='ocrx_word' id='word_1_46' title='bbox 630 923 825 994; x_wconf 79' lang='lat' dir='ltr'><strong>patitur</strong></span> <span class='ocrx_word' id='word_1_47' title='bbox 849 938 1042 994; x_wconf 90' lang='lat' dir='ltr'><strong>corpus</strong></span> <span class='ocrx_word' id='word_1_48' title='bbox 1072 925 1206 994; x_wconf 82' lang='lat' dir='ltr'><strong>ejus,</strong></span> <span class='ocrx_word' id='word_1_49' title='bbox 1238 940 1294 977; x_wconf 89' lang='lat' dir='ltr'><strong>se</strong></span> <span class='ocrx_word' id='word_1_50' title='bbox 1320 924 1450 977; x_wconf 73' lang='lat' dir='ltr'><strong>dixit</strong></span> <span class='ocrx_word' id='word_1_51' title='bbox 1480 923 1583 991; x_wconf 87' lang='lat' dir='ltr'><strong>pati</strong></span> <span class='ocrx_word' id='word_1_52' title='bbox 1618 940 1629 976; x_wconf 91' lang='lat'>:</span> <span class='ocrx_word' id='word_1_53' title='bbox 1659 930 1711 975; x_wconf 93' lang='lat' dir='ltr'><strong>et</strong></span> <span class='ocrx_word' id='word_1_54' title='bbox 1744 921 1793 972; x_wconf 89' lang='lat' dir='ltr'><strong>in</strong></span> <span class='ocrx_word' id='word_1_55' title='bbox 1820 920 1923 973; x_wconf 87' lang='lat' dir='ltr'><strong>line</strong></span> 
     </span>
    </p>
   </div>
   <div class='ocr_carea' id='block_1_8' title="bbox 337 1011 1933 1086">
    <p class='ocr_par' dir='ltr' id='par_1_8' title="bbox 337 1011 1933 1086">
     <span class='ocr_line' id='line_1_8' title="bbox 337 1011 1933 1086; baseline -0.005 -16"><span class='ocrx_word' id='word_1_56' title='bbox 337 1029 626 1086; x_wconf 73' lang='lat' dir='ltr'><strong>Segregans</strong></span> <span class='ocrx_word' id='word_1_57' title='bbox 677 1017 847 1083; x_wconf 81' lang='lat' dir='ltr'><strong>ipsum</strong></span> <span class='ocrx_word' id='word_1_58' title='bbox 875 1031 1067 1084; x_wconf 83' lang='lat' dir='ltr'><strong>corpus</strong></span> <span class='ocrx_word' id='word_1_59' title='bbox 1098 1031 1250 1069; x_wconf 88' lang='lat' dir='ltr'><strong>suum</strong></span> <span class='ocrx_word' id='word_1_60' title='bbox 1283 1015 1347 1069; x_wconf 90' lang='lat' dir='ltr'><strong>ad</strong></span> <span class='ocrx_word' id='word_1_61' title='bbox 1375 1014 1671 1078; x_wconf 77' lang='lat' dir='ltr'><strong>devteram,</strong></span> <span class='ocrx_word' id='word_1_62' title='bbox 1719 1019 1772 1065; x_wconf 92' lang='lat' dir='ltr'><strong>et</strong></span> <span class='ocrx_word' id='word_1_63' title='bbox 1798 1011 1933 1064; x_wconf 41' lang='lat' dir='ltr'><strong>relic</strong></span> 
     </span>
    </p>
   </div>
   <div class='ocr_carea' id='block_1_9' title="bbox 338 1102 1920 1180">
    <p class='ocr_par' dir='ltr' id='par_1_9' title="bbox 338 1102 1920 1180">
     <span class='ocr_line' id='line_1_9' title="bbox 338 1102 1920 1180; baseline -0.004 -19"><span class='ocrx_word' id='word_1_64' title='bbox 338 1121 468 1180; x_wconf 82' lang='lat' dir='ltr'><strong>quos</strong></span> <span class='ocrx_word' id='word_1_65' title='bbox 514 1125 543 1162; x_wconf 89' lang='lat' dir='ltr'><strong>a</strong></span> <span class='ocrx_word' id='word_1_66' title='bbox 569 1108 775 1178; x_wconf 75' lang='lat' dir='ltr'><strong>quibus</strong></span> <span class='ocrx_word' id='word_1_67' title='bbox 804 1108 962 1162; x_wconf 90' lang='lat' dir='ltr'><strong>modo</strong></span> <span class='ocrx_word' id='word_1_68' title='bbox 997 1108 1337 1162; x_wconf 85' lang='lat' dir='ltr'><strong>eoneulcatur</strong></span> <span class='ocrx_word' id='word_1_69' title='bbox 1380 1119 1665 1176; x_wconf 71' lang='lat' dir='ltr'><strong>segregans</strong></span> <span class='ocrx_word' id='word_1_70' title='bbox 1693 1103 1755 1154; x_wconf 91' lang='lat' dir='ltr'><strong>ad</strong></span> <span class='ocrx_word' id='word_1_71' title='bbox 1788 1102 1920 1155; x_wconf 78' lang='lat' dir='ltr'><strong>sini-</strong></span> 
     </span>
    </p>
   </div>
   <div class='ocr_carea' id='block_1_10' title="bbox 337 1195 1920 1267">
    <p class='ocr_par' dir='ltr' id='par_1_10' title="bbox 337 1195 1920 1267">
     <span class='ocr_line' id='line_1_10' title="bbox 337 1195 1920 1267; baseline -0.006 -13"><span class='ocrx_word' id='word_1_72' title='bbox 337 1211 545 1267; x_wconf 86' lang='lat' dir='ltr'><strong>stram,</strong></span> <span class='ocrx_word' id='word_1_73' title='bbox 596 1199 833 1253; x_wconf 84' lang='lat' dir='ltr'><strong>dicturus</strong></span> <span class='ocrx_word' id='word_1_74' title='bbox 901 1208 985 1253; x_wconf 83' lang='lat' dir='ltr'><strong>est</strong></span> <span class='ocrx_word' id='word_1_75' title='bbox 1034 1198 1117 1252; x_wconf 88' lang='lat' dir='ltr'><strong>his</strong></span> <span class='ocrx_word' id='word_1_76' title='bbox 1177 1198 1267 1267; x_wconf 91' lang='lat' dir='ltr'><strong>qui</strong></span> <span class='ocrx_word' id='word_1_77' title='bbox 1316 1206 1441 1249; x_wconf 84' lang='lat' dir='ltr'><strong>sunt</strong></span> <span class='ocrx_word' id='word_1_78' title='bbox 1485 1195 1547 1248; x_wconf 81' lang='lat' dir='ltr'><strong>ad</strong></span> <span class='ocrx_word' id='word_1_79' title='bbox 1599 1195 1920 1248; x_wconf 66' lang='lat' dir='ltr'><strong>dexteram:</strong></span> 
     </span>
    </p>
   </div>
   <div class='ocr_carea' id='block_1_11' title="bbox 345 1284 1924 1359">
    <p class='ocr_par' dir='ltr' id='par_1_11' title="bbox 345 1284 1924 1359">
     <span class='ocr_line' id='line_1_11' title="bbox 345 1284 1924 1359; baseline -0.005 -15"><span class='ocrx_word' id='word_1_80' title='bbox 345 1291 556 1357; x_wconf 78' lang='lat' dir='ltr'><strong>Venite,</strong></span> <span class='ocrx_word' id='word_1_81' title='bbox 606 1291 850 1345; x_wconf 82' lang='lat' dir='ltr'><strong>benedicti</strong></span> <span class='ocrx_word' id='word_1_82' title='bbox 893 1290 1064 1344; x_wconf 78' lang='lat' dir='ltr'><strong>Patris</strong></span> <span class='ocrx_word' id='word_1_83' title='bbox 1096 1290 1221 1355; x_wconf 85' lang='lat' dir='ltr'><strong>mei,</strong></span> <span class='ocrx_word' id='word_1_84' title='bbox 1259 1288 1507 1359; x_wconf 73' lang='lat' dir='ltr'><strong>percipite</strong></span> <span class='ocrx_word' id='word_1_85' title='bbox 1538 1303 1745 1357; x_wconf 76' lang='lat' dir='ltr'><strong>regnum</strong></span> <span class='ocrx_word' id='word_1_86' title='bbox 1789 1284 1924 1352; x_wconf 86' lang='lat' dir='ltr'><strong>quod</strong></span> 
     </span>
    </p>
   </div>
   <div class='ocr_carea' id='block_1_12' title="bbox 336 1374 1924 1453">
    <p class='ocr_par' dir='ltr' id='par_1_12' title="bbox 336 1374 1924 1453">
     <span class='ocr_line' id='line_1_12' title="bbox 336 1374 1924 1453; baseline -0.005 -18"><span class='ocrx_word' id='word_1_87' title='bbox 336 1383 477 1453; x_wconf 67' lang='lat' dir='ltr'><strong>tabis</strong></span> <span class='ocrx_word' id='word_1_88' title='bbox 520 1390 754 1452; x_wconf 84' lang='lat' dir='ltr'><strong>paratum</strong></span> <span class='ocrx_word' id='word_1_89' title='bbox 798 1392 868 1435; x_wconf 88' lang='lat' dir='ltr'><strong>est</strong></span> <span class='ocrx_word' id='word_1_90' title='bbox 897 1381 960 1434; x_wconf 86' lang='lat' dir='ltr'><strong>ab</strong></span> <span class='ocrx_word' id='word_1_91' title='bbox 989 1382 1183 1451; x_wconf 83' lang='lat' dir='ltr'><strong>origine</strong></span> <span class='ocrx_word' id='word_1_92' title='bbox 1211 1379 1406 1432; x_wconf 83' lang='lat' dir='ltr'><strong>mundi.</strong></span> <span class='ocrx_word' id='word_1_93' title='bbox 1451 1378 1653 1445; x_wconf 79' lang='lat' dir='ltr'><strong>Quibus</strong></span> <span class='ocrx_word' id='word_1_94' title='bbox 1679 1374 1924 1429; x_wconf 87' lang='lat' dir='ltr'><strong>meritis?</strong></span> 
     </span>
    </p>
   </div>
   <div class='ocr_carea' id='block_1_13' title="bbox 338 1459 1952 1536">
    <p class='ocr_par' dir='ltr' id='par_1_13' title="bbox 338 1459 1952 1536">
     <span class='ocr_line' id='line_1_13' title="bbox 338 1459 1952 1536; baseline -0.006 -11"><span class='ocrx_word' id='word_1_95' title='bbox 338 1467 541 1527; x_wconf 79' lang='lat' dir='ltr'><strong>Esurivi</strong></span> <span class='ocrx_word' id='word_1_96' title='bbox 576 1471 739 1536; x_wconf 86' lang='lat' dir='ltr'><strong>enim,</strong></span> <span class='ocrx_word' id='word_1_97' title='bbox 786 1479 833 1523; x_wconf 87' lang='lat' dir='ltr'><strong>et</strong></span> <span class='ocrx_word' id='word_1_98' title='bbox 861 1469 1073 1524; x_wconf 72' lang='lat' dir='ltr'><strong>dedistis</strong></span> <span class='ocrx_word' id='word_1_99' title='bbox 1104 1469 1227 1522; x_wconf 88' lang='lat' dir='ltr'><strong>mihi</strong></span> <span class='ocrx_word' id='word_1_100' title='bbox 1257 1467 1602 1529; x_wconf 82' lang='lat' dir='ltr'><strong>manducare;</strong></span> <span class='ocrx_word' id='word_1_101' title='bbox 1645 1473 1697 1519; x_wconf 93' lang='lat' dir='ltr'><strong>et</strong></span> <span class='ocrx_word' id='word_1_102' title='bbox 1733 1459 1952 1517; x_wconf 71' lang='lat' dir='ltr'><strong>cmtcra</strong></span> 
     </span>
    </p>
   </div>
   <div class='ocr_carea' id='block_1_14' title="bbox 339 1551 1925 1631">
    <p class='ocr_par' dir='ltr' id='par_1_14' title="bbox 339 1551 1925 1631">
     <span class='ocr_line' id='line_1_14' title="bbox 339 1551 1925 1631; baseline -0.006 -17"><span class='ocrx_word' id='word_1_103' title='bbox 339 1560 417 1615; x_wconf 86' lang='lat' dir='ltr'><strong>sic</strong></span> <span class='ocrx_word' id='word_1_104' title='bbox 447 1559 775 1631; x_wconf 79' lang='lat' dir='ltr'><strong>exsequitur,</strong></span> <span class='ocrx_word' id='word_1_105' title='bbox 808 1567 1059 1630; x_wconf 85' lang='lat' dir='ltr'><strong>tanquam</strong></span> <span class='ocrx_word' id='word_1_106' title='bbox 1090 1558 1203 1629; x_wconf 90' lang='lat' dir='ltr'><strong>ipse</strong></span> <span class='ocrx_word' id='word_1_107' title='bbox 1228 1555 1522 1625; x_wconf 89' lang='lat' dir='ltr'><strong>accepisset</strong></span> <span class='ocrx_word' id='word_1_108' title='bbox 1553 1572 1566 1608; x_wconf 91' lang='lat'>:</span> <span class='ocrx_word' id='word_1_109' title='bbox 1600 1568 1765 1622; x_wconf 89' lang='lat' dir='ltr'><strong>usque</strong></span> <span class='ocrx_word' id='word_1_110' title='bbox 1791 1551 1925 1606; x_wconf 89' lang='lat' dir='ltr'><strong>adeo</strong></span> 
     </span>
    </p>
   </div>
   <div class='ocr_carea' id='block_1_15' title="bbox 341 1643 1924 1725">
    <p class='ocr_par' dir='ltr' id='par_1_15' title="bbox 341 1643 1924 1725">
     <span class='ocr_line' id='line_1_15' title="bbox 341 1643 1924 1725; baseline -0.008 -16"><span class='ocrx_word' id='word_1_111' title='bbox 341 1664 395 1710; x_wconf 87' lang='lat' dir='ltr'><strong>ut</strong></span> <span class='ocrx_word' id='word_1_112' title='bbox 423 1655 496 1709; x_wconf 88' lang='lat' dir='ltr'><strong>illi</strong></span> <span class='ocrx_word' id='word_1_113' title='bbox 519 1666 630 1709; x_wconf 84' lang='lat' dir='ltr'><strong>non</strong></span> <span class='ocrx_word' id='word_1_114' title='bbox 680 1655 1040 1725; x_wconf 81' lang='lat' dir='ltr'><strong>intelligentes</strong></span> <span class='ocrx_word' id='word_1_115' title='bbox 1082 1651 1445 1722; x_wconf 85' lang='lat' dir='ltr'><strong>respondeant</strong></span> <span class='ocrx_word' id='word_1_116' title='bbox 1482 1657 1533 1704; x_wconf 93' lang='lat' dir='ltr'><strong>et</strong></span> <span class='ocrx_word' id='word_1_117' title='bbox 1575 1646 1787 1707; x_wconf 85' lang='lat' dir='ltr'><strong>dicant,</strong></span> <span class='ocrx_word' id='word_1_118' title='bbox 1818 1643 1924 1697; x_wconf 88' lang='lat' dir='ltr'><strong>Do-</strong></span> 
     </span>
    </p>
   </div>
   <div class='ocr_carea' id='block_1_16' title="bbox 340 1738 1924 1817">
    <p class='ocr_par' dir='ltr' id='par_1_16' title="bbox 340 1738 1924 1817">
     <span class='ocr_line' id='line_1_16' title="bbox 340 1738 1924 1817; baseline -0.006 -17"><span class='ocrx_word' id='word_1_119' title='bbox 340 1748 479 1802; x_wconf 83' lang='lat' dir='ltr'><strong>mine</strong></span> <span class='ocrx_word' id='word_1_120' title='bbox 501 1791 515 1814; x_wconf 96' lang='lat'><strong>,</strong></span> <span class='ocrx_word' id='word_1_121' title='bbox 546 1750 751 1817; x_wconf 83' lang='lat' dir='ltr'><strong>quando</strong></span> <span class='ocrx_word' id='word_1_122' title='bbox 794 1758 841 1802; x_wconf 90' lang='lat' dir='ltr'><strong>te</strong></span> <span class='ocrx_word' id='word_1_123' title='bbox 868 1748 1085 1801; x_wconf 85' lang='lat' dir='ltr'><strong>vidimus</strong></span> <span class='ocrx_word' id='word_1_124' title='bbox 1110 1746 1407 1800; x_wconf 78' lang='lat' dir='ltr'><strong>esurientem</strong></span> <span class='ocrx_word' id='word_1_125' title='bbox 1433 1785 1446 1808; x_wconf 95' lang='lat'><strong>,</strong></span> <span class='ocrx_word' id='word_1_126' title='bbox 1493 1742 1759 1811; x_wconf 76' lang='lat' dir='ltr'><strong>hospitem,</strong></span> <span class='ocrx_word' id='word_1_127' title='bbox 1795 1748 1842 1792; x_wconf 88' lang='lat' dir='ltr'><strong>et</strong></span> <span class='ocrx_word' id='word_1_128' title='bbox 1872 1738 1924 1790; x_wconf 85' lang='lat' dir='ltr'><strong>in</strong></span> 
     </span>
    </p>
   </div>
   <div class='ocr_carea' id='block_1_17' title="bbox 339 1827 1924 1897">
    <p class='ocr_par' dir='ltr' id='par_1_17' title="bbox 339 1827 1924 1897">
     <span class='ocr_line' id='line_1_17' title="bbox 339 1827 1924 1897; baseline -0.007 -7"><span class='ocrx_word' id='word_1_129' title='bbox 339 1837 581 1891; x_wconf 83' lang='lat' dir='ltr'><strong>carcere?</strong></span> <span class='ocrx_word' id='word_1_130' title='bbox 610 1839 673 1891; x_wconf 83' lang='lat' dir='ltr'><strong>Et</strong></span> <span class='ocrx_word' id='word_1_131' title='bbox 701 1837 829 1892; x_wconf 91' lang='lat' dir='ltr'><strong>dicit</strong></span> <span class='ocrx_word' id='word_1_132' title='bbox 854 1837 931 1891; x_wconf 91' lang='lat' dir='ltr'><strong>eis</strong></span> <span class='ocrx_word' id='word_1_133' title='bbox 965 1854 976 1889; x_wconf 92' lang='lat'>:</span> <span class='ocrx_word' id='word_1_134' title='bbox 1010 1834 1136 1890; x_wconf 88' lang='lat' dir='ltr'><strong>Cum</strong></span> <span class='ocrx_word' id='word_1_135' title='bbox 1174 1835 1264 1888; x_wconf 86' lang='lat' dir='ltr'><strong>uni</strong></span> <span class='ocrx_word' id='word_1_136' title='bbox 1306 1849 1369 1887; x_wconf 71' lang='lat' dir='ltr'><strong>ex</strong></span> <span class='ocrx_word' id='word_1_137' title='bbox 1406 1831 1626 1885; x_wconf 84' lang='lat' dir='ltr'><strong>minimis</strong></span> <span class='ocrx_word' id='word_1_138' title='bbox 1653 1830 1774 1883; x_wconf 86' lang='lat' dir='ltr'><strong>meis</strong></span> <span class='ocrx_word' id='word_1_139' title='bbox 1802 1827 1924 1897; x_wconf 78' lang='lat' dir='ltr'><strong>[eci-</strong></span> 
     </span>
    </p>
   </div>
   <div class='ocr_carea' id='block_1_18' title="bbox 337 1924 1926 1994">
    <p class='ocr_par' dir='ltr' id='par_1_18' title="bbox 337 1924 1926 1994">
     <span class='ocr_line' id='line_1_18' title="bbox 337 1924 1926 1994; baseline -0.006 -14"><span class='ocrx_word' id='word_1_140' title='bbox 337 1927 451 1991; x_wconf 87' lang='lat' dir='ltr'><strong>stis,</strong></span> <span class='ocrx_word' id='word_1_141' title='bbox 496 1927 621 1980; x_wconf 72' lang='lat' dir='ltr'><strong>mihi</strong></span> <span class='ocrx_word' id='word_1_142' title='bbox 650 1927 853 1994; x_wconf 76' lang='lat' dir='ltr'><strong>fecistis.</strong></span> <span class='ocrx_word' id='word_1_143' title='bbox 899 1925 986 1980; x_wconf 91' lang='lat' dir='ltr'><strong>Sic</strong></span> <span class='ocrx_word' id='word_1_144' title='bbox 1015 1925 1173 1978; x_wconf 86' lang='lat' dir='ltr'><strong>etiam</strong></span> <span class='ocrx_word' id='word_1_145' title='bbox 1221 1924 1271 1976; x_wconf 86' lang='lat' dir='ltr'><strong>in</strong></span> <span class='ocrx_word' id='word_1_146' title='bbox 1302 1931 1489 1976; x_wconf 90' lang='lat' dir='ltr'><strong>nostro</strong></span> <span class='ocrx_word' id='word_1_147' title='bbox 1515 1934 1739 1988; x_wconf 89' lang='lat' dir='ltr'><strong>corpore</strong></span> <span class='ocrx_word' id='word_1_148' title='bbox 1768 1924 1926 1985; x_wconf 90' lang='lat' dir='ltr'><strong>caput</strong></span> 
     </span>
    </p>
   </div>
   <div class='ocr_carea' id='block_1_19' title="bbox 302 2010 1925 2087">
    <p class='ocr_par' dir='ltr' id='par_1_19' title="bbox 302 2010 1925 2087">
     <span class='ocr_line' id='line_1_19' title="bbox 302 2010 1925 2087; baseline -0.007 -14"><span class='ocrx_word' id='word_1_149' title='bbox 302 2033 552 2073; x_wconf 64' lang='lat' dir='ltr'><strong>sursum</strong></span> <span class='ocrx_word' id='word_1_150' title='bbox 596 2025 715 2081; x_wconf 88' lang='lat' dir='ltr'><strong>est,</strong></span> <span class='ocrx_word' id='word_1_151' title='bbox 769 2017 931 2087; x_wconf 88' lang='lat' dir='ltr'><strong>pedes</strong></span> <span class='ocrx_word' id='word_1_152' title='bbox 970 2017 1020 2069; x_wconf 91' lang='lat' dir='ltr'><strong>iu</strong></span> <span class='ocrx_word' id='word_1_153' title='bbox 1055 2024 1194 2070; x_wconf 89' lang='lat' dir='ltr'><strong>terra</strong></span> <span class='ocrx_word' id='word_1_154' title='bbox 1235 2024 1358 2067; x_wconf 88' lang='lat' dir='ltr'><strong>sunt</strong></span> <span class='ocrx_word' id='word_1_155' title='bbox 1392 2029 1405 2065; x_wconf 86' lang='lat'>:</span> <span class='ocrx_word' id='word_1_156' title='bbox 1437 2022 1611 2066; x_wconf 91' lang='lat' dir='ltr'><strong>tamen</strong></span> <span class='ocrx_word' id='word_1_157' title='bbox 1657 2011 1709 2065; x_wconf 89' lang='lat' dir='ltr'><strong>in</strong></span> <span class='ocrx_word' id='word_1_158' title='bbox 1752 2010 1925 2077; x_wconf 86' lang='lat' dir='ltr'><strong>aliqua</strong></span> 
     </span>
    </p>
   </div>
   <div class='ocr_carea' id='block_1_20' title="bbox 339 2097 1923 2179">
    <p class='ocr_par' dir='ltr' id='par_1_20' title="bbox 339 2097 1923 2179">
     <span class='ocr_line' id='line_1_20' title="bbox 339 2097 1923 2179; baseline -0.008 -14"><span class='ocrx_word' id='word_1_159' title='bbox 339 2111 726 2179; x_wconf 87' lang='lat' dir='ltr'><strong>constipatione</strong></span> <span class='ocrx_word' id='word_1_160' title='bbox 765 2119 820 2164; x_wconf 90' lang='lat' dir='ltr'><strong>et</strong></span> <span class='ocrx_word' id='word_1_161' title='bbox 856 2106 1216 2162; x_wconf 85' lang='lat' dir='ltr'><strong>eoarctatione</strong></span> <span class='ocrx_word' id='word_1_162' title='bbox 1245 2105 1517 2158; x_wconf 85' lang='lat' dir='ltr'><strong>hominum</strong></span> <span class='ocrx_word' id='word_1_163' title='bbox 1540 2143 1554 2167; x_wconf 96' lang='lat'><strong>,</strong></span> <span class='ocrx_word' id='word_1_164' title='bbox 1586 2099 1801 2170; x_wconf 85' lang='lat' dir='ltr'><strong>quando</strong></span> <span class='ocrx_word' id='word_1_165' title='bbox 1830 2097 1923 2152; x_wconf 91' lang='lat' dir='ltr'><strong>tibi</strong></span> 
     </span>
    </p>
   </div>
   <div class='ocr_carea' id='block_1_21' title="bbox 339 2190 1926 2272">
    <p class='ocr_par' dir='ltr' id='par_1_21' title="bbox 339 2190 1926 2272">
     <span class='ocr_line' id='line_1_21' title="bbox 339 2190 1926 2272; baseline -0.007 -17"><span class='ocrx_word' id='word_1_166' title='bbox 339 2202 533 2272; x_wconf 82' lang='lat' dir='ltr'><strong>aliquis</strong></span> <span class='ocrx_word' id='word_1_167' title='bbox 564 2201 750 2270; x_wconf 86' lang='lat' dir='ltr'><strong>pedem</strong></span> <span class='ocrx_word' id='word_1_168' title='bbox 780 2201 977 2263; x_wconf 88' lang='lat' dir='ltr'><strong>caleat,</strong></span> <span class='ocrx_word' id='word_1_169' title='bbox 1009 2213 1189 2253; x_wconf 89' lang='lat' dir='ltr'><strong>nonne</strong></span> <span class='ocrx_word' id='word_1_170' title='bbox 1215 2197 1343 2251; x_wconf 85' lang='lat' dir='ltr'><strong>dicit</strong></span> <span class='ocrx_word' id='word_1_171' title='bbox 1372 2205 1551 2265; x_wconf 87' lang='lat' dir='ltr'><strong>caput,</strong></span> <span class='ocrx_word' id='word_1_172' title='bbox 1583 2191 1771 2247; x_wconf 72' lang='lat' dir='ltr'><strong>Caleas</strong></span> <span class='ocrx_word' id='word_1_173' title='bbox 1803 2190 1926 2245; x_wconf 86' lang='lat' dir='ltr'><strong>me?</strong></span> 
     </span>
    </p>
   </div>
   <div class='ocr_carea' id='block_1_22' title="bbox 339 2283 1923 2363">
    <p class='ocr_par' dir='ltr' id='par_1_22' title="bbox 339 2283 1923 2363">
     <span class='ocr_line' id='line_1_22' title="bbox 339 2283 1923 2363; baseline -0.008 -15"><span class='ocrx_word' id='word_1_174' title='bbox 339 2292 449 2348; x_wconf 82' lang='lat' dir='ltr'><strong>Nec</strong></span> <span class='ocrx_word' id='word_1_175' title='bbox 475 2302 634 2363; x_wconf 85' lang='lat' dir='ltr'><strong>caput</strong></span> <span class='ocrx_word' id='word_1_176' title='bbox 659 2301 804 2347; x_wconf 88' lang='lat' dir='ltr'><strong>tuum</strong></span> <span class='ocrx_word' id='word_1_177' title='bbox 833 2334 844 2353; x_wconf 91' lang='lat'><strong>,</strong></span> <span class='ocrx_word' id='word_1_178' title='bbox 879 2306 976 2345; x_wconf 89' lang='lat' dir='ltr'><strong>nec</strong></span> <span class='ocrx_word' id='word_1_179' title='bbox 1004 2291 1236 2360; x_wconf 86' lang='lat' dir='ltr'><strong>linguam</strong></span> <span class='ocrx_word' id='word_1_180' title='bbox 1267 2299 1408 2342; x_wconf 91' lang='lat' dir='ltr'><strong>tuam</strong></span> <span class='ocrx_word' id='word_1_181' title='bbox 1439 2287 1719 2356; x_wconf 89' lang='lat' dir='ltr'><strong>quisquam</strong></span> <span class='ocrx_word' id='word_1_182' title='bbox 1748 2283 1923 2337; x_wconf 88' lang='lat' dir='ltr'><strong>calea-</strong></span> 
     </span>
    </p>
   </div>
   <div class='ocr_carea' id='block_1_23' title="bbox 342 2377 1925 2451">
    <p class='ocr_par' dir='ltr' id='par_1_23' title="bbox 342 2377 1925 2451">
     <span class='ocr_line' id='line_1_23' title="bbox 342 2377 1925 2451; baseline -0.005 -14"><span class='ocrx_word' id='word_1_183' title='bbox 342 2387 422 2442; x_wconf 79' lang='lat' dir='ltr'><strong>vlt</strong></span> <span class='ocrx_word' id='word_1_184' title='bbox 452 2405 464 2439; x_wconf 89' lang='lat'><strong>:</strong></span> <span class='ocrx_word' id='word_1_185' title='bbox 494 2400 703 2442; x_wconf 84' lang='lat' dir='ltr'><strong>sursum</strong></span> <span class='ocrx_word' id='word_1_186' title='bbox 756 2396 839 2442; x_wconf 89' lang='lat' dir='ltr'><strong>est</strong></span> <span class='ocrx_word' id='word_1_187' title='bbox 860 2428 874 2451; x_wconf 95' lang='lat'><strong>,</strong></span> <span class='ocrx_word' id='word_1_188' title='bbox 908 2386 958 2439; x_wconf 91' lang='lat' dir='ltr'><strong>in</strong></span> <span class='ocrx_word' id='word_1_189' title='bbox 990 2393 1101 2439; x_wconf 84' lang='lat' dir='ltr'><strong>tuto</strong></span> <span class='ocrx_word' id='word_1_190' title='bbox 1129 2392 1228 2449; x_wconf 89' lang='lat' dir='ltr'><strong>est,</strong></span> <span class='ocrx_word' id='word_1_191' title='bbox 1267 2382 1399 2436; x_wconf 84' lang='lat' dir='ltr'><strong>nihil</strong></span> <span class='ocrx_word' id='word_1_192' title='bbox 1433 2381 1482 2435; x_wconf 88' lang='lat' dir='ltr'><strong>ei</strong></span> <span class='ocrx_word' id='word_1_193' title='bbox 1515 2378 1638 2434; x_wconf 90' lang='lat' dir='ltr'><strong>mali</strong></span> <span class='ocrx_word' id='word_1_194' title='bbox 1674 2377 1925 2445; x_wconf 86' lang='lat' dir='ltr'><strong>contigit;</strong></span> 
     </span>
    </p>
   </div>
   <div class='ocr_carea' id='block_1_24' title="bbox 340 2469 1928 2548">
    <p class='ocr_par' dir='ltr' id='par_1_24' title="bbox 340 2469 1928 2548">
     <span class='ocr_line' id='line_1_24' title="bbox 340 2469 1928 2548; baseline -0.008 -16"><span class='ocrx_word' id='word_1_195' title='bbox 340 2488 391 2533; x_wconf 76' lang='lat' dir='ltr'><strong>et</strong></span> <span class='ocrx_word' id='word_1_196' title='bbox 423 2486 597 2533; x_wconf 79' lang='lat' dir='ltr'><strong>tamen</strong></span> <span class='ocrx_word' id='word_1_197' title='bbox 629 2478 750 2548; x_wconf 87' lang='lat' dir='ltr'><strong>quia</strong></span> <span class='ocrx_word' id='word_1_198' title='bbox 804 2492 899 2547; x_wconf 90' lang='lat' dir='ltr'><strong>per</strong></span> <span class='ocrx_word' id='word_1_199' title='bbox 924 2475 1312 2530; x_wconf 79' lang='lat' dir='ltr'><strong>connexioncm</strong></span> <span class='ocrx_word' id='word_1_200' title='bbox 1339 2471 1612 2527; x_wconf 88' lang='lat' dir='ltr'><strong>charitatis</strong></span> <span class='ocrx_word' id='word_1_201' title='bbox 1640 2469 1818 2523; x_wconf 88' lang='lat' dir='ltr'><strong>unitas</strong></span> <span class='ocrx_word' id='word_1_202' title='bbox 1846 2476 1928 2521; x_wconf 91' lang='lat' dir='ltr'><strong>est</strong></span> 
     </span>
    </p>
   </div>
   <div class='ocr_carea' id='block_1_25' title="bbox 344 2562 1925 2638">
    <p class='ocr_par' dir='ltr' id='par_1_25' title="bbox 344 2562 1925 2638">
     <span class='ocr_line' id='line_1_25' title="bbox 344 2562 1925 2638; baseline -0.008 -15"><span class='ocrx_word' id='word_1_203' title='bbox 344 2586 372 2623; x_wconf 90' lang='lat' dir='ltr'><strong>a</strong></span> <span class='ocrx_word' id='word_1_204' title='bbox 405 2570 578 2638; x_wconf 86' lang='lat' dir='ltr'><strong>capite</strong></span> <span class='ocrx_word' id='word_1_205' title='bbox 616 2583 783 2638; x_wconf 88' lang='lat' dir='ltr'><strong>usque</strong></span> <span class='ocrx_word' id='word_1_206' title='bbox 810 2566 876 2621; x_wconf 89' lang='lat' dir='ltr'><strong>ad</strong></span> <span class='ocrx_word' id='word_1_207' title='bbox 910 2566 1089 2636; x_wconf 86' lang='lat' dir='ltr'><strong>pedes,</strong></span> <span class='ocrx_word' id='word_1_208' title='bbox 1125 2581 1229 2619; x_wconf 88' lang='lat' dir='ltr'><strong>non</strong></span> <span class='ocrx_word' id='word_1_209' title='bbox 1261 2580 1320 2620; x_wconf 89' lang='lat' dir='ltr'><strong>se</strong></span> <span class='ocrx_word' id='word_1_210' title='bbox 1350 2562 1472 2618; x_wconf 88' lang='lat' dir='ltr'><strong>inde</strong></span> <span class='ocrx_word' id='word_1_211' title='bbox 1501 2562 1677 2631; x_wconf 82' lang='lat' dir='ltr'><strong>lingua</strong></span> <span class='ocrx_word' id='word_1_212' title='bbox 1706 2574 1925 2630; x_wconf 88' lang='lat' dir='ltr'><strong>separa-</strong></span> 
     </span>
    </p>
   </div>
   <div class='ocr_carea' id='block_1_26' title="bbox 340 2652 1921 2727">
    <p class='ocr_par' dir='ltr' id='par_1_26' title="bbox 340 2652 1921 2727">
     <span class='ocr_line' id='line_1_26' title="bbox 340 2652 1921 2727; baseline -0.006 -16"><span class='ocrx_word' id='word_1_213' title='bbox 340 2661 440 2727; x_wconf 79' lang='lat' dir='ltr'><strong>vit,</strong></span> <span class='ocrx_word' id='word_1_214' title='bbox 470 2658 564 2715; x_wconf 90' lang='lat' dir='ltr'><strong>sed</strong></span> <span class='ocrx_word' id='word_1_215' title='bbox 588 2659 738 2724; x_wconf 74' lang='lat' dir='ltr'><strong>dixit,</strong></span> <span class='ocrx_word' id='word_1_216' title='bbox 773 2659 959 2714; x_wconf 83' lang='lat' dir='ltr'><strong>Calcas</strong></span> <span class='ocrx_word' id='word_1_217' title='bbox 984 2672 1071 2712; x_wconf 87' lang='lat' dir='ltr'><strong>me</strong></span> <span class='ocrx_word' id='word_1_218' title='bbox 1100 2675 1112 2709; x_wconf 95' lang='lat'>:</span> <span class='ocrx_word' id='word_1_219' title='bbox 1143 2670 1262 2710; x_wconf 92' lang='lat' dir='ltr'><strong>cum</strong></span> <span class='ocrx_word' id='word_1_220' title='bbox 1291 2670 1408 2709; x_wconf 90' lang='lat' dir='ltr'><strong>eam</strong></span> <span class='ocrx_word' id='word_1_221' title='bbox 1436 2668 1595 2709; x_wconf 90' lang='lat' dir='ltr'><strong>nemo</strong></span> <span class='ocrx_word' id='word_1_222' title='bbox 1621 2652 1921 2721; x_wconf 83' lang='lat' dir='ltr'><strong>contigerit.</strong></span> 
     </span>
    </p>
   </div>
   <div class='ocr_carea' id='block_1_27' title="bbox 339 2741 1922 2819">
    <p class='ocr_par' dir='ltr' id='par_1_27' title="bbox 339 2741 1922 2819">
     <span class='ocr_line' id='line_1_27' title="bbox 339 2741 1922 2819; baseline -0.004 -18"><span class='ocrx_word' id='word_1_223' title='bbox 339 2748 619 2817; x_wconf 75' lang='lat' dir='ltr'><strong>Quomodo</strong></span> <span class='ocrx_word' id='word_1_224' title='bbox 664 2764 793 2819; x_wconf 86' lang='lat' dir='ltr'><strong>ergo</strong></span> <span class='ocrx_word' id='word_1_225' title='bbox 844 2748 1046 2818; x_wconf 83' lang='lat' dir='ltr'><strong>lingua,</strong></span> <span class='ocrx_word' id='word_1_226' title='bbox 1095 2762 1253 2817; x_wconf 90' lang='lat' dir='ltr'><strong>quam</strong></span> <span class='ocrx_word' id='word_1_227' title='bbox 1301 2760 1461 2800; x_wconf 89' lang='lat' dir='ltr'><strong>nemo</strong></span> <span class='ocrx_word' id='word_1_228' title='bbox 1487 2743 1745 2814; x_wconf 81' lang='lat' dir='ltr'><strong>contigit,</strong></span> <span class='ocrx_word' id='word_1_229' title='bbox 1773 2741 1922 2807; x_wconf 89' lang='lat' dir='ltr'><strong>dicit,</strong></span> 
     </span>
    </p>
   </div>
   <div class='ocr_carea' id='block_1_28' title="bbox 339 2831 1921 2909">
    <p class='ocr_par' dir='ltr' id='par_1_28' title="bbox 339 2831 1921 2909">
     <span class='ocr_line' id='line_1_28' title="bbox 339 2831 1921 2909; baseline -0.008 -11"><span class='ocrx_word' id='word_1_230' title='bbox 339 2844 525 2898; x_wconf 64' lang='grc' dir='ltr'><strong>(ἐυιιωε</strong></span> <span class='ocrx_word' id='word_1_231' title='bbox 579 2857 665 2897; x_wconf 88' lang='lat' dir='ltr'><strong>me</strong></span> <span class='ocrx_word' id='word_1_232' title='bbox 697 2860 709 2895; x_wconf 87' lang='lat'><strong>:</strong></span> <span class='ocrx_word' id='word_1_233' title='bbox 747 2842 825 2895; x_wconf 88' lang='lat' dir='ltr'><strong>sic</strong></span> <span class='ocrx_word' id='word_1_234' title='bbox 852 2831 1096 2895; x_wconf 71' lang='lat' dir='ltr'><strong>Christus</strong></span> <span class='ocrx_word' id='word_1_235' title='bbox 1136 2848 1289 2909; x_wconf 90' lang='lat' dir='ltr'><strong>eaput</strong></span> <span class='ocrx_word' id='word_1_236' title='bbox 1312 2879 1328 2905; x_wconf 91' lang='lat'><strong>,</strong></span> <span class='ocrx_word' id='word_1_237' title='bbox 1379 2836 1520 2907; x_wconf 90' lang='lat' dir='ltr'><strong>quod</strong></span> <span class='ocrx_word' id='word_1_238' title='bbox 1550 2851 1707 2890; x_wconf 90' lang='lat' dir='ltr'><strong>nemo</strong></span> <span class='ocrx_word' id='word_1_239' title='bbox 1733 2835 1921 2899; x_wconf 86' lang='lat' dir='ltr'><strong>calcat,</strong></span> 
     </span>
    </p>
   </div>
   <div class='ocr_carea' id='block_1_29' title="bbox 338 2927 1923 2999">
    <p class='ocr_par' dir='ltr' id='par_1_29' title="bbox 338 2927 1923 2999">
     <span class='ocr_line' id='line_1_29' title="bbox 338 2927 1923 2999; baseline -0.005 -12"><span class='ocrx_word' id='word_1_240' title='bbox 338 2934 492 2999; x_wconf 80' lang='lat' dir='ltr'><strong>dixit,</strong></span> <span class='ocrx_word' id='word_1_241' title='bbox 524 2932 747 2999; x_wconf 86' lang='lat' dir='ltr'><strong>Esurivi,</strong></span> <span class='ocrx_word' id='word_1_242' title='bbox 781 2942 830 2986; x_wconf 89' lang='lat' dir='ltr'><strong>et</strong></span> <span class='ocrx_word' id='word_1_243' title='bbox 858 2931 1068 2986; x_wconf 82' lang='lat' dir='ltr'><strong>dedistis</strong></span> <span class='ocrx_word' id='word_1_244' title='bbox 1100 2932 1224 2984; x_wconf 88' lang='lat' dir='ltr'><strong>mihi</strong></span> <span class='ocrx_word' id='word_1_245' title='bbox 1249 2929 1576 2983; x_wconf 84' lang='lat' dir='ltr'><strong>manducare.</strong></span> <span class='ocrx_word' id='word_1_246' title='bbox 1610 2928 1675 2982; x_wconf 85' lang='lat' dir='ltr'><strong>Et</strong></span> <span class='ocrx_word' id='word_1_247' title='bbox 1703 2927 1807 2981; x_wconf 86' lang='lat' dir='ltr'><strong>illis</strong></span> <span class='ocrx_word' id='word_1_248' title='bbox 1835 2927 1923 2995; x_wconf 86' lang='lat' dir='ltr'><strong>qui</strong></span> 
     </span>
    </p>
   </div>
   <div class='ocr_carea' id='block_1_30' title="bbox 340 3016 1924 3089">
    <p class='ocr_par' dir='ltr' id='par_1_30' title="bbox 340 3016 1924 3089">
     <span class='ocr_line' id='line_1_30' title="bbox 340 3016 1924 3089; baseline -0.007 -10"><span class='ocrx_word' id='word_1_249' title='bbox 340 3024 444 3080; x_wconf 82' lang='lat' dir='ltr'><strong>hoc</strong></span> <span class='ocrx_word' id='word_1_250' title='bbox 471 3041 574 3079; x_wconf 84' lang='lat' dir='ltr'><strong>non</strong></span> <span class='ocrx_word' id='word_1_251' title='bbox 608 3024 870 3089; x_wconf 78' lang='lat' dir='ltr'><strong>fecerunt,</strong></span> <span class='ocrx_word' id='word_1_252' title='bbox 903 3022 1034 3076; x_wconf 75' lang='lat' dir='ltr'><strong>dixit</strong></span> <span class='ocrx_word' id='word_1_253' title='bbox 1065 3040 1078 3076; x_wconf 91' lang='lat'><strong>:</strong></span> <span class='ocrx_word' id='word_1_254' title='bbox 1112 3020 1334 3086; x_wconf 79' lang='lat' dir='ltr'><strong>Esurivi,</strong></span> <span class='ocrx_word' id='word_1_255' title='bbox 1363 3028 1411 3073; x_wconf 87' lang='lat' dir='ltr'><strong>et</strong></span> <span class='ocrx_word' id='word_1_256' title='bbox 1436 3035 1537 3072; x_wconf 83' lang='lat' dir='ltr'><strong>non</strong></span> <span class='ocrx_word' id='word_1_257' title='bbox 1563 3017 1772 3071; x_wconf 81' lang='lat' dir='ltr'><strong>dedistis</strong></span> <span class='ocrx_word' id='word_1_258' title='bbox 1801 3016 1924 3069; x_wconf 84' lang='lat' dir='ltr'><strong>mihi</strong></span> 
     </span>
    </p>
   </div>
   <div class='ocr_carea' id='block_1_31' title="bbox 338 3110 1625 3186">
    <p class='ocr_par' dir='ltr' id='par_1_31' title="bbox 338 3110 1625 3186">
     <span class='ocr_line' id='line_1_31' title="bbox 338 3110 1625 3186; baseline -0.006 -15"><span class='ocrx_word' id='word_1_259' title='bbox 338 3119 663 3171; x_wconf 81' lang='lat' dir='ltr'><strong>mamlttcare.</strong></span> <span class='ocrx_word' id='word_1_260' title='bbox 713 3116 782 3170; x_wconf 86' lang='lat' dir='ltr'><strong>Et</strong></span> <span class='ocrx_word' id='word_1_261' title='bbox 819 3113 1086 3186; x_wconf 87' lang='lat' dir='ltr'><strong>quomodo</strong></span> <span class='ocrx_word' id='word_1_262' title='bbox 1132 3112 1433 3167; x_wconf 81' lang='lat' dir='ltr'><strong>conclusit?</strong></span> <span class='ocrx_word' id='word_1_263' title='bbox 1480 3110 1570 3166; x_wconf 83' lang='lat' dir='ltr'><strong>Sic</strong></span> <span class='ocrx_word' id='word_1_264' title='bbox 1610 3125 1625 3163; x_wconf 89' lang='lat'><strong>:</strong></span> 
     </span>
    </p>
   </div>
   <div class='ocr_carea' id='block_1_32' title="bbox 336 3202 1922 3274">
    <p class='ocr_par' dir='ltr' id='par_1_32' title="bbox 336 3202 1922 3274">
     <span class='ocr_line' id='line_1_32' title="bbox 336 3202 1922 3274; baseline -0.006 -13"><span class='ocrx_word' id='word_1_265' title='bbox 336 3209 391 3261; x_wconf 86' lang='lat' dir='ltr'><strong>in</strong></span> <span class='ocrx_word' id='word_1_266' title='bbox 417 3207 775 3261; x_wconf 84' lang='lat' dir='ltr'><strong>ambustionem</strong></span> <span class='ocrx_word' id='word_1_267' title='bbox 801 3214 1062 3271; x_wconf 67' lang='lat' dir='ltr'><strong>cateruam,</strong></span> <span class='ocrx_word' id='word_1_268' title='bbox 1080 3204 1212 3274; x_wconf 84' lang='lat' dir='ltr'><strong>justi</strong></span> <span class='ocrx_word' id='word_1_269' title='bbox 1237 3212 1406 3256; x_wconf 86' lang='lat' dir='ltr'><strong>autem</strong></span> <span class='ocrx_word' id='word_1_270' title='bbox 1428 3202 1481 3255; x_wconf 88' lang='lat' dir='ltr'><strong>in</strong></span> <span class='ocrx_word' id='word_1_271' title='bbox 1501 3202 1652 3254; x_wconf 77' lang='lat' dir='ltr'><strong>vitam</strong></span> <span class='ocrx_word' id='word_1_272' title='bbox 1677 3208 1922 3254; x_wconf 62' lang='lat' dir='ltr'><strong>aeternam</strong></span> 
     </span>
    </p>
   </div>
   <div class='ocr_carea' id='block_1_33' title="bbox 339 3294 958 3369">
    <p class='ocr_par' dir='ltr' id='par_1_33' title="bbox 339 3294 958 3369">
     <span class='ocr_line' id='line_1_33' title="bbox 339 3294 958 3369; baseline -0.005 -18"><span class='ocrx_word' id='word_1_273' title='bbox 339 3297 551 3369; x_wconf 74' lang='lat' dir='ltr'><strong>(Matth.</strong></span> <span class='ocrx_word' id='word_1_274' title='bbox 585 3312 711 3359; x_wconf 76' lang='lat' dir='ltr'><strong>xxv,</strong></span> <span class='ocrx_word' id='word_1_275' title='bbox 748 3294 958 3367; x_wconf 67' lang='lat' dir='ltr'><strong>5i-46).</strong></span> 
     </span>
    </p>
   </div>
   <div class='ocr_carea' id='block_1_34' title="bbox 407 3381 1923 3451">
    <p class='ocr_par' dir='ltr' id='par_1_34' title="bbox 407 3381 1923 3451">
     <span class='ocr_line' id='line_1_34' title="bbox 407 3381 1923 3451; baseline -0.006 -7"><span class='ocrx_word' id='word_1_276' title='bbox 407 3389 449 3444; x_wconf 88' lang='lat' dir='ltr'><strong>C</strong></span> <span class='ocrx_word' id='word_1_277' title='bbox 469 3388 634 3445; x_wconf 85' lang='lat' dir='ltr'><strong>\PUT</strong></span> <span class='ocrx_word' id='word_1_278' title='bbox 671 3386 759 3444; x_wconf 79' lang='lat' dir='ltr'><strong>Id.</strong></span> <span class='ocrx_word' id='word_1_279' title='bbox 788 3417 859 3428; x_wconf 92' lang='lat'><strong>—-</strong></span> <span class='ocrx_word' id='word_1_280' title='bbox 884 3389 938 3442; x_wconf 84' lang='lat'><strong>&#39;5.</strong></span> <span class='ocrx_word' id='word_1_281' title='bbox 968 3385 1142 3440; x_wconf 75' lang='lat' dir='ltr'><strong>Ianua</strong></span> <span class='ocrx_word' id='word_1_282' title='bbox 1162 3384 1413 3441; x_wconf 79' lang='lat' dir='ltr'><strong>Christus.</strong></span> <span class='ocrx_word' id='word_1_283' title='bbox 1461 3381 1647 3438; x_wconf 84' lang='lat' dir='ltr'><strong>Petrus</strong></span> <span class='ocrx_word' id='word_1_284' title='bbox 1688 3381 1923 3451; x_wconf 81' lang='lat' dir='ltr'><strong>inﬁrmus</strong></span> 
     </span>
    </p>
   </div>
   <div class='ocr_carea' id='block_1_35' title="bbox 337 3475 1919 3552">
    <p class='ocr_par' dir='ltr' id='par_1_35' title="bbox 337 3475 1919 3552">
     <span class='ocr_line' id='line_1_35' title="bbox 337 3475 1919 3552; baseline -0.006 -18"><span class='ocrx_word' id='word_1_285' title='bbox 337 3482 431 3535; x_wconf 73' lang='lat' dir='ltr'><strong>sibi</strong></span> <span class='ocrx_word' id='word_1_286' title='bbox 456 3481 556 3550; x_wconf 85' lang='lat' dir='ltr'><strong>ipsi</strong></span> <span class='ocrx_word' id='word_1_287' title='bbox 582 3481 803 3552; x_wconf 81' lang='lat' dir='ltr'><strong>ignotus.</strong></span> <span class='ocrx_word' id='word_1_288' title='bbox 832 3477 965 3534; x_wconf 90' lang='lat' dir='ltr'><strong>Cum</strong></span> <span class='ocrx_word' id='word_1_289' title='bbox 994 3492 1123 3548; x_wconf 86' lang='lat' dir='ltr'><strong>ergo</strong></span> <span class='ocrx_word' id='word_1_290' title='bbox 1149 3476 1400 3531; x_wconf 86' lang='lat' dir='ltr'><strong>Dominus</strong></span> <span class='ocrx_word' id='word_1_291' title='bbox 1427 3489 1569 3529; x_wconf 91' lang='lat' dir='ltr'><strong>nunc</strong></span> <span class='ocrx_word' id='word_1_292' title='bbox 1590 3475 1919 3543; x_wconf 87' lang='lat' dir='ltr'><strong>loqueretur,</strong></span> 
     </span>
    </p>
   </div>
   <div class='ocr_carea' id='block_1_36' title="bbox 336 3564 1917 3640">
    <p class='ocr_par' dir='ltr' id='par_1_36' title="bbox 336 3564 1917 3640">
     <span class='ocr_line' id='line_1_36' title="bbox 336 3564 1917 3640; baseline -0.006 -14"><span class='ocrx_word' id='word_1_293' title='bbox 336 3573 470 3626; x_wconf 81' lang='lat' dir='ltr'><strong>dixit</strong></span> <span class='ocrx_word' id='word_1_294' title='bbox 509 3586 568 3625; x_wconf 89' lang='lat' dir='ltr'><strong>se</strong></span> <span class='ocrx_word' id='word_1_295' title='bbox 604 3585 734 3625; x_wconf 68' lang='lat' dir='ltr'><strong>eSse‘</strong></span> <span class='ocrx_word' id='word_1_296' title='bbox 767 3578 1035 3640; x_wconf 87' lang='lat' dir='ltr'><strong>pastorem</strong></span> <span class='ocrx_word' id='word_1_297' title='bbox 1060 3610 1075 3634; x_wconf 89' lang='lat'><strong>,</strong></span> <span class='ocrx_word' id='word_1_298' title='bbox 1130 3566 1264 3622; x_wconf 85' lang='lat' dir='ltr'><strong>dixit</strong></span> <span class='ocrx_word' id='word_1_299' title='bbox 1309 3582 1369 3622; x_wconf 86' lang='lat' dir='ltr'><strong>se</strong></span> <span class='ocrx_word' id='word_1_300' title='bbox 1418 3580 1542 3621; x_wconf 89' lang='lat' dir='ltr'><strong>esse</strong></span> <span class='ocrx_word' id='word_1_301' title='bbox 1576 3574 1632 3620; x_wconf 87' lang='lat' dir='ltr'><strong>et</strong></span> <span class='ocrx_word' id='word_1_302' title='bbox 1681 3564 1917 3634; x_wconf 87' lang='lat' dir='ltr'><strong>januam.</strong></span> 
     </span>
    </p>
   </div>
   <div class='ocr_carea' id='block_1_37' title="bbox 339 3653 1921 3732">
    <p class='ocr_par' dir='ltr' id='par_1_37' title="bbox 339 3653 1921 3732">
     <span class='ocr_line' id='line_1_37' title="bbox 339 3653 1921 3732; baseline -0.007 -14"><span class='ocrx_word' id='word_1_303' title='bbox 339 3663 633 3732; x_wconf 82' lang='lat' dir='ltr'><strong>Utrumque</strong></span> <span class='ocrx_word' id='word_1_304' title='bbox 661 3662 730 3715; x_wconf 89' lang='lat' dir='ltr'><strong>ibi</strong></span> <span class='ocrx_word' id='word_1_305' title='bbox 765 3660 928 3715; x_wconf 89' lang='lat' dir='ltr'><strong>habes</strong></span> <span class='ocrx_word' id='word_1_306' title='bbox 958 3677 970 3713; x_wconf 92' lang='lat'>:</span> <span class='ocrx_word' id='word_1_307' title='bbox 1013 3668 1066 3713; x_wconf 91' lang='lat' dir='ltr'><strong>et</strong></span> <span class='ocrx_word' id='word_1_308' title='bbox 1088 3700 1104 3725; x_wconf 95' lang='lat'><strong>,</strong></span> <span class='ocrx_word' id='word_1_309' title='bbox 1156 3657 1267 3726; x_wconf 85' lang='lat' dir='ltr'><strong>Ego</strong></span> <span class='ocrx_word' id='word_1_310' title='bbox 1294 3674 1405 3711; x_wconf 88' lang='lat' dir='ltr'><strong>sum</strong></span> <span class='ocrx_word' id='word_1_311' title='bbox 1426 3657 1629 3726; x_wconf 84' lang='lat' dir='ltr'><strong>janua;</strong></span> <span class='ocrx_word' id='word_1_312' title='bbox 1671 3663 1763 3721; x_wconf 89' lang='lat' dir='ltr'><strong>et,</strong></span> <span class='ocrx_word' id='word_1_313' title='bbox 1809 3653 1921 3725; x_wconf 86' lang='lat' dir='ltr'><strong>Ego</strong></span> 
     </span>
    </p>
   </div>
   <div class='ocr_carea' id='block_1_38' title="bbox 338 3748 1918 3821">
    <p class='ocr_par' dir='ltr' id='par_1_38' title="bbox 338 3748 1918 3821">
     <span class='ocr_line' id='line_1_38' title="bbox 338 3748 1918 3821; baseline -0.004 -15"><span class='ocrx_word' id='word_1_314' title='bbox 338 3764 462 3807; x_wconf 86' lang='lat' dir='ltr'><strong>sum‘</strong></span> <span class='ocrx_word' id='word_1_315' title='bbox 490 3763 680 3821; x_wconf 76' lang='lat' dir='ltr'><strong>pastor.</strong></span> <span class='ocrx_word' id='word_1_316' title='bbox 712 3752 880 3806; x_wconf 77' lang='lat' dir='ltr'><strong>Janna</strong></span> <span class='ocrx_word' id='word_1_317' title='bbox 911 3758 995 3806; x_wconf 88' lang='lat' dir='ltr'><strong>est</strong></span> <span class='ocrx_word' id='word_1_318' title='bbox 1038 3750 1090 3804; x_wconf 89' lang='lat' dir='ltr'><strong>in</strong></span> <span class='ocrx_word' id='word_1_319' title='bbox 1121 3750 1291 3820; x_wconf 88' lang='lat' dir='ltr'><strong>capite</strong></span> <span class='ocrx_word' id='word_1_320' title='bbox 1311 3790 1326 3816; x_wconf 94' lang='lat'><strong>,</strong></span> <span class='ocrx_word' id='word_1_321' title='bbox 1365 3756 1544 3818; x_wconf 89' lang='lat' dir='ltr'><strong>pastor</strong></span> <span class='ocrx_word' id='word_1_322' title='bbox 1579 3748 1632 3801; x_wconf 92' lang='lat' dir='ltr'><strong>in</strong></span> <span class='ocrx_word' id='word_1_323' title='bbox 1672 3760 1918 3816; x_wconf 88' lang='lat' dir='ltr'><strong>corpore.</strong></span> 
     </span>
    </p>
   </div>
   <div class='ocr_carea' id='block_1_39' title="bbox 344 3840 1917 3912">
    <p class='ocr_par' dir='ltr' id='par_1_39' title="bbox 344 3840 1917 3912">
     <span class='ocr_line' id='line_1_39' title="bbox 344 3840 1917 3912; baseline -0.005 -13"><span class='ocrx_word' id='word_1_324' title='bbox 344 3845 486 3901; x_wconf 81' lang='lat' dir='ltr'><strong>Dicit</strong></span> <span class='ocrx_word' id='word_1_325' title='bbox 528 3846 671 3899; x_wconf 86' lang='lat' dir='ltr'><strong>enim</strong></span> <span class='ocrx_word' id='word_1_326' title='bbox 719 3846 899 3908; x_wconf 85' lang='lat' dir='ltr'><strong>Petro,</strong></span> <span class='ocrx_word' id='word_1_327' title='bbox 954 3845 1006 3897; x_wconf 89' lang='lat' dir='ltr'><strong>in</strong></span> <span class='ocrx_word' id='word_1_328' title='bbox 1051 3857 1158 3912; x_wconf 91' lang='lat' dir='ltr'><strong>quo</strong></span> <span class='ocrx_word' id='word_1_329' title='bbox 1208 3857 1312 3896; x_wconf 90' lang='lat' dir='ltr'><strong>uno</strong></span> <span class='ocrx_word' id='word_1_330' title='bbox 1352 3840 1548 3895; x_wconf 78' lang='lat' dir='ltr'><strong>format</strong></span> <span class='ocrx_word' id='word_1_331' title='bbox 1577 3840 1868 3894; x_wconf 75' lang='lat' dir='ltr'><strong>Ecclesium</strong></span> <span class='ocrx_word' id='word_1_332' title='bbox 1902 3854 1917 3891; x_wconf 88' lang='lat'><strong>:</strong></span> 
     </span>
    </p>
   </div>
   <div class='ocr_carea' id='block_1_40' title="bbox 341 3931 1925 4005">
    <p class='ocr_par' dir='ltr' id='par_1_40' title="bbox 341 3931 1925 4005">
     <span class='ocr_line' id='line_1_40' title="bbox 341 3931 1925 4005; baseline -0.002 -15"><span class='ocrx_word' id='word_1_333' title='bbox 341 3936 525 4001; x_wconf 84' lang='lat' dir='ltr'><strong>Petre,</strong></span> <span class='ocrx_word' id='word_1_334' title='bbox 573 3954 713 3991; x_wconf 87' lang='lat' dir='ltr'><strong>amas</strong></span> <span class='ocrx_word' id='word_1_335' title='bbox 748 3938 870 3991; x_wconf 84' lang='lat' dir='ltr'><strong>me?</strong></span> <span class='ocrx_word' id='word_1_336' title='bbox 918 3935 1258 4005; x_wconf 81' lang='lat' dir='ltr'><strong>Respondit:</strong></span> <span class='ocrx_word' id='word_1_337' title='bbox 1293 3934 1527 3998; x_wconf 86' lang='lat' dir='ltr'><strong>Domine,</strong></span> <span class='ocrx_word' id='word_1_338' title='bbox 1577 3950 1712 3986; x_wconf 88' lang='lat' dir='ltr'><strong>amo.</strong></span> <span class='ocrx_word' id='word_1_339' title='bbox 1759 3931 1925 3987; x_wconf 84' lang='lat' dir='ltr'><strong>Pasce</strong></span> 
     </span>
    </p>
   </div>
   <div class='ocr_carea' id='block_1_41' title="bbox 338 4023 1923 4100">
    <p class='ocr_par' dir='ltr' id='par_1_41' title="bbox 338 4023 1923 4100">
     <span class='ocr_line' id='line_1_41' title="bbox 338 4023 1923 4100; baseline -0.004 -17"><span class='ocrx_word' id='word_1_340' title='bbox 338 4048 451 4083; x_wconf 78' lang='lat' dir='ltr'><strong>oves</strong></span> <span class='ocrx_word' id='word_1_341' title='bbox 480 4045 633 4082; x_wconf 87' lang='lat' dir='ltr'><strong>meas.</strong></span> <span class='ocrx_word' id='word_1_342' title='bbox 681 4029 745 4082; x_wconf 83' lang='lat' dir='ltr'><strong>Et</strong></span> <span class='ocrx_word' id='word_1_343' title='bbox 782 4028 939 4083; x_wconf 90' lang='lat' dir='ltr'><strong>tertio</strong></span> <span class='ocrx_word' id='word_1_344' title='bbox 972 4045 985 4081; x_wconf 89' lang='lat'><strong>:</strong></span> <span class='ocrx_word' id='word_1_345' title='bbox 1022 4026 1202 4091; x_wconf 87' lang='lat' dir='ltr'><strong>Petre,</strong></span> <span class='ocrx_word' id='word_1_346' title='bbox 1234 4042 1375 4079; x_wconf 85' lang='lat' dir='ltr'><strong>muas</strong></span> <span class='ocrx_word' id='word_1_347' title='bbox 1402 4025 1525 4079; x_wconf 82' lang='lat' dir='ltr'><strong>me?</strong></span> <span class='ocrx_word' id='word_1_348' title='bbox 1567 4023 1923 4100; x_wconf 63' lang='lat' dir='ltr'><strong>Contristatus</strong></span> 
     </span>
    </p>
   </div>
   <div class='ocr_carea' id='block_1_42' title="bbox 337 4114 1915 4189">
    <p class='ocr_par' dir='ltr' id='par_1_42' title="bbox 337 4114 1915 4189">
     <span class='ocr_line' id='line_1_42' title="bbox 337 4114 1915 4189; baseline -0.004 -14"><span class='ocrx_word' id='word_1_349' title='bbox 337 4130 415 4175; x_wconf 65' lang='lat' dir='ltr'><strong>est</strong></span> <span class='ocrx_word' id='word_1_350' title='bbox 448 4122 667 4181; x_wconf 79' lang='lat' dir='ltr'><strong>Petrus,</strong></span> <span class='ocrx_word' id='word_1_351' title='bbox 701 4119 842 4189; x_wconf 87' lang='lat' dir='ltr'><strong>quod</strong></span> <span class='ocrx_word' id='word_1_352' title='bbox 869 4135 991 4173; x_wconf 88' lang='lat' dir='ltr'><strong>eum</strong></span> <span class='ocrx_word' id='word_1_353' title='bbox 1023 4120 1182 4173; x_wconf 89' lang='lat' dir='ltr'><strong>tertio</strong></span> <span class='ocrx_word' id='word_1_354' title='bbox 1222 4117 1571 4187; x_wconf 81' lang='lat' dir='ltr'><strong>interrogavit</strong></span> <span class='ocrx_word' id='word_1_355' title='bbox 1597 4114 1776 4186; x_wconf 82' lang='lat' dir='ltr'><strong>(Joan.</strong></span> <span class='ocrx_word' id='word_1_356' title='bbox 1805 4131 1915 4179; x_wconf 72' lang='lat' dir='ltr'><strong>XXI,</strong></span> 
     </span>
    </p>
   </div>
   <div class='ocr_carea' id='block_1_43' title="bbox 339 4206 1919 4280">
    <p class='ocr_par' dir='ltr' id='par_1_43' title="bbox 339 4206 1919 4280">
     <span class='ocr_line' id='line_1_43' title="bbox 339 4206 1919 4280; baseline -0.004 -15"><span class='ocrx_word' id='word_1_357' title='bbox 339 4211 531 4280; x_wconf 74' lang='grc'><strong>15-17)</strong></span> <span class='ocrx_word' id='word_1_358' title='bbox 564 4229 575 4263; x_wconf 91' lang='lat'>:</span> <span class='ocrx_word' id='word_1_359' title='bbox 623 4210 772 4280; x_wconf 81' lang='lat' dir='ltr'><strong>quasi</strong></span> <span class='ocrx_word' id='word_1_360' title='bbox 816 4210 907 4263; x_wconf 88' lang='lat' dir='ltr'><strong>ille</strong></span> <span class='ocrx_word' id='word_1_361' title='bbox 932 4210 1021 4279; x_wconf 90' lang='lat' dir='ltr'><strong>qui</strong></span> <span class='ocrx_word' id='word_1_362' title='bbox 1053 4208 1183 4262; x_wconf 82' lang='lat' dir='ltr'><strong>vidit</strong></span> <span class='ocrx_word' id='word_1_363' title='bbox 1217 4206 1600 4261; x_wconf 88' lang='lat' dir='ltr'><strong>conscientiam</strong></span> <span class='ocrx_word' id='word_1_364' title='bbox 1632 4206 1919 4275; x_wconf 84' lang='lat' dir='ltr'><strong>negatoris,</strong></span> 
     </span>
    </p>
   </div>
   <div class='ocr_carea' id='block_1_44' title="bbox 338 4296 1918 4364">
    <p class='ocr_par' dir='ltr' id='par_1_44' title="bbox 338 4296 1918 4364">
     <span class='ocr_line' id='line_1_44' title="bbox 338 4296 1918 4364; baseline -0.003 -10"><span class='ocrx_word' id='word_1_365' title='bbox 338 4317 444 4354; x_wconf 88' lang='lat' dir='ltr'><strong>non</strong></span> <span class='ocrx_word' id='word_1_366' title='bbox 472 4300 678 4354; x_wconf 83' lang='lat' dir='ltr'><strong>videret</strong></span> <span class='ocrx_word' id='word_1_367' title='bbox 706 4298 862 4355; x_wconf 84' lang='lat' dir='ltr'><strong>ﬁdem</strong></span> <span class='ocrx_word' id='word_1_368' title='bbox 899 4299 1221 4353; x_wconf 80' lang='lat' dir='ltr'><strong>conﬁtentis.</strong></span> <span class='ocrx_word' id='word_1_369' title='bbox 1253 4297 1486 4352; x_wconf 79' lang='lat' dir='ltr'><strong>Noverat</strong></span> <span class='ocrx_word' id='word_1_370' title='bbox 1514 4296 1657 4350; x_wconf 91' lang='lat' dir='ltr'><strong>illum</strong></span> <span class='ocrx_word' id='word_1_371' title='bbox 1684 4310 1918 4364; x_wconf 85' lang='lat' dir='ltr'><strong>semper,</strong></span> 
     </span>
    </p>
   </div>
   <div class='ocr_carea' id='block_1_45' title="bbox 338 4387 1919 4457">
    <p class='ocr_par' dir='ltr' id='par_1_45' title="bbox 338 4387 1919 4457">
     <span class='ocr_line' id='line_1_45' title="bbox 338 4387 1919 4457; baseline -0.003 -12"><span class='ocrx_word' id='word_1_372' title='bbox 338 4400 563 4445; x_wconf 77' lang='lat' dir='ltr'><strong>noverat</strong></span> <span class='ocrx_word' id='word_1_373' title='bbox 592 4391 742 4443; x_wconf 85' lang='lat' dir='ltr'><strong>illum</strong></span> <span class='ocrx_word' id='word_1_374' title='bbox 771 4399 819 4444; x_wconf 91' lang='lat' dir='ltr'><strong>et</strong></span> <span class='ocrx_word' id='word_1_375' title='bbox 856 4388 1067 4457; x_wconf 87' lang='lat' dir='ltr'><strong>quando</strong></span> <span class='ocrx_word' id='word_1_376' title='bbox 1094 4403 1152 4441; x_wconf 90' lang='lat' dir='ltr'><strong>se</strong></span> <span class='ocrx_word' id='word_1_377' title='bbox 1178 4388 1369 4441; x_wconf 87' lang='lat' dir='ltr'><strong>Petrus</strong></span> <span class='ocrx_word' id='word_1_378' title='bbox 1406 4387 1521 4456; x_wconf 87' lang='lat' dir='ltr'><strong>ipse</strong></span> <span class='ocrx_word' id='word_1_379' title='bbox 1549 4401 1652 4439; x_wconf 89' lang='lat' dir='ltr'><strong>non</strong></span> <span class='ocrx_word' id='word_1_380' title='bbox 1681 4394 1919 4440; x_wconf 82' lang='lat' dir='ltr'><strong>noverat.</strong></span> 
     </span>
    </p>
   </div>
   <div class='ocr_carea' id='block_1_46' title="bbox 338 4475 1921 4546">
    <p class='ocr_par' dir='ltr' id='par_1_46' title="bbox 338 4475 1921 4546">
     <span class='ocr_line' id='line_1_46' title="bbox 338 4475 1921 4546; baseline -0.004 -11"><span class='ocrx_word' id='word_1_381' title='bbox 338 4482 490 4535; x_wconf 85' lang='lat' dir='ltr'><strong>Tunc</strong></span> <span class='ocrx_word' id='word_1_382' title='bbox 521 4481 663 4535; x_wconf 88' lang='lat' dir='ltr'><strong>enim</strong></span> <span class='ocrx_word' id='word_1_383' title='bbox 701 4495 760 4533; x_wconf 90' lang='lat' dir='ltr'><strong>se</strong></span> <span class='ocrx_word' id='word_1_384' title='bbox 787 4493 892 4531; x_wconf 85' lang='lat' dir='ltr'><strong>non</strong></span> <span class='ocrx_word' id='word_1_385' title='bbox 922 4484 1160 4539; x_wconf 78' lang='lat' dir='ltr'><strong>noverat,</strong></span> <span class='ocrx_word' id='word_1_386' title='bbox 1191 4476 1405 4546; x_wconf 86' lang='lat' dir='ltr'><strong>quando</strong></span> <span class='ocrx_word' id='word_1_387' title='bbox 1432 4476 1587 4543; x_wconf 79' lang='lat' dir='ltr'><strong>dixit,</strong></span> <span class='ocrx_word' id='word_1_388' title='bbox 1621 4475 1809 4529; x_wconf 86' lang='lat' dir='ltr'><strong>Tecum</strong></span> <span class='ocrx_word' id='word_1_389' title='bbox 1837 4493 1921 4530; x_wconf 87' lang='lat' dir='ltr'><strong>ero</strong></span> 
     </span>
    </p>
   </div>
   <div class='ocr_carea' id='block_1_47' title="bbox 337 4566 1918 4641">
    <p class='ocr_par' dir='ltr' id='par_1_47' title="bbox 337 4566 1918 4641">
     <span class='ocr_line' id='line_1_47' title="bbox 337 4566 1918 4641; baseline -0.003 -16"><span class='ocrx_word' id='word_1_390' title='bbox 337 4586 496 4641; x_wconf 82' lang='lat' dir='ltr'><strong>usque</strong></span> <span class='ocrx_word' id='word_1_391' title='bbox 520 4569 587 4621; x_wconf 86' lang='lat' dir='ltr'><strong>ad</strong></span> <span class='ocrx_word' id='word_1_392' title='bbox 616 4579 826 4621; x_wconf 82' lang='lat' dir='ltr'><strong>mortem</strong></span> <span class='ocrx_word' id='word_1_393' title='bbox 855 4584 873 4622; x_wconf 87' lang='lat'><strong><em>:</em></strong></span> <span class='ocrx_word' id='word_1_394' title='bbox 902 4576 955 4622; x_wconf 88' lang='lat' dir='ltr'><strong>et</strong></span> <span class='ocrx_word' id='word_1_395' title='bbox 979 4582 1136 4637; x_wconf 88' lang='lat' dir='ltr'><strong>quam</strong></span> <span class='ocrx_word' id='word_1_396' title='bbox 1165 4576 1308 4620; x_wconf 89' lang='lat' dir='ltr'><strong>esset</strong></span> <span class='ocrx_word' id='word_1_397' title='bbox 1337 4566 1600 4631; x_wconf 82' lang='lat' dir='ltr'><strong>inﬁrmus,</strong></span> <span class='ocrx_word' id='word_1_398' title='bbox 1630 4567 1918 4622; x_wconf 85' lang='lat' dir='ltr'><strong>nesciebat.</strong></span> 
     </span>
    </p>
   </div>
   <div class='ocr_carea' id='block_1_48' title="bbox 335 4658 1923 4730">
    <p class='ocr_par' dir='ltr' id='par_1_48' title="bbox 335 4658 1923 4730">
     <span class='ocr_line' id='line_1_48' title="bbox 335 4658 1923 4730; baseline 0.003 -21"><span class='ocrx_word' id='word_1_399' title='bbox 335 4659 617 4730; x_wconf 79' lang='lat' dir='ltr'><strong>Q::ontodo</strong></span> <span class='ocrx_word' id='word_1_400' title='bbox 647 4659 958 4729; x_wconf 77' lang='lat' dir='ltr'><strong>plerumque</strong></span> <span class='ocrx_word' id='word_1_401' title='bbox 986 4672 1171 4711; x_wconf 82' lang='lat' dir='ltr'><strong>revera</strong></span> <span class='ocrx_word' id='word_1_402' title='bbox 1204 4666 1258 4711; x_wconf 90' lang='lat' dir='ltr'><strong>et</strong></span> <span class='ocrx_word' id='word_1_403' title='bbox 1288 4658 1514 4713; x_wconf 90' lang='lat' dir='ltr'><strong>inﬁrmis</strong></span> <span class='ocrx_word' id='word_1_404' title='bbox 1542 4659 1835 4727; x_wconf 81' lang='lat' dir='ltr'><strong>contingit,</strong></span> <span class='ocrx_word' id='word_1_405' title='bbox 1866 4667 1923 4713; x_wconf 91' lang='lat' dir='ltr'><strong>ut</strong></span> 
     </span>
    </p>
   </div>
   <div class='ocr_carea' id='block_1_49' title="bbox 338 4748 1918 4824">
    <p class='ocr_par' dir='ltr' id='par_1_49' title="bbox 338 4748 1918 4824">
     <span class='ocr_line' id='line_1_49' title="bbox 338 4748 1918 4824; baseline 0 -21"><span class='ocrx_word' id='word_1_406' title='bbox 338 4761 571 4824; x_wconf 81' lang='lat' dir='ltr'><strong>:egrotus</strong></span> <span class='ocrx_word' id='word_1_407' title='bbox 616 4750 821 4805; x_wconf 84' lang='lat' dir='ltr'><strong>nesciat</strong></span> <span class='ocrx_word' id='word_1_408' title='bbox 859 4748 984 4819; x_wconf 88' lang='lat' dir='ltr'><strong>quid</strong></span> <span class='ocrx_word' id='word_1_409' title='bbox 1018 4749 1067 4801; x_wconf 90' lang='lat' dir='ltr'><strong>in</strong></span> <span class='ocrx_word' id='word_1_410' title='bbox 1101 4749 1189 4802; x_wconf 88' lang='lat' dir='ltr'><strong>illo</strong></span> <span class='ocrx_word' id='word_1_411' title='bbox 1220 4758 1443 4818; x_wconf 81' lang='lat' dir='ltr'><strong>agatur,</strong></span> <span class='ocrx_word' id='word_1_412' title='bbox 1480 4748 1717 4804; x_wconf 90' lang='lat' dir='ltr'><strong>medicus</strong></span> <span class='ocrx_word' id='word_1_413' title='bbox 1743 4758 1918 4803; x_wconf 91' lang='lat' dir='ltr'><strong>autem</strong></span> 
     </span>
    </p>
   </div>
   <div class='ocr_carea' id='block_1_50' title="bbox 338 4840 1921 4911">
    <p class='ocr_par' dir='ltr' id='par_1_50' title="bbox 338 4840 1921 4911">
     <span class='ocr_line' id='line_1_50' title="bbox 338 4840 1921 4911; baseline -0.002 -14"><span class='ocrx_word' id='word_1_414' title='bbox 338 4844 472 4897; x_wconf 83' lang='lat' dir='ltr'><strong>sciat</strong></span> <span class='ocrx_word' id='word_1_415' title='bbox 501 4861 514 4897; x_wconf 92' lang='lat'>:</span> <span class='ocrx_word' id='word_1_416' title='bbox 543 4857 663 4897; x_wconf 85' lang='lat' dir='ltr'><strong>cum</strong></span> <span class='ocrx_word' id='word_1_417' title='bbox 692 4841 783 4896; x_wconf 79' lang='lat' dir='ltr'><strong>ille</strong></span> <span class='ocrx_word' id='word_1_418' title='bbox 808 4840 1175 4911; x_wconf 72' lang='lat' dir='ltr'><strong>mgritudiuem</strong></span> <span class='ocrx_word' id='word_1_419' title='bbox 1205 4840 1372 4908; x_wconf 89' lang='lat' dir='ltr'><strong>ipsam</strong></span> <span class='ocrx_word' id='word_1_420' title='bbox 1402 4840 1651 4909; x_wconf 90' lang='lat' dir='ltr'><strong>patiatur,</strong></span> <span class='ocrx_word' id='word_1_421' title='bbox 1685 4840 1921 4894; x_wconf 88' lang='lat' dir='ltr'><strong>medicus</strong></span> 
     </span>
    </p>
   </div>
   <div class='ocr_carea' id='block_1_51' title="bbox 338 4918 1918 5004">
    <p class='ocr_par' dir='ltr' id='par_1_51' title="bbox 338 4918 1918 5004">
     <span class='ocr_line' id='line_1_51' title="bbox 338 4918 1918 5004; baseline -0.001 -17"><span class='ocrx_word' id='word_1_422' title='bbox 338 4950 445 4988; x_wconf 86' lang='lat' dir='ltr'><strong>non</strong></span> <span class='ocrx_word' id='word_1_423' title='bbox 490 4934 738 5004; x_wconf 89' lang='lat' dir='ltr'><strong>patiatur.</strong></span> <span class='ocrx_word' id='word_1_424' title='bbox 792 4930 958 5003; x_wconf 78' lang='lat' dir='ltr'><strong>Magis</strong></span> <span class='ocrx_word' id='word_1_425' title='bbox 994 4932 1129 4986; x_wconf 89' lang='lat' dir='ltr'><strong>dicit</strong></span> <span class='ocrx_word' id='word_1_426' title='bbox 1177 4923 1415 4987; x_wconf 84' lang='lat' dir='ltr'><strong>medicus</strong></span> <span class='ocrx_word' id='word_1_427' title='bbox 1460 4931 1585 5002; x_wconf 88' lang='lat' dir='ltr'><strong>quid</strong></span> <span class='ocrx_word' id='word_1_428' title='bbox 1635 4918 1819 5001; x_wconf 79' lang='lat' dir='ltr'><strong>agatur</strong></span> <span class='ocrx_word' id='word_1_429' title='bbox 1866 4932 1918 4986; x_wconf 91' lang='lat' dir='ltr'><strong>in</strong></span> 
     </span>
    </p>
   </div>
   <div class='ocr_carea' id='block_1_52' title="bbox 338 5023 1916 5094">
    <p class='ocr_par' dir='ltr' id='par_1_52' title="bbox 338 5023 1916 5094">
     <span class='ocr_line' id='line_1_52' title="bbox 338 5023 1916 5094; baseline -0.002 -15"><span class='ocrx_word' id='word_1_430' title='bbox 338 5026 535 5088; x_wconf 70' lang='lat' dir='ltr'><strong>altera,</strong></span> <span class='ocrx_word' id='word_1_431' title='bbox 566 5040 724 5094; x_wconf 87' lang='lat' dir='ltr'><strong>quam</strong></span> <span class='ocrx_word' id='word_1_432' title='bbox 758 5024 846 5079; x_wconf 86' lang='lat' dir='ltr'><strong>ille</strong></span> <span class='ocrx_word' id='word_1_433' title='bbox 881 5026 968 5093; x_wconf 88' lang='lat' dir='ltr'><strong>qui</strong></span> <span class='ocrx_word' id='word_1_434' title='bbox 998 5033 1220 5093; x_wconf 71' lang='lat' dir='ltr'><strong>mgmtat</strong></span> <span class='ocrx_word' id='word_1_435' title='bbox 1247 5023 1373 5093; x_wconf 90' lang='lat' dir='ltr'><strong>quid</strong></span> <span class='ocrx_word' id='word_1_436' title='bbox 1404 5032 1593 5094; x_wconf 83' lang='lat' dir='ltr'><strong>agatur</strong></span> <span class='ocrx_word' id='word_1_437' title='bbox 1621 5023 1671 5077; x_wconf 91' lang='lat' dir='ltr'><strong>in</strong></span> <span class='ocrx_word' id='word_1_438' title='bbox 1698 5037 1756 5078; x_wconf 87' lang='lat' dir='ltr'><strong>se</strong></span> <span class='ocrx_word' id='word_1_439' title='bbox 1784 5023 1916 5093; x_wconf 87' lang='lat' dir='ltr'><strong>ipso.</strong></span> 
     </span>
    </p>
   </div>
   <div class='ocr_carea' id='block_1_53' title="bbox 338 5112 1918 5184">
    <p class='ocr_par' dir='ltr' id='par_1_53' title="bbox 338 5112 1918 5184">
     <span class='ocr_line' id='line_1_53' title="bbox 338 5112 1918 5184; baseline -0.001 -15"><span class='ocrx_word' id='word_1_440' title='bbox 338 5115 529 5169; x_wconf 82' lang='lat' dir='ltr'><strong>Petrus</strong></span> <span class='ocrx_word' id='word_1_441' title='bbox 555 5130 681 5184; x_wconf 86' lang='lat' dir='ltr'><strong>ergo</strong></span> <span class='ocrx_word' id='word_1_442' title='bbox 708 5123 835 5168; x_wconf 82' lang='lat' dir='ltr'><strong>tunc</strong></span> <span class='ocrx_word' id='word_1_443' title='bbox 869 5113 1132 5176; x_wconf 86' lang='lat' dir='ltr'><strong>inﬁrmus,</strong></span> <span class='ocrx_word' id='word_1_444' title='bbox 1161 5113 1414 5167; x_wconf 88' lang='lat' dir='ltr'><strong>Dominus</strong></span> <span class='ocrx_word' id='word_1_445' title='bbox 1443 5122 1620 5166; x_wconf 90' lang='lat' dir='ltr'><strong>autem</strong></span> <span class='ocrx_word' id='word_1_446' title='bbox 1657 5112 1918 5168; x_wconf 87' lang='lat' dir='ltr'><strong>medicus.</strong></span> 
     </span>
    </p>
   </div>
   <div class='ocr_carea' id='block_1_54' title="bbox 338 5204 1918 5273">
    <p class='ocr_par' dir='ltr' id='par_1_54' title="bbox 338 5204 1918 5273">
     <span class='ocr_line' id='line_1_54' title="bbox 338 5204 1918 5273; baseline 0.001 -14"><span class='ocrx_word' id='word_1_447' title='bbox 338 5207 441 5261; x_wconf 75' lang='lat' dir='ltr'><strong>iste</strong></span> <span class='ocrx_word' id='word_1_448' title='bbox 466 5205 675 5260; x_wconf 88' lang='lat' dir='ltr'><strong>dicebat</strong></span> <span class='ocrx_word' id='word_1_449' title='bbox 698 5220 757 5259; x_wconf 85' lang='lat' dir='ltr'><strong>se</strong></span> <span class='ocrx_word' id='word_1_450' title='bbox 788 5204 984 5260; x_wconf 89' lang='lat' dir='ltr'><strong>habere</strong></span> <span class='ocrx_word' id='word_1_451' title='bbox 1027 5204 1190 5269; x_wconf 88' lang='lat' dir='ltr'><strong>vires,</strong></span> <span class='ocrx_word' id='word_1_452' title='bbox 1233 5205 1324 5273; x_wconf 88' lang='lat' dir='ltr'><strong>qui</strong></span> <span class='ocrx_word' id='word_1_453' title='bbox 1363 5219 1468 5259; x_wconf 90' lang='lat' dir='ltr'><strong>non</strong></span> <span class='ocrx_word' id='word_1_454' title='bbox 1512 5205 1741 5260; x_wconf 87' lang='lat' dir='ltr'><strong>habebat</strong></span> <span class='ocrx_word' id='word_1_455' title='bbox 1775 5223 1787 5258; x_wconf 95' lang='lat'><strong>:</strong></span> <span class='ocrx_word' id='word_1_456' title='bbox 1830 5206 1918 5260; x_wconf 90' lang='lat' dir='ltr'><strong>ille</strong></span> 
     </span>
    </p>
   </div>
   <div class='ocr_carea' id='block_1_55' title="bbox 336 5291 1964 5368">
    <p class='ocr_par' dir='ltr' id='par_1_55' title="bbox 336 5291 1964 5368">
     <span class='ocr_line' id='line_1_55' title="bbox 336 5291 1964 5368; baseline 0.001 -19"><span class='ocrx_word' id='word_1_457' title='bbox 336 5305 512 5352; x_wconf 79' lang='lat' dir='ltr'><strong>autem</strong></span> <span class='ocrx_word' id='word_1_458' title='bbox 551 5306 773 5368; x_wconf 82' lang='lat' dir='ltr'><strong>tangens</strong></span> <span class='ocrx_word' id='word_1_459' title='bbox 800 5310 993 5351; x_wconf 79' lang='lat' dir='ltr'><strong>venam</strong></span> <span class='ocrx_word' id='word_1_460' title='bbox 1021 5293 1198 5350; x_wconf 88' lang='lat' dir='ltr'><strong>cordis</strong></span> <span class='ocrx_word' id='word_1_461' title='bbox 1227 5294 1364 5364; x_wconf 87' lang='lat' dir='ltr'><strong>ejus,</strong></span> <span class='ocrx_word' id='word_1_462' title='bbox 1410 5295 1619 5351; x_wconf 88' lang='lat' dir='ltr'><strong>dicebat</strong></span> <span class='ocrx_word' id='word_1_463' title='bbox 1657 5296 1801 5365; x_wconf 89' lang='lat' dir='ltr'><strong>quod</strong></span> <span class='ocrx_word' id='word_1_464' title='bbox 1840 5306 1919 5351; x_wconf 91' lang='lat' dir='ltr'><strong>ter</strong></span> <span class='ocrx_word' id='word_1_465' title='bbox 1951 5291 1964 5303; x_wconf 74' lang='grc'><em>“</em></span> 
     </span>
    </p>
   </div>
   <div class='ocr_carea' id='block_1_56' title="bbox 337 5387 1918 5462">
    <p class='ocr_par' dir='ltr' id='par_1_56' title="bbox 337 5387 1918 5462">
     <span class='ocr_line' id='line_1_56' title="bbox 337 5387 1918 5462; baseline -0.003 -16"><span class='ocrx_word' id='word_1_466' title='bbox 337 5406 458 5446; x_wconf 82' lang='lat' dir='ltr'><strong>eum</strong></span> <span class='ocrx_word' id='word_1_467' title='bbox 507 5400 649 5447; x_wconf 84' lang='lat' dir='ltr'><strong>esset</strong></span> <span class='ocrx_word' id='word_1_468' title='bbox 697 5402 1002 5462; x_wconf 75' lang='lat' dir='ltr'><strong>negaturus.</strong></span> <span class='ocrx_word' id='word_1_469' title='bbox 1056 5388 1125 5441; x_wconf 83' lang='lat' dir='ltr'><strong>Et</strong></span> <span class='ocrx_word' id='word_1_470' title='bbox 1172 5388 1244 5441; x_wconf 90' lang='lat' dir='ltr'><strong>ita</strong></span> <span class='ocrx_word' id='word_1_471' title='bbox 1287 5387 1486 5442; x_wconf 79' lang='lat' dir='ltr'><strong>factum</strong></span> <span class='ocrx_word' id='word_1_472' title='bbox 1527 5395 1608 5441; x_wconf 89' lang='lat' dir='ltr'><strong>est</strong></span> <span class='ocrx_word' id='word_1_473' title='bbox 1647 5389 1918 5457; x_wconf 90' lang='lat' dir='ltr'><strong>quomodo</strong></span> 
     </span>
    </p>
   </div>
   <div class='ocr_carea' id='block_1_57' title="bbox 339 5478 1917 5551">
    <p class='ocr_par' dir='ltr' id='par_1_57' title="bbox 339 5478 1917 5551">
     <span class='ocr_line' id='line_1_57' title="bbox 339 5478 1917 5551; baseline -0.001 -17"><span class='ocrx_word' id='word_1_474' title='bbox 339 5481 584 5551; x_wconf 74' lang='lat' dir='ltr'><strong>praedixit</strong></span> <span class='ocrx_word' id='word_1_475' title='bbox 613 5480 851 5536; x_wconf 79' lang='lat' dir='ltr'><strong>medicus</strong></span> <span class='ocrx_word' id='word_1_476' title='bbox 873 5522 887 5539; x_wconf 91' lang='lat'><strong>,</strong></span> <span class='ocrx_word' id='word_1_477' title='bbox 932 5495 1043 5532; x_wconf 84' lang='lat' dir='ltr'><strong>non</strong></span> <span class='ocrx_word' id='word_1_478' title='bbox 1072 5478 1341 5548; x_wconf 87' lang='lat' dir='ltr'><strong>quomodo</strong></span> <span class='ocrx_word' id='word_1_479' title='bbox 1374 5480 1715 5547; x_wconf 79' lang='lat' dir='ltr'><strong>przcsumpsit</strong></span> <span class='ocrx_word' id='word_1_480' title='bbox 1741 5494 1917 5549; x_wconf 79' lang='lat' dir='ltr'><strong>aegro—</strong></span> 
     </span>
    </p>
   </div>
   <div class='ocr_carea' id='block_1_58' title="bbox 328 5554 1917 5640">
    <p class='ocr_par' dir='ltr' id='par_1_58' title="bbox 328 5554 1917 5640">
     <span class='ocr_line' id='line_1_58' title="bbox 328 5554 1917 5640; baseline 0 -16"><span class='ocrx_word' id='word_1_481' title='bbox 328 5580 423 5625; x_wconf 66' lang='lat' dir='ltr'><strong>tus</strong></span> <span class='ocrx_word' id='word_1_482' title='bbox 453 5554 618 5640; x_wconf 81' lang='lat' dir='ltr'><strong>(Luc.</strong></span> <span class='ocrx_word' id='word_1_483' title='bbox 652 5566 765 5624; x_wconf 63' lang='lat' dir='ltr'><strong>x‘xu</strong></span> <span class='ocrx_word' id='word_1_484' title='bbox 789 5609 804 5632; x_wconf 91' lang='lat'><strong>,</strong></span> <span class='ocrx_word' id='word_1_485' title='bbox 832 5571 925 5627; x_wconf 42' lang='lat'><strong>‘33.</strong></span> <span class='ocrx_word' id='word_1_486' title='bbox 959 5570 1046 5629; x_wconf 65' lang='grc'><strong>54.</strong></span> <span class='ocrx_word' id='word_1_487' title='bbox 1077 5567 1292 5635; x_wconf 77' lang='lat'><strong>55-61).</strong></span> <span class='ocrx_word' id='word_1_488' title='bbox 1334 5567 1474 5637; x_wconf 85' lang='lat' dir='ltr'><strong>Ergo</strong></span> <span class='ocrx_word' id='word_1_489' title='bbox 1514 5576 1635 5637; x_wconf 85' lang='lat' dir='ltr'><strong>post</strong></span> <span class='ocrx_word' id='word_1_490' title='bbox 1672 5583 1917 5624; x_wconf 87' lang='lat' dir='ltr'><strong>resurre-</strong></span> 
     </span>
    </p>
   </div>
   <div class='ocr_carea' id='block_1_59' title="bbox 328 5658 1916 5735">
    <p class='ocr_par' dir='ltr' id='par_1_59' title="bbox 328 5658 1916 5735">
     <span class='ocr_line' id='line_1_59' title="bbox 328 5658 1916 5735; baseline 0.002 -23"><span class='ocrx_word' id='word_1_491' title='bbox 328 5660 566 5735; x_wconf 64' lang='lat' dir='ltr'><strong>qionem</strong></span> <span class='ocrx_word' id='word_1_492' title='bbox 597 5676 746 5713; x_wconf 85' lang='lat' dir='ltr'><strong>suam</strong></span> <span class='ocrx_word' id='word_1_493' title='bbox 777 5659 1030 5714; x_wconf 83' lang='lat' dir='ltr'><strong>Dominus</strong></span> <span class='ocrx_word' id='word_1_494' title='bbox 1084 5658 1428 5729; x_wconf 85' lang='lat' dir='ltr'><strong>interrogavit</strong></span> <span class='ocrx_word' id='word_1_495' title='bbox 1473 5675 1619 5725; x_wconf 85' lang='lat' dir='ltr'><strong>eum,</strong></span> <span class='ocrx_word' id='word_1_496' title='bbox 1671 5676 1774 5714; x_wconf 89' lang='lat' dir='ltr'><strong>non</strong></span> <span class='ocrx_word' id='word_1_497' title='bbox 1821 5674 1916 5715; x_wconf 87' lang='lat' dir='ltr'><strong>ne-</strong></span> 
     </span>
    </p>
   </div>
   <div class='ocr_carea' id='block_1_60' title="bbox 330 5752 1914 5822">
    <p class='ocr_par' dir='ltr' id='par_1_60' title="bbox 330 5752 1914 5822">
     <span class='ocr_line' id='line_1_60' title="bbox 330 5752 1914 5822; baseline 0.003 -19"><span class='ocrx_word' id='word_1_498' title='bbox 330 5757 414 5808; x_wconf 62' lang='grc' dir='ltr'><strong>μὶ</strong></span> <span class='ocrx_word' id='word_1_499' title='bbox 455 5768 513 5806; x_wconf 77' lang='lat' dir='ltr'><strong>tr:</strong></span> <span class='ocrx_word' id='word_1_500' title='bbox 543 5766 648 5822; x_wconf 75' lang='lat' dir='ltr'><strong>quo</strong></span> <span class='ocrx_word' id='word_1_501' title='bbox 694 5752 780 5806; x_wconf 90' lang='lat' dir='ltr'><strong>ille</strong></span> <span class='ocrx_word' id='word_1_502' title='bbox 824 5754 1001 5807; x_wconf 89' lang='lat' dir='ltr'><strong>animo</strong></span> <span class='ocrx_word' id='word_1_503' title='bbox 1031 5752 1388 5807; x_wconf 77' lang='lat' dir='ltr'><strong>conﬁteretur</strong></span> <span class='ocrx_word' id='word_1_504' title='bbox 1431 5767 1668 5809; x_wconf 78' lang='lat' dir='ltr'><strong>amorem</strong></span> <span class='ocrx_word' id='word_1_505' title='bbox 1696 5753 1914 5814; x_wconf 66' lang='lat' dir='ltr'><strong>Christi,</strong></span> 
     </span>
    </p>
   </div>
   <div class='ocr_carea' id='block_1_61' title="bbox 1560 340 2373 404">
    <p class='ocr_par' dir='ltr' id='par_1_61' title="bbox 1560 340 2373 404">
     <span class='ocr_line' id='line_1_61' title="bbox 1560 340 2373 404; baseline -0.002 -3"><span class='ocrx_word' id='word_1_506' title='bbox 1560 346 1619 402; x_wconf 94' lang='lat' dir='ltr'><strong>S.</strong></span> <span class='ocrx_word' id='word_1_507' title='bbox 1658 340 2025 404; x_wconf 81' lang='lat' dir='ltr'><strong>AUGUSTINI</strong></span> <span class='ocrx_word' id='word_1_508' title='bbox 2066 340 2373 400; x_wconf 79' lang='lat' dir='ltr'><strong>EPISCOPI</strong></span> 
     </span>
    </p>
   </div>
   <div class='ocr_carea' id='block_1_62' title="bbox 1668 3108 1978 3163">
    <p class='ocr_par' dir='ltr' id='par_1_62' title="bbox 1668 3108 1978 3163">
     <span class='ocr_line' id='line_1_62' title="bbox 1668 3108 1978 3163; baseline -0.006 0"><span class='ocrx_word' id='word_1_509' title='bbox 1668 3108 1821 3163; x_wconf 84' lang='lat' dir='ltr'><strong>Ibunt</strong></span> <span class='ocrx_word' id='word_1_510' title='bbox 1847 3108 1925 3162; x_wconf 85' lang='lat' dir='ltr'><strong>illi</strong></span> <span class='ocrx_word' id='word_1_511' title='bbox 1973 3137 1978 3143; x_wconf 85' lang='lat'><strong><em>~</em></strong></span> 
     </span>
    </p>
   </div>
   <div class='ocr_carea' id='block_1_63' title="bbox 2030 458 3607 528">
    <p class='ocr_par' dir='ltr' id='par_1_63' title="bbox 2030 458 3607 528">
     <span class='ocr_line' id='line_1_63' title="bbox 2030 458 3607 528; baseline 0.009 -15"><span class='ocrx_word' id='word_1_512' title='bbox 2030 458 2123 513; x_wconf 90' lang='lat' dir='ltr'><strong>sed</strong></span> <span class='ocrx_word' id='word_1_513' title='bbox 2159 468 2217 514; x_wconf 91' lang='lat' dir='ltr'><strong>ut</strong></span> <span class='ocrx_word' id='word_1_514' title='bbox 2257 460 2394 513; x_wconf 85' lang='lat' dir='ltr'><strong>trina</strong></span> <span class='ocrx_word' id='word_1_515' title='bbox 2418 458 2754 514; x_wconf 87' lang='lat' dir='ltr'><strong>confessione</strong></span> <span class='ocrx_word' id='word_1_516' title='bbox 2781 461 3016 528; x_wconf 76' lang='lat' dir='ltr'><strong>amoris,</strong></span> <span class='ocrx_word' id='word_1_517' title='bbox 3046 461 3251 522; x_wconf 85' lang='lat' dir='ltr'><strong>deleret</strong></span> <span class='ocrx_word' id='word_1_518' title='bbox 3292 467 3487 525; x_wconf 85' lang='lat' dir='ltr'><strong>trinam</strong></span> <span class='ocrx_word' id='word_1_519' title='bbox 3518 488 3607 527; x_wconf 85' lang='lat' dir='ltr'><strong>uc-</strong></span> 
     </span>
    </p>
   </div>
   <div class='ocr_carea' id='block_1_64' title="bbox 2029 550 2549 620">
    <p class='ocr_par' dir='ltr' id='par_1_64' title="bbox 2029 550 2549 620">
     <span class='ocr_line' id='line_1_64' title="bbox 2029 550 2549 620; baseline 0.004 -18"><span class='ocrx_word' id='word_1_520' title='bbox 2029 551 2294 620; x_wconf 79' lang='lat' dir='ltr'><strong>gationem</strong></span> <span class='ocrx_word' id='word_1_521' title='bbox 2324 550 2549 604; x_wconf 80' lang='lat' dir='ltr'><strong>timoris.</strong></span> 
     </span>
    </p>
   </div>
   <div class='ocr_carea' id='block_1_65' title="bbox 2100 624 3613 719">
    <p class='ocr_par' dir='ltr' id='par_1_65' title="bbox 2100 624 3613 719">
     <span class='ocr_line' id='line_1_65' title="bbox 2100 624 3613 719; baseline 0.007 -24"><span class='ocrx_word' id='word_1_522' title='bbox 2100 640 2328 696; x_wconf 82' lang='lat' dir='ltr'><strong>CAPUT</strong></span> <span class='ocrx_word' id='word_1_523' title='bbox 2369 641 2456 695; x_wconf 82' lang='lat' dir='ltr'><strong>IV.</strong></span> <span class='ocrx_word' id='word_1_524' title='bbox 2500 671 2572 681; x_wconf 96' lang='lat'><strong><em>—</em></strong></span> <span class='ocrx_word' id='word_1_525' title='bbox 2611 643 2663 696; x_wconf 69' lang='grc'><strong>4.</strong></span> <span class='ocrx_word' id='word_1_526' title='bbox 2701 643 2833 708; x_wconf 83' lang='lat' dir='ltr'><strong>Quia</strong></span> <span class='ocrx_word' id='word_1_527' title='bbox 2877 660 2909 696; x_wconf 89' lang='lat' dir='ltr'><strong>a</strong></span> <span class='ocrx_word' id='word_1_528' title='bbox 2951 644 3102 699; x_wconf 85' lang='lat' dir='ltr'><strong>Petro</strong></span> <span class='ocrx_word' id='word_1_529' title='bbox 3142 624 3380 719; x_wconf 47' lang='lat' dir='ltr'><strong>exigitur.</strong></span> <span class='ocrx_word' id='word_1_530' title='bbox 3418 648 3613 706; x_wconf 75' lang='lat' dir='ltr'><strong>Intrare</strong></span> 
     </span>
    </p>
   </div>
   <div class='ocr_carea' id='block_1_66' title="bbox 2031 734 3610 810">
    <p class='ocr_par' dir='ltr' id='par_1_66' title="bbox 2031 734 3610 810">
     <span class='ocr_line' id='line_1_66' title="bbox 2031 734 3610 810; baseline 0.006 -23"><span class='ocrx_word' id='word_1_531' title='bbox 2031 750 2119 804; x_wconf 85' lang='lat' dir='ltr'><strong>per</strong></span> <span class='ocrx_word' id='word_1_532' title='bbox 2131 734 2348 803; x_wconf 88' lang='lat' dir='ltr'><strong>januam</strong></span> <span class='ocrx_word' id='word_1_533' title='bbox 2377 735 2427 787; x_wconf 85' lang='lat' dir='ltr'><strong>in</strong></span> <span class='ocrx_word' id='word_1_534' title='bbox 2454 734 2600 787; x_wconf 85' lang='lat' dir='ltr'><strong>ovile.</strong></span> <span class='ocrx_word' id='word_1_535' title='bbox 2629 735 2767 803; x_wconf 82' lang='lat' dir='ltr'><strong>Ergo</strong></span> <span class='ocrx_word' id='word_1_536' title='bbox 2795 735 2897 791; x_wconf 86' lang='lat' dir='ltr'><strong>hoc</strong></span> <span class='ocrx_word' id='word_1_537' title='bbox 2919 737 3174 793; x_wconf 86' lang='lat' dir='ltr'><strong>Dominus</strong></span> <span class='ocrx_word' id='word_1_538' title='bbox 3194 741 3358 810; x_wconf 77' lang='lat' dir='ltr'><strong>exigit</strong></span> <span class='ocrx_word' id='word_1_539' title='bbox 3382 757 3411 793; x_wconf 89' lang='lat' dir='ltr'><strong>a</strong></span> <span class='ocrx_word' id='word_1_540' title='bbox 3436 742 3610 806; x_wconf 80' lang='lat' dir='ltr'><strong>Petro.</strong></span> 
     </span>
    </p>
   </div>
   <div class='ocr_carea' id='block_1_67' title="bbox 2032 826 3613 902">
    <p class='ocr_par' dir='ltr' id='par_1_67' title="bbox 2032 826 3613 902">
     <span class='ocr_line' id='line_1_67' title="bbox 2032 826 3613 902; baseline 0.005 -21"><span class='ocrx_word' id='word_1_541' title='bbox 2032 826 2217 891; x_wconf 78' lang='lat' dir='ltr'><strong>Petro,</strong></span> <span class='ocrx_word' id='word_1_542' title='bbox 2250 845 2393 882; x_wconf 88' lang='lat' dir='ltr'><strong>amas</strong></span> <span class='ocrx_word' id='word_1_543' title='bbox 2426 829 2544 882; x_wconf 85' lang='lat' dir='ltr'><strong>me?</strong></span> <span class='ocrx_word' id='word_1_544' title='bbox 2582 830 2731 897; x_wconf 91' lang='lat' dir='ltr'><strong>quasi</strong></span> <span class='ocrx_word' id='word_1_545' title='bbox 2753 871 2768 887; x_wconf 88' lang='lat'><strong>,</strong></span> <span class='ocrx_word' id='word_1_546' title='bbox 2795 831 2931 894; x_wconf 81' lang='lat' dir='ltr'><strong>Quid</strong></span> <span class='ocrx_word' id='word_1_547' title='bbox 2960 832 3090 884; x_wconf 88' lang='lat' dir='ltr'><strong>mihi</strong></span> <span class='ocrx_word' id='word_1_548' title='bbox 3122 833 3295 896; x_wconf 82' lang='lat' dir='ltr'><strong>dabis,</strong></span> <span class='ocrx_word' id='word_1_549' title='bbox 3327 834 3454 902; x_wconf 88' lang='lat' dir='ltr'><strong>quid</strong></span> <span class='ocrx_word' id='word_1_550' title='bbox 3488 836 3613 889; x_wconf 82' lang='lat' dir='ltr'><strong>mihi</strong></span> 
     </span>
    </p>
   </div>
   <div class='ocr_carea' id='block_1_68' title="bbox 2031 919 3610 988">
    <p class='ocr_par' dir='ltr' id='par_1_68' title="bbox 2031 919 3610 988">
     <span class='ocr_line' id='line_1_68' title="bbox 2031 919 3610 988; baseline 0.006 -17"><span class='ocrx_word' id='word_1_551' title='bbox 2031 920 2330 987; x_wconf 75' lang='lat' dir='ltr'><strong>praestabis,</strong></span> <span class='ocrx_word' id='word_1_552' title='bbox 2360 919 2480 988; x_wconf 88' lang='lat' dir='ltr'><strong>quia</strong></span> <span class='ocrx_word' id='word_1_553' title='bbox 2507 935 2654 973; x_wconf 82' lang='lat' dir='ltr'><strong>amas</strong></span> <span class='ocrx_word' id='word_1_554' title='bbox 2683 937 2768 975; x_wconf 89' lang='lat' dir='ltr'><strong>me</strong></span> <span class='ocrx_word' id='word_1_555' title='bbox 2784 921 2809 973; x_wconf 68' lang='grc' dir='ltr'><strong><em>Ῥ</em></strong></span> <span class='ocrx_word' id='word_1_556' title='bbox 2835 922 2970 988; x_wconf 86' lang='lat' dir='ltr'><strong>Quid</strong></span> <span class='ocrx_word' id='word_1_557' title='bbox 2996 932 3111 976; x_wconf 89' lang='lat' dir='ltr'><strong>erat</strong></span> <span class='ocrx_word' id='word_1_558' title='bbox 3143 935 3489 988; x_wconf 65' lang='lat' dir='ltr'><strong>prmstaturus</strong></span> <span class='ocrx_word' id='word_1_559' title='bbox 3514 928 3610 981; x_wconf 81' lang='lat' dir='ltr'><strong>l‘e-</strong></span> 
     </span>
    </p>
   </div>
   <div class='ocr_carea' id='block_1_69' title="bbox 2033 1011 3615 1085">
    <p class='ocr_par' dir='ltr' id='par_1_69' title="bbox 2033 1011 3615 1085">
     <span class='ocr_line' id='line_1_69' title="bbox 2033 1011 3615 1085; baseline 0.007 -24"><span class='ocrx_word' id='word_1_560' title='bbox 2033 1017 2143 1062; x_wconf 88' lang='lat' dir='ltr'><strong>trus</strong></span> <span class='ocrx_word' id='word_1_561' title='bbox 2170 1011 2468 1077; x_wconf 85' lang='lat' dir='ltr'><strong>resurgenti</strong></span> <span class='ocrx_word' id='word_1_562' title='bbox 2519 1011 2742 1063; x_wconf 89' lang='lat' dir='ltr'><strong>Domino</strong></span> <span class='ocrx_word' id='word_1_563' title='bbox 2767 1052 2780 1074; x_wconf 95' lang='lat'><strong>,</strong></span> <span class='ocrx_word' id='word_1_564' title='bbox 2830 1020 2884 1065; x_wconf 87' lang='lat' dir='ltr'><strong>et</strong></span> <span class='ocrx_word' id='word_1_565' title='bbox 2927 1014 3068 1067; x_wconf 85' lang='lat' dir='ltr'><strong>eauti</strong></span> <span class='ocrx_word' id='word_1_566' title='bbox 3108 1014 3158 1067; x_wconf 91' lang='lat' dir='ltr'><strong>in</strong></span> <span class='ocrx_word' id='word_1_567' title='bbox 3187 1016 3379 1069; x_wconf 67' lang='lat' dir='ltr'><strong>uelum</strong></span> <span class='ocrx_word' id='word_1_568' title='bbox 3406 1058 3421 1080; x_wconf 96' lang='lat'><strong>,</strong></span> <span class='ocrx_word' id='word_1_569' title='bbox 3460 1026 3615 1085; x_wconf 87' lang='lat' dir='ltr'><strong>atque</strong></span> 
     </span>
    </p>
   </div>
   <div class='ocr_carea' id='block_1_70' title="bbox 2029 1100 3611 1171">
    <p class='ocr_par' dir='ltr' id='par_1_70' title="bbox 2029 1100 3611 1171">
     <span class='ocr_line' id='line_1_70' title="bbox 2029 1100 3611 1171; baseline 0.004 -17"><span class='ocrx_word' id='word_1_570' title='bbox 2029 1101 2232 1155; x_wconf 86' lang='lat' dir='ltr'><strong>sedenti</strong></span> <span class='ocrx_word' id='word_1_571' title='bbox 2263 1100 2327 1154; x_wconf 90' lang='lat' dir='ltr'><strong>ad</strong></span> <span class='ocrx_word' id='word_1_572' title='bbox 2355 1101 2626 1155; x_wconf 80' lang='lat' dir='ltr'><strong>dexteram</strong></span> <span class='ocrx_word' id='word_1_573' title='bbox 2655 1102 2863 1156; x_wconf 81' lang='lat' dir='ltr'><strong>Patris?</strong></span> <span class='ocrx_word' id='word_1_574' title='bbox 2902 1105 3062 1171; x_wconf 66' lang='lat' dir='ltr'><strong>Quasi</strong></span> <span class='ocrx_word' id='word_1_575' title='bbox 3089 1106 3326 1169; x_wconf 81' lang='lat' dir='ltr'><strong>diceret,</strong></span> <span class='ocrx_word' id='word_1_576' title='bbox 3355 1107 3463 1159; x_wconf 88' lang='lat' dir='ltr'><strong>Iloe.</strong></span> <span class='ocrx_word' id='word_1_577' title='bbox 3492 1108 3611 1161; x_wconf 87' lang='lat' dir='ltr'><strong>mihi</strong></span> 
     </span>
    </p>
   </div>
   <div class='ocr_carea' id='block_1_71' title="bbox 2030 1190 3617 1264">
    <p class='ocr_par' dir='ltr' id='par_1_71' title="bbox 2030 1190 3617 1264">
     <span class='ocr_line' id='line_1_71' title="bbox 2030 1190 3617 1264; baseline 0.005 -21"><span class='ocrx_word' id='word_1_578' title='bbox 2030 1190 2214 1255; x_wconf 63' lang='lat' dir='ltr'><strong>dabis,</strong></span> <span class='ocrx_word' id='word_1_579' title='bbox 2260 1191 2359 1245; x_wconf 89' lang='lat' dir='ltr'><strong>hoc</strong></span> <span class='ocrx_word' id='word_1_580' title='bbox 2404 1193 2529 1244; x_wconf 91' lang='lat' dir='ltr'><strong>mihi</strong></span> <span class='ocrx_word' id='word_1_581' title='bbox 2574 1193 2870 1261; x_wconf 73' lang='lat' dir='ltr'><strong>przeslabis,</strong></span> <span class='ocrx_word' id='word_1_582' title='bbox 2915 1196 2956 1246; x_wconf 76' lang='lat' dir='ltr'><strong>si</strong></span> <span class='ocrx_word' id='word_1_583' title='bbox 3002 1210 3149 1250; x_wconf 85' lang='lat' dir='ltr'><strong>amas</strong></span> <span class='ocrx_word' id='word_1_584' title='bbox 3179 1213 3284 1258; x_wconf 86' lang='lat' dir='ltr'><strong>me,</strong></span> <span class='ocrx_word' id='word_1_585' title='bbox 3332 1206 3388 1249; x_wconf 89' lang='lat' dir='ltr'><strong>ut</strong></span> <span class='ocrx_word' id='word_1_586' title='bbox 3434 1214 3617 1264; x_wconf 79' lang='lat' dir='ltr'><strong>paseas</strong></span> 
     </span>
    </p>
   </div>
   <div class='ocr_carea' id='block_1_72' title="bbox 2030 1282 3618 1353">
    <p class='ocr_par' dir='ltr' id='par_1_72' title="bbox 2030 1282 3618 1353">
     <span class='ocr_line' id='line_1_72' title="bbox 2030 1282 3618 1353; baseline 0.006 -21"><span class='ocrx_word' id='word_1_587' title='bbox 2030 1294 2157 1335; x_wconf 87' lang='lat' dir='ltr'><strong>oves</strong></span> <span class='ocrx_word' id='word_1_588' title='bbox 2184 1296 2331 1335; x_wconf 88' lang='lat' dir='ltr'><strong>meas</strong></span> <span class='ocrx_word' id='word_1_589' title='bbox 2356 1300 2369 1334; x_wconf 91' lang='lat'>:</span> <span class='ocrx_word' id='word_1_590' title='bbox 2401 1298 2494 1349; x_wconf 86' lang='lat' dir='ltr'><strong>per</strong></span> <span class='ocrx_word' id='word_1_591' title='bbox 2523 1282 2739 1352; x_wconf 88' lang='lat' dir='ltr'><strong>januam</strong></span> <span class='ocrx_word' id='word_1_592' title='bbox 2771 1284 2954 1345; x_wconf 87' lang='lat' dir='ltr'><strong>intres,</strong></span> <span class='ocrx_word' id='word_1_593' title='bbox 2984 1299 3087 1337; x_wconf 90' lang='lat' dir='ltr'><strong>non</strong></span> <span class='ocrx_word' id='word_1_594' title='bbox 3114 1300 3207 1353; x_wconf 91' lang='lat' dir='ltr'><strong>per</strong></span> <span class='ocrx_word' id='word_1_595' title='bbox 3230 1287 3385 1339; x_wconf 65' lang='lat' dir='ltr'><strong>aliam</strong></span> <span class='ocrx_word' id='word_1_596' title='bbox 3418 1300 3618 1353; x_wconf 77' lang='lat' dir='ltr'><strong>partem</strong></span> 
     </span>
    </p>
   </div>
   <div class='ocr_carea' id='block_1_73' title="bbox 2030 1374 3619 1448">
    <p class='ocr_par' dir='ltr' id='par_1_73' title="bbox 2030 1374 3619 1448">
     <span class='ocr_line' id='line_1_73' title="bbox 2030 1374 3619 1448; baseline 0.004 -23"><span class='ocrx_word' id='word_1_597' title='bbox 2030 1374 2307 1428; x_wconf 82' lang='lat' dir='ltr'><strong>ascendas.</strong></span> <span class='ocrx_word' id='word_1_598' title='bbox 2339 1374 2605 1441; x_wconf 82' lang='lat' dir='ltr'><strong>Audistis,</strong></span> <span class='ocrx_word' id='word_1_599' title='bbox 2653 1390 2774 1429; x_wconf 89' lang='lat' dir='ltr'><strong>cum</strong></span> <span class='ocrx_word' id='word_1_600' title='bbox 2803 1376 3145 1447; x_wconf 81' lang='lat' dir='ltr'><strong>Evangciium</strong></span> <span class='ocrx_word' id='word_1_601' title='bbox 3191 1379 3491 1448; x_wconf 85' lang='lat' dir='ltr'><strong>legeretur,</strong></span> <span class='ocrx_word' id='word_1_602' title='bbox 3526 1381 3619 1444; x_wconf 83' lang='lat' dir='ltr'><strong>Qui</strong></span> 
     </span>
    </p>
   </div>
   <div class='ocr_carea' id='block_1_74' title="bbox 2030 1466 3623 1539">
    <p class='ocr_par' dir='ltr' id='par_1_74' title="bbox 2030 1466 3623 1539">
     <span class='ocr_line' id='line_1_74' title="bbox 2030 1466 3623 1539; baseline 0.004 -21"><span class='ocrx_word' id='word_1_603' title='bbox 2030 1466 2184 1519; x_wconf 88' lang='lat' dir='ltr'><strong>intrat</strong></span> <span class='ocrx_word' id='word_1_604' title='bbox 2208 1483 2298 1535; x_wconf 86' lang='lat' dir='ltr'><strong>per</strong></span> <span class='ocrx_word' id='word_1_605' title='bbox 2337 1467 2575 1537; x_wconf 84' lang='lat' dir='ltr'><strong>januam,</strong></span> <span class='ocrx_word' id='word_1_606' title='bbox 2607 1479 2783 1536; x_wconf 79' lang='lat' dir='ltr'><strong>pastor</strong></span> <span class='ocrx_word' id='word_1_607' title='bbox 2806 1477 2877 1522; x_wconf 84' lang='lat' dir='ltr'><strong>est</strong></span> <span class='ocrx_word' id='word_1_608' title='bbox 2908 1483 2927 1520; x_wconf 91' lang='lat'><strong><em>:</em></strong></span> <span class='ocrx_word' id='word_1_609' title='bbox 2951 1470 3039 1538; x_wconf 82' lang='lat' dir='ltr'><strong>qui</strong></span> <span class='ocrx_word' id='word_1_610' title='bbox 3065 1478 3234 1522; x_wconf 86' lang='lat' dir='ltr'><strong>autem</strong></span> <span class='ocrx_word' id='word_1_611' title='bbox 3263 1485 3325 1522; x_wconf 75' lang='lat' dir='ltr'><strong>ea:</strong></span> <span class='ocrx_word' id='word_1_612' title='bbox 3347 1471 3453 1523; x_wconf 85' lang='lat' dir='ltr'><strong>alia</strong></span> <span class='ocrx_word' id='word_1_613' title='bbox 3482 1481 3623 1539; x_wconf 84' lang='lat' dir='ltr'><strong>parte</strong></span> 
     </span>
    </p>
   </div>
   <div class='ocr_carea' id='block_1_75' title="bbox 2031 1543 3623 1629">
    <p class='ocr_par' dir='ltr' id='par_1_75' title="bbox 2031 1543 3623 1629">
     <span class='ocr_line' id='line_1_75' title="bbox 2031 1543 3623 1629; baseline 0.004 -21"><span class='ocrx_word' id='word_1_614' title='bbox 2031 1557 2274 1622; x_wconf 85' lang='lat' dir='ltr'><strong>ascendit,</strong></span> <span class='ocrx_word' id='word_1_615' title='bbox 2304 1557 2389 1626; x_wconf 82' lang='lat' dir='ltr'><strong>[ur</strong></span> <span class='ocrx_word' id='word_1_616' title='bbox 2416 1567 2490 1610; x_wconf 86' lang='lat' dir='ltr'><strong>est</strong></span> <span class='ocrx_word' id='word_1_617' title='bbox 2513 1568 2557 1612; x_wconf 89' lang='lat' dir='ltr'><strong>et</strong></span> <span class='ocrx_word' id='word_1_618' title='bbox 2582 1558 2714 1612; x_wconf 86' lang='lat' dir='ltr'><strong>latro</strong></span> <span class='ocrx_word' id='word_1_619' title='bbox 2742 1574 2758 1621; x_wconf 86' lang='lat'><strong><em>;</em></strong></span> <span class='ocrx_word' id='word_1_620' title='bbox 2804 1568 2851 1612; x_wconf 87' lang='lat' dir='ltr'><strong>et</strong></span> <span class='ocrx_word' id='word_1_621' title='bbox 2877 1558 3124 1627; x_wconf 82' lang='lat' dir='ltr'><strong>dissipare</strong></span> <span class='ocrx_word' id='word_1_622' title='bbox 3148 1560 3347 1628; x_wconf 78' lang='lat' dir='ltr'><strong>quwrit,</strong></span> <span class='ocrx_word' id='word_1_623' title='bbox 3396 1570 3443 1614; x_wconf 88' lang='lat' dir='ltr'><strong>et</strong></span> <span class='ocrx_word' id='word_1_624' title='bbox 3473 1543 3623 1629; x_wconf 76' lang='lat' dir='ltr'><strong>spar-</strong></span> 
     </span>
    </p>
   </div>
   <div class='ocr_carea' id='block_1_76' title="bbox 2032 1631 3623 1721">
    <p class='ocr_par' dir='ltr' id='par_1_76' title="bbox 2032 1631 3623 1721">
     <span class='ocr_line' id='line_1_76' title="bbox 2032 1631 3623 1721; baseline 0.004 -20"><span class='ocrx_word' id='word_1_625' title='bbox 2032 1665 2167 1719; x_wconf 81' lang='lat' dir='ltr'><strong>gere,</strong></span> <span class='ocrx_word' id='word_1_626' title='bbox 2199 1658 2244 1703; x_wconf 85' lang='lat' dir='ltr'><strong>et</strong></span> <span class='ocrx_word' id='word_1_627' title='bbox 2282 1650 2472 1703; x_wconf 78' lang='lat' dir='ltr'><strong>tollere.</strong></span> <span class='ocrx_word' id='word_1_628' title='bbox 2503 1650 2632 1717; x_wconf 89' lang='lat' dir='ltr'><strong>Quis</strong></span> <span class='ocrx_word' id='word_1_629' title='bbox 2655 1659 2739 1705; x_wconf 88' lang='lat' dir='ltr'><strong>est</strong></span> <span class='ocrx_word' id='word_1_630' title='bbox 2763 1650 2851 1720; x_wconf 89' lang='lat' dir='ltr'><strong>qui</strong></span> <span class='ocrx_word' id='word_1_631' title='bbox 2883 1631 3047 1706; x_wconf 78' lang='lat' dir='ltr'><strong>intrat</strong></span> <span class='ocrx_word' id='word_1_632' title='bbox 3089 1667 3185 1721; x_wconf 88' lang='lat' dir='ltr'><strong>per</strong></span> <span class='ocrx_word' id='word_1_633' title='bbox 3220 1653 3477 1720; x_wconf 83' lang='lat' dir='ltr'><strong>januam?</strong></span> <span class='ocrx_word' id='word_1_634' title='bbox 3523 1655 3623 1721; x_wconf 92' lang='lat' dir='ltr'><strong>Qui</strong></span> 
     </span>
    </p>
   </div>
   <div class='ocr_carea' id='block_1_77' title="bbox 2032 1740 3621 1815">
    <p class='ocr_par' dir='ltr' id='par_1_77' title="bbox 2032 1740 3621 1815">
     <span class='ocr_line' id='line_1_77' title="bbox 2032 1740 3621 1815; baseline 0.004 -21"><span class='ocrx_word' id='word_1_635' title='bbox 2032 1741 2189 1794; x_wconf 87' lang='lat' dir='ltr'><strong>intrat</strong></span> <span class='ocrx_word' id='word_1_636' title='bbox 2217 1756 2310 1810; x_wconf 90' lang='lat' dir='ltr'><strong>per</strong></span> <span class='ocrx_word' id='word_1_637' title='bbox 2329 1740 2621 1795; x_wconf 88' lang='lat' dir='ltr'><strong>Christum.</strong></span> <span class='ocrx_word' id='word_1_638' title='bbox 2653 1742 2781 1809; x_wconf 85' lang='lat' dir='ltr'><strong>Quis</strong></span> <span class='ocrx_word' id='word_1_639' title='bbox 2807 1752 2889 1797; x_wconf 91' lang='lat' dir='ltr'><strong>est</strong></span> <span class='ocrx_word' id='word_1_640' title='bbox 2920 1743 3060 1798; x_wconf 89' lang='lat' dir='ltr'><strong>iste?</strong></span> <span class='ocrx_word' id='word_1_641' title='bbox 3097 1743 3195 1811; x_wconf 92' lang='lat' dir='ltr'><strong>Qui</strong></span> <span class='ocrx_word' id='word_1_642' title='bbox 3226 1745 3464 1800; x_wconf 88' lang='lat' dir='ltr'><strong>imitatur</strong></span> <span class='ocrx_word' id='word_1_643' title='bbox 3494 1762 3621 1815; x_wconf 86' lang='lat' dir='ltr'><strong>pas-</strong></span> 
     </span>
    </p>
   </div>
   <div class='ocr_carea' id='block_1_78' title="bbox 2031 1833 3620 1904">
    <p class='ocr_par' dir='ltr' id='par_1_78' title="bbox 2031 1833 3620 1904">
     <span class='ocr_line' id='line_1_78' title="bbox 2031 1833 3620 1904; baseline 0.003 -17"><span class='ocrx_word' id='word_1_644' title='bbox 2031 1833 2236 1888; x_wconf 89' lang='lat' dir='ltr'><strong>sionem</strong></span> <span class='ocrx_word' id='word_1_645' title='bbox 2264 1833 2498 1900; x_wconf 86' lang='lat' dir='ltr'><strong>Christi,</strong></span> <span class='ocrx_word' id='word_1_646' title='bbox 2542 1834 2632 1903; x_wconf 87' lang='lat' dir='ltr'><strong>qui</strong></span> <span class='ocrx_word' id='word_1_647' title='bbox 2672 1836 2947 1904; x_wconf 82' lang='lat' dir='ltr'><strong>cognoscit</strong></span> <span class='ocrx_word' id='word_1_648' title='bbox 2992 1835 3342 1891; x_wconf 85' lang='lat' dir='ltr'><strong>humilitatem</strong></span> <span class='ocrx_word' id='word_1_649' title='bbox 3373 1838 3575 1893; x_wconf 83' lang='lat' dir='ltr'><strong>Christi</strong></span> <span class='ocrx_word' id='word_1_650' title='bbox 3605 1856 3620 1891; x_wconf 94' lang='lat'>:</span> 
     </span>
    </p>
   </div>
   <div class='ocr_carea' id='block_1_79' title="bbox 2033 1924 3623 1998">
    <p class='ocr_par' dir='ltr' id='par_1_79' title="bbox 2033 1924 3623 1998">
     <span class='ocr_line' id='line_1_79' title="bbox 2033 1924 3623 1998; baseline 0.003 -20"><span class='ocrx_word' id='word_1_651' title='bbox 2033 1933 2090 1978; x_wconf 90' lang='lat' dir='ltr'><strong>ut</strong></span> <span class='ocrx_word' id='word_1_652' title='bbox 2113 1940 2232 1979; x_wconf 90' lang='lat' dir='ltr'><strong>cum</strong></span> <span class='ocrx_word' id='word_1_653' title='bbox 2265 1926 2403 1979; x_wconf 88' lang='lat' dir='ltr'><strong>Deus</strong></span> <span class='ocrx_word' id='word_1_654' title='bbox 2429 1924 2600 1980; x_wconf 85' lang='lat' dir='ltr'><strong>factus</strong></span> <span class='ocrx_word' id='word_1_655' title='bbox 2632 1927 2701 1980; x_wconf 90' lang='lat' dir='ltr'><strong>sit</strong></span> <span class='ocrx_word' id='word_1_656' title='bbox 2727 1926 2890 1981; x_wconf 87' lang='lat' dir='ltr'><strong>homo</strong></span> <span class='ocrx_word' id='word_1_657' title='bbox 2918 1942 3015 1996; x_wconf 87' lang='lat' dir='ltr'><strong>pro</strong></span> <span class='ocrx_word' id='word_1_658' title='bbox 3038 1928 3212 1988; x_wconf 76' lang='lat' dir='ltr'><strong>nobis,</strong></span> <span class='ocrx_word' id='word_1_659' title='bbox 3243 1938 3535 1998; x_wconf 76' lang='lat' dir='ltr'><strong>cognoscat</strong></span> <span class='ocrx_word' id='word_1_660' title='bbox 3563 1944 3623 1983; x_wconf 84' lang='lat' dir='ltr'><strong>se</strong></span> 
     </span>
    </p>
   </div>
   <div class='ocr_carea' id='block_1_80' title="bbox 2031 2015 3623 2085">
    <p class='ocr_par' dir='ltr' id='par_1_80' title="bbox 2031 2015 3623 2085">
     <span class='ocr_line' id='line_1_80' title="bbox 2031 2015 3623 2085; baseline 0.003 -15"><span class='ocrx_word' id='word_1_661' title='bbox 2031 2015 2192 2071; x_wconf 85' lang='lat' dir='ltr'><strong>homo</strong></span> <span class='ocrx_word' id='word_1_662' title='bbox 2216 2033 2321 2071; x_wconf 89' lang='lat' dir='ltr'><strong>non</strong></span> <span class='ocrx_word' id='word_1_663' title='bbox 2351 2031 2472 2072; x_wconf 89' lang='lat' dir='ltr'><strong>esse</strong></span> <span class='ocrx_word' id='word_1_664' title='bbox 2503 2018 2667 2072; x_wconf 88' lang='lat' dir='ltr'><strong>Deum</strong></span> <span class='ocrx_word' id='word_1_665' title='bbox 2693 2060 2708 2082; x_wconf 91' lang='lat'><strong>,</strong></span> <span class='ocrx_word' id='word_1_666' title='bbox 2740 2018 2833 2073; x_wconf 85' lang='lat' dir='ltr'><strong>sed</strong></span> <span class='ocrx_word' id='word_1_667' title='bbox 2861 2018 3151 2073; x_wconf 82' lang='lat' dir='ltr'><strong>hominem.</strong></span> <span class='ocrx_word' id='word_1_668' title='bbox 3198 2018 3298 2085; x_wconf 86' lang='lat' dir='ltr'><strong>Qui</strong></span> <span class='ocrx_word' id='word_1_669' title='bbox 3329 2021 3473 2073; x_wconf 85' lang='lat' dir='ltr'><strong>enim</strong></span> <span class='ocrx_word' id='word_1_670' title='bbox 3507 2021 3623 2075; x_wconf 80' lang='lat' dir='ltr'><strong>vult</strong></span> 
     </span>
    </p>
   </div>
   <div class='ocr_carea' id='block_1_81' title="bbox 2032 2106 3621 2182">
    <p class='ocr_par' dir='ltr' id='par_1_81' title="bbox 2032 2106 3621 2182">
     <span class='ocr_line' id='line_1_81' title="bbox 2032 2106 3621 2182; baseline 0.004 -21"><span class='ocrx_word' id='word_1_671' title='bbox 2032 2106 2175 2162; x_wconf 88' lang='lat' dir='ltr'><strong>Deus</strong></span> <span class='ocrx_word' id='word_1_672' title='bbox 2199 2107 2404 2170; x_wconf 88' lang='lat' dir='ltr'><strong>videri,</strong></span> <span class='ocrx_word' id='word_1_673' title='bbox 2435 2123 2555 2162; x_wconf 84' lang='lat' dir='ltr'><strong>eum</strong></span> <span class='ocrx_word' id='word_1_674' title='bbox 2583 2109 2653 2162; x_wconf 91' lang='lat' dir='ltr'><strong>sit</strong></span> <span class='ocrx_word' id='word_1_675' title='bbox 2678 2109 2839 2163; x_wconf 90' lang='lat' dir='ltr'><strong>homo</strong></span> <span class='ocrx_word' id='word_1_676' title='bbox 2858 2151 2873 2174; x_wconf 94' lang='lat'><strong>,</strong></span> <span class='ocrx_word' id='word_1_677' title='bbox 2905 2125 3010 2163; x_wconf 91' lang='lat' dir='ltr'><strong>non</strong></span> <span class='ocrx_word' id='word_1_678' title='bbox 3038 2111 3275 2165; x_wconf 88' lang='lat' dir='ltr'><strong>imitatur</strong></span> <span class='ocrx_word' id='word_1_679' title='bbox 3301 2112 3446 2166; x_wconf 89' lang='lat' dir='ltr'><strong>illum</strong></span> <span class='ocrx_word' id='word_1_680' title='bbox 3468 2154 3481 2176; x_wconf 93' lang='lat'><strong>,</strong></span> <span class='ocrx_word' id='word_1_681' title='bbox 3530 2114 3621 2182; x_wconf 83' lang='lat' dir='ltr'><strong>qui</strong></span> 
     </span>
    </p>
   </div>
   <div class='ocr_carea' id='block_1_82' title="bbox 2030 2198 3619 2262">
    <p class='ocr_par' dir='ltr' id='par_1_82' title="bbox 2030 2198 3619 2262">
     <span class='ocr_line' id='line_1_82' title="bbox 2030 2198 3619 2262; baseline 0.003 -11"><span class='ocrx_word' id='word_1_682' title='bbox 2030 2211 2151 2251; x_wconf 87' lang='lat' dir='ltr'><strong>cum</strong></span> <span class='ocrx_word' id='word_1_683' title='bbox 2182 2198 2320 2251; x_wconf 78' lang='lat' dir='ltr'><strong>Deus</strong></span> <span class='ocrx_word' id='word_1_684' title='bbox 2350 2208 2532 2262; x_wconf 88' lang='lat' dir='ltr'><strong>esset,</strong></span> <span class='ocrx_word' id='word_1_685' title='bbox 2582 2200 2743 2253; x_wconf 91' lang='lat' dir='ltr'><strong>homo</strong></span> <span class='ocrx_word' id='word_1_686' title='bbox 2786 2199 2956 2253; x_wconf 90' lang='lat' dir='ltr'><strong>factus</strong></span> <span class='ocrx_word' id='word_1_687' title='bbox 2997 2210 3099 2255; x_wconf 88' lang='lat' dir='ltr'><strong>est.</strong></span> <span class='ocrx_word' id='word_1_688' title='bbox 3144 2201 3261 2255; x_wconf 87' lang='lat' dir='ltr'><strong>Tibi</strong></span> <span class='ocrx_word' id='word_1_689' title='bbox 3294 2211 3469 2256; x_wconf 86' lang='lat' dir='ltr'><strong>autem</strong></span> <span class='ocrx_word' id='word_1_690' title='bbox 3512 2219 3619 2257; x_wconf 91' lang='lat' dir='ltr'><strong>non</strong></span> 
     </span>
    </p>
   </div>
   <div class='ocr_carea' id='block_1_83' title="bbox 2031 2287 3621 2363">
    <p class='ocr_par' dir='ltr' id='par_1_83' title="bbox 2031 2287 3621 2363">
     <span class='ocr_line' id='line_1_83' title="bbox 2031 2287 3621 2363; baseline 0.006 -22"><span class='ocrx_word' id='word_1_691' title='bbox 2031 2287 2244 2349; x_wconf 90' lang='lat' dir='ltr'><strong>dicitur,</strong></span> <span class='ocrx_word' id='word_1_692' title='bbox 2277 2289 2404 2343; x_wconf 89' lang='lat' dir='ltr'><strong>Esto</strong></span> <span class='ocrx_word' id='word_1_693' title='bbox 2430 2291 2628 2360; x_wconf 88' lang='lat' dir='ltr'><strong>aliquid</strong></span> <span class='ocrx_word' id='word_1_694' title='bbox 2657 2291 2830 2345; x_wconf 86' lang='lat' dir='ltr'><strong>minus</strong></span> <span class='ocrx_word' id='word_1_695' title='bbox 2861 2307 3020 2361; x_wconf 89' lang='lat' dir='ltr'><strong>quam</strong></span> <span class='ocrx_word' id='word_1_696' title='bbox 3060 2307 3120 2347; x_wconf 86' lang='lat' dir='ltr'><strong>es</strong></span> <span class='ocrx_word' id='word_1_697' title='bbox 3153 2311 3165 2347; x_wconf 92' lang='lat'><strong>:</strong></span> <span class='ocrx_word' id='word_1_698' title='bbox 3198 2293 3310 2355; x_wconf 72' lang='lat' dir='ltr'><strong>sed,</strong></span> <span class='ocrx_word' id='word_1_699' title='bbox 3340 2292 3621 2363; x_wconf 78' lang='lat' dir='ltr'><strong>Cognosce</strong></span> 
     </span>
    </p>
   </div>
   <div class='ocr_carea' id='block_1_84' title="bbox 2032 2378 3619 2454">
    <p class='ocr_par' dir='ltr' id='par_1_84' title="bbox 2032 2378 3619 2454">
     <span class='ocr_line' id='line_1_84' title="bbox 2032 2378 3619 2454; baseline 0.006 -23"><span class='ocrx_word' id='word_1_700' title='bbox 2032 2378 2172 2448; x_wconf 87' lang='lat' dir='ltr'><strong>quod</strong></span> <span class='ocrx_word' id='word_1_701' title='bbox 2202 2396 2278 2433; x_wconf 87' lang='lat' dir='ltr'><strong>es.</strong></span> <span class='ocrx_word' id='word_1_702' title='bbox 2326 2380 2598 2450; x_wconf 83' lang='lat' dir='ltr'><strong>Cognosce</strong></span> <span class='ocrx_word' id='word_1_703' title='bbox 2638 2392 2691 2437; x_wconf 90' lang='lat' dir='ltr'><strong>te</strong></span> <span class='ocrx_word' id='word_1_704' title='bbox 2730 2383 3030 2446; x_wconf 89' lang='lat' dir='ltr'><strong>inﬁrmum,</strong></span> <span class='ocrx_word' id='word_1_705' title='bbox 3062 2400 3326 2454; x_wconf 42' lang='lat' dir='ltr'><strong>cognosce</strong></span> <span class='ocrx_word' id='word_1_706' title='bbox 3356 2394 3407 2439; x_wconf 90' lang='lat' dir='ltr'><strong>te</strong></span> <span class='ocrx_word' id='word_1_707' title='bbox 3441 2386 3619 2440; x_wconf 88' lang='lat' dir='ltr'><strong>homi-</strong></span> 
     </span>
    </p>
   </div>
   <div class='ocr_carea' id='block_1_85' title="bbox 2033 2479 3621 2547">
    <p class='ocr_par' dir='ltr' id='par_1_85' title="bbox 2033 2479 3621 2547">
     <span class='ocr_line' id='line_1_85' title="bbox 2033 2479 3621 2547; baseline 0.007 -24"><span class='ocrx_word' id='word_1_708' title='bbox 2033 2486 2188 2537; x_wconf 91' lang='lat' dir='ltr'><strong>nem,</strong></span> <span class='ocrx_word' id='word_1_709' title='bbox 2235 2487 2497 2541; x_wconf 86' lang='lat' dir='ltr'><strong>cognosce</strong></span> <span class='ocrx_word' id='word_1_710' title='bbox 2547 2483 2598 2528; x_wconf 89' lang='lat' dir='ltr'><strong>te</strong></span> <span class='ocrx_word' id='word_1_711' title='bbox 2643 2485 3013 2543; x_wconf 87' lang='lat' dir='ltr'><strong>peccatorem;</strong></span> <span class='ocrx_word' id='word_1_712' title='bbox 3065 2491 3329 2547; x_wconf 82' lang='lat' dir='ltr'><strong>cognosce</strong></span> <span class='ocrx_word' id='word_1_713' title='bbox 3365 2479 3488 2547; x_wconf 89' lang='lat' dir='ltr'><strong>quia</strong></span> <span class='ocrx_word' id='word_1_714' title='bbox 3531 2479 3621 2535; x_wconf 87' lang='lat' dir='ltr'><strong>ille</strong></span> 
     </span>
    </p>
   </div>
   <div class='ocr_carea' id='block_1_86' title="bbox 2026 2561 3617 2637">
    <p class='ocr_par' dir='ltr' id='par_1_86' title="bbox 2026 2561 3617 2637">
     <span class='ocr_line' id='line_1_86' title="bbox 2026 2561 3617 2637; baseline 0.005 -21"><span class='ocrx_word' id='word_1_715' title='bbox 2026 2561 2315 2630; x_wconf 73' lang='lat' dir='ltr'><strong>jztstiﬁeat,</strong></span> <span class='ocrx_word' id='word_1_716' title='bbox 2347 2579 2611 2633; x_wconf 79' lang='lat' dir='ltr'><strong>cognosce</strong></span> <span class='ocrx_word' id='word_1_717' title='bbox 2636 2566 2758 2634; x_wconf 81' lang='lat' dir='ltr'><strong>quia</strong></span> <span class='ocrx_word' id='word_1_718' title='bbox 2797 2568 3101 2623; x_wconf 78' lang='lat' dir='ltr'><strong>maculosus</strong></span> <span class='ocrx_word' id='word_1_719' title='bbox 3128 2586 3205 2625; x_wconf 82' lang='lat' dir='ltr'><strong>es.</strong></span> <span class='ocrx_word' id='word_1_720' title='bbox 3254 2571 3521 2637; x_wconf 79' lang='lat' dir='ltr'><strong>Appareat</strong></span> <span class='ocrx_word' id='word_1_721' title='bbox 3565 2573 3617 2625; x_wconf 88' lang='lat' dir='ltr'><strong>in</strong></span> 
     </span>
    </p>
   </div>
   <div class='ocr_carea' id='block_1_87' title="bbox 2031 2652 3618 2732">
    <p class='ocr_par' dir='ltr' id='par_1_87' title="bbox 2031 2652 3618 2732">
     <span class='ocr_line' id='line_1_87' title="bbox 2031 2652 3618 2732; baseline 0.006 -26"><span class='ocrx_word' id='word_1_722' title='bbox 2031 2652 2369 2708; x_wconf 84' lang='lat' dir='ltr'><strong>confessione</strong></span> <span class='ocrx_word' id='word_1_723' title='bbox 2403 2662 2490 2709; x_wconf 88' lang='lat' dir='ltr'><strong>tua</strong></span> <span class='ocrx_word' id='word_1_724' title='bbox 2519 2657 2721 2709; x_wconf 90' lang='lat' dir='ltr'><strong>macula</strong></span> <span class='ocrx_word' id='word_1_725' title='bbox 2749 2656 2944 2732; x_wconf 85' lang='lat' dir='ltr'><strong>_eordis</strong></span> <span class='ocrx_word' id='word_1_726' title='bbox 2989 2660 3060 2713; x_wconf 91' lang='lat' dir='ltr'><strong>tui</strong></span> <span class='ocrx_word' id='word_1_727' title='bbox 3081 2701 3094 2723; x_wconf 96' lang='lat'><strong>,</strong></span> <span class='ocrx_word' id='word_1_728' title='bbox 3140 2668 3194 2713; x_wconf 88' lang='lat' dir='ltr'><strong>et</strong></span> <span class='ocrx_word' id='word_1_729' title='bbox 3235 2661 3524 2728; x_wconf 80' lang='lat' dir='ltr'><strong>perlinehis</strong></span> <span class='ocrx_word' id='word_1_730' title='bbox 3550 2663 3618 2715; x_wconf 84' lang='lat' dir='ltr'><strong>ad</strong></span> 
     </span>
    </p>
   </div>
   <div class='ocr_carea' id='block_1_88' title="bbox 2031 2746 3622 2821">
    <p class='ocr_par' dir='ltr' id='par_1_88' title="bbox 2031 2746 3622 2821">
     <span class='ocr_line' id='line_1_88' title="bbox 2031 2746 3622 2821; baseline 0.006 -24"><span class='ocrx_word' id='word_1_731' title='bbox 2031 2760 2242 2815; x_wconf 79' lang='lat' dir='ltr'><strong>gregem</strong></span> <span class='ocrx_word' id='word_1_732' title='bbox 2287 2746 2506 2800; x_wconf 86' lang='lat' dir='ltr'><strong>Christi.</strong></span> <span class='ocrx_word' id='word_1_733' title='bbox 2563 2748 2698 2814; x_wconf 88' lang='lat' dir='ltr'><strong>Quia</strong></span> <span class='ocrx_word' id='word_1_734' title='bbox 2743 2750 3023 2821; x_wconf 82' lang='lat' dir='ltr'><strong>confessio</strong></span> <span class='ocrx_word' id='word_1_735' title='bbox 3052 2760 3386 2820; x_wconf 87' lang='lat' dir='ltr'><strong>peccatorum</strong></span> <span class='ocrx_word' id='word_1_736' title='bbox 3433 2753 3622 2807; x_wconf 89' lang='lat' dir='ltr'><strong>invitat</strong></span> 
     </span>
    </p>
   </div>
   <div class='ocr_carea' id='block_1_89' title="bbox 2031 2835 3619 2913">
    <p class='ocr_par' dir='ltr' id='par_1_89' title="bbox 2031 2835 3619 2913">
     <span class='ocr_line' id='line_1_89' title="bbox 2031 2835 3619 2913; baseline 0.006 -25"><span class='ocrx_word' id='word_1_737' title='bbox 2031 2835 2293 2890; x_wconf 85' lang='lat' dir='ltr'><strong>medicum</strong></span> <span class='ocrx_word' id='word_1_738' title='bbox 2342 2847 2649 2891; x_wconf 89' lang='lat' dir='ltr'><strong>sanaturmu</strong></span> <span class='ocrx_word' id='word_1_739' title='bbox 2692 2857 2703 2892; x_wconf 92' lang='lat'><strong>:</strong></span> <span class='ocrx_word' id='word_1_740' title='bbox 2751 2840 3019 2909; x_wconf 84' lang='lat' dir='ltr'><strong>quomodo</strong></span> <span class='ocrx_word' id='word_1_741' title='bbox 3069 2842 3119 2895; x_wconf 90' lang='lat' dir='ltr'><strong>in</strong></span> <span class='ocrx_word' id='word_1_742' title='bbox 3166 2842 3486 2911; x_wconf 76' lang='lat' dir='ltr'><strong>:rgriludinc</strong></span> <span class='ocrx_word' id='word_1_743' title='bbox 3528 2846 3619 2913; x_wconf 79' lang='lat' dir='ltr'><strong>qui</strong></span> 
     </span>
    </p>
   </div>
   <div class='ocr_carea' id='block_1_90' title="bbox 2031 2926 3620 3004">
    <p class='ocr_par' dir='ltr' id='par_1_90' title="bbox 2031 2926 3620 3004">
     <span class='ocr_line' id='line_1_90' title="bbox 2031 2926 3620 3004; baseline 0.007 -24"><span class='ocrx_word' id='word_1_744' title='bbox 2031 2926 2194 2994; x_wconf 90' lang='lat' dir='ltr'><strong>dicit,</strong></span> <span class='ocrx_word' id='word_1_745' title='bbox 2239 2928 2412 2983; x_wconf 79' lang='lat' dir='ltr'><strong>Sanus</strong></span> <span class='ocrx_word' id='word_1_746' title='bbox 2455 2946 2606 2995; x_wconf 89' lang='lat' dir='ltr'><strong>sum,</strong></span> <span class='ocrx_word' id='word_1_747' title='bbox 2649 2947 2754 2990; x_wconf 91' lang='lat' dir='ltr'><strong>non</strong></span> <span class='ocrx_word' id='word_1_748' title='bbox 2797 2934 2983 3002; x_wconf 74' lang='lat' dir='ltr'><strong>quaerit</strong></span> <span class='ocrx_word' id='word_1_749' title='bbox 3018 2934 3303 2989; x_wconf 85' lang='lat' dir='ltr'><strong>medicum.</strong></span> <span class='ocrx_word' id='word_1_750' title='bbox 3350 2935 3620 3004; x_wconf 75' lang='lat' dir='ltr'><strong>Numquid</strong></span> 
     </span>
    </p>
   </div>
   <div class='ocr_carea' id='block_1_91' title="bbox 2030 3017 3623 3088">
    <p class='ocr_par' dir='ltr' id='par_1_91' title="bbox 2030 3017 3623 3088">
     <span class='ocr_line' id='line_1_91' title="bbox 2030 3017 3623 3088; baseline 0.005 -17"><span class='ocrx_word' id='word_1_751' title='bbox 2030 3032 2137 3071; x_wconf 92' lang='lat' dir='ltr'><strong>non</strong></span> <span class='ocrx_word' id='word_1_752' title='bbox 2166 3017 2232 3071; x_wconf 88' lang='lat' dir='ltr'><strong>ad</strong></span> <span class='ocrx_word' id='word_1_753' title='bbox 2265 3020 2518 3088; x_wconf 90' lang='lat' dir='ltr'><strong>templum</strong></span> <span class='ocrx_word' id='word_1_754' title='bbox 2550 3022 2865 3077; x_wconf 88' lang='lat' dir='ltr'><strong>ascenderat</strong></span> <span class='ocrx_word' id='word_1_755' title='bbox 2896 3023 3198 3079; x_wconf 77' lang='lat' dir='ltr'><strong>Phariszeus</strong></span> <span class='ocrx_word' id='word_1_756' title='bbox 3228 3026 3317 3078; x_wconf 86' lang='lat' dir='ltr'><strong>ille</strong></span> <span class='ocrx_word' id='word_1_757' title='bbox 3342 3034 3395 3080; x_wconf 91' lang='lat' dir='ltr'><strong>et</strong></span> <span class='ocrx_word' id='word_1_758' title='bbox 3434 3026 3623 3081; x_wconf 84' lang='lat' dir='ltr'><strong>Publi-</strong></span> 
     </span>
    </p>
   </div>
   <div class='ocr_carea' id='block_1_92' title="bbox 2030 3107 3619 3183">
    <p class='ocr_par' dir='ltr' id='par_1_92' title="bbox 2030 3107 3619 3183">
     <span class='ocr_line' id='line_1_92' title="bbox 2030 3107 3619 3183; baseline 0.006 -21"><span class='ocrx_word' id='word_1_759' title='bbox 2030 3108 2239 3164; x_wconf 87' lang='lat' dir='ltr'><strong>canus?</strong></span> <span class='ocrx_word' id='word_1_760' title='bbox 2277 3107 2369 3164; x_wconf 85' lang='lat' dir='ltr'><strong>Ille</strong></span> <span class='ocrx_word' id='word_1_761' title='bbox 2395 3110 2460 3164; x_wconf 88' lang='lat' dir='ltr'><strong>de</strong></span> <span class='ocrx_word' id='word_1_762' title='bbox 2490 3124 2585 3166; x_wconf 90' lang='lat' dir='ltr'><strong>sna</strong></span> <span class='ocrx_word' id='word_1_763' title='bbox 2617 3112 2844 3167; x_wconf 89' lang='lat' dir='ltr'><strong>sanitate</strong></span> <span class='ocrx_word' id='word_1_764' title='bbox 2872 3113 3228 3183; x_wconf 82' lang='lat' dir='ltr'><strong>gloriabatur,</strong></span> <span class='ocrx_word' id='word_1_765' title='bbox 3268 3115 3367 3170; x_wconf 83' lang='lat' dir='ltr'><strong>iste</strong></span> <span class='ocrx_word' id='word_1_766' title='bbox 3398 3117 3619 3171; x_wconf 80' lang='lat' dir='ltr'><strong>vulnera</strong></span> 
     </span>
    </p>
   </div>
   <div class='ocr_carea' id='block_1_93' title="bbox 2029 3198 3623 3277">
    <p class='ocr_par' dir='ltr' id='par_1_93' title="bbox 2029 3198 3623 3277">
     <span class='ocr_line' id='line_1_93' title="bbox 2029 3198 3623 3277; baseline 0.006 -24"><span class='ocrx_word' id='word_1_767' title='bbox 2029 3212 2124 3253; x_wconf 89' lang='lat' dir='ltr'><strong>sua</strong></span> <span class='ocrx_word' id='word_1_768' title='bbox 2152 3198 2359 3253; x_wconf 87' lang='lat' dir='ltr'><strong>medico</strong></span> <span class='ocrx_word' id='word_1_769' title='bbox 2386 3201 2719 3257; x_wconf 86' lang='lat' dir='ltr'><strong>ostendebat.</strong></span> <span class='ocrx_word' id='word_1_770' title='bbox 2753 3204 2969 3259; x_wconf 89' lang='lat' dir='ltr'><strong>Dicebat</strong></span> <span class='ocrx_word' id='word_1_771' title='bbox 2994 3205 3135 3260; x_wconf 89' lang='lat' dir='ltr'><strong>enim</strong></span> <span class='ocrx_word' id='word_1_772' title='bbox 3164 3207 3252 3260; x_wconf 91' lang='lat' dir='ltr'><strong>ille</strong></span> <span class='ocrx_word' id='word_1_773' title='bbox 3276 3225 3288 3259; x_wconf 92' lang='lat'><strong>:</strong></span> <span class='ocrx_word' id='word_1_774' title='bbox 3313 3205 3471 3272; x_wconf 59' lang='lat' dir='ltr'><strong>Dius,</strong></span> <span class='ocrx_word' id='word_1_775' title='bbox 3498 3227 3623 3277; x_wconf 64' lang='grc' dir='ltr'><em>ανασ-</em></span> 
     </span>
    </p>
   </div>
   <div class='ocr_carea' id='block_1_94' title="bbox 2031 3289 3721 3362">
    <p class='ocr_par' dir='ltr' id='par_1_94' title="bbox 2031 3289 3721 3362">
     <span class='ocr_line' id='line_1_94' title="bbox 2031 3289 3721 3362; baseline 0.006 -19"><span class='ocrx_word' id='word_1_776' title='bbox 2031 3289 2127 3343; x_wconf 84' lang='lat' dir='ltr'><strong>tias</strong></span> <span class='ocrx_word' id='word_1_777' title='bbox 2155 3306 2252 3360; x_wconf 85' lang='lat' dir='ltr'><strong>ago</strong></span> <span class='ocrx_word' id='word_1_778' title='bbox 2283 3290 2390 3357; x_wconf 85' lang='lat' dir='ltr'><strong>tibi,</strong></span> <span class='ocrx_word' id='word_1_779' title='bbox 2430 3293 2549 3362; x_wconf 85' lang='lat' dir='ltr'><strong>quia</strong></span> <span class='ocrx_word' id='word_1_780' title='bbox 2574 3309 2674 3346; x_wconf 87' lang='lat' dir='ltr'><strong>non</strong></span> <span class='ocrx_word' id='word_1_781' title='bbox 2701 3310 2811 3347; x_wconf 85' lang='lat' dir='ltr'><strong>sum</strong></span> <span class='ocrx_word' id='word_1_782' title='bbox 2842 3296 2968 3348; x_wconf 84' lang='lat' dir='ltr'><strong>sicut</strong></span> <span class='ocrx_word' id='word_1_783' title='bbox 2995 3294 3305 3351; x_wconf 84' lang='lat' dir='ltr'><strong>Pubtieanus</strong></span> <span class='ocrx_word' id='word_1_784' title='bbox 3331 3300 3443 3352; x_wconf 85' lang='lat' dir='ltr'><strong>iste.</strong></span> <span class='ocrx_word' id='word_1_785' title='bbox 3485 3300 3622 3353; x_wconf 82' lang='lat' dir='ltr'><strong>Glo-</strong></span> <span class='ocrx_word' id='word_1_786' title='bbox 3714 3346 3721 3359; x_wconf 82' lang='lat'><strong><em>.</em></strong></span> 
     </span>
    </p>
   </div>
   <div class='ocr_carea' id='block_1_95' title="bbox 2028 3380 3623 3455">
    <p class='ocr_par' dir='ltr' id='par_1_95' title="bbox 2028 3380 3623 3455">
     <span class='ocr_line' id='line_1_95' title="bbox 2028 3380 3623 3455; baseline 0.005 -20"><span class='ocrx_word' id='word_1_787' title='bbox 2028 3380 2264 3435; x_wconf 84' lang='lat' dir='ltr'><strong>riahatnr</strong></span> <span class='ocrx_word' id='word_1_788' title='bbox 2288 3388 2451 3451; x_wconf 83' lang='lat' dir='ltr'><strong>super</strong></span> <span class='ocrx_word' id='word_1_789' title='bbox 2474 3384 2722 3439; x_wconf 89' lang='lat' dir='ltr'><strong>alterum.</strong></span> <span class='ocrx_word' id='word_1_790' title='bbox 2755 3385 2898 3455; x_wconf 85' lang='lat' dir='ltr'><strong>Ergo</strong></span> <span class='ocrx_word' id='word_1_791' title='bbox 2916 3386 2965 3440; x_wconf 85' lang='lat' dir='ltr'><strong>si</strong></span> <span class='ocrx_word' id='word_1_792' title='bbox 2994 3387 3309 3443; x_wconf 84' lang='lat' dir='ltr'><strong>Publicanus</strong></span> <span class='ocrx_word' id='word_1_793' title='bbox 3338 3389 3431 3442; x_wconf 84' lang='lat' dir='ltr'><strong>ille</strong></span> <span class='ocrx_word' id='word_1_794' title='bbox 3454 3406 3623 3444; x_wconf 73' lang='lat' dir='ltr'><strong>sanus</strong></span> 
     </span>
    </p>
   </div>
   <div class='ocr_carea' id='block_1_96' title="bbox 2029 3473 3625 3548">
    <p class='ocr_par' dir='ltr' id='par_1_96' title="bbox 2029 3473 3625 3548">
     <span class='ocr_line' id='line_1_96' title="bbox 2029 3473 3625 3548; baseline 0.008 -22"><span class='ocrx_word' id='word_1_795' title='bbox 2029 3479 2206 3534; x_wconf 88' lang='lat' dir='ltr'><strong>esset,</strong></span> <span class='ocrx_word' id='word_1_796' title='bbox 2254 3473 2517 3528; x_wconf 75' lang='lat' dir='ltr'><strong>invideret</strong></span> <span class='ocrx_word' id='word_1_797' title='bbox 2566 3475 2638 3529; x_wconf 91' lang='lat' dir='ltr'><strong>illi</strong></span> <span class='ocrx_word' id='word_1_798' title='bbox 2684 3476 3023 3543; x_wconf 63' lang='lat' dir='ltr'><strong>Pharis-mus;</strong></span> <span class='ocrx_word' id='word_1_799' title='bbox 3073 3481 3196 3548; x_wconf 91' lang='lat' dir='ltr'><strong>quia</strong></span> <span class='ocrx_word' id='word_1_800' title='bbox 3243 3497 3348 3535; x_wconf 89' lang='lat' dir='ltr'><strong>non</strong></span> <span class='ocrx_word' id='word_1_801' title='bbox 3394 3481 3625 3538; x_wconf 71' lang='lat' dir='ltr'><strong>haberet</strong></span> 
     </span>
    </p>
   </div>
   <div class='ocr_carea' id='block_1_97' title="bbox 2029 3566 3616 3641">
    <p class='ocr_par' dir='ltr' id='par_1_97' title="bbox 2029 3566 3616 3641">
     <span class='ocr_line' id='line_1_97' title="bbox 2029 3566 3616 3641; baseline 0.008 -25"><span class='ocrx_word' id='word_1_802' title='bbox 2029 3575 2190 3630; x_wconf 89' lang='lat' dir='ltr'><strong>super</strong></span> <span class='ocrx_word' id='word_1_803' title='bbox 2233 3578 2389 3633; x_wconf 90' lang='lat' dir='ltr'><strong>quem</strong></span> <span class='ocrx_word' id='word_1_804' title='bbox 2445 3566 2808 3620; x_wconf 83' lang='lat' dir='ltr'><strong>extolleretur.</strong></span> <span class='ocrx_word' id='word_1_805' title='bbox 2865 3568 3146 3634; x_wconf 89' lang='lat' dir='ltr'><strong>Quomodo</strong></span> <span class='ocrx_word' id='word_1_806' title='bbox 3197 3586 3324 3641; x_wconf 82' lang='lat' dir='ltr'><strong>ergo</strong></span> <span class='ocrx_word' id='word_1_807' title='bbox 3369 3587 3616 3634; x_wconf 67' lang='lat' dir='ltr'><strong>venerat.</strong></span> 
     </span>
    </p>
   </div>
   <div class='ocr_carea' id='block_1_98' title="bbox 2029 3653 3622 3728">
    <p class='ocr_par' dir='ltr' id='par_1_98' title="bbox 2029 3653 3622 3728">
     <span class='ocr_line' id='line_1_98' title="bbox 2029 3653 3622 3728; baseline 0.008 -24"><span class='ocrx_word' id='word_1_808' title='bbox 2029 3653 2116 3722; x_wconf 90' lang='lat' dir='ltr'><strong>qui</strong></span> <span class='ocrx_word' id='word_1_809' title='bbox 2145 3653 2223 3709; x_wconf 91' lang='lat' dir='ltr'><strong>sic</strong></span> <span class='ocrx_word' id='word_1_810' title='bbox 2248 3654 2570 3710; x_wconf 81' lang='lat' dir='ltr'><strong>invidebat?</strong></span> <span class='ocrx_word' id='word_1_811' title='bbox 2605 3655 2719 3711; x_wconf 83' lang='lat' dir='ltr'><strong>Non</strong></span> <span class='ocrx_word' id='word_1_812' title='bbox 2744 3666 2858 3712; x_wconf 88' lang='lat' dir='ltr'><strong>erat</strong></span> <span class='ocrx_word' id='word_1_813' title='bbox 2885 3660 3067 3728; x_wconf 65' lang='lat' dir='ltr'><strong>utique.</strong></span> <span class='ocrx_word' id='word_1_814' title='bbox 3091 3675 3250 3714; x_wconf 90' lang='lat' dir='ltr'><strong>sanus</strong></span> <span class='ocrx_word' id='word_1_815' title='bbox 3285 3679 3299 3715; x_wconf 89' lang='lat'><strong>:</strong></span> <span class='ocrx_word' id='word_1_816' title='bbox 3329 3671 3526 3717; x_wconf 84' lang='lat' dir='ltr'><strong>etcum</strong></span> <span class='ocrx_word' id='word_1_817' title='bbox 3558 3680 3622 3717; x_wconf 71' lang='lat' dir='ltr'><strong>se</strong></span> 
     </span>
    </p>
   </div>
   <div class='ocr_carea' id='block_1_99' title="bbox 2028 3744 3619 3809">
    <p class='ocr_par' dir='ltr' id='par_1_99' title="bbox 2028 3744 3619 3809">
     <span class='ocr_line' id='line_1_99' title="bbox 2028 3744 3619 3809; baseline 0.008 -12"><span class='ocrx_word' id='word_1_818' title='bbox 2028 3757 2217 3797; x_wconf 89' lang='lat' dir='ltr'><strong>sanum</strong></span> <span class='ocrx_word' id='word_1_819' title='bbox 2247 3744 2468 3804; x_wconf 88' lang='lat' dir='ltr'><strong>diceret.</strong></span> <span class='ocrx_word' id='word_1_820' title='bbox 2503 3763 2608 3801; x_wconf 89' lang='lat' dir='ltr'><strong>non</strong></span> <span class='ocrx_word' id='word_1_821' title='bbox 2640 3747 2917 3803; x_wconf 87' lang='lat' dir='ltr'><strong>descendit</strong></span> <span class='ocrx_word' id='word_1_822' title='bbox 2941 3763 3176 3804; x_wconf 72' lang='lat' dir='ltr'><strong>curatus.</strong></span> <span class='ocrx_word' id='word_1_823' title='bbox 3222 3753 3315 3806; x_wconf 75' lang='lat' dir='ltr'><strong>Ille</strong></span> <span class='ocrx_word' id='word_1_824' title='bbox 3342 3765 3518 3808; x_wconf 88' lang='lat' dir='ltr'><strong>autem</strong></span> <span class='ocrx_word' id='word_1_825' title='bbox 3552 3757 3619 3809; x_wconf 91' lang='lat' dir='ltr'><strong>ad</strong></span> 
     </span>
    </p>
   </div>
   <div class='ocr_carea' id='block_1_100' title="bbox 2029 3836 3617 3915">
    <p class='ocr_par' dir='ltr' id='par_1_100' title="bbox 2029 3836 3617 3915">
     <span class='ocr_line' id='line_1_100' title="bbox 2029 3836 3617 3915; baseline 0.008 -27"><span class='ocrx_word' id='word_1_826' title='bbox 2029 3844 2227 3889; x_wconf 90' lang='lat' dir='ltr'><strong>terram</strong></span> <span class='ocrx_word' id='word_1_827' title='bbox 2267 3836 2451 3892; x_wconf 90' lang='lat' dir='ltr'><strong>oculos</strong></span> <span class='ocrx_word' id='word_1_828' title='bbox 2484 3838 2781 3915; x_wconf 84' lang='lat' dir='ltr'><strong>dejiciens,</strong></span> <span class='ocrx_word' id='word_1_829' title='bbox 2827 3849 2881 3895; x_wconf 89' lang='lat' dir='ltr'><strong>et</strong></span> <span class='ocrx_word' id='word_1_830' title='bbox 2926 3857 3031 3895; x_wconf 92' lang='lat' dir='ltr'><strong>non</strong></span> <span class='ocrx_word' id='word_1_831' title='bbox 3075 3842 3278 3899; x_wconf 90' lang='lat' dir='ltr'><strong>audens</strong></span> <span class='ocrx_word' id='word_1_832' title='bbox 3321 3845 3375 3898; x_wconf 92' lang='lat' dir='ltr'><strong>in</strong></span> <span class='ocrx_word' id='word_1_833' title='bbox 3420 3846 3617 3901; x_wconf 54' lang='lat' dir='ltr'><strong>caelum</strong></span> 
     </span>
    </p>
   </div>
   <div class='ocr_carea' id='block_1_101' title="bbox 2030 3917 3623 4005">
    <p class='ocr_par' dir='ltr' id='par_1_101' title="bbox 2030 3917 3623 4005">
     <span class='ocr_line' id='line_1_101' title="bbox 2030 3917 3623 4005; baseline 0.007 -26"><span class='ocrx_word' id='word_1_834' title='bbox 2030 3925 2239 3990; x_wconf 88' lang='lat' dir='ltr'><strong>tollere,</strong></span> <span class='ocrx_word' id='word_1_835' title='bbox 2270 3929 2599 3996; x_wconf 81' lang='lat' dir='ltr'><strong>percutiebat</strong></span> <span class='ocrx_word' id='word_1_836' title='bbox 2632 3938 2814 3998; x_wconf 87' lang='lat' dir='ltr'><strong>peetus</strong></span> <span class='ocrx_word' id='word_1_837' title='bbox 2841 3917 3015 3998; x_wconf 88' lang='lat' dir='ltr'><strong>suum,</strong></span> <span class='ocrx_word' id='word_1_838' title='bbox 3046 3933 3230 3988; x_wconf 87' lang='lat' dir='ltr'><strong>dicens</strong></span> <span class='ocrx_word' id='word_1_839' title='bbox 3263 3953 3275 3987; x_wconf 91' lang='lat'>:</span> <span class='ocrx_word' id='word_1_840' title='bbox 3310 3935 3469 4000; x_wconf 86' lang='lat' dir='ltr'><strong>Deus,</strong></span> <span class='ocrx_word' id='word_1_841' title='bbox 3500 3954 3623 4005; x_wconf 84' lang='lat' dir='ltr'><strong>pro-</strong></span> 
     </span>
    </p>
   </div>
   <div class='ocr_carea' id='block_1_102' title="bbox 2029 4018 3621 4093">
    <p class='ocr_par' dir='ltr' id='par_1_102' title="bbox 2029 4018 3621 4093">
     <span class='ocr_line' id='line_1_102' title="bbox 2029 4018 3621 4093; baseline 0.009 -23"><span class='ocrx_word' id='word_1_842' title='bbox 2029 4018 2183 4087; x_wconf 86' lang='lat' dir='ltr'><strong>pitius</strong></span> <span class='ocrx_word' id='word_1_843' title='bbox 2228 4031 2333 4087; x_wconf 85' lang='lat' dir='ltr'><strong>esto</strong></span> <span class='ocrx_word' id='word_1_844' title='bbox 2363 4021 2486 4073; x_wconf 88' lang='lat' dir='ltr'><strong>milti</strong></span> <span class='ocrx_word' id='word_1_845' title='bbox 2534 4023 2808 4091; x_wconf 84' lang='lat' dir='ltr'><strong>peccatori.</strong></span> <span class='ocrx_word' id='word_1_846' title='bbox 2861 4024 2927 4077; x_wconf 85' lang='lat' dir='ltr'><strong>Et</strong></span> <span class='ocrx_word' id='word_1_847' title='bbox 2971 4025 3096 4093; x_wconf 87' lang='lat' dir='ltr'><strong>qttid</strong></span> <span class='ocrx_word' id='word_1_848' title='bbox 3143 4026 3272 4081; x_wconf 89' lang='lat' dir='ltr'><strong>dicit</strong></span> <span class='ocrx_word' id='word_1_849' title='bbox 3316 4029 3621 4084; x_wconf 75' lang='lat' dir='ltr'><strong>Dominus?</strong></span> 
     </span>
    </p>
   </div>
   <div class='ocr_carea' id='block_1_103' title="bbox 2030 4109 3619 4190">
    <p class='ocr_par' dir='ltr' id='par_1_103' title="bbox 2030 4109 3619 4190">
     <span class='ocr_line' id='line_1_103' title="bbox 2030 4109 3619 4190; baseline 0.007 -28"><span class='ocrx_word' id='word_1_850' title='bbox 2030 4109 2186 4162; x_wconf 76' lang='lat' dir='ltr'><strong>Amen</strong></span> <span class='ocrx_word' id='word_1_851' title='bbox 2214 4111 2324 4163; x_wconf 79' lang='lat' dir='ltr'><strong>dico</strong></span> <span class='ocrx_word' id='word_1_852' title='bbox 2361 4111 2496 4166; x_wconf 83' lang='lat' dir='ltr'><strong>vobis</strong></span> <span class='ocrx_word' id='word_1_853' title='bbox 2514 4154 2529 4177; x_wconf 93' lang='lat'><strong>,</strong></span> <span class='ocrx_word' id='word_1_854' title='bbox 2569 4113 2689 4181; x_wconf 87' lang='lat' dir='ltr'><strong>quia</strong></span> <span class='ocrx_word' id='word_1_855' title='bbox 2713 4113 2968 4169; x_wconf 82' lang='lat' dir='ltr'><strong>descendit</strong></span> <span class='ocrx_word' id='word_1_856' title='bbox 3002 4117 3316 4184; x_wconf 76' lang='lat' dir='ltr'><strong>justi/iratus</strong></span> <span class='ocrx_word' id='word_1_857' title='bbox 3342 4119 3405 4172; x_wconf 86' lang='lat' dir='ltr'><strong>de</strong></span> <span class='ocrx_word' id='word_1_858' title='bbox 3430 4121 3619 4190; x_wconf 82' lang='lat' dir='ltr'><strong>tentplo</strong></span> 
     </span>
    </p>
   </div>
   <div class='ocr_carea' id='block_1_104' title="bbox 2032 4198 3619 4277">
    <p class='ocr_par' dir='ltr' id='par_1_104' title="bbox 2032 4198 3619 4277">
     <span class='ocr_line' id='line_1_104' title="bbox 2032 4198 3619 4277; baseline 0.008 -25"><span class='ocrx_word' id='word_1_859' title='bbox 2032 4198 2362 4265; x_wconf 81' lang='lat' dir='ltr'><strong>Publicanus,</strong></span> <span class='ocrx_word' id='word_1_860' title='bbox 2389 4205 2550 4273; x_wconf 83' lang='lat' dir='ltr'><strong>magis</strong></span> <span class='ocrx_word' id='word_1_861' title='bbox 2574 4221 2727 4273; x_wconf 84' lang='lat' dir='ltr'><strong>quam</strong></span> <span class='ocrx_word' id='word_1_862' title='bbox 2750 4205 3037 4259; x_wconf 78' lang='lat' dir='ltr'><strong>I’hariswus</strong></span> <span class='ocrx_word' id='word_1_863' title='bbox 3068 4223 3086 4260; x_wconf 89' lang='lat'><strong><em>:</em></strong></span> <span class='ocrx_word' id='word_1_864' title='bbox 3113 4209 3233 4275; x_wconf 87' lang='lat' dir='ltr'><strong>quia</strong></span> <span class='ocrx_word' id='word_1_865' title='bbox 3261 4210 3425 4262; x_wconf 85' lang='lat' dir='ltr'><strong>omnis</strong></span> <span class='ocrx_word' id='word_1_866' title='bbox 3451 4212 3540 4277; x_wconf 76' lang='lat' dir='ltr'><strong>qui</strong></span> <span class='ocrx_word' id='word_1_867' title='bbox 3563 4228 3619 4264; x_wconf 87' lang='lat' dir='ltr'><strong>se</strong></span> 
     </span>
    </p>
   </div>
   <div class='ocr_carea' id='block_1_105' title="bbox 2030 4293 3618 4366">
    <p class='ocr_par' dir='ltr' id='par_1_105' title="bbox 2030 4293 3618 4366">
     <span class='ocr_line' id='line_1_105' title="bbox 2030 4293 3618 4366; baseline 0.005 -22"><span class='ocrx_word' id='word_1_868' title='bbox 2030 4293 2251 4355; x_wconf 71' lang='lat' dir='ltr'><strong>exultat,</strong></span> <span class='ocrx_word' id='word_1_869' title='bbox 2298 4293 2682 4360; x_wconf 73' lang='lat' dir='ltr'><strong>humiliabitur;</strong></span> <span class='ocrx_word' id='word_1_870' title='bbox 2721 4303 2767 4349; x_wconf 83' lang='lat' dir='ltr'><strong>et</strong></span> <span class='ocrx_word' id='word_1_871' title='bbox 2802 4299 2889 4366; x_wconf 90' lang='lat' dir='ltr'><strong>qui</strong></span> <span class='ocrx_word' id='word_1_872' title='bbox 2916 4314 2969 4350; x_wconf 90' lang='lat' dir='ltr'><strong>se</strong></span> <span class='ocrx_word' id='word_1_873' title='bbox 2994 4298 3263 4363; x_wconf 85' lang='lat' dir='ltr'><strong>Immiliat,</strong></span> <span class='ocrx_word' id='word_1_874' title='bbox 3309 4301 3618 4353; x_wconf 63' lang='lat' dir='ltr'><strong>multabitur</strong></span> 
     </span>
    </p>
   </div>
   <div class='ocr_carea' id='block_1_106' title="bbox 2031 4383 3614 4458">
    <p class='ocr_par' dir='ltr' id='par_1_106' title="bbox 2031 4383 3614 4458">
     <span class='ocr_line' id='line_1_106' title="bbox 2031 4383 3614 4458; baseline 0.005 -22"><span class='ocrx_word' id='word_1_875' title='bbox 2031 4383 2184 4451; x_wconf 87' lang='lat' dir='ltr'><strong>(Luc.</strong></span> <span class='ocrx_word' id='word_1_876' title='bbox 2214 4400 2366 4451; x_wconf 79' lang='lat' dir='ltr'><strong>xvnt,</strong></span> <span class='ocrx_word' id='word_1_877' title='bbox 2390 4384 2600 4456; x_wconf 73' lang='grc'><strong>10-14).</strong></span> <span class='ocrx_word' id='word_1_878' title='bbox 2633 4386 2731 4452; x_wconf 90' lang='lat' dir='ltr'><strong>Qui</strong></span> <span class='ocrx_word' id='word_1_879' title='bbox 2757 4403 2884 4458; x_wconf 83' lang='lat' dir='ltr'><strong>ergo</strong></span> <span class='ocrx_word' id='word_1_880' title='bbox 2913 4403 2971 4443; x_wconf 87' lang='lat' dir='ltr'><strong>se</strong></span> <span class='ocrx_word' id='word_1_881' title='bbox 2995 4389 3248 4451; x_wconf 73' lang='lat' dir='ltr'><strong>exaltant,</strong></span> <span class='ocrx_word' id='word_1_882' title='bbox 3272 4405 3368 4457; x_wconf 89' lang='lat' dir='ltr'><strong>per</strong></span> <span class='ocrx_word' id='word_1_883' title='bbox 3391 4392 3614 4445; x_wconf 82' lang='lat' dir='ltr'><strong>alteram</strong></span> 
     </span>
    </p>
   </div>
   <div class='ocr_carea' id='block_1_107' title="bbox 2032 4477 3618 4547">
    <p class='ocr_par' dir='ltr' id='par_1_107' title="bbox 2032 4477 3618 4547">
     <span class='ocr_line' id='line_1_107' title="bbox 2032 4477 3618 4547; baseline 0.007 -22"><span class='ocrx_word' id='word_1_884' title='bbox 2032 4484 2236 4542; x_wconf 88' lang='lat' dir='ltr'><strong>partem</strong></span> <span class='ocrx_word' id='word_1_885' title='bbox 2263 4477 2448 4527; x_wconf 84' lang='lat' dir='ltr'><strong>volunt</strong></span> <span class='ocrx_word' id='word_1_886' title='bbox 2475 4477 2764 4531; x_wconf 87' lang='lat' dir='ltr'><strong>ascendere</strong></span> <span class='ocrx_word' id='word_1_887' title='bbox 2790 4477 2856 4531; x_wconf 88' lang='lat' dir='ltr'><strong>ad</strong></span> <span class='ocrx_word' id='word_1_888' title='bbox 2887 4479 3025 4532; x_wconf 87' lang='lat' dir='ltr'><strong>ovile</strong></span> <span class='ocrx_word' id='word_1_889' title='bbox 3055 4496 3067 4531; x_wconf 88' lang='lat'><strong>:</strong></span> <span class='ocrx_word' id='word_1_890' title='bbox 3099 4480 3185 4547; x_wconf 89' lang='lat' dir='ltr'><strong>qui</strong></span> <span class='ocrx_word' id='word_1_891' title='bbox 3219 4490 3397 4533; x_wconf 85' lang='lat' dir='ltr'><strong>autem</strong></span> <span class='ocrx_word' id='word_1_892' title='bbox 3424 4497 3483 4534; x_wconf 87' lang='lat' dir='ltr'><strong>se</strong></span> <span class='ocrx_word' id='word_1_893' title='bbox 3511 4481 3618 4535; x_wconf 85' lang='lat' dir='ltr'><strong>hu-</strong></span> 
     </span>
    </p>
   </div>
   <div class='ocr_carea' id='block_1_108' title="bbox 2031 4565 3617 4635">
    <p class='ocr_par' dir='ltr' id='par_1_108' title="bbox 2031 4565 3617 4635">
     <span class='ocr_line' id='line_1_108' title="bbox 2031 4565 3617 4635; baseline 0.005 -18"><span class='ocrx_word' id='word_1_894' title='bbox 2031 4565 2257 4629; x_wconf 88' lang='lat' dir='ltr'><strong>milianl,</strong></span> <span class='ocrx_word' id='word_1_895' title='bbox 2299 4581 2396 4635; x_wconf 88' lang='lat' dir='ltr'><strong>per</strong></span> <span class='ocrx_word' id='word_1_896' title='bbox 2435 4565 2652 4635; x_wconf 89' lang='lat' dir='ltr'><strong>januam</strong></span> <span class='ocrx_word' id='word_1_897' title='bbox 2698 4568 2898 4621; x_wconf 88' lang='lat' dir='ltr'><strong>intrant</strong></span> <span class='ocrx_word' id='word_1_898' title='bbox 2935 4569 3002 4622; x_wconf 91' lang='lat' dir='ltr'><strong>ad</strong></span> <span class='ocrx_word' id='word_1_899' title='bbox 3045 4566 3202 4625; x_wconf 80' lang='lat' dir='ltr'><strong>Ovile.</strong></span> <span class='ocrx_word' id='word_1_900' title='bbox 3251 4571 3373 4625; x_wconf 87' lang='lat' dir='ltr'><strong>ideo</strong></span> <span class='ocrx_word' id='word_1_901' title='bbox 3410 4572 3479 4627; x_wconf 86' lang='lat' dir='ltr'><strong>de</strong></span> <span class='ocrx_word' id='word_1_902' title='bbox 3525 4574 3617 4628; x_wconf 85' lang='lat' dir='ltr'><strong>illo</strong></span> 
     </span>
    </p>
   </div>
   <div class='ocr_carea' id='block_1_109' title="bbox 2029 4655 3612 4730">
    <p class='ocr_par' dir='ltr' id='par_1_109' title="bbox 2029 4655 3612 4730">
     <span class='ocr_line' id='line_1_109' title="bbox 2029 4655 3612 4730; baseline 0.004 -20"><span class='ocrx_word' id='word_1_903' title='bbox 2029 4655 2195 4716; x_wconf 84' lang='lat' dir='ltr'><strong>dixit,</strong></span> <span class='ocrx_word' id='word_1_904' title='bbox 2223 4657 2375 4709; x_wconf 86' lang='lat' dir='ltr'><strong>intrat</strong></span> <span class='ocrx_word' id='word_1_905' title='bbox 2403 4673 2421 4710; x_wconf 89' lang='lat'><strong><em>:</em></strong></span> <span class='ocrx_word' id='word_1_906' title='bbox 2447 4657 2515 4712; x_wconf 89' lang='lat' dir='ltr'><strong>de</strong></span> <span class='ocrx_word' id='word_1_907' title='bbox 2543 4659 2632 4711; x_wconf 91' lang='lat' dir='ltr'><strong>illo</strong></span> <span class='ocrx_word' id='word_1_908' title='bbox 2652 4700 2666 4721; x_wconf 96' lang='lat'><strong>,</strong></span> <span class='ocrx_word' id='word_1_909' title='bbox 2701 4660 2946 4713; x_wconf 75' lang='lat' dir='ltr'><strong>ascendit.</strong></span> <span class='ocrx_word' id='word_1_910' title='bbox 2974 4660 3077 4728; x_wconf 91' lang='lat' dir='ltr'><strong>Qui</strong></span> <span class='ocrx_word' id='word_1_911' title='bbox 3103 4663 3365 4725; x_wconf 86' lang='lat' dir='ltr'><strong>ascendit,</strong></span> <span class='ocrx_word' id='word_1_912' title='bbox 3395 4664 3612 4730; x_wconf 79' lang='lat' dir='ltr'><strong>videtis,</strong></span> 
     </span>
    </p>
   </div>
   <div class='ocr_carea' id='block_1_110' title="bbox 2029 4746 3615 4824">
    <p class='ocr_par' dir='ltr' id='par_1_110' title="bbox 2029 4746 3615 4824">
     <span class='ocr_line' id='line_1_110' title="bbox 2029 4746 3615 4824; baseline 0.008 -28"><span class='ocrx_word' id='word_1_913' title='bbox 2029 4746 2117 4815; x_wconf 89' lang='lat' dir='ltr'><strong>qui</strong></span> <span class='ocrx_word' id='word_1_914' title='bbox 2147 4747 2250 4799; x_wconf 85' lang='lat' dir='ltr'><strong>alta</strong></span> <span class='ocrx_word' id='word_1_915' title='bbox 2280 4748 2443 4815; x_wconf 84' lang='lat' dir='ltr'><strong>petit,</strong></span> <span class='ocrx_word' id='word_1_916' title='bbox 2474 4763 2576 4802; x_wconf 89' lang='lat' dir='ltr'><strong>non</strong></span> <span class='ocrx_word' id='word_1_917' title='bbox 2619 4748 2802 4813; x_wconf 78' lang='lat' dir='ltr'><strong>intrat,</strong></span> <span class='ocrx_word' id='word_1_918' title='bbox 2837 4750 2929 4804; x_wconf 85' lang='lat' dir='ltr'><strong>sed</strong></span> <span class='ocrx_word' id='word_1_919' title='bbox 2974 4751 3134 4805; x_wconf 84' lang='lat' dir='ltr'><strong>cadit.</strong></span> <span class='ocrx_word' id='word_1_920' title='bbox 3184 4752 3273 4807; x_wconf 85' lang='lat' dir='ltr'><strong>Ille</strong></span> <span class='ocrx_word' id='word_1_921' title='bbox 3299 4763 3477 4808; x_wconf 87' lang='lat' dir='ltr'><strong>autem</strong></span> <span class='ocrx_word' id='word_1_922' title='bbox 3521 4756 3615 4824; x_wconf 87' lang='lat' dir='ltr'><strong>qui</strong></span> 
     </span>
    </p>
   </div>
   <div class='ocr_carea' id='block_1_111' title="bbox 2029 4836 3612 4909">
    <p class='ocr_par' dir='ltr' id='par_1_111' title="bbox 2029 4836 3612 4909">
     <span class='ocr_line' id='line_1_111' title="bbox 2029 4836 3612 4909; baseline 0.007 -19"><span class='ocrx_word' id='word_1_923' title='bbox 2029 4851 2088 4891; x_wconf 88' lang='lat' dir='ltr'><strong>se</strong></span> <span class='ocrx_word' id='word_1_924' title='bbox 2115 4836 2414 4904; x_wconf 86' lang='lat' dir='ltr'><strong>submittit,</strong></span> <span class='ocrx_word' id='word_1_925' title='bbox 2467 4847 2525 4893; x_wconf 90' lang='lat' dir='ltr'><strong>ut</strong></span> <span class='ocrx_word' id='word_1_926' title='bbox 2549 4854 2645 4909; x_wconf 89' lang='lat' dir='ltr'><strong>per</strong></span> <span class='ocrx_word' id='word_1_927' title='bbox 2678 4839 2895 4909; x_wconf 84' lang='lat' dir='ltr'><strong>januam</strong></span> <span class='ocrx_word' id='word_1_928' title='bbox 2925 4841 3118 4908; x_wconf 87' lang='lat' dir='ltr'><strong>intret,</strong></span> <span class='ocrx_word' id='word_1_929' title='bbox 3165 4860 3268 4898; x_wconf 91' lang='lat' dir='ltr'><strong>non</strong></span> <span class='ocrx_word' id='word_1_930' title='bbox 3300 4846 3475 4907; x_wconf 87' lang='lat' dir='ltr'><strong>cadit,</strong></span> <span class='ocrx_word' id='word_1_931' title='bbox 3516 4847 3612 4901; x_wconf 77' lang='lat' dir='ltr'><strong>sed</strong></span> 
     </span>
    </p>
   </div>
   <div class='ocr_carea' id='block_1_112' title="bbox 2028 4935 2335 4997">
    <p class='ocr_par' dir='ltr' id='par_1_112' title="bbox 2028 4935 2335 4997">
     <span class='ocr_line' id='line_1_112' title="bbox 2028 4935 2335 4997; baseline 0 -17"><span class='ocrx_word' id='word_1_932' title='bbox 2028 4935 2210 4997; x_wconf 81' lang='lat' dir='ltr'><strong>pastor</strong></span> <span class='ocrx_word' id='word_1_933' title='bbox 2235 4936 2335 4981; x_wconf 89' lang='lat' dir='ltr'><strong>est.</strong></span> 
     </span>
    </p>
   </div>
   <div class='ocr_carea' id='block_1_113' title="bbox 2098 5018 3617 5091">
    <p class='ocr_par' dir='ltr' id='par_1_113' title="bbox 2098 5018 3617 5091">
     <span class='ocr_line' id='line_1_113' title="bbox 2098 5018 3617 5091; baseline 0.009 -22"><span class='ocrx_word' id='word_1_934' title='bbox 2098 5018 2324 5073; x_wconf 77' lang='lat' dir='ltr'><strong>CAPUT</strong></span> <span class='ocrx_word' id='word_1_935' title='bbox 2366 5018 2426 5071; x_wconf 83' lang='lat' dir='ltr'><strong>V.</strong></span> <span class='ocrx_word' id='word_1_936' title='bbox 2457 5047 2530 5057; x_wconf 96' lang='lat'><strong><em>—</em></strong></span> <span class='ocrx_word' id='word_1_937' title='bbox 2554 5019 2606 5074; x_wconf 78' lang='grc' dir='ltr'><strong>ὅ.</strong></span> <span class='ocrx_word' id='word_1_938' title='bbox 2638 5018 2758 5074; x_wconf 83' lang='lat' dir='ltr'><strong>Tres</strong></span> <span class='ocrx_word' id='word_1_939' title='bbox 2793 5037 3029 5089; x_wconf 79' lang='lat' dir='ltr'><strong>persomc</strong></span> <span class='ocrx_word' id='word_1_940' title='bbox 3055 5024 3124 5077; x_wconf 87' lang='lat' dir='ltr'><strong>ad</strong></span> <span class='ocrx_word' id='word_1_941' title='bbox 3157 5025 3287 5078; x_wconf 74' lang='lat' dir='ltr'><strong>ovile</strong></span> <span class='ocrx_word' id='word_1_942' title='bbox 3321 5026 3571 5091; x_wconf 69' lang='lat' dir='ltr'><strong>rationes</strong></span> <span class='ocrx_word' id='word_1_943' title='bbox 3595 5044 3617 5083; x_wconf 91' lang='lat'><strong><em>:</em></strong></span> 
     </span>
    </p>
   </div>
   <div class='ocr_carea' id='block_1_114' title="bbox 2031 5110 3617 5183">
    <p class='ocr_par' dir='ltr' id='par_1_114' title="bbox 2031 5110 3617 5183">
     <span class='ocr_line' id='line_1_114' title="bbox 2031 5110 3617 5183; baseline 0.007 -23"><span class='ocrx_word' id='word_1_944' title='bbox 2031 5117 2219 5177; x_wconf 86' lang='lat' dir='ltr'><strong>pastor,</strong></span> <span class='ocrx_word' id='word_1_945' title='bbox 2244 5113 2348 5179; x_wconf 78' lang='lat' dir='ltr'><strong>fur,</strong></span> <span class='ocrx_word' id='word_1_946' title='bbox 2379 5112 2735 5163; x_wconf 74' lang='lat' dir='ltr'><strong>mercenarius.</strong></span> <span class='ocrx_word' id='word_1_947' title='bbox 2764 5110 3068 5182; x_wconf 84' lang='lat' dir='ltr'><strong>Diligcadus</strong></span> <span class='ocrx_word' id='word_1_948' title='bbox 3096 5125 3169 5167; x_wconf 89' lang='lat' dir='ltr'><strong>est</strong></span> <span class='ocrx_word' id='word_1_949' title='bbox 3200 5127 3391 5183; x_wconf 85' lang='lat' dir='ltr'><strong>pastor,</strong></span> <span class='ocrx_word' id='word_1_950' title='bbox 3423 5134 3617 5172; x_wconf 81' lang='lat' dir='ltr'><strong>merce-</strong></span> 
     </span>
    </p>
   </div>
   <div class='ocr_carea' id='block_1_115' title="bbox 2027 5199 3617 5277">
    <p class='ocr_par' dir='ltr' id='par_1_115' title="bbox 2027 5199 3617 5277">
     <span class='ocr_line' id='line_1_115' title="bbox 2027 5199 3617 5277; baseline 0.009 -25"><span class='ocrx_word' id='word_1_951' title='bbox 2027 5199 2201 5252; x_wconf 83' lang='lat' dir='ltr'><strong>narius</strong></span> <span class='ocrx_word' id='word_1_952' title='bbox 2229 5199 2522 5254; x_wconf 85' lang='lat' dir='ltr'><strong>tolerandas</strong></span> <span class='ocrx_word' id='word_1_953' title='bbox 2542 5242 2554 5263; x_wconf 90' lang='lat'><strong>,</strong></span> <span class='ocrx_word' id='word_1_954' title='bbox 2583 5203 2837 5257; x_wconf 78' lang='lat' dir='ltr'><strong>cavendus</strong></span> <span class='ocrx_word' id='word_1_955' title='bbox 2863 5204 3015 5257; x_wconf 86' lang='lat' dir='ltr'><strong>latro.</strong></span> <span class='ocrx_word' id='word_1_956' title='bbox 3055 5204 3161 5259; x_wconf 86' lang='lat' dir='ltr'><strong>Sed</strong></span> <span class='ocrx_word' id='word_1_957' title='bbox 3206 5216 3316 5263; x_wconf 88' lang='lat' dir='ltr'><strong>tres</strong></span> <span class='ocrx_word' id='word_1_958' title='bbox 3357 5223 3617 5277; x_wconf 81' lang='lat' dir='ltr'><strong>personas</strong></span> 
     </span>
    </p>
   </div>
   <div class='ocr_carea' id='block_1_116' title="bbox 2026 5293 3617 5369">
    <p class='ocr_par' dir='ltr' id='par_1_116' title="bbox 2026 5293 3617 5369">
     <span class='ocr_line' id='line_1_116' title="bbox 2026 5293 3617 5369; baseline 0.005 -22"><span class='ocrx_word' id='word_1_959' title='bbox 2026 5293 2161 5348; x_wconf 76' lang='lat' dir='ltr'><strong>dixit</strong></span> <span class='ocrx_word' id='word_1_960' title='bbox 2190 5294 2463 5357; x_wconf 83' lang='lat' dir='ltr'><strong>Dominus,</strong></span> <span class='ocrx_word' id='word_1_961' title='bbox 2496 5305 2551 5349; x_wconf 88' lang='lat' dir='ltr'><strong>et</strong></span> <span class='ocrx_word' id='word_1_962' title='bbox 2573 5294 2834 5367; x_wconf 86' lang='lat' dir='ltr'><strong>debemus</strong></span> <span class='ocrx_word' id='word_1_963' title='bbox 2860 5297 2975 5351; x_wconf 85' lang='lat' dir='ltr'><strong>illas</strong></span> <span class='ocrx_word' id='word_1_964' title='bbox 3003 5297 3322 5369; x_wconf 85' lang='lat' dir='ltr'><strong>investigare</strong></span> <span class='ocrx_word' id='word_1_965' title='bbox 3350 5301 3402 5354; x_wconf 91' lang='lat' dir='ltr'><strong>in</strong></span> <span class='ocrx_word' id='word_1_966' title='bbox 3432 5302 3617 5355; x_wconf 80' lang='lat' dir='ltr'><strong>Evan-</strong></span> 
     </span>
    </p>
   </div>
   <div class='ocr_carea' id='block_1_117' title="bbox 2026 5385 3618 5462">
    <p class='ocr_par' dir='ltr' id='par_1_117' title="bbox 2026 5385 3618 5462">
     <span class='ocr_line' id='line_1_117' title="bbox 2026 5385 3618 5462; baseline 0.006 -24"><span class='ocrx_word' id='word_1_967' title='bbox 2026 5385 2196 5454; x_wconf 81' lang='lat' dir='ltr'><strong>gelia;</strong></span> <span class='ocrx_word' id='word_1_968' title='bbox 2231 5386 2495 5453; x_wconf 87' lang='lat' dir='ltr'><strong>pastoris,</strong></span> <span class='ocrx_word' id='word_1_969' title='bbox 2527 5388 2843 5442; x_wconf 88' lang='lat' dir='ltr'><strong>mercenarii</strong></span> <span class='ocrx_word' id='word_1_970' title='bbox 2868 5396 2924 5443; x_wconf 89' lang='lat' dir='ltr'><strong>et</strong></span> <span class='ocrx_word' id='word_1_971' title='bbox 2955 5387 3107 5442; x_wconf 85' lang='lat' dir='ltr'><strong>furis.</strong></span> <span class='ocrx_word' id='word_1_972' title='bbox 3152 5388 3286 5444; x_wconf 89' lang='lat' dir='ltr'><strong>Cum</strong></span> <span class='ocrx_word' id='word_1_973' title='bbox 3324 5391 3618 5462; x_wconf 78' lang='lat' dir='ltr'><strong>legeretur,</strong></span> 
     </span>
    </p>
   </div>
   <div class='ocr_carea' id='block_1_118' title="bbox 2028 5476 3618 5550">
    <p class='ocr_par' dir='ltr' id='par_1_118' title="bbox 2028 5476 3618 5550">
     <span class='ocr_line' id='line_1_118' title="bbox 2028 5476 3618 5550; baseline 0.008 -21"><span class='ocrx_word' id='word_1_974' title='bbox 2028 5486 2157 5545; x_wconf 86' lang='lat' dir='ltr'><strong>puto</strong></span> <span class='ocrx_word' id='word_1_975' title='bbox 2184 5476 2324 5545; x_wconf 87' lang='lat' dir='ltr'><strong>quod</strong></span> <span class='ocrx_word' id='word_1_976' title='bbox 2352 5477 2826 5540; x_wconf 82' lang='lat' dir='ltr'><strong>animadvertistis,</strong></span> <span class='ocrx_word' id='word_1_977' title='bbox 2857 5478 3155 5547; x_wconf 80' lang='lat' dir='ltr'><strong>designavit</strong></span> <span class='ocrx_word' id='word_1_978' title='bbox 3193 5492 3479 5550; x_wconf 82' lang='lat' dir='ltr'><strong>pastorem,</strong></span> <span class='ocrx_word' id='word_1_979' title='bbox 3512 5484 3618 5541; x_wconf 82' lang='lat' dir='ltr'><strong>de-</strong></span> 
     </span>
    </p>
   </div>
   <div class='ocr_carea' id='block_1_119' title="bbox 2027 5568 3613 5640">
    <p class='ocr_par' dir='ltr' id='par_1_119' title="bbox 2027 5568 3613 5640">
     <span class='ocr_line' id='line_1_119' title="bbox 2027 5568 3613 5640; baseline 0.004 -18"><span class='ocrx_word' id='word_1_980' title='bbox 2027 5568 2253 5637; x_wconf 80' lang='lat' dir='ltr'><strong>signavit</strong></span> <span class='ocrx_word' id='word_1_981' title='bbox 2296 5570 2720 5632; x_wconf 87' lang='lat' dir='ltr'><strong>mercenarium,</strong></span> <span class='ocrx_word' id='word_1_982' title='bbox 2757 5569 3056 5640; x_wconf 71' lang='lat' dir='ltr'><strong>designmit</strong></span> <span class='ocrx_word' id='word_1_983' title='bbox 3094 5570 3287 5627; x_wconf 86' lang='lat' dir='ltr'><strong>furem.</strong></span> <span class='ocrx_word' id='word_1_984' title='bbox 3336 5573 3613 5631; x_wconf 77' lang='lat' dir='ltr'><strong>Pastorem</strong></span> 
     </span>
    </p>
   </div>
   <div class='ocr_carea' id='block_1_120' title="bbox 2025 5661 3615 5736">
    <p class='ocr_par' dir='ltr' id='par_1_120' title="bbox 2025 5661 3615 5736">
     <span class='ocr_line' id='line_1_120' title="bbox 2025 5661 3615 5736; baseline 0.005 -20"><span class='ocrx_word' id='word_1_985' title='bbox 2025 5661 2158 5716; x_wconf 84' lang='lat' dir='ltr'><strong>dixit</strong></span> <span class='ocrx_word' id='word_1_986' title='bbox 2183 5663 2414 5716; x_wconf 83' lang='lat' dir='ltr'><strong>animam</strong></span> <span class='ocrx_word' id='word_1_987' title='bbox 2443 5678 2591 5716; x_wconf 87' lang='lat' dir='ltr'><strong>suam</strong></span> <span class='ocrx_word' id='word_1_988' title='bbox 2616 5679 2814 5732; x_wconf 87' lang='lat' dir='ltr'><strong>ponere</strong></span> <span class='ocrx_word' id='word_1_989' title='bbox 2857 5680 2952 5733; x_wconf 89' lang='lat' dir='ltr'><strong>pro</strong></span> <span class='ocrx_word' id='word_1_990' title='bbox 2977 5667 3163 5720; x_wconf 84' lang='lat' dir='ltr'><strong>ovibus</strong></span> <span class='ocrx_word' id='word_1_991' title='bbox 3189 5675 3243 5719; x_wconf 91' lang='lat' dir='ltr'><strong>et</strong></span> <span class='ocrx_word' id='word_1_992' title='bbox 3287 5667 3486 5722; x_wconf 77' lang='lat' dir='ltr'><strong>intrare</strong></span> <span class='ocrx_word' id='word_1_993' title='bbox 3517 5683 3615 5736; x_wconf 75' lang='lat' dir='ltr'><strong>per</strong></span> 
     </span>
    </p>
   </div>
   <div class='ocr_carea' id='block_1_121' title="bbox 2019 5753 3612 5861">
    <p class='ocr_par' dir='ltr' id='par_1_121' title="bbox 2019 5753 3612 5861">
     <span class='ocr_line' id='line_1_121' title="bbox 2019 5753 3612 5861; baseline 0.004 -55"><span class='ocrx_word' id='word_1_994' title='bbox 2019 5755 2255 5823; x_wconf 82' lang='lat' dir='ltr'><strong>januam.</strong></span> <span class='ocrx_word' id='word_1_995' title='bbox 2279 5753 2472 5809; x_wconf 76' lang='lat' dir='ltr'><strong>Furem</strong></span> <span class='ocrx_word' id='word_1_996' title='bbox 2497 5754 2630 5810; x_wconf 74' lang='lat' dir='ltr'><strong>dixit</strong></span> <span class='ocrx_word' id='word_1_997' title='bbox 2654 5763 2706 5810; x_wconf 81' lang='lat' dir='ltr'><strong>ct</strong></span> <span class='ocrx_word' id='word_1_998' title='bbox 2733 5754 2992 5861; x_wconf 65' lang='lat' dir='ltr'><strong>latrqpem</strong></span> <span class='ocrx_word' id='word_1_999' title='bbox 3018 5755 3310 5812; x_wconf 87' lang='lat' dir='ltr'><strong>ascendere</strong></span> <span class='ocrx_word' id='word_1_1000' title='bbox 3327 5760 3612 5827; x_wconf 66' lang='lat' dir='ltr'><strong>multum</strong></span> 
     </span>
    </p>
   </div>
  </div>
