3850 6188
246 308 345 379 73?

225 449 451 513 partem.
500 436 885 494 Mercenarium
913 422 1067 498 dixit,
1113 420 1294 500 lupum
1324 424 1405 480 vel
1449 425 1607 477 etiam
1641 418 1806 473 furem

223 510 269 595 si
300 533 500 593 videat,
547 530 767 600 fugere;
809 527 930 598 quia
959 540 1061 579 non
1093 532 1175 579 est
1224 520 1297 574 illi
1325 532 1450 572 cura
1480 514 1546 570 de
1574 510 1761 567 ovibus
1792 529 1805 564 :

233 625 591 686 mercenarius
626 633 709 678 est
752 622 894 675 enim
921 662 936 686 ,
988 633 1093 672 non
1133 625 1332 687 pastor.
1386 612 1475 666 lllc
1515 610 1673 662 intrat
1715 619 1811 675 per

233 721 462 791 januam,
490 717 614 787 quia
644 722 825 785 pastor
850 715 967 776 est;
1008 710 1096 765 ille
1121 707 1360 763 ascendit
1388 720 1480 773 per
1507 701 1660 756 aliam
1693 702 1813 791 par-

233 785 365 874 tem,
398 785 524 876 quia
559 808 640 861 fur
661 812 743 860 est
775 824 787 858 ;
819 804 907 859 ille
934 802 1121 857 videns
1149 814 1242 856 eos
1282 798 1371 867 qui
1415 796 1599 849 volunt
1626 785 1812 845 tollere

235 916 375 957 oves.
409 900 565 952 timet
589 905 643 951 et
668 895 829 965 fugit,
861 894 983 963 quia
1010 889 1372 946 mercenarius
1402 895 1486 942 εει
1508 928 1523 950 ,
1554 884 1675 955 quia
1704 884 1810 960 non

234 1000 309 1046 est
353 989 426 1044 il‘i
474 992 603 1043 cura
646 986 714 1041 de
747 984 969 1049 ovibus;
1022 980 1383 1037 mercenarius
1421 984 1504 1032 est
1547 975 1709 1030 enim.
1755 968 1813 1027 Si

236 1079 595 1134 itwenerimus
641 1086 747 1131 tres
793 1077 924 1130 istas
964 1081 1220 1145 personas
1245 1113 1260 1137 ,
1308 1068 1509 1124 invenit
1548 1065 1815 1122 Sanctitas

235 1182 407 1226 vestra
447 1180 504 1225 ει
544 1184 681 1239 quos
718 1167 985 1237 diligatis,
1034 1174 1089 1221 et
1127 1166 1261 1234 quas
1303 1160 1558 1226 toleretis,
1591 1167 1645 1213 et
1682 1170 1818 1227 quos

232 1262 486 1318 caveatis.
539 1257 844 1329 Diligendns
869 1265 951 1311 est
977 1263 1189 1326 pastor,
1231 1248 1538 1308 tolerandos
1563 1256 1644 1304 est
1673 1263 1818 1303 mer-

234 1354 504 1419 cenarius,
537 1349 808 1407 cavendus
834 1359 915 1404 est
942 1347 1100 1401 latro.
1131 1344 1267 1402 Sunt
1288 1343 1536 1399 homines
1558 1341 1611 1396 in
1633 1340 1821 1395 Eccle-

237 1446 334 1508 sia,
360 1444 433 1499 de
454 1442 646 1513 quibus
668 1440 803 1496 dicit
824 1438 1128 1510 Apostolus,
1155 1437 1243 1507 qui
1271 1441 1337 1491 ex
1362 1434 1643 1489 occasione
1661 1447 1824 1488 evan-

240 1536 509 1607 gelizant,
569 1540 867 1604 quaerentes
913 1530 982 1586 ab
1033 1528 1343 1584 hominibus
1376 1522 1675 1581 commoda
1728 1537 1822 1578 sua

239 1624 505 1695 (Philipp.
532 1632 579 1690 ι,
619 1621 735 1696 2t),
768 1623 879 1677 sive
908 1621 1212 1692 pecuniaria
1235 1661 1251 1685 ,
1295 1619 1408 1674 sive
1452 1618 1713 1672 honorum
1740 1614 1825 1668 vel

239 1715 415 1771 laudis
468 1715 735 1769 humanae.
799 1712 1213 1781 Quomodolibct
1275 1711 1519 1766 volentes
1582 1707 1826 1777 accipere

239 1825 468 1866 munera
495 1810 880 1880 evangelizant,
921 1817 975 1863 et
1005 1823 1113 1860 non
1142 1815 1247 1860 tam
1279 1804 1504 1859 salutem
1531 1801 1649 1872 ejus
1679 1817 1828 1872 qua:-

244 1904 368 1958 runt
405 1903 492 1959 cui
536 1903 893 1969 annuntiant,
936 1914 1091 1972 quam
1133 1896 1471 1954 commodum
1515 1910 1689 1949 suum.
1740 1892 1829 1946 lllc

242 2005 423 2052 autem
445 1995 536 2065 qui
565 1994 712 2049 audit
740 1995 965 2048 salutem
990 1992 1057 2046 ab
1078 2006 1145 2045 eo
1170 1991 1257 2059 qui
1281 2003 1386 2043 non
1417 1987 1579 2042 habet
1603 1986 1829 2040 salutem

240 2088 283 2142 si
319 2088 375 2143 ei
419 2085 712 2142 crediderit
739 2099 897 2155 quem
940 2083 1028 2138 ille
1075 2079 1396 2145 annuntiat,
1438 2093 1611 2147 neque
1655 2077 1705 2129 in
1740 2074 1831 2128 illo

243 2193 397 2249 spem
428 2178 699 2249 posuerit,
732 2192 825 2245 per
849 2190 1008 2245 quem
1039 2174 1116 2228 illi
1144 2172 1487 2228 anuuntiatnr
1524 2169 1667 2224 salus
1696 2186 1708 2221 :
1742 2167 1832 2238 qui

242 2270 562 2337 annuntiat,
607 2268 827 2324 habebit
872 2267 1289 2329 detrimentum;
1338 2263 1420 2318 cui
1465 2260 1830 2325 anuuntiatur,

245 2363 468 2419 habebit
490 2364 716 2417 lucrum.

314 2454 553 2511 CAPUT
591 2456 676 2510 Vl.
722 2483 793 2495 --
838 2455 889 2511 6.
950 2453 1151 2508 Dictum
1198 2452 1385 2509 Christi
1430 2448 1484 2506 in
1517 2449 1830 2515 Pltaristvos,

245 2557 478 2621 spectare
505 2556 555 2602 et
577 2548 647 2600 ad
670 2547 831 2601 malos
856 2548 918 2601 de
942 2545 1175 2602 Ecclesia
1204 2555 1451 2615 pastores.
1484 2542 1713 2599 Ecclesia
1734 2558 1837 2596 una

242 2656 310 2694 ea:
332 2638 538 2694 Judwis
580 2648 626 2694 et
665 2638 924 2694 Gentibus.
954 2639 1128 2695 Habes
1153 2639 1434 2693 Dominum
1477 2637 1743 2692 dicentem
1771 2635 1839 2692 de

245 2732 565 2799 l‘harismis,
595 2731 898 2786 Cathedram
923 2731 1093 2803 Moysi
1116 2731 1287 2786 sedent
1314 2730 1528 2804 (Matth.
1561 2745 1713 2796 XXIII,
1752 2727 1836 2799 2).

244 2816 369 2880 Non
411 2839 506 2880 eos
533 2823 678 2879 solos
714 2823 1051 2894 signiﬁcabat
1082 2824 1338 2879 Dominus
1369 2840 1383 2877 :
1411 2822 1563 2892 quasi
1589 2836 1718 2876 vero
1744 2834 1839 2876 eos

246 2917 340 2989 qui
371 2918 660 2974 crederent
705 2919 757 2973 in
798 2916 1067 2973 Christum
1094 2960 1109 2986 ,
1156 2918 1224 2971 ad
1253 2915 1560 2989 Judaeorum
1599 2912 1839 2969 scholam

248 2985 530 3068 mitteret.
562 3017 621 3064 ut
650 3009 720 3063 ibi
752 3008 1023 3064 discerent
1050 2985 1497 3079 Quemadmodum
1524 3007 1625 3062 iter
1667 3006 1737 3061 sit
1774 3004 1843 3059 ad

248 3108 481 3173 regnum
509 3095 791 3155 oculorum.
814 3096 1002 3154 Nonne
1027 3098 1148 3154 ideo
1177 3097 1435 3153 Dominus
1459 3096 1637 3160 venit,
1672 3104 1734 3151 ut
1761 3095 1844 3150 in-

250 3194 504 3249 stitueret
523 3190 844 3259 Ecclesiam,
872 3191 1127 3261 ipsosque
1153 3189 1369 3244 Iudaeos
1400 3189 1537 3245 bene
1562 3187 1844 3243 credentes

253 3296 310 3341 et
345 3286 484 3341 bene
516 3292 795 3354 sperantes
821 3290 874 3339 et
909 3283 1051 3338 bene
1077 3281 1357 3353 diligentes
1383 3288 1688 3353 segregaret
1723 3287 1843 3334 tan-

252 3391 418 3447 qnam
463 3373 729 3429 frumenta
769 3389 801 3429 a
842 3373 1042 3443 paleis,
1088 3382 1143 3428 et
1170 3372 1371 3428 faceret
1396 3388 1557 3427 unum
1588 3370 1845 3442 parietem

251 3466 722 3533 circumcisionis,
773 3465 859 3520 cui
910 3466 1324 3535 coniungeretur
1370 3465 1506 3520 alius
1558 3465 1734 3534 paries
1780 3479 1847 3519 ex

252 3557 525 3628 pra'putio
566 3557 839 3623 Gentium,
875 3556 1065 3625 quibus
1096 3556 1302 3611 duobus
1338 3554 1630 3626 parietibus
1656 3554 1723 3608 de
1761 3552 1845 3608 di-

253 3667 419 3708 verso
448 3650 788 3706 venientibus
816 3657 960 3704 esset
998 3648 1114 3717 ipse
1154 3647 1288 3718 lapis
1318 3644 1630 3716 angularis?
1665 3643 1851 3698 Nonne

252 3758 389 3814 ergo
426 3742 570 3797 idem
602 3741 860 3795 Dominus
883 3740 950 3794 de
974 3739 1181 3795 duabus
1221 3738 1337 3811 istis
1371 3736 1613 3807 plebibus
1653 3736 1702 3788 in
1745 3750 1851 3789 uno

261 3834 456 3889 futuris
482 3833 661 3887 dixit:
704 3830 882 3886 Habeo
907 3840 952 3885 et
981 3831 1110 3885 alias
1149 3846 1292 3896 oves,
1338 3844 1449 3899 qua:
1492 3843 1591 3881 non
1635 3835 1753 3880 sunt
1788 3843 1854 3880 ea:

259 3928 357 3981 hoc
383 3926 554 3981 ovili?
594 3924 936 3995 Loquebatur
977 3931 1154 3978 autem
1198 3920 1400 3976 Judteis
1439 3938 1452 3974 :
1505 3918 1711 3990 Oportet
1752 3935 1849 3983 me,

260 4020 470 4089 inquit,
522 4026 571 4071 et
611 4034 697 4072 cas
738 4016 1023 4082 adducere,
1068 4023 1125 4068 ut
1165 4015 1234 4068 sit
1271 4029 1404 4067 unus
1437 4028 1560 4084 grex
1584 4053 1598 4077 ,
1635 4021 1680 4064 et
1723 4028 1855 4063 unus

262 4119 459 4178 pastor.
508 4107 636 4162 Ideo
656 4107 775 4163 duae
801 4121 965 4161 naves
993 4112 1176 4169 erant,
1216 4103 1357 4159 unde
1381 4111 1664 4157 vocaverat
1690 4100 1853 4154 disci-

259 4201 439 4270 pulos.
507 4198 651 4252 Duas
707 4199 849 4268 ipsas
893 4196 1077 4267 plebes
1129 4192 1503 4265 significabant
1532 4192 1549 4223 ί
1581 4234 1595 4257 ,
1644 4191 1857 4261 quando

260 4295 532 4348 miserunt
558 4290 692 4345 retia
714 4332 728 4357 ,
757 4299 812 4346 et
844 4290 1155 4344 levaverunt
1187 4297 1385 4342 tantam
1423 4286 1529 4341 vim
1562 4294 1616 4340 et
1654 4292 1856 4338 tantum

263 4397 556 4437 numerum
596 4381 853 4450 piscium,
895 4379 965 4434 ita
1004 4388 1065 4432 ut
1099 4393 1232 4448 pene
1269 4377 1401 4431 retia
1441 4384 1853 4446 rumpercntur:

265 4475 337 4530 fit
376 4480 748 4538 oneraverunt,
780 4472 978 4542 inquit,
1020 4470 1148 4523 duas
1194 4485 1345 4522 naves
1385 4468 1408 4539 (
1430 4466 1550 4522 Luc.
1589 4483 1654 4534 v,
1693 4465 1856 4537 2-7).

266 4568 400 4624 Duae
444 4581 615 4621 naves
663 4563 1036 4636 significabant
1075 4576 1232 4615 unam
1280 4560 1607 4625 Ecclesiam,
1653 4557 1747 4612 sed
1793 4556 1861 4612 de

265 4658 478 4714 duabus
528 4656 770 4727 plebibus
838 4655 1071 4718 factam,
1133 4650 1470 4722 conjunctam
1518 4651 1570 4705 in
1622 4648 1859 4715 Christo,

267 4751 518 4820 quamvis
543 4748 610 4803 de
641 4747 851 4801 diverso
878 4745 1201 4801 venientem.
1237 4743 1350 4799 Hoc
1375 4743 1677 4813 signiﬁcant
1699 4742 1858 4796 etiam

267 4845 389 4897 dua:
431 4855 671 4907 uxores,
723 4841 983 4895 habentes
1021 4854 1184 4894 unum
1229 4838 1401 4893 virum
1428 4838 1631 4903 Jacob,
1673 4839 1766 4894 Lia
1807 4848 1862 4894 et

270 4935 472 4990 llachel
512 4933 663 5007 (Cen.
698 4932 877 5004 χχιιι).
921 4932 1030 4987 Has
1067 4930 1202 4986 duas
1242 4929 1541 5000 signiﬁcant
1572 4931 1729 4985 etiam
1757 4930 1862 4985 duo

267 5030 424 5093 (neci,
452 5029 543 5098 qui
572 5025 830 5081 sedebant
854 5025 1006 5093 juxta
1033 5025 1194 5089 viam,
1220 5036 1354 5092 quos
1382 5021 1639 5076 Dominus
1670 5022 1862 5075 illumi-

269 5120 421 5174 navit
444 5116 663 5189 (Matth.
691 5130 793 5179 sx,
813 5113 1026 5185 30-36).
1055 5113 1123 5167 Et
1150 5113 1193 5169 si
1223 5112 1519 5168 advertatis
1538 5110 1858 5182 Set-ipturas,

271 5213 328 5267 in
361 5210 544 5265 multis
584 5208 717 5264 locis
756 5206 1041 5262 invenietis
1073 5204 1358 5280 significari
1403 5203 1536 5259 duas
1573 5204 1858 5268 Ecclesias,

270 5317 394 5372 qua:
418 5317 528 5356 non
553 5309 678 5355 sunt
712 5298 853 5365 dum,
879 5296 972 5352 scd
995 5311 1119 5351 una.
1147 5294 1229 5351 Ad
1255 5295 1359 5351 hoc
1391 5295 1535 5351 enim
1558 5294 1699 5349 valet
1725 5294 1862 5365 lapis

271 5391 547 5464 angularis
571 5431 588 5457 ,
624 5400 684 5446 ut
711 5405 777 5446 ex
812 5387 1019 5445 duabus
1062 5386 1219 5443 faciat
1258 5401 1441 5441 unam.
1471 5385 1551 5441 Ad
1593 5385 1695 5440 hoc
1722 5385 1865 5439 valet

272 5483 368 5539 ille
398 5492 600 5555 pastor,
644 5490 700 5536 ut
726 5480 794 5537 de
818 5479 1026 5535 duobus
1054 5477 1303 5549 gregibus
1326 5477 1478 5534 faciat
1511 5493 1694 5533 unum.
1724 5476 1865 5548 Ergo

276 5574 544 5630 Dutuinus
579 5571 837 5629 docturus
874 5569 1200 5638 Ecclesiam,
1242 5577 1297 5624 et
1325 5568 1602 5625 habiturus
1625 5567 1864 5623 scholam

276 5708 808 5824 id:“sui'cumauuseriptt.
826 5706 942 5757 Etliti
965 5712 1148 5767 autem,
1169 5712 1296 5756 Duas
1309 5714 1535 5768 personas
1556 5700 1707 5767 plebis

1536 292 1769 355 SRMIO
1807 282 2117 350 CXXXVII.

3391 285 3495 347 758

1910 424 2057 463 suam
2097 417 2289 480 prteter
2316 407 2550 474 JudteOs,
2583 405 2728 464 sicut
2767 406 2927 463 modo
2951 404 3213 473 videmus,
3241 408 3496 478 ntunquid

1911 502 2193 558 credentes
2224 503 2276 557 in
2314 517 2371 558 se
2391 543 2406 567 ,
2439 502 2501 557 ad
2534 501 2746 556 Judmos
2773 501 3031 555 missurus
3057 508 3194 566 erat,
3230 507 3288 553 ut
3319 497 3498 554 disce-

1912 605 2024 649 rcut
2048 593 2071 648 ?
2094 593 2199 649 Sed
2239 595 2452 649 nomine
2475 593 2866 649 Pharismorum
2893 604 2947 649 et
2966 592 3273 649 Scribarum
3300 592 3509 662 signiﬁ-

1913 688 2055 742 cavit
2091 686 2350 757 quosdam
2392 685 2446 740 in
2485 685 2720 740 Ecclesia
2745 700 2836 740 sua
2873 686 3099 752 futuros,
3126 685 3213 754 qui
3239 684 3506 744 dicerent.

1914 788 1968 834 et
2015 796 2119 833 non
2167 780 2402 834 facerent
2441 796 2454 832 :
2493 794 2551 834 se
2594 788 2771 832 autem
2819 777 3136 848 figuravcrat
3183 778 3233 831 in
3277 792 3506 847 persona

1915 868 2105 943 Moysi.
2147 870 2358 925 Etenim
2382 885 2667 941 personam
2695 871 2810 939 ejus
2839 870 3057 940 gerebat
3075 869 3304 941 Moyses,
3329 878 3383 923 et
3418 885 3509 923 ve-

1919 962 2028 1016 lum
2056 972 2178 1017 ante
2199 979 2258 1018 se
2281 962 2403 1019 ideo
2430 962 2680 1034 ponebat,
2706 964 2919 1035 quando
2941 964 3254 1034 loquebatur
3278 963 3509 1035 populo;

1918 1053 2038 1124 quia
2070 1053 2321 1124 quamdiu
2353 1054 2424 1108 illi
2457 1055 2506 1108 in
2540 1054 2679 1125 Lege
2717 1054 3018 1109 carnalibus
3040 1053 3245 1124 gaudiis
3270 1063 3324 1108 et
3353 1055 3507 1108 volu-

1919 1144 2153 1215 ptatibus
2184 1144 2347 1198 dediti
2391 1154 2584 1213 erant,
2630 1154 2687 1200 et
2733 1161 2954 1217 regnum
2986 1153 3255 1201 terrenum
3298 1155 3509 1216 quaere-

1922 1234 2072 1301 bant,
2103 1236 2348 1291 vclamcn
2379 1237 2609 1306 positum
2637 1246 2752 1291 erat
2775 1245 2960 1291 contra
2988 1236 3176 1292 faciem
3203 1252 3420 1303 eorum,
3443 1252 3510 1291 ne

1922 1325 2166 1382 viderent
2191 1326 2461 1383 Christum
2509 1328 2561 1382 in
2607 1328 2920 1398 Scripturis.
2957 1328 3144 1383 Ablato
3186 1329 3329 1383 enim
3361 1330 3509 1384 vcla-

1923 1419 2107 1481 mine,
2157 1428 2504 1491 posteaquam
2548 1435 2736 1489 passos
2784 1429 2865 1474 est
2908 1420 3198 1484 Dominus,
3246 1420 3357 1475 visa
3391 1431 3515 1476 sunt

1924 1520 2132 1566 secreta
2166 1513 2369 1582 templi.
2399 1512 2525 1567 ideo
2552 1529 2672 1568 cum
2701 1513 2751 1568 in
2779 1528 2935 1568 cruce
2960 1513 3217 1582 penderet
3240 1557 3253 1580 ,
3287 1516 3513 1570 scissum

1928 1610 2011 1656 cst
2025 1604 2194 1658 velum
2217 1604 2396 1673 templi
2410 1619 2439 1657 a
2454 1619 2661 1657 summo
2679 1620 2843 1674 usque
2860 1604 3108 1659 deorsum
3124 1604 3512 1675 (.ilatth.xxvu,

1928 1693 2021 1765 5|)
2058 1712 2071 1747 :
2105 1703 2160 1749 et
2204 1705 2388 1764 aperte
2431 1695 2557 1749 dicit
2600 1695 2874 1765 apostolus
2902 1695 3094 1749 Paulus
3119 1738 3134 1761 ,
3178 1696 3303 1750 Cum
3344 1705 3512 1749 autem

1932 1789 2193 1842 transieris
2223 1789 2291 1841 ml
2318 1787 2593 1854 Christum,
2637 1792 2893 1858 auferetur
2923 1787 3165 1842 velamen.
3200 1787 3297 1854 Qui
3338 1796 3515 1843 autem

1930 1896 2038 1936 non
2069 1881 2338 1935 transierit
2381 1879 2449 1934 ad
2475 1879 2744 1935 Christum
2767 1921 2782 1944 ,
2831 1879 3072 1948 qttantvis
3115 1879 3255 1948 legat
3277 1878 3516 1950 Moysen,

1932 1973 2155 2028 uelamen
2203 1974 2421 2042 positum
2466 1981 2537 2027 est
2578 1990 2728 2042 super
2771 1989 2857 2026 cor
2891 1972 3030 2041 ejus,
3061 1969 3351 2026 sicutdicit
3379 1973 3520 2041 Apo-

1935 2065 2105 2120 stolus
2158 2063 2230 2136 (ll
2258 2064 2374 2118 Cor.
2402 2081 2480 2128 tu,
2516 2064 2604 2131 16,
2636 2064 2758 2134 15).
2805 2062 2936 2118 Cum
2985 2079 3113 2133 ergo
3156 2063 3520 2134 praefiguraret

1934 2157 2192 2227 quosdam
2226 2156 2357 2212 tales
2389 2156 2590 2211 futuros
2618 2155 2871 2211 Dominus
2903 2158 2954 2211 in
2984 2156 3221 2210 Ecclesia
3247 2171 3363 2220 sua,
3393 2155 3517 2223 quid

1936 2250 2052 2304 ait?
2121 2249 2314 2305 Scriba:
2358 2259 2404 2302 et
2454 2248 2706 2303 Phariswi
2750 2247 3044 2302 cathedram
3090 2245 3260 2318 Moysi
3305 2246 3475 2299 srdent
3504 2263 3521 2297 :

1937 2357 2049 2412 qua:
2077 2341 2271 2403 dicunt,
2305 2340 2494 2411 facile;
2532 2339 2620 2395 sed
2646 2355 2759 2408 qua:
2786 2339 2976 2409 faciunt
2996 2380 3009 2403 ,
3047 2337 3211 2407 facere
3239 2336 3412 2389 nolite.

2008 2432 2234 2489 CAPUT
2258 2431 2498 2488 ιιι-7.
2517 2432 2696 2485 Clerici
2713 2430 2833 2484 mali
2845 2438 3120 2500 pervertere
3136 2428 3342 2483 nitentes
3357 2426 3528 2480 Evan-

1937 2526 2123 2597 gelinut
2143 2566 2157 2591 ,
2195 2524 2317 2595 dum
2352 2522 2581 2591 exemplo
2607 2538 2698 2576 suo
2727 2521 2881 2575 laicos
2901 2520 2969 2574 ad
2995 2529 3251 2591 peccatum
3286 2519 3522 2572 trahunt.

1939 2614 2300 2687 Quandoillud
2326 2613 2738 2669 audiuntelerici
2761 2613 2882 2667 mali
2900 2611 3038 2682 quod
3070 2612 3124 2665 in
3152 2611 3295 2681 ipsos
3311 2608 3525 2672 dicitur,

1938 2709 2125 2763 volunt
2171 2716 2494 2777 pervertere.
2522 2705 2653 2760 Nam
2703 2704 2877 2759 audivi
2929 2702 3185 2775 quosdam
3227 2709 3529 2771 pervertere

1942 2801 2078 2857 velle
2117 2801 2273 2856 istam
2296 2799 2633 2855 sententiam.
2656 2797 2922 2867 Numquid
2946 2811 3070 2859 non,
3094 2797 3138 2851 si
3165 2796 3267 2850 illis
3307 2793 3490 2850 liceret
3514 2834 3527 2855 ,

1941 2906 2047 2947 non
2066 2890 2307 2947 delerent
2322 2890 2464 2944 illam
2481 2888 2549 2945 de
2569 2889 2877 2959 Evangelio?
2893 2886 3026 2955 Quia
3045 2903 3169 2942 vero
3185 2887 3366 2942 delere
3388 2887 3527 2940 illam

1944 2999 2048 3038 non
2081 2987 2321 3052 possunt,
2346 2990 2659 3052 pervertere
2682 2981 2824 3034 illam
2853 2977 3235 3050 quaerunt.Sed
3254 2976 3408 3033 adest
3428 2978 3532 3031 Do.

1943 3077 2071 3132 mini
2096 3076 2266 3147 gratia
2286 3083 2341 3132 et
2370 3072 2756 3142 misericordia,
2788 3088 2891 3130 nec
2914 3072 3040 3128 sinit
3064 3086 3157 3128 eos
3186 3056 3385 3136 facerei
3409 3070 3532 3141 quia
3560 3138 3564 3142 _

1944 3171 2318 3241 circumsepsit
2341 3171 2561 3226 veritate
2604 3184 2698 3226 sua
2746 3184 2933 3225 omnes
2975 3166 3266 3223 sententias
3290 3182 3447 3230 suas,
3477 3174 3531 3221 ct

1946 3261 2202 3330 libravit;'
2217 3272 2276 3318 ut
2305 3263 2546 3334 quisquis
2579 3263 2701 3318 inde
2730 3262 2926 3332 aliquid
2966 3261 3255 3332 prcecidere
3286 3260 3534 3324 voluerit,

1944 3363 2037 3409 aut
2061 3354 2312 3410 inducere
2339 3355 2476 3410 male
2518 3353 2742 3425 legendo
2770 3354 2851 3408 vel
2884 3351 3303 3422 interpretando,
3331 3352 3418 3405 ille
3443 3350 3534 3420 qui

1948 3461 2044 3501 cor
2087 3443 2278 3507 habet,
2303 3443 2444 3512 quod
2498 3444 2775 3512 prazcisum
2806 3450 2890 3497 est
2934 3441 3001 3496 de
3039 3439 3311 3509 Scriptura
3348 3439 3537 3508 jungat

1948 3536 2253 3604 Scriptum,
2277 3544 2331 3587 et
2355 3534 2496 3604 legat
2519 3533 2792 3602 superiora
2818 3532 2900 3586 vel
2931 3532 3198 3597 inferiora,
3221 3539 3276 3584 et
3304 3531 3538 3584 inveniet

1950 3641 2166 3683 sensum
2189 3642 2347 3696 quem
2368 3625 2576 3679 volebat
2593 3625 2678 3678 iLle
2706 3625 2843 3680 male
2866 3624 3219 3694 interpretari.
3245 3622 3381 3691 Quid
3408 3636 3538 3692 ergo

1952 3720 2147 3790 putatis
2194 3718 2372 3773 dicere
2420 3704 2550 3771 istos
2578 3716 2645 3770 de
2674 3717 2864 3785 quibus
2911 3714 3122 3777 dicitur,
3164 3712 3287 3781 Qua:
3329 3713 3536 3776 dicunt,

1954 3811 2144 3883 facite?
2178 3810 2309 3877 Quia
2356 3824 2540 3862 revera
2565 3808 2710 3861 laicis
2740 3807 2931 3861 dicitur
2962 3806 3000 3858 ι.
3033 3805 3225 3858 Laicus
3274 3803 3417 3859 enim
3448 3804 3539 3873 qui

1955 3904 2066 3956 vult
2103 3903 2240 3957 bene
2270 3902 2476 3967 vivere,
2521 3915 2641 3956 cum
2690 3884 2974 3952 attenderit
3003 3896 3255 3951 clericum
3307 3895 3537 3959 malum,

1955 3994 2080 4065 quid
2125 3994 2224 4047 sibi
2273 3993 2437 4047 dicit?
2487 3992 2747 4047 Dominus
2771 3989 2936 4053 dixit,
2974 3988 3098 4054 Qua:
3120 3988 3541 4059 dicunt,[u.-ite;

1955 4104 2068 4157 qua:
2108 4088 2335 4158 faciunt,
2367 4089 2532 4158 facere
2587 4085 2756 4138 nolite.
2791 4081 3069 4136 Ambulcm
3113 4082 3253 4135 viam
3288 4080 3495 4134 Domini
3524 4120 3540 4141 ,

1957 4195 2061 4233 non
2099 4192 2293 4247 sequar
2318 4177 2468 4231 istius
2496 4189 2691 4230 mores.
2722 4171 2946 4226 Audiam
2993 4173 3058 4225 ab
3087 4172 3215 4235 illo,
3248 4188 3350 4224 non
3382 4169 3542 4224 verba

1959 4270 2125 4338 ipsius
2147 4309 2162 4334 ,
2191 4268 2282 4323 sed
2325 4267 2440 4321 Dci.
2471 4266 2677 4335 Sequar
2704 4264 2871 4319 Deum
2892 4306 2906 4327 ,
2934 4273 3186 4332 sequatur
3217 4262 3304 4315 ille
3333 4260 3543 4331 cupidi-

1961 4369 2121 4414 tatem
2143 4374 2315 4414 suam.
2348 4358 2481 4425 Quia
2523 4358 2567 4411 si
2601 4357 2819 4410 voluero
2858 4353 2997 4424 apud
3033 4355 3196 4407 Demn
3236 4352 3313 4406 sic
3341 4368 3425 4406 me
3453 4352 3546 4406 de-

1961 4453 2194 4514 fundere,
2226 4460 2283 4505 ut
2311 4451 2506 4513 dicam,
2535 4449 2776 4512 Domine,
2807 4446 2914 4500 vidi
2947 4447 3084 4500 male
3107 4445 3366 4498 viventem
3394 4444 3543 4497 illum
3617 4457 3620 4461 '

1958 4545 2212 4599 clericum
2242 4552 2408 4607 tuum,
2438 4549 2488 4595 et
2517 4539 2638 4595 ideo
2669 4538 2804 4593 male
2833 4537 2935 4591 vixi
2967 4555 2978 4591 :
3013 4551 3188 4591 nonne
3219 4535 3346 4589 mihi
3379 4534 3548 4588 dictu—

1960 4651 2051 4690 rus
2075 4644 2190 4700 cst,
2215 4633 2383 4689 Serve
2404 4648 2666 4702 nequam,
2694 4646 2797 4684 non
2837 4645 2866 4683 a
2899 4644 2980 4684 me
3010 4629 3253 4682 audieras
3272 4668 3286 4691 ,
3322 4626 3448 4691 Qua:
3470 4627 3550 4679 ὀξυ

1961 4739 2081 4784 euut
2106 4771 2119 4793 ,
2152 4729 2336 4799 facile;
2364 4742 2476 4798 qua:
2516 4733 2683 4778 autent
2708 4723 2934 4796 faciunt,
2959 4724 3128 4792 [urere
3170 4721 3360 4774 nolite?
3385 4719 3550 4772 Malus

1962 4832 2138 4876 autem
2186 4820 2382 4884 laicus,
2435 4816 2695 4881 inﬁdelis,
2750 4829 2854 4867 non
2900 4814 3172 4882 pertinens
3218 4812 3285 4866 ad
3328 4825 3545 4881 gregem

1962 4912 2194 4977 Christi,
2227 4927 2329 4964 nou
2375 4911 2646 4977 pertinens
2698 4906 2763 4959 ad
2819 4905 3143 4958 frumentum
3187 4901 3422 4961 Christi,
3456 4902 3546 4969 qui

1962 5015 2214 5076 tauquam
2260 5004 2407 5072 palea
2459 5003 2511 5054 in
2565 5013 2686 5052 arca
2735 4997 3008 5059 toleratur,
3053 4992 3177 5063 quid
3228 4991 3328 5047 sibi
3380 4990 3509 5046 dicit
3540 5033 3552 5050 .

1963 5095 2175 5167 quando
2205 5091 2429 5161 reaper-it
2454 5091 2598 5143 illum
2621 5100 2844 5157 arguere
2871 5084 3088 5138 verbum
3115 5082 3245 5135 Dei?
3272 5080 3401 5135 Exi:
3425 5080 3551 5150 quid

1963 5188 2093 5242 mihi
2117 5184 2383 5255 loqueris?
2420 5182 2521 5253 Ipsi
2547 5178 2816 5251 episcopi,
2851 5175 2948 5245 ipsi
2979 5173 3155 5228 clerici
3178 5188 3284 5228 non
3314 5172 3442 5226 illud
3475 5172 3554 5226 fa-

1964 5282 2112 5335 ciunt
2134 5320 2147 5344 ,
2173 5288 2228 5334 et
2269 5293 2356 5333 me
2380 5276 2528 5346 cogis
2553 5283 2611 5328 ut
2636 5271 2861 5328 faciam?
2884 5268 3086 5339 Quaarit
3105 5267 3206 5324 sibi
3233 5283 3337 5322 non
3368 5274 3551 5336 patro-

1966 5389 2093 5428 num
2118 5371 2184 5427 ad
2205 5384 2420 5426 causam
2443 5368 2657 5432 malam,
2689 5364 2781 5420 sed
2812 5355 3057 5418 comitem
3079 5359 3144 5414 ad
3173 5372 3401 5429 poenam.
3420 5355 3550 5417 Nam

1968 5481 2236 5536 nunquam
2275 5479 2396 5520 eum
2426 5461 2515 5515 ille
2533 5459 2850 5515 defensurus
2865 5465 2947 5510 est
2976 5454 3027 5508 in
3042 5452 3128 5508 die
3142 5451 3349 5522 judicii,
3367 5467 3558 5523 quem-

1967 5535 2196 5629 cumque
2223 5555 2419 5610 malum
2448 5550 2675 5607 voluerit
2708 5548 2925 5603 imitari.
2964 5542 3242 5612 Quomodo
3269 5542 3411 5597 enim
3434 5535 3562 5596 dia”

2036 5699 2050 5728 ι
2078 5700 2145 5742 tta
2167 5689 2579 5741 Ms.Colbcrt.inus.
2601 5684 2685 5734 Alii
2708 5681 2902 5751 quidam
2921 5685 3267 5751 piasqurehvcra
3285 5689 3318 5727 α
3338 5670 3563 5742 ﬁdle

1977 5754 2113 5810 laicis
2135 5752 2332 5807 dicitur.
2359 5751 2474 5801 utut
2500 5762 2638 5811 vero,
2661 5760 2693 5798 a
2714 5742 2844 5798 senis
2866 5742 3004 5796 (tricis
3027 5742 3224 5794 dicitur.
