3850 6188
396 222 502 280 753

389 337 546 392 holus
586 352 773 394 omnes
816 353 948 410 quos
993 338 1234 408 seducit,
1265 355 1373 395 uonn
1415 340 1621 399 seducit
1642 358 1762 399 cum
1786 344 1980 415 quibus

388 437 606 497 regnet,
635 428 728 485 sed
760 443 879 483 cum
904 430 1095 499 qnibus
1115 429 1399 486 damnetur
1430 450 1442 485 :
1469 434 1547 489 sic
1565 449 1750 491 omnes
1774 438 1861 507 qui
1892 453 1977 493 se-

391 528 627 587 quuntur
665 519 831 574 malos
851 559 865 583 ,
895 521 1114 576 connites
1142 522 1240 581 sibi
1270 523 1336 578 ad
1364 523 1659 593 gehennam
1690 538 1933 599 qumrunt
1956 571 1972 596 ,

392 623 497 665 nun
529 607 812 675 patrocinia
839 608 904 661 ad
932 625 1150 680 regnum
1180 613 1456 669 caelorum.

459 695 544 752 CA
555 697 686 753 PUT
718 696 847 757 Vill.
870 731 940 739 —
965 700 1017 757 8.
1045 700 1290 759 Perversa
1318 706 1662 778 interpretatio
1687 708 1969 781 Evangelii.

387 785 666 850 Quomodo
687 805 811 859 ergo
826 800 1128 860 pervertunt
1150 795 1234 850 isti
1253 794 1388 851 hanc
1404 800 1742 866 senntentiam,
1760 803 1972 870 quando

388 875 493 930 illis
525 877 718 933 dicitur
747 882 885 936 male
911 883 1239 954 viventibus,
1267 888 1456 943 Merito
1480 889 1681 946 dictum
1708 902 1789 947 est
1813 909 1841 948 a
1869 895 1972 947 Do-

392 969 558 1035 mino,
580 969 706 1036 Qitw
718 972 905 1040 dicunt,
922 977 1071 1048 facile
1088 995 1107 1043 ;
1126 996 1238 1044 qua:
1254 978 1464 1049 faciunt,
1481 983 1648 1052 facere
1660 986 1814 1041 nolite
1826 988 1852 1041 Ρ
1868 987 1970 1043 Rc-

384 1070 468 1115 cte
487 1061 683 1118 dictum
711 1074 811 1131 est,
832 1065 1091 1135 inquiunt.
1114 1069 1317 1127 Dictum
1334 1084 1411 1127 est
1437 1074 1579 1129 euiun
1595 1076 1761 1141 vobis,
1778 1085 1969 1148 utqum

381 1152 628 1221 dicimus,
644 1154 866 1223 faciatis;
883 1175 999 1229 quae
1015 1170 1189 1217 autennn
1209 1179 1304 1220 nnos
1321 1165 1561 1234 iacimus,
1576 1183 1671 1223 vos
1692 1184 1794 1224 uonn
1811 1171 1970 1225 iacia-

387 1243 473 1295 tis.
504 1243 612 1298 Nos
641 1246 780 1300 cninnn
800 1248 1069 1305 olTerimus
1083 1253 1417 1321 sacriﬁcium,
1433 1256 1582 1312 vobis
1599 1274 1703 1313 non
1725 1259 1967 1315 licet.\'i-

386 1331 508 1386 dcte
526 1337 783 1390 versutias
808 1337 1077 1393 hominum
1096 1361 1108 1394 :
1126 1344 1250 1412 quid
1264 1344 1433 1400 dicam
1451 1347 1473 1400 ?
1491 1351 1960 1405 mercennariorum.

378 1423 510 1479 Nam
532 1427 573 1479 si
592 1438 828 1496 pastores
840 1440 1035 1497 essent,
1059 1433 1153 1487 ista
1174 1450 1276 1489 nnon
1291 1436 1546 1492 dicerent.
1564 1439 1686 1494 Ideo
1709 1441 1963 1497 Dominus
1980 1480 1987 1507 ,

377 1525 432 1569 ιιι
454 1532 513 1570 os
543 1517 644 1573 illis
664 1519 964 1588 clauderet,
999 1534 1212 1580 secutus
1247 1538 1362 1594 est,
1394 1529 1628 1597 etdixit,
1662 1531 1963 1587 Cathedram

374 1605 544 1678 Moysi
580 1610 750 1665 sedent
781 1629 799 1667 :
826 1630 938 1684 qua:
963 1616 1154 1681 dicunt,
1182 1618 1368 1689 facile;
1393 1636 1504 1690 qua:
1531 1631 1695 1677 autem
1743 1627 1960 1697 faciunt,

369 1702 539 1769 facere
578 1702 731 1756 nolite
757 1719 776 1756 :
807 1705 978 1759 dicunt
1020 1709 1187 1773 enim,
1214 1720 1259 1763 et
1303 1727 1401 1764 non
1446 1713 1659 1781 faciunt.
1690 1715 1825 1782 Quid
1874 1728 1962 1773 est

369 1804 498 1860 ergo
523 1832 539 1859 ,
571 1792 793 1848 l'mtres?
818 1795 872 1851 Si
918 1796 1119 1853 diceret
1145 1801 1213 1855 de
1254 1804 1512 1858 sacriﬁcio
1530 1806 1841 1874 offerendo;
1874 1810 1957 1865 di-

368 1888 554 1947 ceret,
583 1879 773 1937 Dicunt
800 1886 935 1939 enim
954 1929 968 1952 ,
992 1898 1040 1940 et
1066 1906 1164 1943 non
1210 1891 1442 1958 faciunt?
1463 1893 1684 1951 Faciunt
1704 1899 1843 1953 cnninn
1875 1917 1958 1955 sa-

370 1970 653 2039 crificium,
684 1974 793 2029 Deo
821 1975 1067 2032 olTermnt.
1103 1980 1237 2047 Quid
1263 1992 1346 2037 est
1373 1986 1514 2053 quod
1541 1987 1740 2053 dicunt,
1770 2001 1823 2045 et
1850 2008 1953 2047 non

366 2058 611 2116 faciunt?
650 2065 789 2120 Audi
838 2068 964 2137 quid
1015 2082 1269 2140 sequatur
1297 2092 1309 2128 :
1340 2075 1568 2147 Alligant
1623 2081 1754 2133 enim
1802 2100 1955 2137 onera

363 2153 539 2222 gravia
559 2163 607 2209 et
636 2156 995 2227 intportabilia,
1020 2172 1065 2215 et
1090 2164 1352 2235 imponunt
1373 2185 1431 2222 ea
1454 2186 1603 2241 super
1629 2174 1837 2227 cervices
1858 2176 1953 2228 Ito-

364 2243 580 2310 minum,
605 2263 719 2316 qua:
736 2249 836 2319 ipsi
856 2268 956 2305 uno
973 2252 1127 2324 digito
1148 2257 1323 2311 nolunt
1342 2261 1770 2332 tangere(:llatth.
1796 2281 1949 2332 χχιιι,

361 2332 504 2405 2-4).
553 2337 750 2407 Aperte
786 2343 1157 2420 exprobravit,
1189 2346 1468 2420 descripsit
1491 2361 1543 2405 et
1567 2355 1815 2410 ostendit.
1846 2357 1950 2412 Sed

360 2426 435 2481 illi
462 2430 674 2497 quando
703 2433 781 2488 sic
800 2418 989 2489 volunt
1028 2450 1336 2504 pervertere
1376 2446 1691 2525 sentcnntia’m
1716 2488 1731 2512 ,
1764 2457 1947 2502 osten-

358 2517 487 2573 dunt
517 2522 638 2591 quia
682 2524 811 2578 nihil
854 2538 1101 2595 quierunt
1127 2530 1177 2583 in
1232 2532 1468 2588 Ecclesia
1493 2575 1507 2598 ,
1538 2517 1942 2597 nisiconnmola

360 2623 474 2671 sua;
505 2626 600 2665 nec
623 2611 965 2684 Evanngelium
997 2617 1236 2687 legerunt
1267 2639 1280 2674 :
1305 2621 1348 2675 si
1378 2623 1501 2677 enin
1529 2638 1748 2682 nossent
1773 2630 1945 2711 ipsannn

360 2700 627 2769 l'agitnam,
657 2713 709 2758 et
732 2713 895 2760 totum
920 2707 1171 2777 legissent
1192 2751 1207 2776 ,
1235 2727 1501 2792 nunquam
1524 2715 1624 2772 hoc
1654 2718 1830 2776 dicere
1854 2700 1942 2778 au:

355 2788 562 2843 durent.

425 2880 479 2934 9.
506 2876 674 2937 Malos
695 2893 915 2953 pastores
941 2905 1046 2944 esse
1088 2892 1139 2945 in
1170 2890 1399 2950 Ecclesia
1425 2897 1613 2954 similes
1644 2900 1934 2977 Pharisaeo—

354 2990 482 3024 tmn.
521 2973 705 3030 Pastor
730 2979 842 3046 quis
862 2984 1225 3048 mercenarius,
1252 2988 1362 3057 quis
1387 2999 1574 3046 castus.
1608 2993 1750 3047 Uxor
1775 3007 1929 3049 casta.

353 3065 456 3116 Sed
485 3066 719 3134 apertius
745 3070 1001 3126 attendite
1021 3114 1035 3138 ,
1067 3073 1186 3142 quia
1218 3073 1375 3133 habet
1407 3080 1541 3137 tales
1569 3082 1822 3140 Ecclesia.
1856 3087 1931 3142 Ne

350 3145 481 3219 quis
521 3156 661 3213 dicat
719 3161 871 3216 nobis
903 3180 915 3216 :
945 3164 1168 3220 Prorsus
1219 3167 1287 3225 de
1334 3170 1617 3230 Pharisacis
1663 3176 1830 3243 dixit,
1863 3178 1929 3235 de

349 3243 549 3301 Scribis
590 3248 757 3316 dixit,
803 3252 870 3308 de
891 3252 1087 3310 Judzcis
1135 3256 1309 3314 dixit:
1345 3277 1467 3318 nam
1520 3264 1652 3321 tales
1681 3282 1785 3322 non
1836 3268 1928 3323 lna-

346 3336 437 3389 bet
490 3337 745 3395 Ecclesia.
788 3343 886 3409 Qui
924 3354 1049 3399 sunt
1094 3362 1221 3418 ergo
1249 3350 1355 3416 illi,
1400 3352 1468 3407 de
1515 3356 1706 3424 quibus
1752 3362 1925 3415 omni-

346 3426 442 3481 bus
472 3427 725 3487 Dominus
767 3432 894 3491 dicit
926 3452 940 3488 :
968 3434 1089 3493 Non
1135 3441 1298 3493 omnis
1335 3444 1422 3514 qui
1467 3446 1591 3499 mihi
1629 3448 1785 3515 dicit,
1820 3450 1926 3505 Do-

345 3519 478 3575 mine
496 3562 511 3584 ,
542 3520 759 3578 Domine
780 3566 796 3593 ,
825 3527 1027 3583 intrabit
1054 3524 1115 3585 in
1136 3548 1345 3604 regnum
1374 3537 1656 3594 caelorum?
1681 3542 1746 3597 Et
1774 3544 1925 3599 addi-

342 3617 417 3671 dit
444 3636 455 3671 ε
487 3618 642 3675 Multi
681 3623 844 3679 dicent
883 3627 1007 3681 mihi
1054 3629 1107 3682 in
1151 3630 1242 3684 illa
1261 3633 1375 3700 die,
1399 3633 1633 3704 Domine,
1660 3639 1878 3699 Domine
1903 3688 1918 3713 ,

342 3722 507 3763 nonne
529 3709 581 3764 in
628 3719 714 3769 tuo
754 3716 954 3775 nomine
992 3719 1418 3790 prophetavimus,
1448 3737 1495 3780 et
1527 3728 1581 3781 in
1610 3732 1810 3787 nomine
1838 3744 1921 3789 tuo

341 3796 543 3853 virtutes
572 3802 753 3856 multas
781 3804 1009 3873 fecimus,
1038 3818 1085 3863 et
1104 3809 1157 3863 in
1184 3814 1385 3869 nomine
1408 3824 1492 3870 tuo
1512 3821 1920 3881 manducavimus

341 3874 396 3941 et.
412 3888 661 3948 bibimus?
687 3895 946 3968 Numquid
991 3902 1042 3957 in
1095 3907 1313 3965 nomine
1356 3910 1550 3968 Christi
1575 3956 1589 3978 ,
1632 3914 1802 3973 Judaei
1843 3920 1918 3973 fa-

340 3979 487 4035 ciunt
516 3983 655 4039 ista?
683 3987 839 4044 Certe
863 3992 1198 4051 manifestum
1223 4009 1305 4054 est
1327 4002 1448 4072 quia
1475 4003 1540 4060 de
1566 4003 1648 4060 lnis
1673 4005 1801 4064 dicit
1825 4012 1915 4083 qui

343 4086 535 4162 nomen
557 4074 751 4133 Christi
779 4080 992 4139 habent.
1021 4084 1127 4143 Sed
1151 4089 1276 4160 quid
1301 4093 1563 4162 sequitur?
1586 4097 1725 4152 Tunc
1751 4074 1916 4157 dicant

339 4161 442 4218 illis
464 4180 483 4219 :
513 4164 791 4240 Nunquam
819 4186 905 4227 vos
940 4179 1167 4247 cognovi.
1194 4161 1428 4237 Recedite
1453 4201 1485 4238 a
1506 4201 1586 4240 me
1602 4227 1618 4254 ,
1641 4204 1812 4244 omnes
1830 4194 1916 4260 qui

337 4259 615 4325 αρρναυιῑηε
651 4262 961 4333 iniquitatem
993 4266 1237 4339 (1(1.νιι,
1268 4273 1481 4344 sn-ss).
1527 4278 1661 4334 Audi
1689 4259 1916 4352 Aposto-

338 4348 443 4401 lunn
495 4360 796 4419 gementem
851 4355 919 4410 de
972 4358 1183 4415 talibus.
1239 4362 1374 4417 Dicit
1424 4365 1559 4421 alios
1599 4348 1914 4429 annnnu‘ntiare

334 4437 675 4508 l-Ivangelium
697 4458 792 4517 per
810 4443 1141 4515 elnaritatenn,
1170 4451 1304 4506 alios
1327 4467 1421 4522 per
1446 4458 1778 4515 occasionem
1806 4481 1818 4515 :
1847 4464 1914 4520 de

334 4526 526 4588 quibus
553 4528 719 4596 dicit,
749 4532 1063 4588 Annuntiant
1087 4537 1418 4611 Evangelium
1462 4562 1560 4600 non
1585 4560 1716 4604 recte
1748 4552 1912 4620 (Phi-

333 4616 459 4685 ιιρρ.
490 4633 540 4682 l,
576 4618 701 4691 17).
735 4620 865 4680 Rem
894 4635 1088 4681 rectam
1115 4669 1129 4693 ,
1174 4630 1269 4685 sed
1309 4632 1407 4704 ipst
1448 4652 1554 4691 non
1585 4641 1733 4695 recti.
1755 4616 1910 4713 Quod

331 4708 645 4764 annnnunntiannt
663 4752 677 4776 ,
704 4721 904 4770 rectum
927 4721 1031 4781 est;
1051 4717 1141 4773 sed
1163 4721 1249 4789 qui
1278 4727 1594 4783 annuutiannt
1614 4770 1628 4795 ,
1659 4747 1763 4787 non
1785 4708 1913 4791 sunt

332 4798 484 4853 recti.
510 4800 684 4869 Quare
710 4818 813 4858 non
843 4813 926 4862 est
950 4812 1164 4865 rectus?
1194 4812 1323 4881 Quia
1351 4817 1492 4872 aliud
1515 4822 1704 4889 quaerit
1730 4825 1780 4878 inn
1811 4826 1912 4882 Ec-

333 4889 493 4944 clesia
515 4933 529 4956 ,
555 4907 658 4949 non
688 4893 853 4950 Deum
893 4900 1101 4968 quaerit.
1132 4901 1187 4957 Si
1222 4904 1384 4962 Deum
1410 4925 1670 4979 qnuereret
1692 4955 1706 4974 .
1731 4928 1910 4971 castus

328 4990 504 5048 esset;
533 4983 653 5053 quia
691 4985 984 5058 legitimum
1031 4994 1276 5050 maritum
1307 5000 1482 5055 anninna
1532 5003 1695 5060 Deum
1729 5008 1903 5063 habet.

325 5071 577 5144 Quisquis
601 5088 631 5129 a
661 5076 770 5132 Deo
792 5090 981 5149 prmter
1001 5082 1164 5139 Deum
1185 5087 1382 5158 aliquid
1404 5094 1614 5162 quaerit,
1637 5112 1741 5152 nnon
1764 5110 1909 5156 caste

331 5163 493 5219 Deum
523 5169 730 5235 quaerit.
768 5170 982 5242 Videte,
1006 5173 1196 5232 fratres
1221 5196 1233 5230 :
1263 5179 1306 5233 si
1335 5196 1469 5238 uxor
1487 5196 1628 5240 amet
1656 5189 1904 5247 nnaritum

327 5258 448 5326 quia
496 5258 645 5317 dives
678 5273 797 5327 est;
831 5279 949 5328 non,
985 5276 1068 5322 est
1094 5280 1259 5324 casta.
1307 5272 1423 5328 Non
1469 5278 1609 5332 enim
1658 5282 1904 5339 maritum

326 5357 504 5413 amat.
535 5351 628 5407 sed
677 5368 862 5409 aurum
906 5356 1101 5412 mariti.
1144 5357 1198 5415 Si
1224 5372 1400 5418 autem
1435 5368 1683 5427 maritum
1724 5384 1900 5441 amat,

326 5447 382 5490 et
402 5440 599 5497 nudum
625 5457 765 5500 amat
791 5489 805 5513 ,
837 5459 885 5501 et
911 5462 1199 5519 pauperem
1221 5467 1382 5510 amat.
1411 5456 1466 5513 Si
1496 5461 1635 5514 enim
1663 5440 1906 5535 propter-

329 5546 390 5580 t-a
419 5541 591 5599 amat,
621 5537 742 5603 quia
773 5535 923 5593 dives
945 5548 1065 5606 est;
1093 5542 1249 5612 quid,
1281 5545 1324 5601 si
1353 5544 1640 5617 (qumnodo
1664 5562 1788 5623 sunt
1816 5571 1903 5612 ca-

323 5634 420 5684 sus
450 5623 695 5710 humani)
721 5630 1083 5699 proscribatur
1111 5645 1163 5691 et
1191 5632 1367 5695 subito
1404 5654 1568 5710 egens
1593 5653 1901 5704 remaneat?

1631 227 1689 285 S.
1730 225 2098 285 AUGUSTINI
2137 230 2437 294 EPISCOPI

2087 345 2376 403 Renuntiat
2402 350 2475 406 illi
2502 351 2672 422 forte;
2704 358 2824 428 quia
2862 366 3006 432 quod
3028 371 3254 442 amabat,
3281 395 3377 437 non
3414 395 3597 455 maritus

2088 448 2223 507 erat,
2249 442 2341 498 sed
2370 460 2457 499 res
2478 448 2612 516 ejus.
2640 449 2697 506 Si
2719 464 2894 509 autem
2918 472 3041 515 vere
3059 467 3292 524 marinum
3310 442 3599 550 annat,etiannl
3656 526 3657 529 η

2084 545 2369 602 pauperem
2400 538 2516 608 plus
2557 554 2734 609 amat;
2778 548 2899 616 quia
2943 566 3061 607 cum
3102 560 3431 623 nniScricordia
3464 538 3597 641 amat:

2152 623 2377 684 CAPUT
2407 631 2584 686 IX.—
2604 636 2685 691 l0.
2719 637 2854 694 Dens
2881 653 3013 697 caste
3039 655 3336 715 quierendus.
3358 658 3416 713 Et

2081 715 2308 785 fratres,
2339 721 2477 777 Deus
2528 737 2709 782 noster
2739 747 3004 800 nunquam
3054 752 3244 811 pauper
3285 763 3393 804 esse
3436 715 3604 821 potest:

2080 808 2239 866 Dives
2262 821 2377 880 est,
2413 815 2523 885 ipse
2551 817 2888 889 teeitonnnnia,
2912 827 3102 882 uelum
3149 842 3200 886 et
3241 808 3454 906 terram:
3480 863 3599 903 mare
3666 900 3671 903 .

2078 910 2135 956 et
2155 903 2405 973 Angelos.
2437 907 2696 980 Quidquid
2726 914 2985 980 videmus,
3009 921 3250 992 quidquid
3281 945 3376 985 nnon
3396 903 3600 1000 videmus

2078 993 2129 1047 in
2151 994 2307 1062 creto,
2343 997 2455 1066 ipse
2482 1000 2626 1055 l'ceit.
2659 1002 2764 1059 Sed
2791 1015 2964 1061 tamen
2991 1027 3093 1067 non
3129 1015 3327 1074 divitias
3350 1038 3509 1082 amare
3525 1031 3600 1085 de-

2077 1082 2266 1140 bemus
2290 1129 2304 1151 ,
2336 1088 2427 1144 sed
2458 1107 2580 1146 eum
2625 1094 2714 1162 qui
2750 1096 2875 1151 fecit
2923 1099 3054 1154 illas.
3093 1103 3205 1159 Non
3235 1110 3365 1165 eninn
3387 1114 3469 1168 tibi
3494 1134 3597 1186 prae

2076 1177 2219 1235 misit
2262 1180 2361 1235 nnisi
2405 1197 2483 1238 se.
2516 1185 2695 1241 inveni
2720 1189 2916 1260 aliquid
2949 1196 3223 1262 pretiosius
3245 1242 3260 1264 ,
3295 1213 3346 1258 et
3392 1177 3597 1269 hoc-tibi

2072 1266 2237 1323 dabit.
2267 1270 2494 1329 Pulchra
2525 1286 2606 1330 est
2633 1287 2772 1332 terra
2798 1322 2810 1345 ,
2839 1283 3033 1338 emtum
3074 1296 3126 1341 et
3153 1290 3329 1360 Angeli
3352 1312 3365 1348 :
3392 1298 3475 1353 sed
3502 1266 3597 1369 put;

2072 1359 2251 1417 clnrior
2275 1374 2355 1417 est
2380 1366 2469 1436 qui
2496 1366 2623 1423 fecit
2651 1371 2784 1426 haec.
2812 1372 2914 1440 Qui
2936 1392 3064 1447 ergo
3091 1359 3391 1440 annuntiaut
3418 1388 3559 1446 Deum
3581 1435 3597 1462 ,

2070 1463 2309 1508 amantes
2341 1456 2526 1523 Deum;
2558 1461 2647 1530 qui
2667 1466 2983 1522 annuuntiant
3008 1470 3189 1538 Deum,
3214 1486 3414 1545 propter
3440 1481 3593 1551 Deunnn,

2068 1553 2291 1611 pascunt
2311 1562 2457 1615 oves,
2484 1559 2535 1604 et
2563 1568 2666 1607 non
2698 1566 2821 1610 sunt
2856 1563 3188 1616 mercenarii.
3230 1565 3388 1635 Ipsam
3416 1574 3597 1629 castita-

2070 1640 2173 1686 tem
2203 1636 2446 1707 exigebat
2473 1642 2540 1698 ab
2567 1644 2741 1699 anima
2773 1648 3029 1708 Dominus
3079 1663 3254 1713 noster
3288 1657 3430 1715 Jesus
3465 1663 3596 1718 Chri-

2066 1731 2180 1778 stus
2206 1767 2222 1792 ,
2268 1729 2480 1796 quando
2524 1732 2730 1791 dieebat
2763 1737 2921 1793 Petro
2949 1783 2964 1807 ,
3002 1741 3180 1812 Patre,
3202 1763 3336 1803 antas
3355 1754 3463 1805 me?
3485 1755 3596 1821 Quid

2064 1820 2165 1879 est,
2189 1814 2345 1871 Amas
2364 1821 2471 1873 tne?
2485 1821 2671 1878 Castus
2689 1828 2772 1882 es?
2790 1828 2905 1884 Non
2932 1841 3016 1887 est
3033 1848 3125 1890 cor
3150 1845 3289 1893 tuum
3315 1840 3595 1900 adulterum?

2016 1976 2021 1983 O
2061 1904 2178 1962 Non
2221 1918 2306 1963 tua
2327 1914 2522 1981 quaeris
2568 1917 2622 1971 in
2670 1918 2908 1977 Ecclesia
2937 1964 2953 1991 ,
2993 1925 3089 1982 sed
3112 1931 3262 1984 mea?
3288 1931 3338 1989 Si
3364 1949 3477 2004 ergo
3497 1938 3594 1993 talis

2060 2012 2144 2064 es,
2180 2009 2234 2053 ct
2265 2018 2553 2073 annusme,
2600 2026 2747 2076 pasce
2791 2029 2905 2069 oves
2951 2019 3293 2089 meas(.loan.
3345 2024 3461 2092 xxi,
3501 2028 3591 2096 15).

2058 2089 2175 2145 Νοιι
2201 2095 2341 2149 enninn
2369 2103 2474 2153 eris
2496 2106 2873 2173 mercenarius,
2930 2110 3027 2165 sed
3054 2113 3160 2169 eris
3189 2124 3373 2183 pastor.

2131 2182 2217 2237 11.
2244 2184 2301 2237 Μ
2303 2190 2545 2243 ercenarii
2564 2196 2816 2262 quomodo
2847 2199 3012 2254 utiles.
3047 2200 3278 2258 Pastores
3294 2208 3457 2274 pauci,
3481 2225 3591 2262 mer-

2057 2277 2248 2329 cenarii
2275 2280 2438 2333 mulli.
2480 2281 2560 2336 Illi
2589 2294 2765 2340 autenn
2795 2304 2899 2344 non
2929 2301 3078 2349 caste
3126 2298 3510 2363 aumnntiabant,
3536 2300 3592 2354 de

2054 2365 2246 2433 quibus
2285 2372 2450 2438 gemit
2491 2374 2797 2444 Apostolus.
2829 2380 2933 2435 Sed
2959 2384 3087 2452 qnnid
3114 2387 3271 2441 dicit?
3296 2387 3421 2453 Quid
3443 2392 3592 2443 enim?

2053 2455 2174 2510 dum
2200 2461 2338 2513 omni
2361 2463 2509 2517 modo
2527 2507 2542 2531 ,
2570 2466 2671 2521 sive
2694 2472 2953 2527 occasione
2974 2517 2991 2541 ,
3024 2476 3126 2530 sire
3168 2479 3360 2533 veritate
3397 2479 3593 2541 Christus

2049 2554 2375 2608 annuntictur
2399 2556 2656 2630 (Philipp.
2689 2578 2738 2623 ι,
2770 2563 2885 2633 18).
2918 2566 3167 2624 Permisit
3192 2585 3314 2640 ergo
3338 2586 3447 2627 esse
3466 2588 3585 2626 nncr-.

2048 2645 2310 2700 eenarios.
2337 2647 2527 2705 Pastor
2551 2653 2772 2710 veritate
2793 2656 3068 2715 Christum
3090 2663 3384 2729 annuntiat,
3411 2679 3585 2720 meroes

2047 2736 2228 2791 uarius
2255 2741 2534 2798 occasione
2555 2743 2826 2807 Christum
2856 2755 3166 2819 annuntiat,
3195 2754 3329 2810 aliud
3354 2772 3583 2826 quaerens.

2045 2824 2241 2882 Tamen
2279 2838 2333 2883 et
2356 2831 2445 2887 ille
2482 2832 2747 2890 Clnristunn
2793 2844 3106 2911 annuntiat,
3139 2854 3192 2901 et
3219 2845 3305 2901 ille
3330 2824 3581 2909 Christum.

2042 2914 2177 2970 Audi
2204 2933 2390 2974 vocem
2440 2926 2669 2992 pastoris
2700 2926 2847 2983 Pauli
2878 2949 2891 2986 :
2919 2931 3046 2988 Sive
3070 2932 3350 3002 occasione,
3370 2937 3461 2990 sive
3477 2938 3584 2990 reri-

2039 3013 2140 3060 tate
2181 3005 2408 3065 Christus
2450 3017 2792 3072 annuntictur.
2848 3020 2967 3090 Ipse
3007 3035 3199 3094 pastor.
3225 3027 3375 3081 voluit
3415 3027 3583 3082 habere

2037 3101 2444 3158 mercenarium.
2468 3104 2690 3163 Faciunt
2732 3112 2871 3166 enim
2900 3115 2988 3170 ubi
3018 3127 3239 3186 possunt
3259 3161 3273 3187 ,
3299 3119 3443 3174 utiles
3479 3126 3582 3172 sunt

2034 3199 2291 3257 quanntum
2313 3205 2558 3263 possunt.
2593 3197 2815 3267 Quando
2853 3213 3039 3261 autenn
3081 3209 3145 3263 ad
3175 3209 3300 3263 alios
3322 3224 3438 3265 usus
3458 3222 3581 3278 qua:-

2034 3279 2183 3336 rebat
2207 3282 2530 3355 Apostolus,
2552 3289 2703 3360 cujus
2733 3293 2842 3349 vias
2869 3295 3205 3355 imitarentur
3244 3300 3423 3355 infirmi
3446 3317 3457 3352 :
3480 3298 3580 3362 Misi

2031 3373 2165 3427 vobis
2189 3415 2204 3440 ,
2229 3376 2432 3447 inquit,
2466 3377 2812 3451 Timotheum,
2841 3388 2927 3458 qui
2951 3407 3044 3445 vos
3085 3394 3472 3464 commonefaciat
3494 3390 3579 3444 vias

2028 3479 2164 3518 meas
2193 3464 2248 3538 (Ι
2277 3465 2393 3522 Cor.
2421 3485 2507 3539 iv,
2536 3473 2658 3544 l7).
2684 3474 2749 3528 Et
2776 3478 2900 3547 quid
2928 3478 3044 3535 ait?
3070 3482 3184 3537 Misi
3222 3495 3466 3551 pastorem
3504 3479 3576 3550 qui

2028 3568 2123 3608 vos
2151 3570 2513 3615 commoneret
2539 3563 2650 3618 vias
2672 3582 2817 3622 nnneas
2844 3586 2857 3623 :
2883 3569 2933 3624 id
2964 3583 3049 3626 est
3070 3615 3084 3639 ,
3116 3573 3204 3642 qui
3227 3573 3474 3643 quomodo
3495 3584 3576 3640 ego

2025 3647 2240 3703 ambulo
2260 3690 2274 3713 ,
2303 3661 2355 3705 et
2385 3651 2497 3721 ipse
2526 3656 2780 3713 ambulat.
2814 3646 2892 3715 Et.
2920 3664 3144 3720 mittens
3165 3674 3447 3734 pastorem,
3469 3662 3573 3733 quid

2024 3738 2129 3793 ait?
2159 3740 2425 3798 Neminem
2454 3747 2583 3817 enim
2611 3751 2767 3805 habeo
2803 3762 2904 3807 tam
2930 3759 3221 3812 unanimem
3245 3799 3258 3823 ,
3290 3760 3371 3828 qui
3409 3759 3574 3810 sincera

2023 3828 2289 3897 a/fectione
2314 3851 2405 3903 pro
2430 3838 2567 3892 vobis
2590 3841 2836 3897 sollicitus
2864 3845 2946 3898 sit.
2991 3836 3315 3904 Nonne-cum
3341 3849 3423 3902 illo
3445 3856 3574 3900 erant

2023 3922 2197 3977 multi?
2217 3922 2321 3979 Sed
2343 3926 2465 3995 quid
2493 3931 2729 3999 sequitur
2744 3933 2953 3990 ?0mnes
2976 3941 3110 3993 enim
3133 3958 3223 3994 sua
3242 3952 3474 4011 quarunt,
3491 3954 3573 3990 non

2020 4027 2134 4081 quae
2156 4023 2270 4067 sunt
2297 4013 2421 4069 Iesu
2441 4017 2629 4074 Christi
2654 4021 2906 4098 (Philipp.
2933 4031 2991 4093 in,
3011 4030 3097 4099 20,
3129 4031 3219 4102 21)
3248 4042 3259 4086 ξ
3291 4031 3339 4087 id
3366 4042 3458 4097 est,
3479 4030 3570 4100 Ego

2020 4102 2170 4156 vobis
2216 4114 2482 4174 pastorcnn
2513 4110 2723 4167 mittere
2753 4117 2921 4182 volui;
2953 4134 3078 4174 nnann
3108 4122 3255 4176 nnulti
3289 4118 3571 4179 mercenarii

2020 4202 2178 4249 sunt:
2208 4194 2301 4249 sed
2339 4212 2443 4253 non
2472 4212 2779 4268 oportuerat
2805 4214 2861 4260 ut
2885 4212 3250 4266 mercenarius
3284 4211 3567 4265 mitteretur.

2018 4282 2098 4336 Ad
2112 4284 2242 4339 alias
2264 4301 2347 4340 res
2365 4295 2417 4341 et
2434 4292 2641 4360 negotia
2663 4297 2953 4365 peragenda
2968 4301 3195 4356 mittitur
3211 4300 3566 4371 mercenarius:

2017 4374 2081 4428 ad
2110 4375 2226 4429 illas
2253 4387 2428 4432 autem
2459 4390 2590 4451 quas
2637 4386 2993 4444 tuatc'volebat
3035 4392 3260 4456 Paulus,
3290 4401 3457 4464 pastor
3474 4398 3570 4444 erat

2019 4468 2371 4522 neceSsarius.
2406 4470 2468 4525 Et
2497 4472 2579 4526 vix
2612 4474 2810 4531 invenit
2832 4495 2990 4537 umnm
3017 4493 3287 4553 pastorem
3310 4484 3438 4538 inter
3456 4481 3570 4535 mul-

2018 4562 2100 4609 tus
2140 4561 2496 4615 nnnercennarios
2527 4580 2538 4615 :
2571 4565 2688 4634 quia
2718 4570 2865 4636 pauci
2910 4583 3180 4640 pastores,
3212 4574 3359 4629 nnulti
3386 4585 3565 4629 meroe—

2018 4648 2172 4702 uarii.
2201 4649 2305 4704 Sed
2338 4653 2461 4722 quid
2490 4654 2683 4712 dicitur
2703 4658 2770 4713 de
2791 4666 3169 4720 mercennariis?
3193 4666 3349 4721 Amen
3373 4666 3475 4720 dico
3497 4677 3567 4718 voc

2017 4740 2090 4791 bis
2111 4781 2125 4806 ,
2159 4754 2483 4814 perceperunt
2523 4748 2800 4803 mercedem
2842 4768 2984 4806 suam
3006 4754 3026 4827 (
3050 4755 3236 4810 Matth.
3267 4773 3344 4821 vn,
3386 4756 3467 4827 2).
3505 4752 3566 4806 De

2018 4839 2226 4899 pastore
2271 4841 2447 4889 autem
2494 4838 2618 4907 quid
2664 4840 2737 4893 ait
2782 4843 3103 4911 Apostolus?
3148 4847 3380 4917 Quisquis
3421 4853 3566 4898 autem

2017 4921 2327 4977 mandaverit
2351 4940 2404 4979 se
2436 4925 2499 4979 ab
2527 4925 2818 4998 hujusmodi
2842 4974 2854 4994 ,
2884 4935 2975 4987 erit
3014 4952 3099 4989 vas
3125 4937 3176 4989 in
3204 4938 3432 4991 honorem
3457 4951 3564 4987 san-

2013 5013 2304 5081 ctiﬁcatum,
2326 5024 2373 5070 et
2401 5018 2523 5071 utile
2542 5017 2778 5085 Domino,
2808 5024 2875 5076 ad
2902 5042 3045 5081 omne
3071 5044 3199 5097 opus
3238 5027 3414 5081 bonum
3435 5039 3565 5096 paras

2013 5113 2118 5158 tam
2144 5121 2339 5177 semper
2376 5107 2443 5180 (ll
2464 5107 2597 5169 Tim.
2629 5127 2692 5177 nn,
2718 5112 2834 5184 21).
2857 5115 2972 5174 Non
3001 5117 3068 5172 ad
3100 5117 3349 5188 quasdam
3382 5132 3463 5172 res
3487 5128 3565 5183 ιιίιο

2012 5205 2182 5252 ratum
2203 5240 2218 5267 ,
2250 5209 2304 5255 et
2330 5199 2395 5255 ad
2418 5202 2668 5271 quasdam
2699 5220 2801 5260 non
2835 5220 3091 5278 paratum;
3124 5212 3215 5265 sed
3245 5211 3311 5264 ad
3328 5224 3459 5264 omne
3490 5204 3567 5257 50-

2013 5303 2131 5339 num
2160 5305 2286 5357 opus
2310 5302 2564 5359 paratum.
2588 5293 2710 5348 llzec
2730 5295 2797 5352 de
2822 5299 3120 5364 pastoribus
3150 5300 3275 5353 dixi.

2081 5377 2308 5434 CAPUT
2345 5379 2413 5434 X.
2446 5413 2516 5423 —
2538 5370 2632 5440 12.
2665 5382 3009 5445 Mercenarius
3038 5392 3256 5461 fugietis,
3287 5388 3559 5451 Donatistis,

2013 5467 2121 5531 lupi
2149 5479 2196 5523 et
2222 5470 2461 5527 latrones.
2508 5473 2584 5531 De
2627 5481 2971 5536 mercennariis
2997 5492 3174 5536 autem
3201 5484 3306 5551 jam
3331 5482 3559 5539 dicemus,

2018 5559 2353 5619 Mercenarius
2400 5565 2602 5632 quando
2631 5568 2761 5622 videt
2804 5570 2976 5641 lupum
3025 5572 3338 5625 insidiantem
3374 5569 3551 5629 oribus,

2007 5654 2158 5726 fugit.
2186 5655 2295 5713 Hoc
2347 5657 2605 5715 Dominus
2635 5658 2786 5718 dixit.
2832 5662 3045 5732 Quare?
3097 5664 3229 5729 Quia
3277 5680 3371 5725 non
3410 5670 3476 5719 est
3515 5661 3552 5725 ri
