3910 6184
340 329 443 387 761

342 459 469 498 cura
512 441 577 494 de
606 440 797 493 ovibus.
830 438 1054 493 Tamdiu
1094 454 1223 508 ergo
1252 445 1334 492 est
1363 436 1507 491 utilis
1534 436 1927 493 mercenarius.

342 532 597 605 quamdiu
628 547 734 586 non
762 530 903 585 videt
932 531 1136 601 lupmn.
1164 528 1415 599 quamdiu
1456 544 1560 582 nou
1592 526 1733 581 videt
1759 528 1932 579 furem

340 639 399 682 et
435 628 737 680 latronem:
764 633 1075 677 comantem
1108 623 1297 676 viderit
1318 664 1331 683 ,
1357 621 1505 691 fugit.
1538 622 1600 674 lit
1626 621 1744 689 quis
1764 630 1841 674 est
1867 618 1935 672 de

341 715 812 784 mercenariis,qui
841 729 943 768 non
976 714 1143 782 fugit‘
1170 713 1239 768 de
1265 714 1528 779 Ecclesia,
1555 713 1766 782 quando
1788 711 1934 765 videt

344 811 596 879 Iupumct
622 807 918 862 latronem?
940 806 1224 861 Ahundant
1240 806 1369 877 lupi,
1385 806 1654 860 almndaut
1675 806 1931 863 latrones.

343 898 449 969 Ipsi
478 908 604 953 sunt
628 899 717 967 qui
747 895 1043 951 ascendunt
1079 912 1173 966 per
1202 896 1421 951 alteram
1444 906 1664 965 partem.
1683 897 1782 962 Qui
1813 906 1937 950 sunt

345 990 535 1059 istiqui
555 988 878 1043 ascendunt?
890 989 987 1054 Qui
1003 988 1066 1042 dc
1086 997 1233 1057 parte
1247 988 1433 1042 Dooati
1449 988 1629 1041 volunt
1641 987 1935 1055 depra'dari

342 1097 473 1134 oves
503 1080 719 1144 Christi,
754 1079 851 1148 ipsi
882 1095 976 1148 per
1001 1079 1224 1134 alteram
1256 1088 1460 1149 partem
1489 1078 1803 1132 ascendunt.
1818 1077 1934 1132 Non

343 1187 443 1241 per
468 1171 740 1224 Christum
783 1170 980 1223 intrant
1016 1187 1029 1223 :
1061 1169 1183 1238 quia
1234 1185 1338 1223 non
1369 1179 1493 1223 sunt
1532 1167 1779 1223 humiles.
1802 1168 1936 1236 Quia

342 1260 566 1329 superbi
592 1269 716 1314 sunt
737 1300 753 1324 ,
794 1260 1107 1314 ascrnrlnut.
1139 1260 1272 1326 Quid
1304 1270 1385 1315 est
1409 1302 1425 1327 ,
1470 1261 1805 1316 ascendunt?
1834 1262 1938 1316 Ex-

344 1351 624 1405 tolluntur.
656 1350 811 1407 Unde
869 1351 1203 1404 ascendunt?
1251 1351 1357 1405 Per
1405 1351 1627 1406 alteram
1683 1361 1934 1422 partem:

343 1444 497 1498 unde
519 1443 585 1499 de
616 1452 768 1513 parte
792 1443 895 1498 dici
925 1444 1130 1497 volunt.
1164 1443 1261 1510 Qui
1303 1445 1356 1498 in
1403 1445 1604 1499 unitate
1632 1460 1736 1499 non
1768 1453 1889 1500 sunt
1918 1487 1934 1509 ,

340 1535 424 1589 de
440 1536 610 1590 altera
634 1545 786 1606 parte
811 1545 932 1590 sunt
959 1576 975 1601 ,
1010 1545 1063 1590 et
1091 1535 1158 1591 de
1201 1538 1312 1605 ipsa
1340 1544 1489 1605 parte
1521 1537 1852 1602 ascendunt,
1886 1537 1937 1592 id

339 1639 432 1684 est
459 1670 475 1694 ,
518 1630 855 1684 extolluntur
880 1671 896 1694 ,
939 1638 993 1684 et
1030 1630 1216 1685 volunt
1261 1631 1447 1686 tollere
1484 1644 1631 1686 oves.
1660 1630 1939 1697 Quomodo

343 1726 664 1792 ascendunt,
693 1726 887 1782 videte.
920 1725 1049 1791 Nos,
1080 1725 1366 1795 inquiunt,
1394 1724 1812 1792 sanétiﬁcamus,
1841 1742 1940 1781 nos

337 1816 697 1893 justifieamus
730 1857 746 1882 ,
797 1831 892 1870 nos
922 1815 1145 1871 facimus
1160 1816 1355 1885 justos.
1390 1816 1529 1871 Ecce
1554 1832 1661 1885 quo
1683 1817 1939 1871 ascende-

342 1920 475 1962 runt
494 1910 534 1961 ³.
563 1908 668 1964 Sed
694 1910 781 1979 qui
803 1926 862 1962 se
889 1909 1106 1971 exultat.
1134 1908 1496 1963 lunniliahitur
1519 1907 1668 1979 (Luc.
1694 1925 1802 1974 xlv,
1824 1910 1936 1979 ll).

310 1989 323 2001 ’
343 2001 552 2057 Potens
571 2011 652 2056 est
677 2002 930 2059 Dominus
958 2002 1096 2055 Deus
1126 2010 1306 2056 noster
1327 2000 1607 2055 ltumiliare
1624 2015 1738 2056 eos.
1762 2000 1941 2070 Lupus

343 2102 530 2147 autem
560 2092 807 2149 diabolus
833 2100 915 2147 est
943 2110 956 2146 :
984 2092 1265 2146 insidiatur
1288 2101 1347 2147 ut
1380 2091 1631 2161 decipiat,
1664 2101 1719 2148 et
1743 2094 1834 2163 qui
1869 2094 1936 2147 il-

347 2184 462 2241 lum
491 2193 818 2253 sequuntur;
852 2200 971 2238 nam
1015 2184 1212 2241 dictum
1252 2192 1365 2251 est,
1396 2183 1537 2254 quod
1590 2184 1759 2246 induti
1817 2186 1938 2256 qni-

345 2273 478 2333 dem
518 2274 745 2343 pellibus
774 2274 949 2329 ovium
983 2316 998 2338 ,
1040 2275 1182 2329 intus
1207 2286 1386 2330 autem
1424 2283 1551 2331 sunt
1582 2275 1692 2343 lupi
1719 2290 1940 2345 rapaces

351 2365 570 2429 (.llatth.
606 2382 716 2429 vn,
751 2367 861 2436 15).
891 2365 947 2421 Si
980 2366 1170 2421 viderit
1198 2366 1562 2422 mercenarius
1602 2367 1833 2436 aliquem
1861 2366 1940 2419 lo-

344 2461 444 2531 qui
475 2475 633 2528 prava
662 2460 704 2522 ³,
736 2466 829 2515 aut
866 2460 1066 2516 sentire
1093 2460 1387 2515 secundum
1431 2460 1721 2530 perniciem
1747 2460 1940 2514 aninne

340 2567 469 2608 suae
488 2593 504 2615 ,
529 2561 621 2606 ant
645 2552 844 2622 aliquid
868 2551 1044 2608 facere
1073 2552 1394 2607 sceleratum
1424 2561 1479 2607 et
1503 2551 1815 2607 obscmn‘um
1839 2592 1854 2614 ,
1885 2561 1942 2606 et

345 2654 532 2696 tamen
553 2642 677 2711 quia
698 2641 908 2697 videtur
931 2642 1125 2697 habere
1140 2641 1363 2711 alicujus
1380 2642 1632 2697 momenti
1653 2656 1938 2712 personam

344 2734 410 2792 in
443 2731 679 2787 Ecclesia
702 2773 720 2799 ,
765 2732 906 2788 unde
925 2733 968 2786 si
1003 2741 1181 2802 Sperat
1218 2732 1496 2787 commoda
1520 2774 1536 2799 ,
1577 2732 1941 2789 mercenarius

341 2830 440 2877 est
467 2839 481 2875 :
515 2832 568 2877 et
592 2837 714 2876 cum
760 2822 903 2882 videt
943 2822 1214 2885 hominem
1240 2824 1415 2892 perire
1443 2824 1496 2878 iu
1526 2833 1767 2894 peccato,
1795 2825 1941 2880 videt

346 2914 507 2967 illum
533 2915 681 2984 sequi
712 2914 894 2984 lupum
920 2955 934 2979 ,
965 2915 1110 2969 videt
1129 2916 1267 2970 illius
1293 2924 1476 2986 guttur
1508 2931 1690 2971 morsu
1714 2917 1851 2971 trahi
1873 2917 1939 2972 ad

345 3004 713 3071 supplicium;
763 3020 869 3058 non
900 3005 973 3059 illi
1001 3004 1162 3072 dicit,
1215 3006 1445 3071 Peccas;
1493 3021 1599 3061 non
1644 3008 1796 3063 illum
1841 3008 1940 3064 ob-

345 3098 526 3166 gurgat
547 3137 565 3162 ,
591 3113 660 3152 ne
687 3097 870 3165 perdat
912 3097 1194 3154 commoda
1227 3114 1343 3153 sua.
1374 3100 1487 3155 lloc
1509 3110 1592 3156 est
1618 3115 1782 3171 ergo,
1813 3101 1940 3157 Cum

354 3188 536 3240 riderit
559 3186 756 3255 lupum,
777 3189 905 3257 fugit
922 3204 942 3242 :
959 3203 1062 3243 non
1082 3188 1158 3245 illi
1183 3188 1332 3256 dicit,
1360 3187 1631 3245 Scelerate
1660 3190 1939 3246 facis.N0tt

344 3278 599 3346 mutaris
620 3319 637 3343 ,
663 3280 758 3333 sed
788 3279 981 3333 annua:
1019 3278 1133 3334 hanc
1158 3277 1278 3349 biga
1307 3287 1410 3335 est.
1438 3279 1607 3347 Quem
1639 3280 1797 3337 vides
1814 3296 1937 3337 eor-

348 3386 492 3438 .pore
516 3381 656 3424 stare
677 3412 692 3433 ,
736 3370 870 3438 fugit
895 3372 1075 3426 animo
1096 3413 1113 3437 ,
1153 3387 1273 3429 cum
1300 3371 1442 3426 videt
1469 3382 1804 3442 peccatore!!!
1830 3414 1846 3437 ,
1886 3380 1943 3429 et

350 3478 467 3519 non
494 3462 565 3515 illi
591 3460 719 3516 dicit
742 3503 759 3526 ,
789 3462 983 3517 Peccas
1008 3477 1022 3528 ;
1066 3476 1186 3517 eum
1214 3464 1372 3518 etiam
1398 3464 1682 3520 consilium
1704 3481 1824 3520 cum
1854 3466 1944 3520 illo

348 3552 539 3607 Iubet.

429 3642 654 3698 CAPUT
693 3643 783 3697 XI.
812 3672 886 3684 -—
917 3643 998 3699 l5.
1030 3641 1139 3698 Uva
1165 3642 1229 3698 de
1259 3644 1420 3714 spinis
1447 3652 1698 3712 quomodo
1726 3648 1941 3717 legatur.

360 3734 580 3795 Fratres
618 3735 762 3800 mei,
809 3733 1065 3804 numquid
1114 3735 1484 3790 nonaseendit
1529 3737 1813 3805 aliquando
1856 3749 1948 3797 aut

365 3843 375 3888 ι
399 3824 648 3892 resbytec
662 3834 755 3878 aut
778 3824 1060 3893 episcopus
1082 3864 1096 3888 ,
1119 3833 1173 3878 et
1201 3839 1306 3879 non
1334 3824 1464 3880 dicit
1489 3826 1631 3879 aliud
1673 3826 1741 3881 de
1784 3844 1946 3898 supe-

361 3917 506 3969 riore
532 3914 650 3969 loco
671 3956 686 3978 ,
722 3914 823 3969 nisi
852 3929 921 3969 ne
958 3914 1232 3984 rapiantur
1254 3930 1340 3971 res
1366 3915 1554 3971 alienae
1576 3957 1593 3985 ,
1634 3932 1704 3973 ne
1733 3919 1948 3977 frandes

361 4009 531 4069 tiam,
561 4022 626 4062 ne
665 4006 868 4063 scelera
912 4006 1301 4063 admittuntur?
1340 4008 1457 4063 Non
1499 4020 1723 4079 possunt
1765 4013 1947 4069 dicere

359 4095 507 4151 aliud
528 4139 543 4161 ,
570 4096 663 4166 qui
692 4095 1000 4153 cathedram
1044 4096 1210 4168 Moysi
1243 4098 1473 4163 sedent,
1501 4107 1555 4153 et
1582 4100 1693 4169 ipsa
1736 4102 1806 4156 de
1844 4102 1949 4158 illis

360 4189 626 4258 loquitur,
653 4204 758 4245 non
789 4188 912 4258 ipsi.
941 4189 1078 4256 Quid
1104 4198 1189 4244 est
1216 4205 1345 4259 ergo
1367 4232 1384 4257 ,
1417 4189 1680 4261 Numquid
1704 4193 1948 4264 colligunt

358 4280 427 4342 de
454 4280 613 4348 spinis
640 4296 763 4334 uvas
784 4320 800 4344 ,
844 4289 932 4334 aut
960 4279 1025 4334 de
1052 4280 1251 4336 tribulis
1273 4282 1402 4350 ﬁcus
1419 4283 1445 4336 .’
1469 4291 1525 4338 et
1545 4324 1561 4348 ,
1594 4284 1772 4340 Omnis
1799 4287 1951 4343 arbor

361 4387 429 4425 rx
461 4373 629 4442 {ructu
669 4370 987 4440 cognoscitur
1034 4370 1196 4443 (Ibid.
1248 4372 1383 4443 I6)?
1433 4372 1733 4429 Pbarisaeus
1772 4385 1949 4446 potest

363 4463 502 4515 bona
527 4461 711 4531 loqui?
736 4461 1035 4517 Pharisaeus
1064 4462 1216 4533 spina
1244 4471 1327 4518 est
1359 4482 1372 4518 :
1401 4465 1673 4534 quomodo
1697 4467 1766 4522 de
1789 4472 1942 4538 spina

360 4556 484 4625 lego
510 4554 707 4610 uvam?
742 4553 875 4621 Quia
902 4562 956 4609 tu
976 4595 993 4622 ,
1026 4554 1270 4620 Domine,
1318 4556 1495 4612 dixisti
1517 4599 1531 4620 ,
1563 4558 1690 4625 Quae
1731 4561 1946 4627 dicunt,

364 4643 547 4713 meite;
574 4660 688 4716 quia
724 4654 890 4699 autem
918 4645 1148 4714 faciunt,
1172 4646 1339 4715 facere
1361 4648 1534 4703 nolite.
1563 4650 1637 4704 De
1665 4651 1834 4720 spinis
1862 4668 1949 4709 me

357 4733 520 4803 jubet;
546 4751 699 4791 uvam
727 4737 1016 4807 decerpere
1035 4779 1051 4804 ,
1096 4754 1218 4794 cum
1245 4737 1445 4795 dixeris
1464 4781 1478 4804 ,
1508 4740 1771 4812 Numquid
1797 4745 1948 4799 colli-

361 4835 490 4897 gunt
514 4827 579 4881 de
613 4828 772 4897 spinis
815 4829 1010 4885 uram?
1035 4829 1345 4900 Respondet
1363 4831 1456 4886 tibi
1498 4832 1753 4889 Dominus
1783 4853 1795 4888 :
1831 4834 1948 4890 Non

361 4919 498 4989 iussi
524 4926 577 4975 tc
616 4918 686 4977 de
725 4919 893 4990 spinis
922 4936 1076 4976 uvam
1121 4921 1331 4992 legere;
1385 4922 1479 4979 sed
1524 4923 1682 4990 vide,
1733 4926 1951 4983 attende

360 5010 524 5074 bene.
557 5025 625 5067 ne
645 5009 782 5068 forte
802 5052 817 5076 ,
850 5020 908 5067 ut
932 5012 1047 5068 lieri
1070 5012 1209 5068 solet
1232 5053 1247 5077 ,
1278 5013 1406 5069 vitis
1449 5029 1572 5069 cum
1601 5015 1952 5074 circumerrat

365 5114 465 5169 per
508 5110 704 5157 terram
729 5144 746 5169 ,
793 5103 1026 5159 involuta
1056 5104 1126 5159 sit
1154 5103 1206 5159 in
1248 5104 1436 5175 spinis.
1484 5105 1619 5161 Nam
1664 5108 1952 5179 aliquando

362 5193 668 5249 invenimus
694 5193 847 5262 illud,
876 5194 1072 5251 fratres
1089 5196 1218 5262 mei,
1247 5196 1408 5252 vitem
1426 5198 1654 5267 positam
1684 5214 1849 5270 super
1871 5217 1953 5257 ca-

366 5282 552 5346 ricem,
583 5286 707 5353 quia
734 5284 805 5340 ibi
835 5285 996 5343 habet
1033 5299 1214 5356 sepem
1244 5287 1514 5357 spinosam
1535 5330 1550 5356 ,
1578 5291 1815 5347 extendit
1841 5294 1954 5362 pal-

362 5378 523 5435 mites
546 5391 675 5433 suos
699 5419 716 5445 ,
742 5386 802 5433 et
828 5378 1018 5434 inserit
1043 5381 1097 5434 ia
1123 5394 1306 5449 sepem
1331 5380 1602 5452 spinosam
1626 5423 1642 5449 ,
1675 5392 1729 5439 et
1754 5385 1953 5453 pendet

429 5488 574 5563 ξ
594 5493 675 5542 Er.
700 5495 756 5541 et
773 5501 950 5541 omnes
967 5497 1097 5554 κει,
1120 5491 1205 5559 qui
1223 5492 1348 5557 ﬁgit
1360 5506 1379 5556 ;
1400 5495 1589 5560 absque
1611 5504 1826 5561 negatae
1843 5512 1955 5563 par-

364 5549 1538 5705 ﬁliiﬁlimmmgam

466 5674 699 5749 sic
724 5686 762 5749 ρ
792 5674 1373 5749 colbertitiiscodieitrus:
1413 5679 1584 5731 caeteri
1621 5686 1949 5749 mnuscripti,

367 5731 735 5800 aliquantumut
758 5747 970 5796 peccata
996 5739 1111 5790 aliti
1137 5752 1274 5797 vero.
1298 5740 1507 5809 aliquem
1534 5731 1755 5803 peccare.

1650 318 1883 379 SERMO
1918 315 2228 374 CXXXVII.

3464 354 3473 358 -
3516 310 3626 367 763

2045 432 2184 489 inter
2211 432 2390 502 spinas
2420 433 2598 489 botru~
2626 453 2641 502 ;
2665 440 2719 488 et
2743 432 2831 504 qui
2853 431 2994 488 videt
3026 434 3234 509 botrnm
3263 432 3443 502 carpit
3463 473 3477 496 ,
3511 448 3622 486 non

2045 534 2219 579 tatnen
2248 524 2314 579 de
2341 525 2509 595 spinis
2533 563 2547 593 ε
2591 523 2685 581 sed
2711 524 2778 581 de
2806 524 2913 580 vite
2937 567 2951 590 ,
2996 541 3114 595 qua:
3144 523 3495 593 circumplexa
3538 532 3623 577 est

2043 618 2231 687 Spinis.
2284 616 2373 673 Sic
2432 633 2559 688 ergo
2613 617 2689 671 illi
2753 617 2953 687 spinosi
2997 625 3119 671 Sttnt
3174 633 3189 671 :
3238 616 3331 671 Sed
3384 615 3621 670 sedendo

2045 708 2096 762 itt
2128 708 2377 762 cathedra
2413 708 2577 779 Moysi
2604 751 2617 775 ,
2660 696 2877 764 involvit
2903 725 2996 764 eos
3027 710 3151 763 vitis
3177 750 3190 771 ,
3218 718 3270 763 et
3299 708 3531 778 pendent
3555 708 3622 762 ad

2042 813 2137 853 eos
2166 798 2302 853 botri
2330 840 2344 863 ,
2378 799 2427 853 id
2460 810 2539 853 est
2569 840 2586 867 ,
2628 800 2787 855 verba
2816 799 2953 853 bona
2979 841 2993 866 ,
3045 809 3303 870 prmcrpta
3353 799 3510 853 bona.
3543 799 3621 853 Tu

2044 892 2160 962 lege
2190 907 2341 946 uvam
2364 934 2377 956 ,
2421 909 2524 946 non
2558 902 2608 947 te
2640 893 2820 962 pungit
2844 893 3015 962 Spiua,
3046 892 3257 962 quando
3299 891 3426 960 legis
3447 933 3461 955 ,
3498 890 3626 956 Quir

2042 984 2247 1049 dicunt,
2276 985 2463 1055 facile;
2491 986 2577 1039 sed
2599 1000 2711 1054 qua!
2735 984 2960 1051 finiunt,
3009 984 3175 1052 [arere
3216 984 3389 1037 nolite.
3437 984 3627 1053 Pungit

2041 1089 2217 1133 autem
2240 1087 2292 1133 te
2316 1079 2465 1148 spina
2487 1120 2500 1142 ,
2551 1078 2594 1132 si
2620 1078 2758 1148 quod
2790 1077 2987 1131 faciunt
3032 1076 3179 1130 facis.
3216 1076 3286 1132 Ut
3314 1092 3443 1145 ergo
3475 1076 3623 1145 legas

2043 1186 2200 1226 uvam
2226 1212 2241 1236 ,
2284 1182 2338 1225 et
2374 1186 2477 1223 non
2507 1169 2771 1224 inhzereas
2797 1169 2984 1238 Spiuis,
3022 1169 3148 1232 Qua!
3191 1168 3366 1220 dicunt
3391 1208 3404 1230 ,
3436 1168 3627 1237 facite;

2042 1261 2131 1316 sed
2169 1278 2280 1331 qum
2316 1262 2549 1331 fecittot,
2595 1264 2758 1333 facere
2788 1262 2958 1314 nolite.
3003 1260 3161 1314 Facta
3195 1262 3426 1329 ipsorum
3458 1260 3626 1329 Spinze

2043 1362 2186 1418 sunt,
2211 1353 2370 1408 verba
2395 1354 2627 1423 ipsorum
2658 1371 2753 1408 uva
2783 1364 2863 1408 est
2885 1395 2901 1420 ,
2933 1353 3025 1408 scd
3049 1353 3113 1406 de
3144 1353 3247 1407 tite
3271 1395 3286 1419 ,
3320 1353 3368 1406 id
3398 1361 3475 1407 est
3499 1394 3513 1418 ,
3555 1352 3621 1407 tlo

2043 1445 2292 1501 cathedra
2315 1445 2498 1517 Moysi.

2119 1538 2206 1592 Ii.
2223 1535 2523 1592 Mercennrii
2550 1537 2814 1607 fugientes,
2833 1535 2952 1589 dum
2967 1535 3148 1607 iniquis
3174 1535 3357 1604 favent.
3382 1534 3626 1605 Angusti-

2044 1646 2139 1683 nus
2159 1646 2259 1683 non
2283 1629 2637 1683 mercenarius.
2662 1628 2885 1698 Fugiunt
2913 1643 3041 1699 ergo
3068 1627 3175 1695 isti,
3201 1627 3413 1698 quando
3440 1627 3624 1681 vident

2056 1720 2257 1789 lupum,
2286 1720 2498 1789 quando
2526 1720 2705 1773 vident
2734 1720 3013 1774 latronem.
3060 1718 3172 1773 Iloc
3221 1727 3396 1773 autem
3445 1718 3629 1772 direre

2044 1826 2332 1879 coapcram,
2365 1815 2485 1879 quia
2516 1810 2583 1864 de
2614 1810 2730 1865 loco
2759 1812 3033 1879 superiore
3066 1825 3168 1863 non
3198 1818 3418 1878 possunt
3446 1810 3628 1864 dicere

2045 1904 2171 1969 isti,
2200 1904 2296 1957 nisi
2322 1946 2336 1967 ,
2368 1903 2509 1958 Bene
2530 1902 2690 1958 facile
2712 1945 2726 1967 ,
2757 1903 2919 1958 nolite
2949 1903 3244 1973 perjnrare,
3278 1904 3439 1957 nolite
3479 1902 3626 1957 frau-

2044 1995 2194 2060 dare,
2225 1996 2391 2051 nolite
2428 1996 2656 2068 aliquem
2686 1996 3091 2053 circumvenire.
3122 1997 3419 2067 Aliquando
3449 2005 3624 2051 autem

2045 2092 2122 2144 sic
2153 2090 2366 2154 vivunt,
2395 2099 2452 2144 ut
2476 2090 2543 2145 de
2574 2090 2801 2146 tollenda
2832 2091 3005 2147 aliena
3032 2090 3155 2144 villa
3180 2132 3195 2153 .
3228 2105 3346 2144 cum
3376 2089 3628 2160 episcopo

2045 2183 2327 2236 consilium
2369 2182 2643 2248 habeatur,
2675 2196 2729 2238 et
2759 2192 2969 2252 petatur
3021 2182 3089 2236 ab
3135 2182 3251 2251 ipso
3304 2183 3407 2237 tale
3447 2183 3628 2235 consi-

2047 2279 2195 2332 lium.
2253 2278 2553 2350 Aliquando
2600 2278 2754 2332 nobis
2796 2278 3052 2349 contigit,
3098 2276 3300 2346 esperti
3353 2276 3626 2331 dicimus:

2047 2387 2166 2423 nam
2223 2385 2325 2423 non
2357 2369 2719 2426 crederemus.
2760 2368 2906 2423 Multi
2954 2384 2984 2422 a
3028 2368 3183 2423 nobis
3234 2366 3453 2421 consilia
3482 2366 3618 2419 mala

2048 2471 2271 2533 petunt,
2302 2461 2524 2517 consilia
2559 2459 2888 2527 mentiendi,
2916 2458 3402 2522 circumveniendi;
3437 2466 3630 2527 putau-

2048 2565 2129 2611 tes
2172 2554 2294 2626 quia
2343 2554 2553 2625 placent
2601 2554 2771 2608 nobis.
2805 2552 2909 2608 Sed
2953 2553 3004 2607 itt
3049 2551 3263 2606 nomine
3308 2549 3540 2615 Christi,
3584 2550 3630 2605 si

2048 2648 2274 2702 Domino
2305 2646 2477 2717 placet
2504 2645 2645 2717 quod
2670 2645 2928 2710 dicimus,
2960 2644 3135 2700 nullus
3167 2645 3286 2699 talis
3331 2658 3428 2697 nos
3460 2650 3633 2697 tenta-

2047 2738 2159 2801 vit,
2195 2749 2251 2794 et
2293 2738 2492 2794 invenit
2533 2737 2672 2807 quod
2700 2737 2913 2792 Volebat
2956 2737 3009 2790 itt
3042 2735 3194 2790 uoltis
3224 2736 3263 2789 ¹.
3291 2734 3422 2803 Quia
3446 2734 3490 2788 si
3522 2724 3633 2787 vitlt

2046 2832 2161 2902 ipse
2179 2831 2269 2902 qui
2294 2846 2393 2887 nos
2415 2831 2645 2894 vocavit,
2669 2839 2911 2902 pastores
2937 2843 3141 2891 sumus,
3166 2843 3269 2881 non
3285 2844 3425 2897 μων(
3440 2827 3629 2880 cnarii.

2048 2921 2152 2978 Sed
2179 2920 2304 2992 quid
2330 2921 2405 2979 ait
2439 2921 2767 2991 Apostolus?
2808 2919 2941 2973 Mihi
2961 2919 3221 2973 mininmm
3247 2928 3319 2971 est
3351 2927 3405 2970 ut
3435 2934 3464 2969 a
3491 2916 3629 2969 vobis

2037 3012 2276 3085 iudicet,
2302 3023 2390 3067 aut
2421 3012 2485 3079 ab
2528 3013 2748 3067 Immone
2776 3012 2857 3065 die
2885 3028 2904 3065 :
2932 3011 3019 3066 sed
3060 3026 3215 3079 neque
3258 3026 3349 3079 ego
3387 3009 3632 3078 meipsum

2040 3103 2238 3174 judico.
2272 3103 2421 3157 Niltil
2446 3103 2577 3157 enim
2599 3103 2721 3157 mihi
2740 3103 2972 3157 conscius
3005 3118 3114 3155 sum
3141 3117 3161 3164 ;
3190 3101 3276 3154 sed
3318 3116 3416 3153 non
3443 3099 3496 3152 in
3534 3099 3629 3152 hoc

2039 3195 2356 3267 justi/iratus
2382 3212 2514 3250 sum.
2559 3195 2659 3261 Qui
2685 3207 2852 3252 autem
2884 3195 3089 3266 judico:
3116 3210 3198 3249 me
3225 3234 3239 3260 ,
3283 3193 3533 3248 Dominus
3559 3199 3635 3247 est

2050 3287 2091 3356 (Ι
2124 3287 2241 3342 Cor.
2271 3303 2343 3352 tv,
2370 3289 2425 3353 5,
2466 3284 2544 3359 4).
2573 3287 2688 3342 Non
2720 3286 2838 3343 ideo
2868 3286 3001 3342 bona
3024 3296 3107 3342 est
3134 3286 3456 3342 conscientia
3486 3301 3628 3351 mea,

2048 3381 2172 3449 quia
2202 3394 2298 3435 vos
2322 3379 2465 3435 illam
2494 3379 2738 3434 laudatis.
2761 3380 2895 3448 Quid
2918 3381 3062 3435 enim
3085 3379 3330 3442 laudatis,
3360 3378 3631 3448 quodnon

2051 3470 2286 3527 videtis?
2331 3470 2422 3526 ille
2456 3470 2645 3525 laudet
2671 3511 2685 3535 ,
2716 3471 2803 3539 qui
2836 3471 2977 3525 videt
3005 3488 3019 3524 :
3054 3471 3143 3525 ille
3170 3471 3330 3524 etiam
3360 3469 3630 3538 corrigat,

2052 3561 2095 3617 si
2138 3561 2265 3632 quid
2313 3561 2382 3615 ibi
2427 3560 2571 3617 videt
2599 3561 2737 3632 quod
2766 3561 2882 3630 ejus
2906 3561 3090 3616 oculos
3136 3559 3375 3615 offendit.
3404 3558 3535 3626 Quia
3578 3568 3635 3613 et

2053 3668 2152 3708 nos
2179 3668 2284 3707 non
2334 3652 2561 3707 dicimus
2592 3651 2825 3722 perfecte
2850 3666 2947 3705 nos
2998 3667 3195 3705 sanos:
3237 3648 3331 3704 sed
3365 3647 3636 3703 tundimus

2054 3753 2239 3815 pectus
2265 3752 2504 3799 nostrum
2530 3785 2543 3807 ,
2572 3753 2625 3797 ct
2648 3742 2875 3797 dicimus
2901 3741 3009 3795 Deo
3030 3782 3044 3806 ,
3075 3740 3342 3810 Propitius
3368 3748 3488 3793 esto
3509 3780 3524 3803 ,
3566 3753 3635 3793 ne

2055 3852 2294 3907 peccem.
2325 3836 2527 3891 Tamen
2557 3845 2683 3906 puto
2708 3877 2722 3898 ,
2745 3850 2923 3890 comm
2953 3834 3042 3888 illo
3072 3834 3213 3889 enim
3244 3833 3431 3903 loquor
3452 3872 3469 3898 ,
3502 3829 3634 3885 nihil

2053 3928 2197 3983 aliud
2227 3943 2258 3983 a
2289 3926 2438 3983 vobis
2459 3941 2704 3997 querens
2733 3925 2831 3979 nisi
2861 3923 3088 3979 salutem
3134 3933 3365 3979 vestram
3395 3940 3411 3988 ;
3456 3930 3510 3978 et
3535 3937 3634 3993 ge-

2054 4018 2249 4073 mimus
2282 4018 2592 4088 plcrumque
2619 4017 2669 4070 in
2703 4015 2935 4085 peccatis
2966 4004 3183 4069 fratrum
3217 4023 3515 4069 nostrorum
3537 4054 3552 4079 ,
3581 4020 3635 4075 et

2055 4112 2160 4166 vim
2187 4111 2480 4184 patimur‘,
2524 4119 2580 4165 et
2629 4118 2936 4178 torquemur
2988 4108 3167 4162 animo
3196 4149 3211 4174 ,
3259 4116 3312 4161 et
3354 4104 3638 4176 aliquando

2055 4201 2372 4273 corripimus
2401 4199 2519 4255 illos
2546 4216 2559 4253 :
2588 4199 2697 4277 imo
2722 4212 2992 4268 nunquam
3022 4213 3125 4251 non
3150 4196 3493 4267 corripimus.
3527 4195 3635 4250 Tc-

2055 4303 2166 4350 stes
2191 4302 2316 4349 sunt
2339 4306 2527 4347 omnes
2551 4291 2640 4362 qui
2670 4288 3018 4345 recordautur
3040 4288 3185 4360 quod
3217 4288 3337 4343 dico
3367 4328 3382 4351 ,
3429 4286 3639 4356 quoties

2055 4392 2181 4440 sunt
2202 4399 2233 4438 a
2260 4382 2413 4438 nobis
2442 4381 2673 4452 correpti
2699 4380 2888 4436 fratres
2918 4387 3200 4452 peccantes
3224 4420 3239 4436 .
3270 4387 3324 4433 et
3346 4377 3638 4433 vehemen-

2057 4484 2137 4532 ter
2164 4474 2416 4545 correpti.

2126 4569 2208 4623 CA
2220 4565 2351 4622 PUT
2390 4565 2504 4620 XII.
2532 4595 2605 4608 —-
2632 4564 2719 4621 l5.
2771 4563 2847 4619 De
2874 4564 3045 4619 ovibus
3073 4579 3185 4635 qua:
3212 4562 3340 4617 ratio
3383 4558 3644 4615 reddenda

2055 4677 2087 4714 α
2111 4670 2326 4731 pastore.
2343 4658 2496 4714 Modo
2516 4657 2796 4714 consilium
2825 4666 3062 4711 nostrum
3094 4664 3264 4710 tracto
3287 4671 3406 4712 cum
3436 4652 3644 4710 Sancti-

2056 4767 2164 4814 tate
2210 4769 2405 4813 vestra.
2438 4756 2493 4812 In
2524 4759 2740 4812 nomine
2765 4754 2960 4811 Christi
2987 4755 3134 4825 plebs
3162 4754 3255 4809 Dei
3292 4753 3421 4809 estis
3445 4794 3459 4817 ,
3491 4750 3643 4822 plebs

2056 4852 2314 4909 catholica
2342 4851 2506 4916 estis,
2538 4849 2777 4905 membra
2804 4846 3003 4901 Christi
3047 4845 3176 4899 estis
3203 4863 3217 4900 :
3258 4843 3371 4898 Non
3402 4844 3530 4897 estis
3561 4842 3643 4895 di.

2058 4946 2153 5000 visi
2182 4946 2251 5000 ab
2275 4944 2493 4999 unitate.
2522 4938 2938 4995 Communicatis
2963 4937 3217 4992 membris
3243 4934 3639 5005 Apostolorum,

2058 5034 2463 5092 communicatis
2490 5032 2762 5089 memoriis
2787 5040 3093 5087 sanctorum
3118 5038 3412 5099 martyrum
3434 5069 3449 5093 ,
3486 5026 3644 5080 dill'u-

2058 5142 2239 5185 sorum
2287 5141 2380 5196 per
2417 5123 2602 5180 orbem
2645 5132 2904 5177 terrarum
2929 5163 2945 5189 ,
2975 5129 3030 5176 et
3061 5120 3335 5192 pertiuctis
3362 5117 3429 5173 ad
3459 5133 3641 5173 curam

2060 5228 2296 5275 nostram
2325 5258 2341 5282 ,
2394 5225 2450 5271 ut
2497 5215 2757 5270 rationem
2798 5212 2865 5269 de
2902 5211 3053 5268 vobis
3096 5212 3287 5267 bonam
3331 5207 3642 5264 reddamus.

2059 5310 2191 5365 Tota
2220 5319 2395 5362 autem
2427 5306 2563 5361 ratio
2593 5313 2773 5360 nostra
2804 5320 2922 5375 qua:
2942 5312 3043 5371 est,
3071 5302 3235 5357 scitis.
3267 5300 3507 5365 Domine,
3540 5298 3645 5353 scis

2060 5402 2181 5473 quia
2212 5400 2321 5456 disi
2346 5440 2362 5465 ,
2396 5399 2503 5455 scis
2530 5397 2653 5468 quia
2680 5412 2787 5455 non
2811 5395 2947 5452 laeui
2966 5436 2982 5461 ,
3017 5394 3124 5450 scis
3149 5409 3257 5464 quo
3283 5392 3463 5447 animo
3491 5390 3599 5443 dixi
3624 5430 3644 5457 ,

2060 5491 2166 5547 scis
2194 5491 2315 5561 quia
2347 5489 2468 5545 ﬂevi
2515 5488 2640 5552 tibi,
2672 5503 2793 5543 cum
2831 5487 3100 5551 dicerem,
3147 5493 3201 5540 et
3254 5498 3358 5539 non
3408 5481 3645 5536 sudirer.

2125 5626 2140 5656 ί
2167 5631 2296 5682 ωδε..
2320 5621 2478 5673 nullus
2494 5621 2617 5674 illud
2633 5620 2845 5682 tentatit,
2869 5627 2915 5672 et
2936 5626 3110 5672 tm'emt
3129 5619 3181 5671 in
3208 5617 3350 5682 nobis
3392 5620 3465 5669 Sic
3502 5619 3645 5669 etiam

2061 5696 2161 5737 Am.
2186 5681 2333 5747 «βεεν.
2360 5686 2448 5734 nisi
2473 5684 2600 5747 quod
2626 5697 2730 5747 pro,
2755 5681 2904 5747 illud.
2933 5683 3132 5743 habent,
3158 5681 3312 5736 illum.

2120 5750 2141 5779 ²
2164 5742 2468 5799 Colbertinus
2492 5742 2592 5804 315..
2616 5742 2661 5798 et
2684 5743 3018 5797 commtimur.
