3850 6188
364 343 470 399 7oz

367 457 487 527 Ipsa
537 459 664 522 puto
718 442 859 516 quod
909 443 1114 510 integra
1169 434 1305 491 ratio
1328 439 1508 488 nostra
1563 436 1665 484 est.
1720 424 1951 481 Securos

370 519 513 604 e'ntm
540 519 639 599 nos
679 543 801 594 tccu
829 533 1059 605 Spiritus
1082 538 1305 607 sanctus.
1328 542 1422 596 per
1456 519 1792 578 Ezechielcm
1825 532 1953 586 pro—

371 646 605 712 phetam.
663 633 839 688 Nostis
892 631 1060 699 ipsam
1116 611 1400 680 lectionem
1456 618 1522 673 de
1578 613 1951 685 speculatore:

375 732 499 793 Fili,
524 730 616 791 ait,
647 723 883 787 hominis,
911 718 1275 790 speculatorem
1299 710 1444 785 posui
1480 718 1526 763 te
1549 707 1722 762 domui
1747 698 1909 758 Israel
1936 717 1955 755 :

374 824 417 877 si
444 837 522 874 me
545 820 740 872 dicente
767 814 833 866 ad
858 812 1073 884 impium
1098 851 1110 866 .
1142 804 1308 875 Impia
1332 846 1346 868 ,
1379 809 1536 855 morte
1563 795 1789 852 morieris
1811 836 1824 858 ,
1854 808 1954 845 non

373 913 561 968 άί-τθνῖδ
590 926 606 964 -'
632 910 732 962 11⁸³0
762 915 843 959 "Si
875 946 891 971 ,
924 918 1051 971 ergo
1078 898 1218 955 extim
1252 895 1342 949 tibi
1379 894 1499 947 dico
1526 932 1539 955 ,
1587 898 1638 941 ut
1686 888 1869 947 dicas;
1910 883 1954 935 si

374 1024 478 1061 non
505 998 902 1059 auuttntiaveris
935 1015 947 1049 ι
977 992 1259 1060 verteritque
1283 986 1503 1059 gladius.
1538 993 1581 1035 et
1625 980 1791 1034 tulerit
1822 992 1953 1039 cum,

374 1101 425 1154 id
456 1108 540 1154 est
559 1139 572 1157 ,
601 1095 738 1166 quod
769 1092 998 1145 minatus
1040 1101 1154 1139 sum
1184 1078 1485 1155 peccaturi;
1520 1075 1607 1129 ille
1629 1071 1831 1144 quidem
1856 1070 1955 1122 int-

376 1192 488 1260 pius
551 1189 605 1241 itt
664 1184 920 1254 impietate
966 1195 1059 1234 sua
1106 1175 1347 1229 morietur
1373 1212 1386 1236 ,
1436 1167 1736 1237 sanguinem
1791 1170 1958 1214 autem

374 1283 482 1353 ejus
524 1279 586 1333 de
612 1292 762 1329 manu
787 1267 1116 1343 speculatoris
1143 1263 1413 1333 requiram.
1452 1254 1666 1327 Quare?
1689 1253 1821 1323 Quia
1851 1265 1956 1305 non

375 1345 526 1425 dixit.
559 1367 620 1423 Si
650 1375 815 1418 autem
860 1359 1143 1431 speculator
1175 1353 1351 1407 viderit
1381 1348 1609 1421 gladiunt
1637 1345 1910 1399 venientem
1939 1381 1952 1402 ,

376 1473 421 1517 ct
450 1458 682 1516 cecinerit
712 1455 860 1518 tuba,
893 1461 945 1506 ut
976 1450 1138 1522 fugiat
1162 1463 1181 1512 ;
1222 1456 1265 1499 et
1297 1461 1395 1498 non
1426 1458 1479 1496 se
1508 1436 1835 1494 observaverit
1861 1452 1879 1499 ;
1909 1431 1958 1486 id

376 1561 463 1608 est
485 1592 500 1616 ,
527 1566 633 1605 non
666 1564 724 1603 se
750 1528 1046 1601 concierit
1071 1583 1084 1602 ,
1113 1547 1171 1592 ut
1202 1551 1307 1590 non
1338 1549 1460 1588 cum
1492 1529 1721 1585 inveniat
1748 1528 1798 1579 in
1832 1539 1959 1593 sup-

377 1644 573 1715 plicio,
617 1638 757 1710 quod
806 1635 1038 1690 minatur
1078 1631 1259 1688 Deus;
1299 1625 1583 1692 veneritque
1628 1618 1871 1690 gladius,
1916 1623 1964 1668 et

380 1733 548 1786 tulerit
576 1731 825 1798 aliquem;
848 1725 933 1778 ille
948 1721 1146 1792 quidem
1163 1718 1345 1787 impius
1366 1717 1417 1768 in
1440 1712 1700 1782 iniquitate
1722 1723 1815 1761 sua
1828 1721 1959 1757 mor-

379 1838 496 1881 tuus
545 1833 615 1878 cst
646 1839 663 1876 :
700 1833 753 1875 tu
800 1830 966 1871 autem
997 1858 1010 1882 ,
1043 1812 1249 1881 inquit,
1301 1809 1522 1862 animum
1574 1813 1710 1856 tuam
1739 1797 1965 1853 libernsti

383 1917 605 1988 (Ezech.
656 1928 821 1968 χχχιιι
850 1951 863 1972 ,
898 1907 1035 1977 7-9).
1070 1907 1133 1959 Et
1177 1904 1231 1957 in
1262 1902 1350 1955 illo
1391 1900 1508 1953 loco
1541 1892 1807 1963 Evangelii
1838 1887 1963 1960 quid

380 2009 520 2064 alitul
563 2007 690 2061 dicit
727 2002 922 2058 servo?
952 2014 1071 2053 cum
1098 1996 1334 2053 diceret,
1381 1990 1593 2044 Domine
1618 2030 1631 2049 ,
1674 1986 1887 2039 sciebant
1920 1992 1965 2033 te

380 2100 645 2154 molestum
673 2096 773 2149 sive
802 2093 984 2145 durum
1016 2088 1286 2145 hominem,
1315 2082 1434 2152 quia
1459 2080 1601 2133 metis
1629 2077 1712 2130 ubi
1752 2091 1853 2127 non
1886 2089 1965 2126 sc-

380 2190 585 2245 minasti
604 2229 618 2250 ,
663 2196 707 2241 et
757 2182 954 2252 colligis
982 2179 1066 2233 ubi
1092 2194 1191 2231 non
1220 2173 1450 2246 sparsisti
1475 2189 1493 2236 ;
1524 2180 1569 2225 et
1610 2171 1787 2221 timens
1823 2164 1925 2217 abii
1949 2205 1963 2223 ,

379 2295 424 2338 et
459 2280 696 2336 abscondi
750 2275 995 2329 talentum
1025 2281 1165 2325 tuum
1212 2269 1264 2320 in
1310 2276 1483 2319 terra:
1516 2278 1626 2315 ecce
1653 2259 1805 2312 habes
1831 2258 1964 2326 quod

380 2388 521 2431 tuum
553 2383 644 2428 est.
678 2370 745 2425 Et
796 2368 882 2422 ille
920 2385 932 2419 :
964 2365 1150 2428 Serve,
1181 2360 1387 2429 inquit,
1438 2370 1651 2426 nequam
1694 2363 1742 2405 et
1782 2351 1923 2420 piger
1948 2389 1963 2412 ,

380 2466 548 2536 magis
570 2463 691 2534 quia
721 2477 797 2514 me
821 2456 1013 2514 sciebas
1040 2453 1305 2506 molestum
1333 2456 1378 2501 et
1408 2447 1591 2499 duruut
1612 2460 1718 2498 esse
1739 2484 1753 2503 .
1783 2450 1964 2495 metere

382 2560 468 2611 ubi
509 2572 608 2608 non
656 2548 929 2611 setninavi,
977 2553 1023 2599 et
1065 2542 1300 2611 colligere
1344 2537 1428 2591 ubi
1472 2552 1571 2589 non
1619 2533 1819 2603 sparsi,
1856 2531 1965 2601 ipsa

381 2647 598 2704 avaritia
625 2658 740 2697 mea
762 2639 944 2693 debuit
973 2646 1023 2689 te
1054 2633 1247 2688 docere
1291 2630 1410 2700 quia
1455 2628 1658 2681 lucrum
1689 2638 1871 2694 quarm
1898 2621 1965 2675 de

384 2737 604 2811 pecunia
628 2749 766 2788 mea.
795 2727 1030 2800 Oportuit
1057 2735 1103 2779 te
1126 2739 1243 2794 ergo
1266 2731 1317 2774 ιιι
1342 2720 1492 2773 dares
1522 2716 1788 2788 pecuniam
1805 2728 1967 2766 meam

383 2825 738 2883 numntulariis
765 2831 810 2877 et
860 2836 951 2891 ego
977 2818 1176 2871 veniens
1205 2829 1323 2867 cum
1348 2811 1517 2865 usuris
1534 2809 1812 2879 exegissem
1837 2805 1971 2875 quod

386 2936 553 2975 meum
581 2926 650 2972 cst
682 2914 830 2987 (Luc.
862 2928 950 2967 XIX
971 2953 986 2977 ,
1008 2909 1216 2978 20-25).
1249 2903 1517 2974 Numquid
1546 2902 1698 2966 dixit,
1733 2901 1896 2954 Dares
1916 2906 1972 2952 et

380 3008 659 3081 exigeres?
685 3005 794 3061 Nos
830 3018 958 3074 ergo
982 3043 998 3068 ,
1032 3000 1220 3054 fratres
1240 3040 1255 3064 ,
1286 2996 1509 3059 damus;
1540 2991 1720 3048 veniet
1747 2990 1836 3044 ille
1877 2987 1968 3059 qui

382 3103 581 3172 cx‘gat.
616 3096 797 3164 Orate,
826 3103 883 3149 ttt
902 3098 1117 3165 paratos
1143 3101 1243 3143 nos
1271 3085 1521 3142 inveniat.

804 3204 1034 3263 SERMO
1065 3197 1379 3259 cxxxvut
1397 3203 1415 3223 θ
1441 3196 1541 3269 (ιι).

389 3347 464 3402 Bc
487 3344 647 3401 verbis
690 3340 954 3412 Evangelii
977 3336 1196 3393 Joannis
1216 3377 1233 3402 ,
1270 3334 1383 3404 Ego
1407 3346 1526 3387 sum
1553 3338 1737 3401 pastor
1760 3328 1936 3384 bonus
1954 3364 1969 3380 .

524 3447 644 3502 etc.,
671 3444 847 3489 contra
872 3430 1183 3486 Donatistas.
1211 3425 1339 3497 Cap.
1371 3441 1434 3492 ι,
1476 3424 1512 3494 ᾗ
1537 3463 1551 3478 .
1576 3422 1743 3478 11-16
1768 3420 1866 3491 (lt).

456 3569 681 3631 CAPUT
721 3567 1006 3625 PRIMUM.
1052 3597 1125 3607 —
1171 3566 1220 3620 1.
1270 3562 1444 3617 Bonus
1489 3570 1662 3632 pastor
1708 3576 1799 3614 cur
1837 3574 1974 3612 com-

386 3664 649 3721 mendatus
692 3663 747 3716 in
795 3659 1065 3731 singulari.
1113 3655 1426 3711 Audiviutus
1476 3650 1758 3707 Dominum
1791 3649 1972 3705 Jcsum

390 3752 855 3809 cou'ttnendantem
925 3748 1079 3803 nobis
1139 3746 1263 3800 boui
1313 3744 1538 3815 pastoris
1590 3740 1845 3796 officiunt.
1914 3737 1971 3793 ln

392 3861 494 3916 qua
547 3840 1008 3899 commendatione
1054 3835 1332 3892 admonuit
1373 3849 1469 3888 nos
1522 3833 1742 3903 utique,
1787 3839 1844 3884 ut
1886 3829 1972 3884 in-

391 3935 551 4005 telligi
580 3934 740 3988 datur
764 3975 778 3996 ,
809 3932 978 3984 bonos
1021 3943 1141 3984 esse
1181 3935 1441 3997 pastores.
1475 3923 1539 3977 Et
1569 3933 1744 3976 tamen
1787 3937 1853 3976 uc
1888 3920 1974 3974 in-

393 4028 716 4098 telligeretur
741 4038 995 4094 pervt'rso
1022 4019 1181 4074 modo
1204 4017 1485 4072 multitudo
1517 4024 1732 4084 pasturu
1758 4032 1786 4063 ιι
1820 4032 1832 4066 :
1869 4011 1975 4082 Ego

392 4139 534 4185 sunt,
566 4120 733 4189 inquit
752 4158 768 4184 ,
802 4127 972 4187 pastor
1003 4117 1181 4167 beans.
1211 4111 1277 4167 Et
1305 4111 1444 4164 unde
1474 4110 1541 4163 sit
1575 4116 1755 4177 pastor
1783 4106 1973 4166 bonus,

391 4220 779 4281 Consequentur
800 4207 1033 4263 ostendit
1057 4222 1074 4260 :
1109 4204 1312 4268 Pastor,
1347 4202 1549 4272 inquit,
1575 4202 1730 4253 bonus
1756 4198 1979 4250 animant

393 4325 541 4365 suam
568 4309 708 4379 ponit
735 4322 827 4376 pro
854 4304 1045 4359 oribus.
1100 4300 1441 4355 Mercenarius
1469 4306 1635 4350 autent
1657 4304 1745 4358 ,_et
1768 4294 1853 4363 qui
1878 4308 1979 4345 non

395 4409 464 4451 rs!
493 4407 683 4467 pastor,
709 4395 838 4449 videt
871 4394 1047 4463 lnpnm
1084 4392 1355 4444 venientem
1377 4429 1393 4453 ,
1421 4399 1465 4441 et
1512 4388 1642 4458 fugit
1688 4402 1707 4439 :
1741 4384 1981 4456 quoniam

398 4505 499 4541 non
528 4496 600 4540 est
620 4487 665 4540 ei
691 4501 813 4538 cura
836 4485 899 4536 de
925 4483 1131 4543 ovibus;
1160 4480 1495 4535 mercenarius
1523 4487 1595 4532 est
1616 4478 1766 4531 enim.
1796 4476 1984 4530 Pastor

398 4591 529 4647 ergo
544 4576 713 4628 bonus
730 4571 1133 4638 Christtts.Quid
1156 4571 1341 4625 Petrus
1355 4569 1379 4622 ?
1392 4568 1576 4623 Nonne
1588 4568 1762 4623 bonus
1780 4567 1984 4637 pastor?

400 4682 578 4723 nonne
610 4676 663 4722 et
703 4667 814 4735 ipse
842 4665 1072 4719 animum
1105 4680 1198 4732 pro
1224 4663 1412 4717 ovibus
1438 4662 1651 4731 posuit?
1682 4661 1817 4729 Quid
1850 4661 1987 4715 Pau-

403 4760 524 4816 lus?
551 4758 685 4827 Quid
713 4757 889 4812 ctrteri
907 4756 1180 4826 Apostolt?
1194 4754 1327 4821 Quid
1346 4769 1529 4808 eorum
1550 4762 1786 4824 tempora
1804 4766 1986 4807 conse-

408 4860 635 4923 quentes
670 4849 813 4903 benti
843 4848 1074 4920 t'piscppi
1103 4848 1401 4918 martyres?
1425 4846 1559 4913 Quid
1595 4847 1752 4901 etiam
1772 4856 1987 4899 sanctus

404 4948 510 5001 istc
539 4943 865 5014 Cyprianus?
886 4941 1070 4995 Nonne
1084 4957 1272 4995 omnes
1290 4950 1528 5010 pastores
1550 4939 1670 4993 boni
1689 4956 1703 5004 ;
1722 4954 1823 4991 non
1843 4952 1979 4992 nter-

375 5034 625 5124 .ceuarii,
658 5032 725 5088 de
755 5033 949 5103 quibus
977 5032 1190 5099 dicitur,
1221 5032 1381 5085 Amen
1420 5031 1531 5085 dico
1560 5031 1717 5094 vobis,
1750 5046 1987 5101 percepe-

401 5136 520 5181 runt
552 5125 830 5181 mercedem
859 5142 1005 5178 suam
1034 5122 1263 5201 (Matth.
1290 5140 1340 5177 vt
1368 5166 1382 5189 ,
1414 5122 1709 5189 2).0mnes
1751 5136 1878 5192 ergo
1903 5121 1989 5177 isti

401 5228 648 5291 pastores
674 5217 798 5272 boni
831 5260 844 5284 ,
879 5232 984 5271 non
1009 5217 1181 5270 solum
1213 5216 1331 5287 quia
1361 5218 1671 5287 sanguinem
1698 5215 1987 5282 fuderunt,

466 5373 483 5392 ‘
509 5370 802 5422 Fmendatus
839 5368 897 5433 ad
937 5377 1042 5420 tres
1075 5369 1161 5418 tm.
1185 5377 1392 5433 quatuor
1415 5369 1478 5420 cl.
1504 5370 1564 5419 ad
1585 5383 1630 5420 a.
1654 5372 1732 5422 ob.
1759 5371 1794 5422 f.
1835 5371 1893 5424 fs.

468 5387 482 5392 '
511 5387 802 5422 rmenuatus
839 5387 897 5418 au
937 5387 1042 5420 tres
1076 5387 1161 5418 nn.
1185 5387 1392 5433 quatuor
1415 5387 1478 5420 Cl.
1504 5387 1564 5419 au
1585 5387 1630 5420 ιι.
1654 5387 1732 5422 cu.
1759 5387 1794 5422 ι.
1835 5387 1893 5424 ts.
1939 5387 1990 5437 ε.

402 5434 447 5484 lr
488 5448 556 5484 ιιι.
583 5447 657 5496 pr.
681 5443 774 5496 rm.
801 5432 880 5480 vd.
911 5493 955 5496 _
1124 5492 1134 5496 Α
1176 5493 1261 5496 ξ

466 5496 540 5617 ta

442 5552 539 5625 .(b)
562 5552 956 5625 Citatttrnattloro
989 5555 1048 5605 ad
1085 5561 1098 5602 ι
1135 5561 1239 5625 eor.
1278 5571 1379 5625 sui.
1406 5553 1784 5625 Babitqmessc
1803 5558 1998 5625 farthe-

442 5612 1412 5699 Pol‘latitmetpeumhgop‘atistis,
1450 5615 1766 5699 intelligimus
1798 5619 1916 5694 fere.
1931 5635 1995 5671 ex

408 5675 505 5725 illis
527 5675 709 5745 verbis.
733 5687 784 5722 ιι.
823 5676 866 5734 1,
913 5694 935 5723 ι
956 5678 1053 5727 iste
1088 5680 1346 5744 Cyprianus
1359 5675 1417 5745 ρ
1458 5688 1577 5733 ctu.
1606 5675 1638 5732 3
1686 5700 1706 5727 α
1731 5684 1812 5747 qui
1851 5683 1997 5735 etiam

408 5744 716 5795 «Iunctus,»
746 5743 845 5784 etc.

1606 311 1663 369 S.
1696 301 2060 367 AUGUSTINI
2102 298 2398 361 EPlSCOPl

3497 314 3580 383 ιδι

2066 417 2159 472 sed
2188 418 2305 487 quia
2338 432 2433 486 pro
2460 415 2646 471 ovibus
2678 407 3079 474 fuderunt.'.\'on
3102 422 3233 477 cnim
3256 423 3469 485 fuderunt
3494 437 3584 489 ula-

2067 510 2231 571 tione,
2252 509 2343 563 sed
2375 508 2653 563 cl.arita:e.

2135 601 2359 657 CAPUT
2399 601 2462 655 ll.
2500 630 2574 641 -—
2615 599 2670 654 2.
2728 600 3032 673 Martyrium
3082 607 3185 660 sine
3223 609 3445 666 charitate
3483 618 3584 670 nihit

2067 690 2287 760 prodest.
2316 689 2446 744 Nam
2485 689 2715 761 etIapud
2747 690 3052 760 ha'rctictts,
3083 691 3167 763 qui
3209 707 3404 767 propter
3429 702 3585 774 iniqui—

2068 791 2207 835 tates
2247 791 2302 836 et
2343 796 2556 835 errores
2598 796 2721 835 suos
2761 782 2957 850 aliquid
3002 784 3345 842 molestiarum
3386 797 3585 863 perpessi

2068 873 2296 938 fuerint,
2328 873 2547 928 nomine
2593 874 2829 944 martyrii
2880 889 2938 927 se
2982 868 3203 941 iactant,
3245 888 3299 933 ut
3345 881 3434 934 hoc
3459 886 3586 951 pallio

2066 965 2293 1020 dealbati
2327 965 2531 1019 facilius
2571 966 2847 1030 furentur,
2880 968 2999 1037 quia
3048 969 3151 1038 lupi
3197 981 3330 1027 sunt.
3368 973 3417 1028 Si
3442 984 3587 1030 autem

2066 1057 2203 1111 scire
2233 1057 2392 1110 vultis
2421 1059 2468 1108 iu
2516 1072 2621 1126 quo
2649 1073 2869 1112 numera
2916 1057 3137 1114 ltabeodi
3184 1073 3329 1127 suat,
3361 1078 3585 1133 pastorem

2065 1146 2262 1201 bonuttt
2291 1147 2510 1200 Paulum
2535 1148 2833 1216 apostolum
2870 1148 3048 1204 audite
3079 1167 3091 1203 :
3115 1152 3351 1221 quoniam
3375 1171 3468 1209 non
3491 1173 3587 1211 om-

2069 1253 2166 1293 nes
2191 1239 2283 1307 qui
2329 1253 2554 1308 corpora
2584 1254 2679 1294 sua
2729 1240 2779 1293 in
2831 1241 3073 1309 passione
3118 1244 3268 1297 etiam
3307 1245 3489 1315 ignibus
3511 1258 3592 1303 tra-

2067 1330 2199 1383 dunt
2220 1372 2234 1396 ,
2264 1331 2564 1385 mstimandi
2606 1341 2731 1385 sunt
2760 1332 3034 1401 sangiucm
3063 1332 3252 1388 fudisse
3277 1350 3366 1404 pro
3401 1338 3585 1402 ovibus,

2042 1420 2161 1483 ,sed
2194 1421 2369 1489 potius
2399 1430 2584 1475 eontra
2621 1437 2767 1477 otes.
2806 1421 2868 1476 Si
2905 1423 3088 1493 linguis
3111 1465 3126 1489 ,
3158 1426 3345 1495 inquit,
3373 1429 3589 1482 hominum

2067 1511 2248 1580 loquar
2271 1521 2317 1565 et
2361 1511 2670 1582 Angelorum
2692 1554 2706 1578 ,
2739 1514 3033 1569 charitatent
3062 1527 3224 1570 autent
3249 1534 3342 1571 non
3380 1520 3587 1585 habeant,

2067 1603 2233 1671 [actus
2282 1616 2393 1657 sunt
2438 1603 2570 1658 relut
2612 1616 2939 1660 (ammentum
2983 1623 3197 1671 sonans,
3225 1619 3307 1662 aut
3356 1610 3592 1680 cymbalum

2069 1693 2306 1746 tinniens.
2337 1692 2396 1746 Si
2422 1693 2581 1747 sciero
2610 1697 2780 1748 omnia
2827 1708 3181 1762 sacramenta,
3211 1709 3253 1753 et
3279 1700 3473 1754 habuero
3506 1718 3592 1754 ont-

2070 1800 2180 1836 nem
2209 1785 2546 1853 prophetiam,
2579 1795 2625 1839 ct
2655 1803 2851 1840 omnent
2874 1790 3058 1857 ﬁdem,
3084 1789 3152 1841 ita
3177 1800 3229 1843 ut
3254 1801 3428 1847 montes
3454 1802 3592 1846 trans-

2063 1877 2259 1944 ferant,
2321 1876 2612 1929 charitatem
2666 1887 2831 1930 autem
2897 1897 2999 1933 non
3045 1880 3274 1943 habeant,
3336 1882 3449 1934 nihil
3485 1898 3590 1935 sunt.

2070 1963 2252 2034 Magna
2301 1981 2428 2053 ergo
2477 1982 2562 2020 res
2586 1976 2669 2035 est
2709 1978 2980 2036 postremo
3026 1968 3156 2025 lich
3193 1980 3386 2025 montes
3405 1970 3593 2026 transle—

2072 2070 2219 2108 rcus.
2257 2056 2347 2109 Illa
2390 2057 2603 2125 quidem
2635 2073 2822 2128 magna
2849 2069 2971 2114 sunt
3007 2079 3020 2114 :
3050 2061 3140 2115 sed
3165 2063 3206 2115 si
3255 2077 3348 2130 ego
3383 2061 3480 2114 lnrc
3504 2062 3595 2114 sine

2071 2146 2331 2201 charitate
2376 2149 2599 2203 habeam
2622 2191 2636 2212 ,
2690 2150 2891 2220 inquit,
2952 2168 3060 2205 non
3091 2152 3203 2216 illa,
3254 2152 3341 2206 sed
3369 2166 3458 2222 ego
3490 2150 3594 2204 nillil

2072 2252 2211 2291 sunt.
2240 2238 2343 2292 Sed
2367 2238 2540 2293 adhuc
2570 2240 2699 2294 istos
2742 2257 2847 2295 non
2888 2242 3101 2313 tetigit,
3142 2243 3226 2311 qui
3257 2241 3378 2297 falso
3400 2242 3596 2312 martyrii

2076 2331 2289 2383 nomine
2313 2331 2363 2383 in
2390 2331 2721 2399 passionibus
2748 2332 3076 2402 gloriantur.
3117 2333 3299 2387 Audite
3323 2341 3377 2387 ut
3412 2348 3492 2387 eos
3513 2342 3600 2385 tan-

2075 2432 2160 2492 gat
2183 2462 2199 2487 ,
2227 2423 2331 2475 into
2362 2424 2535 2492 potius
2563 2433 2619 2477 ιιι
2646 2424 2977 2479 transfodiat.
3008 2426 3083 2479 Si
3104 2428 3413 2492 distribuere,
3439 2425 3601 2493 inquit,

2076 2513 2246 2565 omnia
2274 2530 2383 2567 mea
2425 2516 2730 2583 pauperibus
2749 2557 2762 2580 ,
2812 2525 2856 2570 ct
2886 2518 3156 2572 tradidero
3207 2534 3378 2587 corpus
3399 2533 3535 2569 meum
3563 2524 3603 2569 ut

2077 2604 2305 2658 ardeam.
2351 2605 2467 2659 Jam
2516 2607 2615 2675 ipsi
2664 2618 2785 2662 sunt
2811 2609 2848 2660 ¹.
2892 2609 2997 2664 Sed
3063 2610 3179 2665 vide
3222 2610 3339 2680 quid
3380 2610 3602 2678 semtiturt

2079 2693 2383 2748 Charitatr-m
2417 2707 2580 2749 autem
2631 2714 2731 2751 non
2771 2698 3010 2766 habeam,
3080 2702 3204 2754 nihil
3238 2703 3351 2754 mihi
3385 2699 3553 2771 prodest
3572 2691 3605 2767 (l

2080 2782 2198 2837 Cor.
2248 2801 2372 2850 xm,
2422 2787 2558 2856 ιδ).
2597 2787 2736 2842 Ecce
2779 2790 2992 2844 venitur
3053 2791 3116 2845 ad
3161 2791 3468 2861 passionem,
3509 2802 3608 2845 ecce

2082 2878 2296 2929 venitur
2315 2883 2370 2931 et
2393 2876 2458 2930 ad
2485 2880 2758 2948 sanguinis
2804 2877 3079 2936 fusionem
3099 2920 3114 2949 ,
3142 2884 3341 2937 venitur
3369 2891 3417 2937 et
3437 2881 3493 2936 ad
3511 2895 3608 2936 cori

2084 2966 2228 3035 poris
2283 2966 2647 3023 iuccnsioncm
2696 2986 2709 3022 :
2747 2978 2801 3024 et
2843 2978 3035 3027 tamen
3082 2972 3207 3027 nihil
3248 2973 3475 3042 prodest,
3514 2971 3606 3040 quia

2081 3057 2315 3114 cltaritas
2361 3055 2531 3114 deest.
2576 3060 2728 3117 Adde
2768 3062 3136 3130 cltat-itatem,
3175 3072 3385 3135 prosunt
3414 3063 3561 3117 omnia
3596 3078 3608 3114 ι

2077 3147 2300 3205 detraho
2323 3151 2667 3217 charitatcm,
2699 3152 2831 3209 nihil
2858 3165 3097 3225 prosunt
3118 3167 3320 3213 cetera.

2147 3239 2377 3298 CAPUT
2434 3241 2520 3297 111.
2560 3274 2617 3286 -
2650 3245 2704 3300 3.
2731 3244 2964 3302 Charitas
2987 3254 3244 3318 quantum
3269 3249 3454 3302 bonum.
3480 3235 3619 3313 Quale

2079 3330 2280 3386 bonum
2326 3342 2411 3388 est
2449 3334 2680 3389 Charitas
2724 3335 2854 3402 ista,
2906 3336 3151 3395 fratres?
3178 3335 3306 3406 Quid
3352 3328 3615 3409 pretiosius?
3658 3324 3661 3329 “

2080 3420 2207 3491 quid
2234 3422 2588 3477 luminosius?
2614 3425 2740 3494 quid
2769 3426 3021 3483 ﬁrmius?
3051 3428 3178 3500 quid
3201 3428 3399 3484 utilius?
3423 3424 3529 3497 quid
3545 3438 3610 3480 ses

2083 3512 2303 3567 curius?
2337 3513 2652 3591 Multasunt
2685 3517 2774 3572 Dei
2804 3517 2973 3583 dona,
3002 3537 3135 3591 qua:
3172 3530 3341 3575 tamen
3378 3518 3545 3572 habent
3575 3523 3617 3569 et

2083 3604 2244 3671 mali,
2276 3605 2364 3675 qui
2399 3605 2592 3662 dicturi
2636 3616 2791 3675 sunt,
2840 3609 3104 3677 Domit-te,
3134 3613 3186 3668 in
3216 3613 3403 3667 nomine
3426 3620 3497 3664 tuo
3524 3623 3616 3680 pro-

2084 3696 2398 3798 phetavimtts
2422 3738 2434 3762 ,
2477 3700 2532 3753 in
2557 3702 2760 3755 nomine
2792 3711 2877 3756 tuo
2902 3702 3166 3760 dmonia
3190 3705 3442 3775 ejecimtts,
3483 3702 3617 3754 inuo-

2083 3788 2219 3841 mine
2242 3795 2328 3841 tuo
2353 3788 2555 3842 virtutes
2581 3791 2764 3844 multas
2789 3792 3026 3863 fecimus.
3058 3795 3168 3849 Nec
3195 3791 3509 3864 respondebit
3529 3788 3635 3842 ilics

2084 3877 2199 3932 Non
2247 3878 2468 3933 fecistis.
2516 3879 2633 3934 Non
2678 3882 2819 3936 enim
2869 3883 2920 3936 in
2974 3895 3262 3955 conspectu
3307 3884 3426 3939 tanti
3459 3878 3615 3952 iudicis

2083 3970 2297 4024 mentiri
2324 3970 2627 4038 audebunt,
2654 3983 2745 4028 aut
2768 3974 2973 4043 jactare
2998 3990 3117 4047 qua:
3149 3994 3251 4032 non
3275 3978 3508 4033 fecerunt.
3533 3970 3613 4026 Sed

2087 4060 2212 4128 quia
2241 4060 2555 4116 cbaritatem
2597 4078 2702 4117 non
2748 4064 3087 4128 habuerunt,
3136 4065 3459 4136 respondebit
3482 4059 3616 4118 omni-

2084 4148 2184 4203 ltus
2211 4150 2313 4204 illis
2343 4169 2358 4204 :
2391 4149 2514 4205 Non
2542 4153 2656 4206 novi
2695 4170 2782 4208 vos
2809 4153 3020 4227 (Matth.
3053 4174 3143 4222 vtt,
3172 4157 3266 4222 22,
3289 4156 3398 4228 25).
3427 4155 3618 4220 Quomo-

2085 4240 2154 4295 do
2181 4250 2356 4295 autem
2404 4242 2566 4298 habet
2604 4245 2686 4299 vel
2720 4247 2965 4316 exiguam
3008 4249 3350 4314 cbaritatem,
3379 4246 3459 4317 qui
3492 4243 3616 4298 etiam

2087 4333 2363 4387 convicms
2390 4349 2496 4387 non
2523 4343 2667 4388 amat
2696 4336 2994 4391 unitatem?
3024 4339 3173 4393 Hanc
3206 4340 3451 4394 Dominus
3484 4333 3622 4388 unita‘

2089 4434 2194 4481 tem
2245 4427 2627 4483 commendans
2648 4431 2952 4498 pastoribus
2990 4432 3145 4487 bonis
3171 4434 3215 4499 ',
3261 4431 3424 4485 noluit
3464 4423 3622 4481 multos

2088 4518 2357 4587 appellare
2400 4527 2664 4587 pastores.
2714 4519 2896 4590 Neque
2937 4522 3117 4589 enim,
3148 4531 3207 4576 ιιι
3244 4522 3350 4577 dixi
3387 4520 3515 4589 jam,
3538 4528 3623 4569 nc"

2090 4618 2206 4662 erat
2234 4617 2413 4677 pastor
2435 4610 2607 4664 bonus
2649 4610 2872 4678 Petrus,
2915 4612 3146 4681 Paulus,
3193 4604 3623 4684 Apostolicmteri.

2090 4707 2146 4753 et
2190 4700 2512 4768 posteriores
2568 4702 2739 4756 sancti
2791 4704 3060 4775 episc0pi,
3120 4704 3408 4775 beatusque
3455 4694 3620 4769 Cypri!-

2091 4805 2213 4844 nus.
2264 4791 2464 4846 Omnes
2514 4791 2565 4845 1ιί
2610 4802 2849 4861 pastores
2900 4794 3025 4849 boui
3091 4813 3109 4849 :
3151 4802 3207 4849 et
3239 4803 3409 4849 tamen
3448 4789 3523 4843 ille
3556 4795 3627 4854 [ιο

2090 4878 2327 4934 storibus
2378 4880 2531 4935 bonis
2586 4897 2691 4936 non
2738 4884 3137 4939 commendavit
3173 4892 3409 4955 pastores
3465 4878 3627 4937 bonos:

2093 4971 2188 5027 sed
2242 4984 2513 5042 pastorem
2575 4972 2794 5029 bonum.
2858 4973 2982 5053 Ego.
3033 4992 3178 5043 sunt,
3246 4972 3441 5046 inquit,
3493 4972 3633 5040 μειοῖ

2095 5060 2277 5116 bonus.

2169 5154 2398 5211 CAPUT
2438 5155 2527 5211 IV.
2570 5184 2643 5197 -
2685 5158 2740 5212 4.
2784 5157 2991 5213 Petrum
3019 5158 3249 5229 aliosque
3269 5158 3469 5213 existere
3496 5153 3636 5219 pm”-

2097 5262 2178 5301 res
2211 5246 2387 5302 bonos.
2412 5247 2809 5319 lnterrogemus
2847 5250 3128 5306 Dominum
3154 5249 3510 5320 qualicumque
3535 5251 3634 5294 sene

2099 5351 2160 5392 su
2184 5379 2200 5405 ,
2246 5348 2302 5395 et
2344 5339 2640 5395 humillima
2684 5340 3067 5411 disceptatione
3104 5356 3232 5395 cum
3258 5346 3405 5393 tanto
3442 5320 3638 5404 patrels-

2103 5430 2276 5487 milias
2310 5432 2698 5504 colloquamur.
2728 5431 2867 5500 Quid
2898 5432 3065 5499 dicis,
3097 5431 3353 5495 Domine,
3402 5426 3529 5480 bone
3562 5429 3636 5488 1³³·

2166 5565 2181 5627 Ξ
2211 5570 2292 5613 Ms.
2314 5564 2618 5615 colbertiuus
2650 5573 2704 5617 et
2733 5564 2916 5627 Florus,
2935 5562 3191 5627 ιιιιιπσιάά,
3208 5560 3316 5627 1m
3334 5544 3600 5627 Μαῖα

2167 5626 2188 5655 ι
2214 5633 2313 5673 Am.
2335 5633 2387 5675 et
2407 5613 2479 5674 at.
2493 5613 2919 5687 nactus;
3298 5613 3642 5687 Νάθα.νὲ

2101 5694 2213 5738 Lov.
2223 5696 2402 5755 autem
2424 5675 2619 5751 absque
2631 5675 2917 5755 ﬁégéﬁo‘oé;
3287 5675 3485 5754 pauore:
3498 5675 3646 5730 Mi

2109 5747 2237 5815 quod
2263 5750 2402 5800 abest
2423 5762 2451 5800 a
2472 5747 2580 5801 Mss.
