3850 6188
261 356 362 412 76$

266 471 413 528 star?
431 467 512 523 τιι
540 464 684 522 enim
727 464 899 519 bonus
928 467 1109 533 pastor
1127 502 1143 527 ,
1166 459 1253 530 qui
1283 459 1455 514 bonus
1476 469 1673 527 agnus;
1702 454 1842 508 idem

260 574 439 637 passm
466 573 520 617 et
547 573 739 631 pascua
762 599 777 623 ,
807 556 948 612 idem
976 568 1143 620 agnus
1169 561 1224 608 et
1246 552 1350 606 leo.
1381 550 1516 620 Quid
1545 548 1711 604 dicis?
1741 548 1846 600 Au-

255 656 468 711 diamus
487 692 502 715 ,
526 662 579 707 ct
606 650 797 719 adiuva
841 657 895 700 ιιι
923 644 1300 715 intelligamus.
1336 640 1446 713 Ego
1473 658 1616 703 sum,
1641 639 1804 707 inquit
1828 678 1844 705 ,

264 755 434 819 pastor
459 745 645 798 bonus.
671 738 811 809 Quid
851 736 1072 793 Petrus?
1103 739 1206 790 Aut
1240 749 1343 789 non
1370 741 1585 804 pastor,
1617 738 1709 783 aut
1736 744 1848 782 tua-

262 834 701 893 lus?'Vide:unus
738 832 784 885 si
823 845 931 884 non
976 837 1175 897 pastor.
1221 827 1375 879 Amas
1415 825 1526 878 me?
1562 823 1640 877 Tu
1685 822 1731 875 ei
1761 820 1846 873 di—

261 931 385 988 )isti
405 972 420 990 .
447 926 673 982 Domine
694 967 709 988 ,
742 923 895 977 Amas
927 923 1043 975 me?
1071 931 1123 975 et
1163 918 1467 987 respondit,
1500 916 1648 968 Amo.
1696 915 1765 968 Et
1793 923 1845 967 tn

260 1022 305 1072 ci
326 1060 341 1082 ,
379 1018 543 1072 Pasce
581 1033 692 1070 oves
736 1031 892 1068 meas.
916 1013 994 1067 Tu
1016 1053 1031 1073 .
1063 1021 1116 1065 tu
1148 1010 1366 1064 Domine
1386 1050 1400 1072 ,
1436 1007 1849 1075 interrogatione

260 1123 344 1165 tua
362 1153 378 1170 .
409 1111 747 1164 ﬁrmamento
777 1110 887 1160 oris
914 1106 1023 1170 tui,
1045 1111 1334 1156 amatorem
1361 1100 1526 1155 fecisti
1559 1110 1844 1169 pastorem.

260 1203 457 1260 Pastor
485 1210 567 1255 est
608 1215 735 1269 ergo
759 1240 772 1263 ,
800 1198 883 1252 cui
916 1195 1209 1267 pascendos
1235 1209 1365 1249 oves
1391 1192 1685 1248 credidisti.
1734 1191 1850 1259 Ipse

258 1292 681 1357 commendasti,
715 1303 897 1359 pastor
935 1298 1036 1343 est.
1078 1287 1368 1343 Videamus
1403 1288 1511 1354 jam
1544 1294 1719 1338 utrum
1742 1299 1849 1337 non

256 1388 456 1443 bonus.
483 1386 598 1455 Ipsa
628 1384 677 1437 id
705 1381 1119 1452 interrogatione
1150 1387 1207 1435 et
1234 1377 1587 1449 responsione
1628 1377 1744 1445 ejus
1772 1376 1852 1429 in-

257 1478 525 1533 venimus.
549 1473 797 1543 Quazsisti
817 1514 832 1540 ,
865 1483 1042 1527 utrum
1065 1479 1211 1526 amet
1239 1480 1291 1526 te
1322 1487 1335 1523 :
1363 1468 1676 1539 respondit,
1700 1467 1849 1520 Amo.

260 1569 455 1624 Vidisti
497 1582 626 1632 cor,
679 1565 801 1635 quia
846 1562 1042 1618 verum‘
1089 1560 1383 1631 respondit.
1422 1560 1536 1615 Non
1590 1567 1674 1614 est
1724 1573 1851 1627 ergo

208 1680 213 1685 ο
258 1660 439 1714 bonus
457 1699 472 1722 ,
498 1657 591 1728 qui
613 1664 757 1710 amat
781 1664 983 1709 tantum
1017 1652 1254 1707 bonum?
1282 1651 1436 1708 Unde
1466 1650 1551 1704 illa
1575 1649 1853 1717 responsio

257 1766 322 1804 cx
358 1749 563 1802 intimis
605 1745 811 1816 prolata
857 1743 1152 1798 visceribus
1167 1743 1192 1795 ἒ·
1226 1740 1380 1797 Unde
1418 1740 1505 1794 ille
1550 1729 1740 1793 Petrus
1770 1747 1852 1791 te-

260 1851 377 1896 stes
401 1840 586 1895 oculos
639 1848 759 1891 tuos
800 1836 1002 1890 habens
1033 1835 1083 1888 in
1127 1831 1288 1888 corde
1339 1847 1470 1897 suo,
1512 1830 1855 1885 contristatus

258 1930 407 2002 quod
434 1945 559 1984 eum
598 1943 701 1982 non
732 1927 902 1981 solum
928 1924 1093 1979 semel
1114 1965 1127 1987 ,
1157 1923 1250 1978 sed
1281 1923 1469 1976 iterum
1503 1930 1550 1975 et
1578 1920 1737 1974 tertio
1767 1918 1853 1971 in-

263 2021 580 2091 terrogasti,
622 2028 679 2074 nt
709 2018 842 2072 trina
887 2016 1222 2073 confessione
1267 2015 1497 2080 amoris,
1527 2012 1730 2066 deleret
1758 2012 1853 2065 tri-

262 2129 395 2168 num
425 2120 698 2182 peccatum
738 2107 1066 2179 negationis;
1110 2106 1250 2161 unde
1293 2121 1423 2175 ergo
1466 2105 1808 2160 eontristatus
1834 2143 1850 2168 ,

258 2205 409 2275 quod
452 2219 596 2273 saepe
635 2204 992 2272 interrogatus
1044 2207 1187 2255 esset
1210 2199 1278 2253 ab
1315 2214 1381 2253 eo
1405 2196 1494 2267 qui
1522 2197 1681 2251 sciret
1714 2194 1854 2265 quod

262 2298 662 2369 interrogabat,
727 2304 780 2349 et
824 2294 1116 2349 donaverat
1165 2290 1306 2361 quod
1360 2289 1643 2351 audiebat;
1715 2286 1856 2340 unde

260 2391 645 2453 contristatus,
671 2388 792 2441 talia
817 2385 976 2440 vcrha
1012 2382 1228 2437 retulit:
1265 2380 1508 2440 Domine,
1538 2387 1591 2431 tu
1627 2378 1724 2430 seis
1749 2392 1848 2429 om-

260 2484 387 2543 nia.
428 2483 539 2549 ipse
584 2479 717 2533 nosti
753 2478 991 2547 quoniam
1030 2483 1079 2529 te
1100 2490 1214 2527 amo
1254 2471 1431 2542 (Joan.
1466 2487 1585 2535 χιιι,
1628 2467 1856 2537 lii-d7)?

258 2576 416 2632 itane
446 2573 534 2628 ille
576 2572 697 2625 talia
740 2570 1000 2624 conlitens
1020 2609 1035 2633 ,
1068 2571 1175 2621 imo
1207 2564 1460 2635 prolitens
1498 2558 1858 2615 mentiretur?

264 2666 544 2721 Yeraciter
573 2678 700 2734 ergo
726 2660 998 2730 rcSpondit
1023 2672 1262 2713 amorem
1292 2665 1471 2721 tuum,
1500 2664 1551 2709 et
1577 2653 1645 2707 de
1673 2652 1858 2705 intimo

255 2758 432 2813 corde
482 2755 700 2826 protulit
744 2752 972 2807 amantis
1012 2765 1218 2805 vocem.
1267 2748 1345 2802 Tu
1388 2755 1565 2801 autem
1617 2744 1794 2798 dixisti
1842 2759 1857 2796 :

262 2848 445 2904 Bonus
471 2848 621 2901 homo
651 2844 714 2899 de
740 2846 869 2898 bono
917 2842 1153 2897 thesauro
1190 2840 1358 2894 cordis
1381 2838 1463 2893 sui
1491 2842 1683 2908 profert
1732 2836 1862 2889 bona

256 2940 489 3012 (Matth.
522 2955 593 2993 xu
616 2980 629 3002 ,
658 2938 769 3006 55).
805 2936 943 3005 Ergo
977 2945 1030 2988 ct
1073 2942 1285 3003 pastor,
1332 2940 1387 2986 ct
1427 2932 1596 2984 bonus
1627 2938 1809 2997 pastor
1843 2943 1855 2978 :

256 3034 402 3089 nihil
440 3032 660 3103 quidem
706 3030 772 3085 ad
820 3036 1134 3099 potestatem
1182 3040 1245 3080 ac
1296 3023 1581 3078 bonitatem
1631 3020 1859 3091 pastoris

258 3136 583 3196 pastorum;
635 3123 729 3179 sed
776 3133 949 3177 tamen
972 3120 1131 3174 etiam
1164 3119 1277 3188 ipse
1327 3124 1385 3171 et
1433 3123 1645 3186 pastor,
1684 3122 1737 3170 et
1766 3112 1862 3167 bo—

256 3235 372 3274 nus
403 3237 418 3273 :
447 3227 500 3272 ct
526 3215 707 3271 caueri
732 3214 863 3269 tales
887 3221 1127 3281 pastores
1149 3209 1297 3265 boni.

337 3306 570 3365 CAPUT
613 3306 674 3359 \'.
701 3335 773 3346 —
791 3305 845 3360 5.
873 3303 1018 3357 linus
1036 3312 1202 3356 tamen
1233 3301 1393 3355 bonus
1418 3307 1592 3370 pastor
1610 3297 1860 3353 Christus.

261 3400 408 3470 Quid
459 3409 545 3456 est
584 3411 746 3468 ergo,
787 3395 927 3467 quod
973 3394 1275 3465 pastoribus
1317 3392 1474 3447 bonis
1515 3387 1864 3446 commendas

262 3510 432 3548 tinum
462 3501 733 3563 pastorem
754 3532 769 3554 ,
800 3488 899 3543 nisi
926 3487 1045 3558 quia
1091 3486 1144 3541 in
1184 3500 1291 3540 uno
1314 3493 1528 3555 pastore
1547 3482 1708 3537 doces
1739 3481 1862 3536 uni-

268 3585 475 3639 tatem?
495 3583 573 3636 l-Zx
605 3581 823 3652 exponit
849 3577 1083 3648 apertius
1101 3578 1214 3647 ipse
1239 3575 1494 3631 Dominus
1511 3590 1605 3643 per
1626 3573 1867 3626 ministe-

266 3678 405 3731 rium
426 3684 696 3738 nostrum,
715 3687 778 3726 es
799 3671 913 3740 ipso
924 3669 1213 3738 Evangelia
1232 3679 1659 3722 commemorans
1678 3660 1868 3716 Chari-

268 3776 431 3820 tatent
460 3774 723 3827 vestram,
760 3771 813 3817 ct
842 3760 1047 3825 dicens,
1091 3758 1282 3813 Audite
1312 3754 1439 3826 quid
1474 3750 1864 3815 commendavi,

268 3854 382 3928 Ego
404 3872 523 3909 sum
544 3870 716 3924 pastor
730 3852 907 3916 bonus,
930 3851 1037 3905 dixi
1070 3868 1084 3904 :
1106 3850 1228 3920 quia
1248 3860 1435 3902 omnes
1457 3845 1656 3909 ceteri,
1679 3842 1875 3917 omnes

273 3958 523 4016 pastores
557 3946 680 3998 honi
709 3942 951 3999 membra
982 3957 1096 3997 mea
1127 3949 1267 3995 sunt.
1304 3938 1473 3994 Unum
1502 3944 1678 4006 caput,
1705 3949 1865 3989 unum

266 4053 503 4109 corpus,
537 4052 672 4091 unus
700 4036 968 4090 Christus.
1008 4034 1148 4103 Ergo
1174 4040 1229 4088 ct
1252 4040 1433 4101 pastor
1470 4037 1745 4100 pastorum
1768 4069 1781 4094 ,
1816 4035 1869 4081 et

271 4141 523 4201 pastores
570 4129 798 4199 pastoris
821 4171 835 4192 ,
884 4137 935 4183 et
966 4141 1091 4182 oves
1118 4141 1237 4181 eum
1271 4125 1572 4195 pastoribus
1614 4121 1715 4176 sub
1773 4135 1867 4191 pa-

273 4198 423 4276 store
443 4222 484 4272 ¹.
506 4198 645 4288 Quid
667 4228 787 4273 sunt
813 4218 946 4284 iure,
975 4218 1073 4271 nisi
1096 4215 1236 4286 quod
1261 4215 1388 4270 dicit
1414 4213 1702 4283 Apostolus
1731 4230 1743 4265 ε
1779 4212 1871 4267 Si—

270 4322 364 4365 cut
395 4312 533 4364 enim
562 4326 747 4378 corpus
787 4325 943 4362 unum
983 4317 1087 4370 est,
1117 4318 1162 4361 et
1213 4305 1434 4359 membra
1485 4303 1630 4357 habet
1676 4304 1869 4367 multa;

272 4401 455 4455 ornuia
483 4410 652 4454 autem
695 4399 915 4453 membra
943 4399 1168 4467 corporis
1202 4385 1313 4450 cum
1343 4397 1443 4450 sint
1480 4396 1637 4449 multa
1656 4435 1671 4459 ,
1712 4410 1872 4447 unum

270 4503 350 4549 est
391 4510 583 4562 corpus
608 4510 626 4546 :
651 4494 724 4547 sic
749 4503 793 4547 ct
841 4492 1069 4547 Christus
1090 4489 1132 4557 (l
1162 4488 1280 4542 Cor.
1315 4505 1427 4555 xu,
1480 4488 1610 4557 12)?
1640 4487 1777 4556 Ergo
1826 4486 1871 4539 si

277 4586 359 4641 sic
381 4594 441 4640 ct
466 4584 746 4650 Christus,
770 4584 963 4639 merito
987 4581 1232 4637 Christus
1262 4581 1312 4634 in
1344 4595 1403 4636 sc
1446 4579 1648 4635 habens
1686 4592 1875 4633 omnes

270 4685 532 4745 pastores
574 4674 742 4729 bonos
761 4714 776 4735 ,
806 4687 971 4727 unum
999 4671 1338 4726 commendat
1377 4670 1559 4724 dicens
1582 4711 1598 4735 ,
1629 4667 1740 4739 Ego
1760 4685 1875 4721 sum

278 4775 462 4834 pastor
476 4766 656 4818 bonus.
689 4762 801 4834 Ego
825 4778 979 4829 sum,
1012 4776 1151 4816 unus
1188 4777 1327 4826 sum,
1361 4774 1567 4814 mecum
1603 4772 1793 4812 omnes
1819 4758 1872 4810 in

280 4858 492 4912 unitate
539 4872 702 4911 unum
731 4863 875 4909 sunt.
903 4854 1002 4923 Qui
1048 4863 1198 4908 extra
1230 4868 1315 4906 me
1342 4852 1536 4921 pascit,
1567 4860 1752 4905 contra
1788 4865 1876 4905 me

282 4948 478 5016 pascit.
508 4946 609 5015 Qui
635 4961 844 5002 mecum
887 4961 993 5000 non
1022 4944 1260 5015 colligit,
1284 4943 1503 5012 spargit.
1535 4942 1673 5013 Ergo
1697 4941 1877 4996 audite

276 5037 456 5106 ipsam
485 5038 739 5093 unitatem
768 5035 1141 5092 vehementius
1165 5034 1592 5089 commendatam
1619 5049 1633 5085 :
1665 5031 1871 5096 Habeo,

285 5127 494 5198 inquit,
526 5128 655 5183 alias
679 5144 825 5195 oves,
846 5142 962 5198 qum
975 5143 1074 5180 non
1094 5136 1212 5180 sunt
1233 5125 1295 5178 de
1323 5125 1418 5179 hoc
1437 5124 1576 5178 ovili.
1602 5122 1879 5194 Loqueba-

288 5227 378 5272 tur
402 5219 546 5274 enim
587 5218 762 5288 primo
802 5217 927 5272 ovili
964 5216 1051 5272 de
1073 5230 1270 5287 genere
1289 5214 1465 5269 carnis
1496 5213 1678 5268 Israel.
1713 5212 1880 5266 Erant

286 5318 471 5364 autem
521 5309 611 5363 alii
652 5310 720 5365 de
767 5323 965 5380 genere
1016 5306 1138 5362 lidci
1183 5307 1348 5376 ipsius
1395 5305 1588 5373 Israel,
1632 5313 1687 5359 et
1727 5312 1877 5360 extra

284 5412 443 5457 erant
469 5400 681 5469 adhuc,
718 5402 771 5457 in
801 5401 1062 5457 Gentibus
1087 5407 1274 5466 erant,
1318 5397 1677 5468 pmdestinati
1699 5438 1716 5463 ,
1746 5411 1886 5451 non-

285 5492 421 5548 dum
464 5493 792 5566 congregati.
822 5492 934 5549 ﬂos
977 5500 1200 5547 noverat
1229 5492 1319 5563 qni
1368 5490 1879 5563 prmdestinavet'at:

357 5648 372 5680 ³
398 5646 473 5698 sic
491 5653 601 5716 uss.
626 5655 682 5696 Αι
695 5652 971 5716 tov.,.£rgo
991 5650 1036 5716 et
1058 5648 1218 5716 pastor
1238 5641 1341 5705 ipse
1363 5648 1434 5694 est
1455 5648 1717 5716 pastorum,
1733 5646 1781 5692 et
1800 5652 1884 5716 pa:

279 5709 602 5836 me;
621 5714 734 5761 sunt
755 5704 896 5762 anius
1159 5711 1206 5757 et
1226 5704 1333 5756 ores
1356 5704 1467 5756 eum
1481 5704 1754 5769 pastoribus
1775 5708 1884 5754 sunt

478 5820 482 5823 _
558 5784 602 5824 ι,

1601 343 1723 400 SER
1734 342 1829 398 ΜΟ
1862 338 2195 399 CXXXVIII.

3436 352 3537 409 766

1936 462 2177 511 .noverat
2215 454 2303 525 qui
2330 454 2593 513 redimere
2618 458 2875 528 sanguine
2902 474 2998 513 suo
3039 459 3155 516 fuso
3179 470 3417 518 venerat.
3447 462 3536 516 \'i~

1953 547 2110 602 debat
2138 563 2263 611 ens,
2298 548 2532 603 nondum
2561 550 2797 607 videntes
2821 567 2942 606 cum
2975 569 2989 605 :
3018 563 3239 607 nev-erat
3259 568 3373 617 eos,
3404 570 3540 607 nou-

1954 638 2080 692 dum
2127 638 2412 693 credentes
2452 641 2503 694 in
2556 656 2698 695 eum.
2733 641 2938 707 Habeo,
2972 643 3172 713 inquit,
3218 649 3350 697 alas
3392 661 3540 705 ores,

1951 745 2067 800 qua:
2091 747 2190 785 non
2234 743 2347 785 sunt
2387 732 2450 786 de
2474 733 2566 786 hoc
2601 735 2720 788 orili
2748 751 2766 789 :
2793 736 2912 804 quia
2956 752 3061 789 non
3104 746 3220 790 sunt
3253 737 3318 789 de
3347 753 3543 805 genere

1953 821 2131 875 carnis
2170 822 2351 877 Israel.
2399 822 2503 878 Sed
2533 832 2708 879 tamen
2742 840 2845 879 non
2877 837 3030 881 erant
3052 838 3196 881 extra
3233 827 3331 880 hoc
3360 828 3497 881 ovile
3524 869 3542 891 ,

1908 982 1919 993 ‘
1954 911 2074 980 quia
2098 921 2289 980 oportet
2313 925 2392 965 nt:
2416 931 2497 968 ea!
2535 914 2784 969 adducere
2805 958 2818 981 ,
2851 928 2902 969 ut
2928 918 2992 970 sit
3033 935 3164 970 imus
3190 935 3312 988 grex
3346 920 3390 971 Et
3414 935 3544 971 unus

1955 1013 2147 1072 pastor.

2027 1092 2250 1149 CAPUT
2290 1094 2377 1149 Vl.
2425 1126 2496 1138 --
2543 1097 2595 1152 ti.
2645 1098 2862 1165 Sponsa:
2903 1099 2971 1151 at!
3012 1098 3265 1154 Christum
3310 1100 3545 1166 a/fcctus.

1954 1183 2141 1238 Merito
2182 1184 2305 1238 huic
2348 1189 2543 1255 pastori
2589 1201 2889 1257 pastorum,
2940 1202 3110 1244 amata
3157 1192 3306 1261 ejus,
3349 1208 3542 1262 sponsa

1955 1274 2102 1344 ejus,
2131 1276 2347 1345 pulchra
2374 1278 2521 1346 ejus,
2553 1280 2646 1335 sed
2691 1282 2758 1335 ab
2788 1280 2903 1349 ipso
2947 1282 3163 1351 pulchra
3197 1282 3331 1336 facta
3354 1324 3368 1344 ,
3400 1283 3546 1353 prius

1955 1367 2188 1434 peccatis
2217 1366 2357 1423 lceda
2379 1409 2394 1435 ,
2435 1379 2555 1439 post
2598 1371 2924 1443 indulgentia
2971 1383 3022 1427 et
3053 1374 3220 1443 gratia
3270 1374 3499 1427 formosa
3526 1413 3543 1437 ,

1957 1456 2191 1528 loquitur
2238 1476 2425 1516 amans
2451 1470 2507 1516 et
2554 1463 2747 1533 ardens
2780 1466 2831 1518 in
2886 1481 3045 1532 euut,
3079 1476 3134 1520 et
3167 1465 3297 1520 dicit
3322 1467 3404 1531 ci,
3449 1464 3548 1520 Ubi

1958 1552 2166 1619 pascis?
2207 1552 2276 1607 Et
2319 1554 2494 1610 videte
2536 1556 3018 1625 quemadmodum,
3064 1575 3169 1628 quo
3216 1559 3407 1613 allecto
3462 1559 3549 1612 hic

1957 1641 2192 1711 erigatur
2226 1659 2378 1698 amor
2421 1646 2732 1714 Spiritualis.
2781 1647 2968 1702 Melius
2995 1656 3162 1703 multo
3208 1650 3311 1702 isto
3354 1648 3547 1702 allectu

1957 1731 2319 1799 delectantur,
2356 1737 2446 1805 qui
2473 1738 2668 1807 aliquid
2705 1754 2770 1793 cx
2802 1738 2959 1807 hujus
3001 1741 3199 1794 amoris-
3228 1739 3550 1794 dulecdnine

1957 1833 2320 1892 gustaverunt.
2347 1827 2423 1880 llli
2461 1826 2562 1881 hoc
2607 1833 2740 1883 bene
2767 1830 3020 1892 audiunt,
3068 1830 3155 1898 qui
3184 1839 3362 1883 amant
3390 1829 3547 1883 Chri-

1958 1922 2118 1968 stum.
2142 1914 2199 1970 In
2242 1917 2371 1986 ipsis
2398 1919 2541 1972 enim
2577 1919 2680 1974 hoc
2702 1961 2717 1985 ,
2748 1929 2803 1973 et
2826 1920 2892 1973 de
2922 1920 3052 1990 ipsis
3090 1930 3270 1975 cantat
3312 1921 3545 1976 Ecclesia

1959 2006 2010 2061 in
2038 2005 2271 2063 Canticis
2297 2010 2627 2064 canticorum
2660 2028 2673 2071 ;
2702 2011 2789 2080 qui
2835 2022 3014 2065 auiam
3057 2009 3360 2077 Christum,
3396 2014 3545 2082 (μιωὶ

1959 2096 2159 2152 foedum
2182 2141 2196 2163 ,
2227 2108 2281 2153 et
2309 2100 2480 2153 solum
2506 2099 2817 2154 formosum.
2856 2099 3084 2155 Vidimus
3121 2104 3261 2156 enim
3288 2120 3400 2155 eunt
3421 2143 3436 2166 ,
3471 2104 3550 2156 in-

1960 2188 2095 2257 quit,
2119 2198 2162 2241 et
2188 2206 2286 2241 non
2332 2190 2542 2243 habebat
2567 2192 2784 2259 speciem
2816 2207 2971 2259 neque
2993 2192 3223 2245 decorem
3246 2191 3396 2258 (lsui.
3423 2207 3508 2246 l.ll|
3536 2233 3552 2252 .

1960 2274 2039 2347 2).
2073 2276 2220 2331 Talis
2260 2277 2313 2330 in
2359 2293 2515 2331 cruce
2546 2279 2821 2346 apparuit.
2847 2280 3005 2333 talem
3050 2293 3108 2334 se
3141 2280 3308 2349 spinis
3328 2296 3553 2336 corona-

1963 2375 2046 2420 tus
2071 2366 2344 2431 exhibuit,
2390 2368 2585 2423 {indum
2641 2380 2694 2422 et
2741 2368 2857 2423 sine
2901 2369 3129 2433 decore,
3174 2372 3324 2439 quasi
3356 2372 3551 2424 amissa

1964 2458 2227 2529 potentia;
2259 2460 2409 2529 quasi
2448 2474 2553 2514 non
2586 2458 2777 2513 Filium
2822 2459 2944 2514 Dei.
2990 2460 3134 2513 Talis
3164 2461 3309 2514 visus
3348 2469 3429 2514 est
3453 2476 3557 2515 eas-

1962 2550 2059 2604 eis.
2092 2551 2168 2605 Ex
2210 2565 2437 2618 persona
2473 2552 2668 2621 quippe
2712 2550 3017 2605 Judmorum
3062 2549 3162 2606 hoc
3191 2551 3324 2605 dixit
3354 2551 3554 2618 Isaias,

1974 2639 2203 2694 Vidimus
2237 2657 2379 2705 eum,
2423 2650 2469 2696 et
2496 2658 2595 2694 non
2626 2639 2835 2694 habebat
2863 2641 3077 2711 speciem
3119 2656 3277 2710 neque
3301 2640 3554 2694 decorem.

1964 2731 2189 2799 Quando
2228 2732 2542 2799 dicebatur,
2594 2731 2655 2786 Si
2695 2730 2860 2786 Filius
2907 2729 3003 2785 Dei
3054 2740 3154 2794 est,
3185 2730 3454 2785 descendat
3495 2730 3558 2783 tle

1964 2838 2129 2877 crure.
2176 2822 2318 2877 Alios
2344 2824 2509 2878 salvos
2537 2824 2655 2892 fecit
2675 2864 2690 2885 .
2730 2840 2782 2876 se
2810 2823 2976 2894 ipsum
3015 2839 3112 2876 non
3143 2834 3319 2892 potest.
3350 2824 3414 2878 Et
3439 2839 3558 2893 per-

1964 2915 2232 2970 cutientcs
2272 2914 2339 2970 de
2395 2916 2602 2971 calamo
2664 2916 2716 2969 in
2770 2924 2958 2983 eaput,
3014 2914 3319 2986 Prop/retiari
3373 2917 3556 2983 nobis,

1963 3003 2191 3072 Christe,
2241 3008 2445 3076 quis-te
2495 3008 2740 3076 percussit
2793 3006 3004 3077 (Matth.
3066 3023 3243 3073 xxvn,
3293 3008 3392 3069 40.
3450 3010 3512 3062 Η
3540 3026 3555 3071 ;

1964 3112 2127 3165 xxvt,
2154 3098 2286 3169 68)?
2327 3098 2459 3166 Quia
2499 3114 2605 3153 non
2650 3098 2880 3154 habebat
2907 3099 3140 3168 speciem
3172 3114 3345 3169 neque
3394 3098 3558 3156 deco-

1965 3202 2103 3243 rem.
2135 3188 2315 3244 Talem
2336 3229 2352 3255 ,
2382 3188 2552 3245 Judmi
2571 3230 2589 3256 ,
2620 3188 2898 3245 videbatis.
2933 3189 3066 3259 Quia
3095 3191 3313 3247 catcitas
3340 3207 3406 3246 ex
3435 3206 3561 3261 par-

1967 3286 2021 3334 te
2046 3277 2206 3335 israel
2238 3280 2375 3336 facta
2412 3290 2529 3345 est,
2551 3282 2723 3338 donec
2763 3282 3034 3352 plenitudo
3061 3284 3307 3339 Gentium
3336 3285 3559 3341 intraret

1969 3372 2146 3444 (Rom.
2169 3389 2220 3426 st
2241 3413 2258 3439 ,
2285 3372 2376 3444 25)
2397 3415 2412 3439 ,
2441 3373 2616 3430 donec
2653 3375 2775 3429 alia:
2822 3390 2953 3430 oves
3004 3377 3270 3433 venirent.
3298 3377 3431 3445 Quia
3475 3392 3561 3432 er-

1967 3481 2036 3536 go
2057 3466 2271 3521 accitas
2299 3464 2434 3521 facta
2462 3476 2575 3532 est,
2608 3466 2727 3522 ideo
2755 3466 3011 3523 decorum
3037 3469 3153 3523 sine
3182 3468 3376 3524 decore
3419 3468 3555 3523 vidi-

1969 3559 2086 3613 stis.
2115 3557 2170 3613 Si
2193 3558 2334 3611 enim
2362 3557 2776 3626 cognovissetis,
2818 3574 3091 3626 nunquam
3117 3558 3400 3613 Dominum
3440 3559 3557 3627 glo-

1969 3650 2064 3705 rize
2088 3650 2488 3705 cruciﬁxissetis
2515 3648 2556 3722 (I
2585 3649 2702 3703 Cor.
2734 3666 2804 3716 tt,
2836 3651 2912 3719 8).
2936 3649 3159 3705 Fecistis
3188 3658 3365 3704 autem
3387 3693 3401 3714 ,
3431 3651 3554 3719 quia

1973 3756 2076 3795 non
2120 3732 2464 3811 engnovistis.
2507 3742 2571 3795 Et
2616 3750 2790 3796 tamen
2834 3730 2924 3799 ille
2951 3742 3037 3811 qui
3067 3756 3164 3795 vos
3194 3743 3342 3812 quasi
3391 3742 3563 3796 lustius

1973 3833 2254 3895 toleravit;
2281 3834 2551 3903 provobis
2581 3832 2852 3888 formosus
2875 3834 3083 3888 oravit:
3118 3831 3276 3888 Pater
3296 3875 3311 3900 ,
3354 3835 3560 3904 inquit,

1972 3924 2175 3994 ignosce
2220 3923 2351 3987 illis,
2380 3925 2500 3993 quia
2541 3926 2769 3978 nesciunt
2814 3925 2934 3994 quid
2965 3926 3158 3995 faciunt
3201 3924 3348 3993 (Luc.
3385 3940 3519 3979 χχιιι
3546 3964 3562 3991 ,

1974 4014 2087 4080 54).
2117 4012 2175 4068 Si
2203 4014 2345 4069 enim
2390 4015 2504 4068 sine
2546 4014 2742 4069 decore
2761 4053 2776 4079 ,
2804 4014 2927 4085 quid
2956 4022 3040 4068 est
3085 4013 3230 4083 quod
3258 4022 3402 4068 amat
3427 4015 3525 4068 ista
3545 4056 3561 4078 ,

1973 4120 2093 4173 qua:
2123 4104 2281 4167 dicit,
2313 4105 2573 4157 Annuntia
2599 4104 2724 4157 mihi
2743 4145 2756 4166 ,
2799 4120 2943 4172 quem
2994 4104 3173 4158 dilexit
3210 4105 3381 4158 anima
3410 4120 3520 4157 mea
3541 4103 3567 4157 .’

1974 4196 2116 4263 Quid
2155 4194 2403 4264 estquod
2432 4195 2612 4250 amat?
2643 4195 2766 4261 quid
2796 4205 2874 4250 εει
2922 4194 3062 4264 quod
3107 4195 3295 4259 ardet,
3325 4194 3448 4265 quid
3482 4202 3566 4249 est

1974 4286 2114 4357 quod
2157 4295 2361 4340 tantum
2407 4302 2474 4340 ne
2521 4286 2592 4341 ab
2636 4286 2727 4338 illo
2789 4285 3029 4350 aberret,
3083 4286 3271 4340 timet?
3308 4287 3433 4357 quid
3483 4295 3567 4341 est

1975 4377 2117 4448 quod
2166 4386 2368 4432 tantum
2413 4377 2704 4433 delectatur
2748 4379 2799 4431 iu
2830 4378 2978 4449 ipso,
3009 4379 3091 4434 cui
3136 4379 3249 4433 sola
3277 4394 3433 4449 ptena
3480 4390 3564 4434 est

1977 4482 2098 4523 esse
2123 4466 2241 4522 sine
2285 4468 2440 4537 ipso?
2465 4466 2598 4535 Quid
2623 4476 2768 4522 esset
2797 4468 2939 4523 unde
2968 4477 3237 4523 amaretur
3256 4511 3268 4531 .
3319 4469 3418 4523 nisi
3448 4467 3558 4522 lor-

1978 4573 2161 4613 mosus
2207 4559 2393 4614 esset?
2422 4557 2618 4612 Verum
2663 4559 2932 4628 quomodo
2978 4559 3064 4614 illa
3113 4560 3194 4615 sic
3236 4569 3472 4624 amaret,
3520 4562 3564 4616 si

1982 4649 2067 4704 ille
2105 4649 2178 4704 illi
2210 4650 2290 4703 sic
2327 4657 2640 4720 appareret,
2690 4649 2959 4718 quomodo
3005 4651 3163 4704 caecis
3202 4653 3566 4722 persequenti-

1981 4739 2111 4806 bus,
2155 4740 2362 4811 etquid
2408 4742 2602 4794 laciant
2640 4743 3037 4819 nescientibus?
3064 4744 3285 4810 Qualem
3328 4759 3459 4814 ergo
3482 4744 3568 4796 illa

1981 4832 2212 4885 amavit?
2256 4833 2568 4901 Speciosnm
2603 4832 2772 4893 [urina
2815 4849 2923 4901 pra:
2967 4833 3087 4887 ﬁliis
3115 4833 3409 4887 hominum.
3443 4833 3550 4902 Spe

1983 4923 2146 4976 ciosus
2171 4922 2336 4991 [anno
2383 4937 2490 4991 pra:
2517 4922 2640 4989 ﬁliis
2669 4922 2962 4985 hominum,
3013 4921 3200 4988 (li/fusa
3225 4934 3299 4976 est
3328 4923 3494 4993 gratia
3523 4930 3574 4976 in

1986 5012 2132 5067 labiis
2180 5013 2279 5064 tuis
2311 5010 2482 5082 (Psal.
2515 5027 2672 5076 xuv,
2711 5014 2787 5083 5).
2835 5014 2975 5080 Ergo
3014 5013 3082 5067 de
3130 5014 3259 5083 ipsis
3290 5014 3445 5067 labiis
3472 5016 3575 5070 tuis
3640 5084 3645 5087 ν

1985 5101 2233 5155 annuntio
2255 5101 2408 5166 mihi,
2437 5117 2584 5172 quem
2605 5101 2780 5155 dilexit
2800 5104 2972 5156 anima
2999 5119 3131 5157 utea.
3155 5103 3422 5158 Annuutia
3445 5146 3459 5165 ,
3495 5105 3577 5159 in-

1986 5194 2101 5264 quit
2118 5233 2132 5257 ,
2155 5192 2313 5255 mihi,
2342 5209 2371 5246 ο
2401 5208 2550 5263 quem
2575 5193 2785 5258 dilexit,
2822 5210 2924 5247 non
2947 5208 3071 5248 caro
3092 5211 3210 5249 mea
3231 5236 3246 5259 ,
3280 5195 3373 5250 sed
3396 5195 3571 5250 anima

1987 5301 2119 5339 mea.
2146 5284 2403 5338 Annuntia
2425 5285 2548 5338 mihi
2580 5286 2663 5338 ubi
2690 5287 2876 5355 pascis,
2893 5287 2974 5340 ubi
3000 5288 3152 5342 cubas
3163 5288 3215 5341 in
3239 5288 3447 5342 meridie
3467 5306 3486 5341 :
3517 5305 3578 5343 ne

1989 5378 2119 5448 forte
2134 5376 2256 5445 [iam
2274 5377 2401 5430 sicut
2422 5386 2596 5448 operta
2612 5394 2765 5447 super
2779 5395 2951 5449 greges
2964 5378 3217 5433 sodalium
3245 5390 3445 5434 tuorum
3469 5380 3572 5451 (ιι).

2059 5467 2288 5524 CAPUT
2331 5468 2440 5523 VII.
2462 5500 2534 5510 —
2549 5470 2601 5524 7.
2625 5469 2841 5539 Sponsa:
2855 5471 3001 5524 verba
3022 5481 3073 5523 ut
3102 5471 3447 5543 intelligenda.
3473 5471 3547 5527 So
3562 5503 3578 5514 -

1990 5561 2131 5615 dalcs
2152 5602 2164 5625 ,
2193 5561 2339 5631 quasi
2379 5561 2528 5615 simul
2556 5562 2740 5615 edales.
2773 5560 3067 5616 Obscurum
3112 5562 3353 5629 videtur,
3380 5563 3575 5617 obscuo

1993 5670 2110 5710 rum
2140 5664 2223 5710 est
2248 5674 2260 5709 :
2285 5656 2406 5725 quia
2432 5655 2645 5711 thalami
2668 5655 2803 5711 Sacri
2827 5658 3135 5728 mysterium
3161 5668 3264 5715 est.
3284 5665 3404 5729 ipsa
3429 5655 3573 5718 enim

2058 5764 2132 5833 (a)
2158 5764 2270 5817 vide
2293 5778 2444 5819 scrm.
2470 5765 2549 5827 i6,
2574 5780 2624 5816 ιι.
2647 5744 2822 5818 ὂϐοδὸ)
