3910 6184
340 418 449 462 tem
493 407 799 457 sanctorum
831 405 987 467 atque
1015 404 1317 451 samtarum
1357 390 1545 451 habeat
1578 403 1933 450 contemnen-

339 497 474 553 tium
528 492 738 563 penitus
779 488 1058 544 mundum.
1098 487 1238 543 Grex
1286 488 1375 542 ille
1414 498 1616 543 tantum
1657 489 1841 552 crevit,
1873 498 1931 543 ttt

342 587 504 642 etiam
532 584 653 638 inde
682 581 1086 651 superstitiones
1105 580 1385 649 expulerit.
1409 579 1478 636 Ut
1506 594 1635 649 ergo
1664 580 1926 646 omittam,

334 680 610 752 quomodo
635 677 758 733 inde
779 691 992 731 omnem
1023 673 1284 729 idolorum
1313 674 1742 743 superstitionem
1765 714 1779 737 ,
1808 688 1929 742 qch

335 775 451 829 illic
495 770 668 825 valida
714 768 925 833 fuerat,
973 764 1308 821 crescendo‘
1342 763 1602 835 fugaverit
1672 782 1684 817 :
1726 763 1928 831 accipio

331 864 477 934 quod
505 861 705 927 dicitis,
723 875 757 911 o
777 858 987 913 sodales
1008 856 1132 910 mali
1153 871 1169 918 ;
1191 856 1395 931 accipio
1431 869 1666 925 pL'tll‘allS,
1694 854 1928 909 assentio

333 958 577 1012 Africam
618 955 671 1007 in
705 950 927 1006 meridie
952 964 1106 1013 esse,
1137 959 1189 1003 et
1227 946 1460 1003 Africam
1490 946 1839 1017 signiﬁcatam
1873 947 1923 999 in

332 1064 402 1103 eo
422 1045 565 1117 quod
598 1040 799 1100 dictum
838 1050 939 1106 est,
972 1039 1070 1095 Ubi
1098 1039 1282 1110 pascis,
1314 1039 1398 1093 ubi
1420 1038 1573 1092 cubas
1597 1038 1650 1091 iu
1674 1032 1880 1090 meridie
1901 1038 1927 1090 .9

327 1138 436 1196 Sed
464 1146 520 1194 et
548 1151 645 1191 vos
673 1150 824 1203 aeque
853 1135 874 1165 ²
909 1132 1165 1188 attendite
1192 1131 1365 1185 adhuc
1395 1131 1492 1185 ista
1522 1131 1681 1185 verba
1713 1145 1986 1211 sponsae“

325 1244 475 1293 esse,
520 1227 755 1284 nondum
800 1224 1005 1295 sponsi.
1045 1223 1231 1279 Adhuc
1256 1238 1448 1292 sponsa
1476 1222 1625 1287 dicit,
1664 1222 1924 1276 Ammutia

323 1320 482 1385 mihi,
509 1333 655 1389 quem
679 1316 856 1370 dilexit
883 1315 1056 1368 anima
1094 1330 1205 1369 mea
1244 1314 1330 1367 ubi
1369 1314 1555 1384 pascis,
1581 1314 1664 1367 ubi
1693 1314 1844 1367 cubas
1870 1313 1922 1366 iu

324 1412 579 1477 meridie,
606 1426 669 1463 ne
696 1413 829 1481 forte
851 1408 975 1476 ﬁam
995 1406 1127 1462 sicut
1153 1416 1350 1476 aperta.
1378 1405 1570 1470 Surde,
1603 1420 1764 1467 caece.
1797 1405 1840 1460 si
1871 1407 1920 1460 in

322 1501 558 1558 meridie
595 1499 745 1555 vides
776 1498 1026 1562 Africam,
1054 1512 1219 1567 quare
1244 1497 1296 1551 in
1324 1506 1508 1567 operta
1536 1512 1640 1551 nou
1673 1497 1916 1565 intelligis

326 1590 629 1648 feminam?
654 1589 915 1645 Anuuntia
952 1588 1098 1653 mihi,
1138 1587 1300 1653 dicit,
1343 1604 1493 1658 quens
1530 1588 1705 1642 dilexit
1749 1589 1919 1640 animo

325 1700 469 1739 mea.
499 1682 696 1753 Utique
714 1682 885 1737 virum
908 1680 1214 1750 alloquitur,
1236 1695 1357 1735 cum
1377 1680 1528 1747 dicit,
1548 1681 1915 1750 quemdilerit.

324 1776 615 1844 Quomodo
657 1776 701 1830 si
740 1774 961 1840 diceret,
1002 1773 1271 1829 Annumia
1311 1772 1439 1827 mihi
1463 1813 1481 1837 ,
1525 1789 1684 1843 quam
1732 1773 1920 1829 dilexit

325 1868 508 1923 anima
559 1882 710 1932 mea;
759 1864 1177 1936 intelligeremus
1210 1877 1467 1934 Sponsum
1509 1863 1624 1919 hinc
1667 1864 1809 1934 loqui
1848 1863 1915 1937 ad

323 1972 583 2029 sponsam
613 1975 627 2012 :
657 1957 736 2013 sic
762 1971 885 2011 cum
911 1954 1084 2017 audis,
1112 1954 1372 2009 Aunuutia
1392 1955 1540 2019 mihi,
1569 1970 1717 2025 quem
1738 1955 1917 2013 dilexit

324 2049 500 2102 animo
525 2062 636 2102 mea
662 2047 747 2101 ubi
758 2046 956 2116 pascis,
982 2045 1069 2099 ubi
1088 2044 1276 2110 cubas;
1316 2044 1439 2100 illuc
1460 2044 1617 2110 adde,
1649 2045 1716 2100 ad
1760 2046 1916 2115 hujus

326 2138 491 2194 verba
520 2137 788 2208 pertinent
814 2145 870 2193 et
900 2151 1019 2206 quae
1044 2143 1357 2206 sequuntur,
1387 2136 1440 2190 in
1468 2137 1694 2191 meridie.
1718 2136 1915 2204 Quzero

326 2228 418 2282 sibi
455 2243 631 2297 pasees
659 2226 712 2281 in
746 2225 983 2290 meridie,
1016 2240 1077 2279 ne
1106 2228 1239 2297 forte
1266 2226 1388 2294 ﬁam
1410 2226 1539 2281 sicut
1567 2235 1741 2291 operta
1764 2244 1917 2297 super

326 2332 508 2390 greges
544 2317 798 2373 sodalium
830 2327 1065 2375 tuorum.
1109 2315 1282 2372 Audio
1323 2331 1538 2387 prorsus
1560 2356 1577 2385 ,
1617 2318 1820 2387 accipio
1848 2318 1916 2374 de

326 2409 508 2465 Africa
532 2408 671 2479 quod
699 2407 984 2478 intelligis;
1026 2407 1079 2460 in
1102 2407 1329 2471 meridie,
1355 2409 1466 2476 ipsa
1492 2407 1787 2489 signiﬁcata
1809 2416 1910 2463 est.

325 2500 437 2557 Sed
458 2500 696 2556 Ecclesia
724 2500 941 2565 Christi,
971 2499 1109 2554 sicut
1136 2500 1417 2570 intelligis,
1450 2501 1801 2555 transmarina
1825 2501 1908 2555 al-

326 2591 561 2660 loquitur
606 2604 859 2658 sponsum
904 2604 1089 2655 suum,
1145 2591 1338 2646 timens
1387 2606 1624 2648 errorem
1678 2592 1912 2648 incidere

321 2680 653 2737 Alrieanum.
689 2681 735 2736 ο
756 2696 904 2752 quem
923 2680 1099 2735 dilexit
1119 2684 1290 2735 anima
1318 2697 1428 2736 mea
1445 2722 1460 2746 ,
1489 2684 1736 2736 animalia
1765 2684 1908 2751 milii,

322 2773 462 2828 doce
499 2786 603 2826 me.
636 2771 809 2827 Audio
836 2772 979 2826 enim
1018 2773 1069 2825 in
1113 2772 1354 2838 meridie,
1395 2772 1446 2827 id
1481 2782 1598 2839 est,
1629 2773 1681 2827 in
1708 2772 1909 2841 Africa,

321 2863 461 2919 duas
488 2880 608 2919 esse
638 2873 849 2933 partes,
890 2864 998 2920 imo
1034 2865 1229 2919 multas
1266 2866 1618 2921 concisiones.
1650 2868 1912 2923 Annuntia

322 2969 457 3024 ergo
484 2956 607 3009 mihi
636 2954 719 3009 ubi
747 2956 911 3025 pascis
931 2995 945 3019 ,
976 2971 1094 3025 qua:
1120 2971 1247 3011 ores
1270 2956 1337 3010 ad
1364 2967 1415 3010 te
1439 2958 1739 3026 pertinent,
1766 2959 1910 3030 quod

323 3046 467 3101 ovile
496 3047 603 3101 illic
626 3061 713 3102 me
736 3046 890 3115 jubes
915 3060 1114 3111 amare,
1147 3048 1229 3100 cui
1263 3062 1348 3103 tne
1376 3047 1547 3103 debeo
1571 3051 1795 3104 sociare.
1826 3048 1910 3106 Ne

323 3141 456 3205 forte
480 3139 601 3205 [iam
645 3136 779 3191 velut
822 3145 1014 3208 operta.
1058 3136 1288 3192 llluduut
1321 3138 1462 3194 enim
1488 3140 1638 3210 quasi
1679 3140 1904 3208 latenti,

322 3229 745 3299 insultantquasi
764 3229 1005 3299 perditae,
1028 3229 1177 3300 quasi
1200 3245 1457 3300 nusquam
1483 3231 1610 3285 alibi
1631 3233 1902 3290 existenli.

323 3317 411 3372 Ne
437 3334 566 3389 ergo
591 3314 734 3385 quasi
760 3328 933 3389 operta
951 3360 968 3387 ,
1003 3320 1152 3389 quasi
1180 3319 1350 3374 latens
1384 3321 1505 3388 ﬁam
1533 3337 1686 3392 super
1709 3339 1903 3393 greges,

322 3408 375 3462 id
403 3419 522 3474 est,
565 3424 726 3479 super
761 3410 1201 3480 congregatioues
1231 3410 1623 3479 haereticorum,
1651 3414 1907 3468 sodalium

319 3511 541 3565 tuorum,
587 3500 1001 3565 Donatistarum,
1047 3502 1572 3569 Maximianistarum,
1602 3504 1906 3574 Rogatista-

318 3606 441 3644 rum
461 3632 478 3656 ,
507 3600 925 3663 cmterarumque
952 3593 1175 3662 pestium
1207 3594 1226 3625 ³
1252 3603 1406 3649 extra
1435 3596 1904 3664 colligendorum!
1988 3654 1995 3657 .

318 3684 445 3739 idéo
472 3684 865 3756 spargendum;
906 3700 1038 3756 rogo
1077 3694 1149 3753 te,
1201 3687 1451 3740 annnntia
1484 3686 1645 3752 mihi,
1696 3688 1744 3742 si
1795 3689 1904 3745 illic

318 3783 587 3843 pastorem
620 3790 798 3832 meum
834 3777 1102 3846 requiram
1123 3817 1140 3844 ,
1181 3786 1240 3831 ut
1275 3791 1382 3832 non
1421 3777 1476 3832 in
1503 3779 1764 3849 gurgitem
1812 3796 1902 3837 res

318 3863 690 3935 haptizationis
716 3867 1004 3923 incurram.
1038 3868 1233 3923 llortor
1268 3884 1396 3936 vos,
1426 3869 1651 3926 obsecro
1682 3887 1777 3927 vos
1806 3888 1902 3943 per

315 3956 648 4012 sanctitatem
671 3957 852 4012 talium
881 3959 1206 4029 nuptiarum,
1225 3968 1400 4016 amate
1426 3961 1560 4017 hanc
1585 3962 1896 4029 Ecclesium,

314 4057 490 4103 estote
525 4050 577 4103 iu
617 4048 708 4103 tali
744 4049 1002 4116 Ecclesia,
1047 4057 1220 4104 estote
1251 4051 1368 4105 talis
1402 4051 1636 4107 Ecclesia
1672 4068 1687 4105 :
1725 4061 1900 4108 amate

313 4147 586 4208 pastorem
636 4138 854 4205 bonum,
900 4140 1071 4195 virum
1116 4148 1224 4195 tam
1267 4140 1580 4211 pulchrum,
1631 4143 1897 4198 neminem

312 4228 609 4296 fallentem,
642 4230 908 4286 neminem
948 4232 1124 4301 perire
1157 4233 1484 4304 cupientem.
1519 4235 1680 4290 Orate
1717 4246 1771 4292 et
1800 4254 1898 4306 pro

311 4321 569 4390 dispersis
592 4321 784 4378 ovibus
810 4341 824 4378 :
849 4323 1067 4378 veniant
1107 4331 1162 4379 et
1204 4324 1324 4394 ipsi,
1365 4336 1656 4394 agnoscant
1677 4336 1731 4381 et
1755 4328 1853 4396 ipsi
1878 4370 1894 4395 ,

309 4419 496 4467 ament
518 4421 572 4468 et
597 4412 728 4481 ipsi;
758 4421 818 4467 ut
850 4413 921 4468 sit
943 4428 1080 4469 unus
1102 4429 1237 4485 grex
1268 4424 1323 4470 et
1353 4431 1488 4472 unus
1522 4426 1723 4487 pastor.
1752 4418 1897 4473 Con-

311 4504 453 4559 versi
483 4503 548 4559 ad
579 4504 877 4569 Dominum,
910 4516 1014 4561 etc.

737 4595 969 4651 ssnuo
1006 4595 1274 4652 CXXXIX
1303 4601 1322 4620 ο
1364 4597 1461 4671 (α).

309 4683 391 4739 De
415 4685 572 4740 verbis
598 4684 863 4759 Evangelii
883 4686 1099 4744 Joannis
1121 4727 1138 4754 ,
1182 4689 1294 4759 Ego
1322 4700 1376 4745 et
1402 4690 1560 4746 Pater
1597 4707 1758 4748 unum
1800 4707 1893 4747 su-

805 4793 946 4833 mus.
972 4777 1099 4849 Cap.
1132 4795 1188 4847 ι,
1226 4780 1259 4850 ᾗ
1284 4822 1297 4833 .
1320 4781 1409 4835 50.

380 4863 608 4922 CAPUT
645 4866 937 4926 PRIMUM.
980 4899 1054 4910 —
1112 4870 1163 4923 i.
1221 4870 1449 4926 Christus
1492 4873 1743 4942 quomodo
1796 4873 1894 4929 Dei

308 4952 483 5008 Patris
533 4953 744 5012 Unicus.
790 4958 1049 5015 Dominus
1087 4961 1247 5027 Deus,
1287 4960 1443 5018 Jesus
1492 4962 1756 5027 Christus,
1804 4965 1894 5021 Fi-

305 5044 408 5099 lius
450 5045 547 5106 Πιὶ
599 5047 820 5117 unicus,
866 5058 1022 5105 natus
1077 5050 1146 5107 de
1188 5051 1299 5107 Deo
1361 5052 1520 5110 Patre
1557 5056 1673 5111 sine
1716 5056 1892 5127 aliqua

303 5145 497 5204 matre,
528 5146 584 5191 et
610 5147 766 5195 natus
792 5139 859 5196 de
883 5139 1088 5212 virgine
1116 5151 1287 5199 matre
1306 5144 1423 5199 sine
1449 5143 1664 5202 homine
1694 5156 1844 5217 patre
1872 5189 1888 5216 ,

367 5248 384 5278 ί
417 5249 490 5297 sic
505 5256 610 5301 uss.
637 5259 694 5301 At
717 5252 852 5311 editi,
877 5252 1137 5305 credendo.

296 5310 483 5419 “(Lilia
502 5317 799 5364 Fossateusis
815 5316 990 5366 codex.
1015 5317 1101 5366 Alii
1124 5330 1242 5368 vero
1265 5324 1371 5368 Mss.
1396 5331 1507 5369 cum
1531 5320 1692 5381 editis,
1738 5322 1891 5386 tequi-

295 5405 635 5544 Zieicrique
659 5443 786 5497 Mss,
822 5437 1099 5491 bestiarum.
1136 5447 1278 5492 Forte
1320 5440 1585 5506 legendum
1630 5452 1725 5507 est,
1773 5458 1889 5510 par-

364 5528 693 5634 ξ’ἓιρςεηξίδιμε
712 5558 775 5632 ad
798 5573 971 5634 otnnes
986 5569 1092 5612 Mss.
1114 5568 1167 5614 et
1202 5564 1316 5615 ωδ.
1359 5566 1410 5617 in
1441 5579 1671 5620 sermone
1705 5582 1890 5634 praece-

294 5616 433 5681 denti
457 5618 594 5681 modo
617 5620 914 5681 designatos.

365 5678 438 5741 (a)
461 5679 602 5743 Alias,
624 5682 688 5735 de
711 5678 881 5734 verbis
902 5687 1084 5740 Domini
1106 5685 1184 5737 5!.

1688 277 1914 335 SERMO
1952 275 2238 337 CXXXIX.

3536 301 3634 355 77G

2037 396 2265 450 audistis
2290 396 2415 467 quid
2455 398 2653 459 dixerit
2693 420 2705 456 :
2743 402 2854 477 Ego
2885 415 2929 460 et
2961 403 3117 461 Pater
3145 425 3296 464 unum
3320 428 3512 468 sumus.
3542 417 3631 471 Sic

2038 487 2262 556 accipite
2294 489 2412 555 hoc,
2450 492 2528 548 sic
2574 494 2797 559 credite.
2850 505 2905 553 ut
2954 503 3264 557 mereamini
3306 504 3619 577 intelligere.

2039 576 2198 632 Fides
2245 580 2386 635 enim
2425 583 2582 640 drbet
2629 588 2928 654 praecedere
2975 590 3336 663 intellectum,
3367 607 3424 651 ut
3450 576 3520 652 sit
3545 599 3625 657 iu-

2020 669 2281 724 tellectus
2312 672 2433 727 tidei
2466 678 2762 745 prannium.
2807 679 3069 749 Propheta
3106 684 3249 739 enim
3287 688 3625 756 apertissime

2034 760 2186 828 dixit,
2219 762 2337 818 Nisi
2359 767 2690 834 credideritis,
2721 788 2822 825 non
2843 772 3131 845 intelligetis
3153 775 3304 849 (Isai.
3334 795 3425 844 \tt,
3449 780 3621 848 ἔκδικ’,

2035 851 2220 923 LXX).
2251 853 2399 922 Quod
2431 873 2556 927 ergo
2582 859 2895 930 simpliciter
2923 863 3260 932 prtedieatur,
3294 870 3619 926 credendum

2033 953 2113 998 Osi.
2148 963 2161 998 :
2192 947 2329 1015 quod
2374 950 2636 1005 subtiliter
2678 951 3015 1022 disputatur,
3063 958 3459 1030 intelligendum
3510 948 3616 1018 est.

2032 1035 2281 1091 Primitus
2301 1054 2428 1109 ergo
2448 1040 2515 1094 ad
2541 1042 2851 1100 imbuendus
2880 1056 3080 1102 vestras
3108 1059 3313 1106 mentes
3337 1068 3431 1122 per
3460 1054 3615 1109 iidem

2033 1128 2380 1194 ptucdiramus
2400 1132 2551 1187 vnhis
2578 1132 2842 1190 Christum
2868 1136 2963 1194 Dei
2990 1139 3158 1195 Patris
3185 1142 3416 1198 unicum.
3439 1146 3615 1213 Quare

2028 1216 2261 1285 additur,
2287 1220 2547 1277 Unicum?
2574 1224 2706 1293 Quia
2734 1227 2885 1297 cujus
2914 1238 2997 1283 est
3025 1229 3225 1293 Unicus
3254 1236 3447 1290 multos
3478 1235 3616 1290 lilios

2028 1305 2185 1363 habet
2214 1314 2402 1380 gratia.
2435 1312 2627 1369 Caneri
2656 1332 2784 1387 ergo
2823 1334 3009 1375 omnes
3052 1323 3221 1376 sancti
3251 1323 3338 1377 lilii
3369 1325 3464 1380 Dei
3488 1339 3614 1381 sunt

2026 1401 2214 1469 gratia,
2246 1402 2395 1458 solus
2414 1405 2503 1459 ille
2530 1415 2737 1460 natura.
2756 1409 2852 1477 Qui
2877 1411 3045 1481 gratia
3074 1411 3166 1467 lilii
3196 1425 3337 1479 sunt,
3362 1433 3466 1472 non
3492 1427 3616 1472 sunt

2009 1492 2166 1571 quod
2199 1493 2375 1548 Pater.
2409 1495 2641 1567 Denique
2677 1500 2852 1557 nullus
2891 1514 3194 1559 sanctorum
3228 1522 3389 1562 ausus
3415 1519 3496 1562 est
3526 1509 3613 1562 ili-

2026 1596 2168 1648 cere,
2197 1586 2335 1655 quod
2367 1587 2457 1646 ille
2484 1587 2683 1644 Unicus
2711 1593 2804 1657 ait,
2838 1592 2946 1663 Ego
2973 1604 3018 1648 et
3052 1593 3206 1651 Pater
3232 1614 3386 1651 unum
3414 1617 3609 1654 sumus.

2023 1671 2289 1744 Numquid
2334 1692 2439 1731 non
2481 1678 2638 1733 Pater
2665 1690 2748 1734 est
2782 1690 2834 1735 et
2866 1685 3090 1738 noster?
3118 1686 3173 1739 Si
3206 1703 3308 1741 non
3338 1700 3420 1743 est
3452 1690 3608 1745 Pater

2023 1774 2225 1829 nustrr,
2258 1767 2525 1834 quomodo
2565 1768 2792 1824 dicimus
2821 1784 3064 1834 orantes.
3112 1774 3269 1830 Pater
3302 1788 3482 1843 ,noster
3521 1781 3613 1850 qui

2022 1871 2073 1907 es
2100 1856 2150 1907 in
2177 1857 2314 1910 caelis
2350 1855 2560 1927 (.ilattlt.
2591 1875 2662 1921 Vl,
2704 1861 2802 1931 9)?
2847 1862 2952 1916 Sed
2984 1879 3080 1917 nos
3110 1866 3197 1919 lilii
3224 1882 3428 1931 smnus,
3472 1866 3625 1941 quos‘

2022 1946 2293 2001 voluntate
2320 1961 2412 2000 sua
2442 1949 2576 2023 ﬁlios
2603 1951 2745 2015 iecit,
2776 1968 2879 2006 non
2905 1969 2969 2009 ex
2998 1966 3185 2009 natura
3222 1972 3317 2012 sua
3349 1961 3483 2014 lilios
3509 1977 3607 2032 ge-

2023 2038 2155 2092 nuit.
2186 2038 2381 2094 Genuit
2422 2041 2637 2113 quidem
2676 2052 2730 2098 et
2775 2060 2901 2111 nos,
2951 2047 3046 2102 sed
3091 2050 3357 2118 quomodo
3379 2052 3606 2119 dicitur,

2020 2128 2319 2198 adoptatus,
2344 2131 2646 2202 adoptantis
2665 2147 2945 2203 generatos
2967 2138 3243 2207 beneﬁcio,
3268 2157 3372 2196 non
3394 2152 3604 2198 natura.

2025 2216 2262 2288 Denique
2289 2221 2471 2275 ethoc
2500 2222 2625 2276 dicti
2654 2238 2857 2288 sumus,
2902 2228 3023 2296 quia
3065 2232 3271 2285 vocavit
3315 2248 3414 2287 nos
3465 2234 3606 2289 Deus

2020 2307 2075 2361 in
2126 2310 2464 2379 adoptionem
2506 2310 2732 2367 filiorum
2765 2313 2979 2386 (Ep/tes.
3011 2333 3061 2383 I,
3092 2319 3148 2389 5)
3179 2337 3190 2373 :
3227 2319 3469 2378 homines
3508 2322 3606 2377 ad-

2018 2397 2182 2466 optati
2228 2411 2432 2454 sumus.
2476 2399 2567 2455 ille
2611 2401 2803 2457 dicitur
2840 2403 3072 2474 Unicus,
3103 2407 3451 2480 Unigenitus;
3482 2414 3605 2482 quia

2020 2490 2119 2545 hoc
2140 2499 2217 2545 est
2243 2491 2381 2560 quod
2415 2493 2606 2549 Pater:
2635 2510 2732 2549 nos
2761 2508 2938 2551 autem
2965 2499 3210 2556 homines
3230 2518 3433 2569 suums,
3466 2506 3605 2560 Deus

2017 2588 2100 2635 cst
2130 2580 2303 2635 Pater.
2336 2582 2468 2650 Quia
2513 2598 2642 2655 ergo
2684 2587 2772 2640 ille
2803 2587 2903 2643 hoc
2933 2597 3016 2643 est
3049 2591 3189 2660 quod
3218 2593 3394 2658 Pater,
3427 2595 3600 2661 dixit,

2015 2681 2071 2727 et
2100 2690 2281 2728 verum
2305 2675 2455 2739 dixit,
2489 2675 2598 2747 Ego
2631 2689 2676 2732 et
2707 2677 2864 2733 Pater
2895 2697 3053 2735 unum
3084 2686 3295 2739 sumus?
3320 2685 3454 2752 Quid
3480 2697 3561 2741 est
3586 2729 3602 2753 ,

2014 2781 2171 2819 unum
2204 2769 2417 2822 sumus?
2444 2767 2613 2824 Unius
2643 2781 2845 2826 natura:
2889 2788 3093 2829 sumus.
3125 2774 3262 2844 Quid
3306 2786 3409 2843 est,
3446 2795 3603 2833 unum

2015 2873 2188 2913 sumus
2210 2859 2235 2912 ?
2265 2858 2432 2914 Unius
2458 2860 2766 2916 substantia:
2794 2879 2997 2918 sumus.

2085 2946 2309 3004 CAPUT
2349 2948 2411 3002 Ii.
2433 2950 2571 3004 —-2.
2600 2950 2763 3005 Filius
2794 2951 2884 3006 Dei
2911 2964 2956 3006 et
2990 2951 3146 3008 Pater
3170 2965 3284 3009 sunt
3309 2958 3457 3012 unius
3477 2960 3601 3013 sub-

2012 3042 2407 3098 stantiaz.Forle
2425 3044 2600 3098 minus
2619 3045 2905 3114 iutclligitis
2928 3046 3050 3117 quid
3072 3056 3153 3102 est
3179 3048 3334 3103 unius
3358 3051 3605 3106 substan-

2014 3131 2119 3187 tize.
2150 3131 2503 3200 Laboretuus,
2535 3144 2591 3189 ut
2642 3135 2947 3206 intelligatis
2988 3137 3201 3207 adjuvet
3245 3139 3385 3194 Deus
3421 3150 3473 3195 et
3516 3157 3603 3196 me

2013 3221 2339 3293 loquentem,
2367 3232 2421 3278 et
2468 3241 2559 3279 vos
2603 3225 2879 3281 audientes
2904 3245 2915 3279 :
2940 3243 3047 3292 me,
3081 3238 3137 3282 ut
3172 3245 3233 3283 ea
3278 3229 3450 3285 dicam
3482 3248 3602 3305 qua:

2012 3322 2291 3368 vera'sunt
2324 3325 2379 3369 et
2423 3328 2543 3385 apta
2573 3330 2696 3371 sunt
2718 3319 2896 3382 vobis;
2927 3335 3019 3374 vos
3049 3331 3247 3389 autem,
3272 3333 3394 3376 ante
3423 3326 3600 3380 omnia

2011 3412 2067 3457 et
2094 3403 2359 3473 praecipue
2389 3415 2445 3458 ut
2471 3406 2737 3471 credatis;
2767 3407 2962 3462 deinde
3001 3418 3057 3462 ιιι
3085 3411 3353 3480 quomodo
3382 3415 3600 3480 potestis

2011 3492 2337 3565 iutelligatis.
2365 3495 2500 3561 Quid
2532 3506 2613 3550 est
2652 3511 2800 3567 ergo,
2832 3499 2985 3552 unius
3026 3500 3371 3555 substantiw?
3395 3503 3597 3558 Simili-

2011 3584 2221 3639 tudines
2248 3584 2396 3638 vobis
2423 3584 2726 3650 adhibeant,
2757 3595 2812 3639 ut
2851 3588 2989 3656 quod
3042 3590 3218 3643 minus
3261 3590 3597 3662 intelligitur,

2009 3677 2254 3745 exemplo
2291 3677 2571 3731 clarescat.
2604 3677 2816 3747 Utputa,
2845 3694 3032 3733 aurum
3079 3691 3161 3734 est
3208 3681 3366 3748 Dens,
3404 3700 3595 3755 aurum

2008 3776 2169 3822 estet
2194 3767 2362 3822 Filius
2390 3769 2524 3838 ejus.
2559 3769 2636 3824 De
2666 3769 2891 3823 terrenis
2916 3770 2959 3825 si
2986 3769 3051 3825 ad
3082 3773 3315 3827 caelestia
3347 3792 3451 3830 non
3473 3787 3597 3831 sunt

2007 3858 2199 3913 danda:
2240 3846 2633 3926 similitudines,
2681 3861 2952 3929 quomodo
2992 3862 3250 3933 scriptum
3293 3875 3392 3928 est,
3444 3865 3596 3921 Petra

2007 3962 2172 4005 autem
2218 3961 2327 4005 erat
2362 3952 2591 4006 Christus
2616 3952 2632 4020 (
2657 3952 2672 4005 l
2714 3952 2828 4004 Cor.
2858 3968 2911 4016 χ,
2942 3952 3034 4023 li)?
3065 3954 3202 4025 Ergo
3231 3956 3483 4026 quidquid
3514 3969 3595 4013 est

2008 4043 2185 4109 Pater,
2211 4042 2310 4097 hoc
2336 4054 2418 4098 est
2443 4054 2495 4097 et
2537 4042 2700 4096 Filius
2724 4060 2736 4095 :
2763 4042 2898 4095 sicut
2931 4043 3060 4111 dixi,
3088 4045 3234 4099 verbi
3266 4048 3455 4118 gratia,
3481 4049 3594 4102 Au—

2005 4149 2124 4187 rum
2162 4142 2248 4189 est
2273 4133 2451 4199 Pater,
2476 4148 2660 4186 aurum
2689 4145 2765 4189 est
2806 4133 2990 4189 Filius.
3023 4133 3151 4188 Nam
3181 4138 3269 4207 qui
3300 4137 3446 4206 dicit,
3477 4140 3594 4195 Non

2004 4234 2087 4281 est
2139 4225 2306 4295 ipsius
2348 4225 2658 4279 substantia:
2703 4225 2867 4279 Filius
2915 4228 3066 4295 cujus
3111 4238 3191 4282 cst
3247 4230 3438 4287 Pater:
3466 4226 3590 4305 quid

2003 4315 2145 4369 aliud
2190 4314 2317 4369 dicit
2364 4314 2487 4382 nisi,
2520 4321 2722 4369 Aurum
2754 4326 2834 4370 est
2874 4316 3048 4381 Pater,
3079 4329 3354 4389 argentum
3393 4331 3474 4377 est
3499 4323 3589 4378 Fi-

2006 4406 2146 4460 lius?
2172 4405 2228 4461 Si
2257 4420 2448 4460 aurum
2473 4415 2555 4461 est
2576 4406 2750 4468 Pater,
2781 4417 3056 4478 argentum
3085 4420 3166 4464 est
3195 4410 3395 4479 Filius;
3427 4414 3589 4485 dege-

2006 4494 2212 4551 neravit
2246 4510 2275 4552 a
2305 4494 2463 4551 Patre
2492 4497 2679 4550 unicus
2715 4495 2899 4550 Filius.
2933 4497 3104 4552 llomo
3129 4501 3396 4557 hominem
3426 4504 3590 4573 gene-

2002 4597 2118 4644 rat:
2146 4589 2297 4660 cujus
2336 4588 2646 4644 substantiae
2692 4599 2774 4643 est
2817 4599 2967 4660 pater
3011 4591 3099 4660 qui
3139 4602 3378 4662 generat,
3420 4595 3589 4662 ipsius

2000 4680 2354 4736 substantize?
2381 4688 2462 4735 cst
2491 4681 2630 4736 illius
2655 4682 2743 4751 qui
2790 4693 3091 4751 generatur.
3121 4680 3256 4752 Quid
3288 4696 3389 4752 est,
3423 4686 3589 4756 ipsius

2000 4770 2332 4838 substantia),
2362 4771 2530 4826 llomo
2558 4782 2638 4827 est
2672 4772 2782 4838 ille,
2812 4771 2971 4826 homo
2999 4783 3052 4828 et
3079 4774 3164 4829 ille
3191 4793 3204 4828 :
3227 4777 3456 4830 animant
3490 4776 3587 4831 ba-

1999 4861 2091 4918 bet
2115 4863 2227 4929 ille,
2258 4863 2489 4916 animam
2518 4870 2573 4917 et
2613 4861 2700 4915 ille
2727 4879 2738 4914 :
2763 4878 2976 4915 carnem
3024 4864 3181 4918 habet
3229 4865 3338 4932 ille,
3368 4882 3587 4922 carnem

1999 4964 2055 5010 et
2082 4956 2170 5011 ille
2196 4973 2208 5009 :
2236 4954 2375 5024 quod
2402 4964 2482 5007 est
2514 4955 2621 5017 ille,
2650 4954 2751 5006 hoc
2782 4962 2831 5007 et
2862 4955 2964 5008 ille.

2073 5049 2127 5103 '5.
2159 5049 2464 5100 Arianorum
2492 5046 2722 5116 Objt’CiiO.
2751 5043 2853 5100 Sed
2882 5046 3161 5113 restantem
3193 5047 3317 5100 mihi
3361 5059 3410 5101 rt
3458 5046 3584 5106 τίὶριι

2001 5135 2128 5191 lucri
2147 5138 2220 5190 sis
2236 5134 2600 5200 Ariana.Quid
2629 5134 2756 5188 mihi
2781 5134 2941 5188 dicit?
2969 5137 3194 5191 Attende
3214 5139 3353 5209 quod
3382 5141 3583 5197 ditisti.

1999 5228 2132 5294 Quid
2161 5227 2267 5281 dixi
2288 5227 2310 5280 ?
2335 5226 2467 5294 Quia
2500 5226 2634 5280 ﬁlius
2663 5225 2893 5280 hominis
2928 5228 3315 5297 comparandus
3340 5241 3423 5285 est
3449 5230 3585 5288 Filio

2000 5318 2113 5374 Dei.
2141 5297 2305 5373 Plane
2344 5316 2770 5387 comparandus:
2800 5317 2892 5370 Sl'ti
2923 5333 3051 5384 non,
3083 5327 3137 5371 ut
3163 5329 3335 5388 putas,
3363 5322 3427 5376 ad
3460 5339 3583 5394 pro-

1999 5409 2308 5480 prietatem;
2338 5407 2431 5463 sed
2469 5406 2535 5461 ad
2577 5407 2995 5461 similitudinem.
3026 5408 3105 5462 Tu
3150 5421 3328 5465 autem
3373 5414 3582 5482 quidvis

1999 5504 2122 5559 hinc
2151 5501 2348 5567 facere,
2375 5501 2480 5555 dic.
2511 5499 2623 5554 Non
2652 5500 2822 5563 vides,
2855 5500 3000 5567 dicit,
3024 5504 3146 5570 quia
3180 5503 3347 5574 major
3374 5516 3453 5558 est
3484 5521 3581 5575 pa-

1998 5599 2083 5651 ter
2113 5596 2202 5665 qui
2239 5594 2445 5665 genuit,
2475 5602 2529 5648 et
2559 5593 2731 5647 minor
2760 5601 2845 5646 est
2874 5592 3013 5646 ﬁlius
3040 5594 3129 5665 qui
3157 5608 3436 5665 generatus
3456 5600 3583 5653 est?

1996 5683 2274 5754 Quomodo
2326 5699 2454 5755 ergo
2509 5698 2606 5740 vos
2657 5682 2852 5753 dicitis,
2896 5683 3057 5741 dicite
3106 5686 3236 5742 mihi
3269 5682 3583 5761 :quomodo
