3850 6188
242 375 347 430 ⁸175

738 471 970 531 SERMO
1004 466 1142 524 CXL
1174 471 1187 487 '
1220 463 1324 536 (a).

250 620 322 674 De
340 614 503 671 verbis
532 607 798 679 Evangelii
825 604 1063 669 Joannis,
1087 616 1203 670 cap.
1225 612 1319 663 xu,
1343 591 1535 657 44-50,
1558 587 1660 658 Qui
1705 600 1827 641 cre-

311 705 393 763 dit
419 706 473 760 in
500 718 608 769 me,
639 716 745 755 non
770 697 938 753 credit
959 696 1013 749 in
1038 708 1144 757 me,
1172 689 1266 746 sed
1294 689 1346 743 in
1373 701 1495 742 eum
1516 683 1606 755 qui
1627 696 1713 735 me
1729 680 1827 734 mi-

216 848 219 855 .
317 802 383 857 sit
409 798 483 871 (ὁ)
511 796 700 852 Contra
724 791 978 863 quoddam
1000 787 1186 841 dictum
1214 779 1483 853 Maximini
1525 777 1829 830 Arianorum

315 866 563 964 episcopi,
605 889 691 960 qui
734 901 849 939 cum
891 878 1174 952 Segisvulto
1211 875 1391 930 comite
1429 870 1729 927 conuiuatus
1774 866 1831 920 in

321 984 491 1055 Africa
515 975 891 1050 blasphemabat
919 973 1011 1044 (ο).

344 1115 398 1169 1.
471 1110 630 1165 Fides
677 1108 731 1160 in
774 1103 1045 1160 Christum.
1102 1096 1237 1167 Quid
1295 1106 1378 1150 est
1430 1100 1568 1159 qqu
1620 1088 1832 1145 audivi-

262 1221 422 1272 mus,
468 1202 703 1265 fratres,
752 1196 1018 1252 dicentem
1071 1188 1389 1248 Dominum.
1440 1182 1539 1250 Qui
1577 1181 1734 1235 credit
1780 1179 1834 1233 in

251 1314 349 1365 me,
376 1312 478 1349 non
501 1291 659 1347 credit
684 1305 737 1342 ιη
764 1303 862 1350 me,
891 1283 980 1338 sed
1002 1283 1054 1335 iu
1080 1295 1192 1335 eum
1219 1278 1302 1350 qui
1329 1292 1409 1330 me
1433 1274 1605 1327 misit?
1630 1272 1830 1325 Bonum

250 1397 334 1444 est
379 1384 533 1441 nobis
560 1381 784 1437 credere
833 1379 888 1431 in
927 1374 1231 1437 Christum;
1282 1369 1512 1423 maxime
1558 1366 1680 1437 quia
1721 1365 1834 1433 ipse

251 1487 436 1549 aperte
463 1475 626 1530 etiam
651 1470 787 1525 dixit
814 1465 961 1522 istud
987 1464 1130 1537 quod
1160 1456 1401 1526 audistis,
1434 1458 1535 1512 hoc
1564 1464 1666 1520 est,
1696 1469 1835 1549 quo-

253 1542 395 1626 niam
426 1570 542 1636 ipse
575 1562 666 1616 lux
707 1565 926 1614 venerat
964 1555 1017 1608 in
1054 1550 1308 1608 mundum
1328 1591 1343 1616 ,
1371 1555 1426 1603 et
1464 1546 1555 1616 qui
1587 1543 1755 1599 credit
1782 1542 1836 1597 in

253 1673 376 1714 eum
398 1699 414 1724 ,
448 1670 554 1709 non
581 1649 872 1706 ambulabit
907 1647 962 1701 in
995 1644 1226 1700 tenebris
1250 1683 1264 1707 ,
1293 1640 1387 1696 sed
1415 1637 1627 1693 habebit
1655 1636 1836 1689 lumen

251 1751 376 1803 vita:
419 1745 598 1816 (Joan.
626 1757 717 1795 vui
745 1781 761 1806 ,
803 1737 914 1809 12).
966 1736 1172 1791 Bonum
1220 1739 1303 1787 est
1345 1744 1475 1800 ergo
1516 1726 1735 1784 credere
1782 1724 1837 1778 in

254 1839 544 1893 Christum.
596 1831 838 1901 Magnum
862 1830 1058 1883 bonum
1090 1834 1170 1880 est
1199 1822 1418 1879 credere
1449 1820 1500 1873 in
1528 1818 1796 1872 Christum
1821 1832 1834 1869 :

255 1940 311 1984 et
358 1939 610 1996 magnum
659 1921 855 1976 malum
904 1926 987 1974 est
1026 1931 1136 1970 non
1178 1912 1401 1969 credere
1448 1910 1500 1964 in
1547 1908 1837 1962 Christum.

253 2019 359 2075 Sed
398 2018 522 2088 quia
565 2012 810 2070 Christus
845 2009 1014 2066 Filius
1047 2006 1114 2061 de
1139 2004 1297 2060 Patre
1336 2010 1419 2057 est
1456 1997 1706 2070 quidquid
1735 2003 1840 2088 est,

259 2087 428 2166 Pater,
459 2114 636 2162 autem
673 2119 779 2159 non
812 2110 894 2157 est
932 2099 999 2155 de
1042 2096 1179 2154 Filio
1202 2135 1217 2158 ,
1263 2093 1356 2149 sed
1387 2093 1545 2147 Pater
1571 2101 1650 2144 est
1687 2087 1840 2153 Filii;

262 2197 602 2257 commendat
624 2194 838 2266 quidem
871 2193 924 2247 in
949 2205 1009 2246 se
1038 2188 1197 2243 ﬁdem
1226 2227 1240 2254 ,
1278 2184 1374 2241 sed
1409 2184 1664 2238 honorem
1690 2195 1847 2235 revo-

258 2302 344 2348 cat
367 2289 436 2346 ad
462 2298 756 2344 auctorem.

328 2382 383 2436 Ξ.
429 2379 739 2435 Nativitates
777 2373 964 2431 Christi
1015 2372 1151 2428 duce.
1206 2369 1318 2424 Hoc
1355 2367 1497 2423 enim
1546 2365 1755 2420 firmum
1794 2370 1849 2418 et

260 2479 423 2533 iixum
466 2481 646 2529 tenete
670 2513 686 2539 ,
731 2468 779 2525 si
805 2466 967 2523 vultis
1008 2476 1355 2536 perseverum
1394 2456 1682 2521 catholici,
1725 2453 1851 2525 quia

262 2569 403 2623 Deus
450 2565 608 2619 Pater
652 2562 818 2617 Deum
865 2557 1061 2613 Filium
1102 2554 1287 2627 genuit
1321 2552 1440 2607 sine
1473 2560 1748 2621 tempore,
1795 2554 1853 2601 et

260 2659 387 2719 fecit
431 2674 497 2713 ex
545 2655 762 2726 Virgine
799 2653 855 2708 in
905 2660 1164 2720 tempore.
1214 2645 1472 2702 Nativitas
1514 2643 1601 2697 illa
1642 2639 1853 2697 excedit

262 2761 508 2819 tempora
552 2764 566 2800 :
610 2743 856 2800 nativitas
900 2741 999 2796 ista
1046 2736 1307 2793 illuminat
1355 2745 1615 2805 tempora.
1669 2729 1852 2785 Ambm

262 2850 443 2894 tamen
467 2836 773 2892 nativitates
794 2832 1062 2888 mirabiles
1097 2847 1111 2884 :
1141 2828 1227 2882 illa
1255 2826 1370 2881 sine
1394 2834 1583 2890 matre,
1615 2823 1713 2877 ista
1738 2822 1854 2876 sine

262 2939 438 3002 patre.
470 2925 696 2994 Quando
719 2925 902 2995 genuit
931 2923 1073 2976 Deus
1098 2919 1314 2983 Filium,
1341 2914 1407 2971 de
1428 2930 1487 2970 se
1512 2914 1714 2983 genuit,
1748 2927 1853 2965 non

261 3001 326 3077 de
357 3026 538 3074 matre
566 3033 580 3070 :
609 3014 822 3086 quando
848 3012 1030 3083 genuit
1052 3007 1223 3064 mater
1245 3006 1408 3060 lilium
1434 3047 1449 3072 ,
1480 3005 1628 3073 virgo
1651 3001 1853 3072 genuit,

266 3128 371 3168 non
400 3111 471 3166 de
500 3113 639 3164 viro.
683 3106 759 3161 De
799 3105 955 3160 Patre
996 3112 1149 3157 natus
1180 3109 1262 3155 est
1289 3100 1406 3154 sine
1431 3098 1580 3151 initio
1615 3095 1715 3150 :de
1745 3110 1859 3150 ma-

267 3213 345 3260 tre
382 3211 546 3258 natus
588 3208 672 3254 est
713 3197 872 3255 hodie
903 3195 979 3267 (d)
1008 3201 1162 3250 certo
1207 3192 1377 3247 initio.
1424 3189 1499 3244 De
1520 3189 1677 3243 Patre
1701 3194 1859 3243 natus

270 3295 392 3352 fecit
417 3308 521 3349 nos
550 3310 563 3345 :
595 3292 663 3347 de
689 3298 858 3345 matre
884 3297 1039 3367 nauis
1065 3284 1252 3341 refecit
1278 3298 1393 3367 nos.
1430 3283 1501 3337 De
1527 3283 1682 3337 Patre
1706 3288 1860 3336 natus

269 3396 383 3453 est,
411 3394 471 3439 ut
496 3396 740 3439 essemus
772 3396 785 3435 :
816 3379 882 3433 de
912 3358 1082 3433 matre
1111 3385 1265 3430 natus
1289 3358 1371 3429 est
1395 3415 1410 3439 ,
1447 3387 1512 3427 ne
1545 3373 1856 3442 periremus.

271 3474 467 3532 Genuit
488 3480 667 3528 autem
700 3471 859 3525 Pater
883 3467 1139 3536 mqualem
1167 3466 1301 3529 sibi,
1330 3473 1385 3518 et
1414 3471 1580 3517 totum
1607 3460 1862 3529 quidquid

272 3576 354 3620 est
391 3563 563 3618 Filius
587 3604 603 3627 ,
644 3560 802 3615 habet
831 3561 897 3613 de
922 3558 1097 3615 Patre.
1145 3555 1299 3624 Quod
1326 3562 1502 3608 antem
1536 3553 1678 3606 Deus
1708 3551 1866 3605 Pater

272 3669 373 3722 est,
404 3672 516 3710 non
549 3654 707 3709 habet
731 3653 800 3707 de
829 3651 983 3705 Fliit).
1011 3650 1191 3718 itaque
1213 3647 1440 3700 dicimus
1466 3643 1863 3703 Patrechum

274 3750 340 3804 de
366 3749 543 3811 nullo,
571 3746 763 3800 Filium
792 3744 954 3797 Deum
977 3741 1042 3796 de
1072 3742 1201 3795 Deo.
1229 3739 1514 3808 Propterea
1543 3750 1701 3790 omne
1725 3735 1867 3805 quod

276 3841 445 3898 Filius
473 3839 600 3919 facit
624 3836 969 3901 mirabiliter,
996 3848 1155 3888 omne
1180 3831 1322 3906 quod
1359 3832 1486 3886 dicit
1508 3830 1785 3893 veraciter,
1820 3828 1868 3882 ei

275 3932 464 3988 tribuit
492 3929 561 3985 de
586 3944 691 4004 quo
719 3937 833 3993 est;
879 3940 978 3981 nec
1000 3940 1119 3980 esse
1159 3934 1332 3995 potest
1370 3921 1510 3976 aliud
1531 3963 1545 3985 ,
1595 3936 1753 3990 quam
1781 3919 1871 3975 ille

278 4023 346 4078 de
373 4037 484 4092 quo
509 4030 609 4074 est.
643 4017 812 4074 Adam
838 4018 1006 4072 iactus
1025 4023 1106 4069 est
1134 4014 1294 4069 homo
1327 4029 1340 4066 :
1370 4012 1540 4082 potuit
1559 4027 1677 4069 esse
1704 4009 1869 4076 aliud,

280 4130 444 4186 quam
472 4122 555 4168 est
604 4110 794 4165 factus.
844 4108 1037 4163 Factus
1082 4115 1163 4162 est
1205 4105 1345 4158 enim
1370 4104 1577 4173 justus,
1623 4111 1675 4158 et
1708 4101 1875 4170 pntnit

282 4220 406 4260 esse
434 4202 685 4272 injustas.
713 4199 1028 4270 Unigenitus
1048 4206 1224 4251 autem
1252 4195 1342 4249 Dei
1371 4195 1410 4252 F
1414 4195 1537 4250 ilius
1556 4236 1571 4260 ,
1599 4193 1738 4263 quod
1770 4201 1872 4257 est,

285 4296 389 4350 hoc
414 4292 607 4351 mutari
634 4306 741 4347 non
765 4300 943 4369 potest
972 4307 984 4342 :
1015 4290 1066 4343 in
1092 4287 1236 4346 aliud
1262 4285 1499 4344 converti
1528 4299 1636 4344 non
1679 4292 1873 4355 potest,

280 4386 456 4443 minui
503 4400 606 4441 non
647 4391 860 4454 potest,
897 4380 1038 4453 quod
1078 4388 1193 4436 erat
1237 4394 1342 4433 non
1372 4393 1491 4433 esse
1537 4393 1642 4431 non
1680 4384 1874 4446 potest,

238 4458 245 4464 ’
290 4493 398 4531 non
424 4491 545 4532 esse
571 4475 712 4530 Pat‘ri
734 4473 954 4546 aqualis
981 4487 1083 4526 non
1112 4480 1304 4543 potest.
1330 4468 1435 4529 Sed
1468 4469 1622 4538 plane
1649 4468 1759 4531 ille,
1788 4467 1878 4541 qui

289 4569 475 4624 otiinia
502 4567 639 4623 Filio
673 4565 817 4622 dedit
844 4563 1106 4631 nascenti,
1130 4561 1275 4618 dedit
1298 4575 1407 4620 non
1434 4560 1687 4632 indigenti
1713 4575 1728 4625 ;
1764 4560 1882 4615 sine

358 4767 373 4781 ‘
408 4765 675 4825 Castigatus
692 4769 771 4811 est
791 4758 1007 4810 subsidio
1026 4756 1258 4806 librorum
1289 4754 1349 4805 ci.
1375 4768 1418 4803 r.
1444 4767 1491 4804 v.
1519 4759 1571 4806 et
1590 4754 1727 4806 Sit'tn.

359 4845 434 4906 tu)
457 4842 601 4906 Alias,
627 4855 691 4892 ex
719 4836 1153 4906 sirmondianisiti.
1271 4904 1281 4906 _
1357 4896 1387 4906 __
1448 4903 1476 4906 Α
1513 4903 1521 4906 _

356 4895 429 4967 (bi
452 4895 902 4967 Aptui'sirmondum
920 4899 1216 4967 inscribitur,
1235 4916 1256 4942 ι
1270 4904 1319 4945 tn
1341 4896 1422 4967 die
1446 4895 1620 4946 satalis
1632 4896 1836 4967 bonum.
1854 4912 1878 4941 ν

356 4908 407 4967 (tt
452 4908 583 4967 Apud
604 4908 902 4955 sit-tumulum
920 4908 1216 4955 insumitur,
1235 4916 1256 4942 ι
1270 4908 1319 4945 tn
1341 4908 1422 4945 (ne
1446 4908 1620 4946 aataus
1632 4908 1836 4945 nomini.
1854 4912 1878 4941 ν

305 4908 429 5031 apud
468 4973 672 5031 veteres
694 4965 858 5031 etiam,
904 4974 1028 5031 quos
1065 4959 1513 5031 vidimus_codices,
1555 4965 1718 5031 exstat
1758 4958 1887 5007 inter

298 5017 556 5091 set-mones
577 5027 643 5077 de
664 5017 1022 5091 christi'ts‘aiali,
1048 5017 1331 5091 cum_t_itulo
1349 5031 1518 5091 prope
1543 5019 1755 5091 eodem:
1784 5033 1889 5091 quo

294 5104 387 5141 nos
405 5090 555 5147 diem,
580 5102 678 5139 non
700 5089 751 5136 in
770 5080 882 5148 'qua
903 5095 1066 5148 sermo
1104 5081 1381 5148 habitusab
1395 5081 1684 5148 _A_ugustino,
1708 5080 1821 5130 sed
1838 5083 1889 5131 in

295 5167 389 5216 qm
413 5142 725 5216 lugendusja
750 5142 956 5216 ecclesia
979 5152 1100 5216 erat,
1124 5143 1318 5214 indicari
1340 5142 1642 5216 arbitramur.

362 5216 433 5276 (c)
458 5202 1033 5276 gcgisvultunt‘mmitem
1055 5202 1257 5276 Prosper
1283 5204 1344 5276 _in
1384 5202 1617 5276 Chronico
1638 5208 1802 5276 narrat
1841 5203 1892 5251 in

298 5265 498 5324 Λξῖέὶιὲιιιι
519 5265 719 5323 missum
740 5270 890 5320 fuisse
907 5270 1067 5318 Hierio
1089 5275 1143 5319 et
1164 5265 1407 5317 Ardabure
1421 5271 1549 5314 Coss.
1566 5265 1659 5314 hoc
1676 5271 1753 5314 est
1768 5276 1893 5312 anno

297 5339 466 5386 Lbristi
485 5336 589 5385 427.
607 5343 722 5384 Cum
747 5346 809 5382 eo
832 5342 944 5381 tunc
960 5331 1108 5380 tuisse
1127 5328 1426 5378 Maximinum
1445 5328 1739 5390 episcOpum,
1754 5328 1896 5390 Maxi-

301 5400 461 5446 minus
480 5399 586 5459 ipse
607 5395 855 5459 proﬁtetur
866 5394 1004 5442 initio
1025 5390 1313 5459 collationis,
1329 5400 1474 5459 quam
1494 5388 1897 5459 ttipponehabuit

302 5472 411 5509 cum
437 5450 757 5522 Augustino:
807 5462 972 5522 «Ego,
998 5471 1027 5522 _a
1056 5454 1244 5516 inquit,
1295 5450 1384 5522 fit).
1425 5450 1893 5522 hanc’eivitatemz...

309 5540 333 5566 ι
355 5510 537 5571 missus
550 5533 579 5570 a
601 5520 780 5571 comite
794 5510 1066 5580 Segisvulto
1078 5510 1642 5580 cantemplatione‘pacis
1658 5510 1854 5562 adveni.
1867 5525 1890 5555 1

153 5611 163 5621 ο
252 5610 255 5611 ν
305 5584 520 5647 Pertinet
544 5595 666 5647 ergo
679 5582 759 5647 hic
779 5573 942 5647 seruio
961 5578 1022 5627 ad
1044 5588 1221 5647 annum
1458 5573 1567 5647 428ἶ

365 5642 446 5716 (Δ)
478 5633 673 5699 vocei’n,
697 5639 858 5716 hodie,
883 5642 960 5690 hic
977 5647 1035 5716 et
1064 5639 1115 5712 in
1148 5634 1598 5716 sermoniiiiaenab:
1613 5635 1673 5716 iis
1693 5633 1901 5685 additam

308 5696 1348 5828 institutum
1370 5696 1480 5760 fuit,
1505 5705 1560 5748 ut
1586 5697 1717 5751 idem
1737 5709 1904 5749 sermo

1681 342 1913 400 διεκΜο
1944 340 2101 397 CXL.
2288 370 2311 401 ι

3416 331 3519 387 ἹΊΔ

1938 449 2101 505 dubio
2141 462 2193 505 ct
2239 451 2407 518 ipsam
2449 448 2802 519 aequalitatem
2843 461 2963 503 cum
2996 446 3149 501 Patre
3176 445 3335 501 Pater
3372 444 3520 500 dedit

1936 543 2094 597 Filio.
2143 540 2418 611 Qngmodo
2444 540 2597 595 Pater
2636 538 2818 595 dedit?
2850 536 3103 607 numquid
3135 536 3393 591 mitterem
3424 551 3521 605 ge-

1938 633 2091 700 nuit,
2121 642 2175 688 et
2202 631 2405 687 addidit
2432 632 2504 687 illi
2533 632 2599 685 ad
2625 631 2849 685 formam
2869 672 2882 693 ,
2914 639 2970 683 ut
3005 630 3201 682 iaceret
3228 627 3521 696 aequalem?

1935 724 1989 779 Si
2018 724 2119 779 hoc
2143 723 2351 778 iecisset
2372 765 2386 786 ,
2421 723 2676 791 indigenti
2702 721 2956 776 dedisset.
2989 719 3106 774 Jam
3138 734 3267 773 vero
3292 718 3399 772 dixi
3430 732 3527 771 vo-

1936 813 2054 882 bis,
2090 812 2232 884 quod
2276 812 2581 867 ﬁrmissime
2617 822 2799 867 tenere
2828 811 3064 874 debetis,
3113 809 3164 863 id
3192 816 3274 863 est
3298 851 3311 871 ,
3355 817 3524 865 totum

1937 906 2077 978 quod
2102 915 2183 972 est
2208 904 2372 960 Filius
2409 906 2570 959 Pater
2592 904 2775 968 dedit,
2809 902 2902 957 sed
2928 901 3167 956 nascenti
3194 943 3209 968 ,
3254 915 3357 954 non
3388 902 3527 954 indi~

1938 996 2100 1068 genti.
2132 995 2186 1051 Si
2213 996 2445 1050 nascenti
2479 995 2664 1058 dedit,
2712 1010 2815 1049 non
2842 993 3132 1062 indigenti,
3179 1001 3232 1046 et
3256 992 3529 1061 immolita-

1940 1096 2046 1141 tem
2097 1087 2212 1140 sine
2258 1085 2419 1139 dubio
2459 1085 2646 1151 dedit,
2679 1094 2733 1138 et
2759 1084 3112 1152 :equalitatem
3143 1081 3319 1135 dando
3347 1096 3525 1154 atqua-

1919 1175 2044 1230 ‘lem
2088 1176 2293 1246 genuit.
2347 1175 2415 1229 Et
2460 1174 2584 1229 licet
2626 1174 2764 1228 alius
2794 1175 2861 1227 sit
2906 1173 3029 1239 ille,
3076 1173 3209 1227 alius
3250 1172 3384 1237 iste;
3423 1186 3527 1225 non

1941 1277 2117 1322 tamen
2141 1268 2280 1323 aliud
2309 1279 2390 1323 est
2416 1269 2505 1321 ille
2529 1308 2544 1334 ,
2591 1258 2732 1322 aliud
2774 1267 2872 1321 iste
2907 1286 2920 1321 :
2949 1266 3043 1321 sed
3090 1266 3229 1335 quod
3259 1266 3348 1319 ille
3374 1306 3388 1329 ,
3428 1267 3530 1320 hoc

1941 1369 1993 1414 et
2035 1362 2152 1416 iste.
2203 1360 2317 1414 Non
2341 1361 2427 1431 qui
2459 1359 2547 1414 ille
2570 1401 2585 1427 ,
2616 1358 2700 1413 hic
2730 1368 2782 1412 et
2814 1361 2911 1413 iste
2940 1375 2952 1411 :
2981 1358 3075 1413 sed
3103 1359 3243 1428 quod
3272 1358 3360 1412 ille
3381 1400 3395 1421 ,
3430 1357 3531 1412 hoc

1942 1461 1995 1506 et
2030 1451 2149 1506 istc.
2609 1440 2619 1449 ’

2014 1541 2068 1595 ὅ.
2099 1540 2256 1595 Verus
2282 1539 2448 1595 Filius
2464 1539 2563 1594 Dei
2587 1558 2677 1594 cur
2697 1541 2861 1594 dictus
2888 1540 3318 1606 Christus.——Qui
3334 1556 3411 1592 me
3433 1540 3530 1593 uri-

1944 1632 2027 1697 sit,
2061 1632 2263 1701 inquit,
2296 1631 2519 1686 audistis
2548 1650 2560 1684 :
2593 1632 2690 1699 Qui
2719 1648 2796 1684 me
2825 1632 2988 1695 misit,
3021 1631 3228 1701 inquit,
3276 1632 3384 1701 ipse
3412 1631 3535 1683 mihi

1946 1721 2239 1774 mandatum
2281 1721 2415 1774 dedit
2456 1722 2578 1790 quid
2618 1721 2815 1782 dicam,
2868 1731 2911 1773 et
2949 1720 3069 1790 quid
3108 1718 3286 1788 loquar
3313 1734 3331 1772 :
3358 1729 3405 1772 et
3432 1721 3535 1771 scio

1946 1812 2064 1880 quia
2092 1811 2384 1864 mandatum
2412 1813 2521 1883 ejus
2558 1812 2657 1863 vita
2695 1822 2882 1864 (eterna
2919 1821 3010 1864 est.
3050 1810 3270 1864 Joannis
3298 1811 3538 1878 Evange-

1946 1903 2073 1956 llutu
2101 1910 2208 1965 est,
2242 1909 2439 1956 tenete.
2496 1900 2595 1966 Qui
2627 1917 2703 1953 me
2743 1901 2908 1964 misit,
2949 1901 3058 1969 ipse
3085 1900 3207 1953 mihi
3242 1901 3538 1953 mandatth

1948 1992 2084 2045 dedit
2113 1990 2236 2061 quid
2256 1991 2452 2054 dicam,
2490 2003 2534 2044 et
2572 1990 2692 2061 quid
2722 1992 2900 2058 loquar
2926 2005 2944 2044 :
2974 2002 3018 2044 et
3050 1991 3154 2044 scio
3180 1991 3297 2061 quia
3325 1991 3540 2043 munda-

1949 2092 2053 2136 tum
2092 2084 2198 2154 ejus
2244 2083 2345 2137 vita
2372 2095 2561 2137 aeterna
2601 2092 2695 2136 est.
2748 2081 2792 2136 Ο
2818 2082 2862 2136 si
2906 2081 3066 2136 donet
3114 2093 3170 2135 ιιι
3197 2083 3368 2137 dicant
3397 2080 3537 2150 quod

1951 2176 2109 2229 volo?
2138 2175 2296 2230 Facit
2320 2175 2461 2229 enim
2492 2174 2622 2229 mihi
2664 2176 2934 2243 angustias
2963 2175 3135 2245 inepia
3169 2191 3317 2240 mea,
3366 2187 3420 2229 et
3444 2191 3540 2231 co-

1954 2265 2034 2335 pia
2083 2266 2240 2319 illius.
2291 2264 2446 2333 Ipse,
2486 2265 2690 2336 inquit,
2736 2267 3030 2319 mandatum
3073 2268 3197 2320 mihi
3239 2268 3376 2321 dedit
3420 2267 3542 2338 quid

1952 2355 2152 2421 dicam,
2188 2364 2237 2413 et
2275 2355 2397 2425 quid
2438 2355 2619 2426 loquar
2650 2371 2668 2409 :
2696 2364 2742 2409 et
2785 2357 2889 2410 scio
2930 2357 3049 2422 quia
3098 2358 3393 2412 mamiatum
3433 2359 3543 2429 ejus

1952 2448 2053 2501 vita
2078 2456 2264 2501 wterna
2293 2457 2385 2507 est.
2414 2446 2605 2514 Quatre
2626 2448 2678 2503 in
2701 2444 2934 2518 Epistula
2960 2447 3179 2503 Joannis
3207 2449 3362 2518 hujus
3384 2464 3546 2505 evan-

1953 2537 2157 2608 gelistaa
2190 2535 2314 2607 quid
2353 2537 2419 2591 de
2457 2536 2674 2596 Christo
2713 2537 2864 2591 dixit.
2911 2536 3221 2601 Credmnus,
3260 2540 3464 2610 inquit,
3492 2542 3545 2593 in

1956 2644 2126 2681 rerum
2169 2626 2366 2682 Filium
2413 2629 2523 2703 ejus
2573 2626 2749 2688 Iesum
2791 2627 3070 2687 Christum.
3117 2627 3237 2699 Ipse
3282 2640 3354 2683 est
3400 2647 3547 2685 uerus

1959 2717 2116 2784 Deus,
2152 2730 2199 2773 et
2234 2720 2332 2772 vita
2356 2729 2547 2772 wterna
2574 2717 2614 2785 (l
2641 2717 2797 2773 Joan.
2830 2735 2863 2773 v
2888 2761 2903 2785 ,
2928 2718 3044 2790 20).
3081 2720 3215 2788 Quid
3238 2728 3352 2786 est,
3374 2712 3550 2775 Verus

1959 2812 2096 2869 Deus
2117 2854 2132 2876 ,
2163 2821 2210 2864 et
2242 2813 2340 2865 vita
2368 2812 2602 2866 a'terna?
2653 2811 2823 2870 Verus
2854 2811 3019 2867 Filius
3059 2812 3150 2872 Dei
3171 2853 3185 2877 ,
3216 2829 3375 2868 verus
3405 2813 3551 2868 Deus

1961 2916 2063 2967 est,
2097 2915 2149 2959 et
2176 2904 2279 2960 vita
2298 2915 2517 2963 :eterna.
2549 2904 2725 2971 Quare
2742 2905 2894 2973 dixit,
2927 2907 2979 2959 in
3002 2922 3169 2961 venint
3188 2905 3381 2961 Filium
3402 2909 3508 2977 ejus
3526 2908 3552 2961 ἐ

1962 2995 2093 3062 Quia
2126 2996 2323 3049 multos
2355 2994 2488 3049 ﬁlios
2520 2994 2682 3050 habet
2709 2995 2851 3051 Deus
2877 3038 2891 3062 ,
2935 3006 3218 3066 prOptcrca
3237 2996 3551 3053 discernen-

1964 3088 2065 3141 dus
2089 3096 2203 3141 erat
2225 3129 2238 3149 ,
2271 3085 2519 3141 addendo
2541 3086 2683 3159 quod
2725 3102 2880 3143 verus
2901 3098 3044 3142 esset
3072 3085 3113 3141 F
3119 3085 3264 3142 ilius.
3295 3086 3413 3142 Non
3440 3097 3553 3142 tan-

1965 3188 2074 3237 tunt
2111 3177 2339 3233 dicendo
2368 3178 2508 3248 quod
2540 3189 2623 3233 est
2664 3178 2705 3233 F
2710 3180 2863 3243 ilius;
2905 3179 2997 3234 sed
3022 3179 3269 3235 addendo
3289 3222 3305 3247 ,
3337 3190 3391 3234 ut
3421 3180 3551 3245 dixi,

1964 3268 2105 3343 quod
2148 3279 2228 3321 est
2266 3283 2424 3322 verus
2450 3269 2616 3323 Filius
2642 3288 2655 3324 :
2682 3269 2801 3326 ideo
2825 3270 3211 3330 discernendus
3238 3270 3379 3337 erat,
3431 3287 3555 3341 pro-

1967 3369 2085 3428 pter
2123 3358 2320 3413 multos
2363 3358 2529 3427 filios,
2574 3376 2708 3429 quos
2752 3362 2910 3416 habet
2950 3362 3111 3419 Deus.
3156 3363 3262 3417 Nos
3291 3364 3432 3418 enim
3466 3363 3571 3449 lilii/

1967 3465 2148 3505 sumus
2168 3450 2359 3521 gratia,
2392 3451 2480 3505 ille
2505 3459 2713 3509 natura.
2738 3451 2846 3519 Nos
2868 3453 2987 3510 iacti
3004 3470 3032 3505 a
3059 3454 3213 3508 Patre
3230 3470 3326 3525 per
3347 3455 3554 3523 ipsum:

1971 3542 2061 3595 ille
2092 3540 2232 3611 quod
2266 3541 2444 3603 Pater,
2478 3541 2579 3599 hoc
2607 3550 2661 3595 et
2689 3541 2805 3613 ipse
2829 3551 2910 3598 est
2940 3561 2952 3596 :
2979 3543 3233 3613 nutuquid
3252 3542 3392 3614 quod
3420 3544 3559 3598 Deus

1970 3643 2071 3697 est,
2102 3649 2287 3688 smnus
2316 3644 2367 3689 et
2396 3634 2536 3687 nos?

2041 3725 2093 3777 4.
2132 3722 2300 3777 Unum
2343 3741 2396 3777 se
2420 3740 2524 3777 esse
2552 3740 2664 3776 runt
2705 3722 2863 3778 Patre
2908 3740 3051 3781 nemo
3087 3734 3269 3796 praeter
3299 3724 3555 3780 Christum

1973 3815 2138 3878 dicere
2166 3816 2316 3869 ausit.
2351 3815 2457 3870 Sed
2481 3815 2692 3885 quidam
2715 3816 2783 3869 de
2810 3825 3135 3883 transverso,
3165 3818 3408 3872 nesciens
3435 3819 3561 3887 quid

1977 3907 2223 3976 loquatur
2269 3907 2343 3960 ait
2371 3925 2386 3962 :
2413 3907 2701 3977 Propterea
2729 3948 2742 3969 ,
2797 3890 3011 3961 dictu‘m‘
3043 3917 3142 3972 est,
3191 3907 3304 3979 Ego
3333 3920 3378 3962 et
3412 3907 3564 3962 Pater

1977 4015 2132 4051 unum
2156 4015 2328 4053 sumus
2358 3999 2533 4068 (Joan.
2568 4014 2624 4064 x,
2656 4000 2746 4069 50)
2766 4041 2780 4065 ,
2812 4000 2933 4069 quia
2963 4000 3159 4059 habent
3185 4001 3324 4059 inter
3349 4017 3406 4056 se
3432 4018 3563 4056 con-

1978 4090 2196 4144 t'Ol'dettt
2230 4089 2554 4143 voluntatem
2579 4130 2594 4154 ,
2629 4106 2732 4143 non
2765 4093 2885 4159 quia
2930 4092 3041 4160 ipsa
3086 4102 3169 4146 est
3208 4103 3393 4151 natura
3421 4093 3562 4159 Filii,

1979 4195 2096 4248 qua;
2122 4188 2206 4239 est
2235 4188 2418 4235 natura
2461 4180 2652 4236 Patris.
2695 4180 2827 4237 Nam
2857 4192 2910 4236 et
2935 4183 3174 4252 Apostoli
3202 4184 3221 4254 (
3242 4194 3297 4240 et
3342 4185 3441 4240 hoc
3479 4185 3567 4240 ille

1980 4270 2111 4330 dixit
2144 4269 2222 4341 (a)
2243 4312 2259 4336 ,
2291 4285 2396 4325 non
2423 4270 2578 4342 ego),
2609 4286 2729 4325 nam
2757 4281 2811 4326 et
2836 4273 3081 4342 Apostali
3105 4289 3266 4330 unum
3295 4285 3414 4329 sunt
3442 4290 3563 4329 cunt

1982 4362 2138 4418 Patre
2174 4370 2228 4416 et
2255 4360 2408 4416 Filio.
2452 4361 2726 4416 Horrenda
2772 4362 3144 4433 blasphemia!
3194 4365 3260 4419 Et
3302 4367 3566 4436 Apestoli,

1983 4452 2180 4526 Inquit,
2211 4467 2372 4509 unum
2397 4460 2522 4507 sunt
2548 4467 2669 4509 cum
2697 4452 2855 4509 Patre
2877 4461 2931 4507 et
2959 4452 3096 4509 Filio
3115 4496 3130 4519 ,
3161 4455 3283 4525 quia
3311 4456 3571 4511 obedinnt

1984 4546 2240 4601 voluntati
2283 4544 2455 4599 Patris
2488 4554 2543 4600 et
2584 4543 2726 4598 Filii.
2765 4544 2999 4603 lioccine
3027 4562 3188 4603 ausus
3231 4558 3311 4602 est
3349 4548 3574 4603 dicere?

1989 4637 2136 4697 Dicat
2159 4652 2287 4707 ergo
2312 4636 2508 4697 Paulus
2543 4655 2556 4690 :
2592 4635 2702 4706 Ego
2725 4646 2779 4692 et
2807 4638 2947 4698 Deus
2969 4655 3130 4692 unum
3161 4654 3363 4695 sumus.
3422 4641 3574 4695 Dii-at

1988 4728 2209 4794 Petrus,
2252 4728 2396 4783 dicat
2430 4728 2655 4797 quilibet
2687 4730 2943 4797 propheta
2979 4747 2991 4781 :
3026 4729 3138 4801 Ego
3167 4740 3219 4783 et
3246 4730 3386 4787 Dens
3411 4747 3571 4784 illtllttl

1988 4834 2191 4874 sumus.
2233 4817 2346 4873 Non
2378 4817 2500 4870 dicit
2536 4834 2548 4869 :
2577 4816 2715 4870 absit
2737 4814 2977 4871 ut'dicat.
3006 4817 3162 4871 Novit
3183 4832 3241 4872 se
3263 4818 3421 4873 aliam
3451 4810 3574 4873 esse

1991 4918 2232 4964 naturam
2256 4950 2270 4975 ,
2322 4907 2632 4965 salvandam
2664 4916 2906 4963 naturam
2937 4926 2949 4961 :
2984 4910 3131 4964 novit
3159 4924 3218 4967 se
3252 4911 3409 4964 aliam
3453 4928 3481 4959 σε
3515 4931 3573 4963 ne

1994 5013 2233 5055 na'uratn
2260 5042 2274 5063 ,
2307 4997 2703 5053 illuminandant
2738 5007 3000 5051 naturam.
3048 4998 3215 5054 Nemo
3254 5001 3376 5053 dicit
3415 5020 3425 5053 :
3465 5005 3575 5068 tier

1993 5104 2048 5148 ct
2082 5084 2240 5146 (Deus
2293 5105 2451 5145 unum
2505 5104 2708 5149 sumus.
2763 5090 3258 5160 Quantumcumque
3313 5097 3574 5157 ||l'ttii('t..i,

1995 5195 2480 5257 quantumcumque
2523 5184 2805 5236 sanctitate
2853 5182 3199 5252 prmpollcat,
3247 5185 3579 5252 quattluiilu-t

1997 5278 2228 5337 culmine
2279 5277 2490 5332 virtutis
2536 5276 2796 5344 cxcell.:t,
2844 5292 3114 5343 nunquam
3154 5275 3316 5341 dicit,
3372 5276 3485 5346 Ego
3527 5288 3580 5333 ιιι

1999 5370 2143 5426 Deus
2166 5382 2343 5423 'unum
2389 5383 2571 5422 sumus
2602 5386 2614 5420 :
2642 5369 2762 5440 quia
2793 5369 2834 5421 si
2868 5367 3024 5421 habet
3054 5368 3340 5432 virtutem,
3381 5380 3435 5423 et
3465 5368 3586 5423 Ideo

2002 5463 2103 5518 hoc
2134 5462 2299 5526 dicit;
2328 5461 2431 5515 hoc
2448 5460 2696 5528 dicendo,
2728 5460 2864 5530 quod
2896 5459 3140 5526 habebat,
3171 5462 3367 5515 amisit.

2076 5556 2130 5611 5.
2161 5553 2455 5624 [Equalitas
2484 5551 2609 5606 Filii
2635 5569 2747 5605 cum
2782 5551 2953 5606 Patre.
2987 5552 3268 5624 rEqualem
3294 5570 3422 5626 ergo
3442 5553 3536 5611 Pat
3575 5554 3592 5611 i

2069 5688 2144 5750 (a)
2163 5687 2449 5754 Maximinus
2471 5686 2520 5735 in
2553 5683 2815 5754 Coligtioac
2842 5686 3090 5751 .tugustiui
3113 5688 3362 5754 eumipsa,
3373 5698 3424 5741 et
3442 5687 3525 5740 lib.
3554 5684 3592 5735 2

2009 5745 2177 5804 contra
2206 5750 2454 5810 eumdem,
2485 5759 2591 5812 cap.
2614 5745 2690 5801 ἃ.
