3910 6184
294 363 406 420 7⁸17

292 485 412 554 ejus
431 522 448 547 ,
479 482 533 538 id
561 491 674 546 est,
726 481 848 544 Dei,
877 496 964 551 per
990 496 1050 534 ea
1099 495 1211 549 qua
1261 479 1400 551 facta
1426 488 1580 546 sunt,
1629 481 1879 535 intellecta

293 576 717 642 conspiciuntur;
741 573 1040 643 sempiterna
1061 587 1256 642 quoque
1291 572 1401 641 ejus
1432 572 1588 626 virtus
1617 581 1662 625 et
1698 572 1881 628 divini-

292 679 378 720 tas
402 684 421 728 ;
447 678 500 721 ut
521 668 619 722 sint
639 664 1019 720 inexcusabiles.
1041 664 1172 730 Quia
1191 679 1306 716 cum
1325 663 1664 733 cognovissent
1691 661 1873 728 Deum,

291 775 400 814 non
428 761 561 814 sicut
588 757 753 811 Deum
778 755 1230 823 honoriﬁcaverunt
1249 791 1265 819 ,
1289 762 1375 807 aut
1405 754 1593 823 gratias
1633 761 1876 822 egerunt;

288 850 384 904 sed
415 857 724 902 evanuerunt
773 847 824 899 iu
871 844 1253 915 cogitationibus
1277 844 1378 895 suis
1401 884 1416 907 ,
1465 852 1512 895 et
1561 840 1878 894 obscuratum

289 951 366 994 est
419 940 663 1010 insipiens
717 954 804 990 cor
848 951 1038 990 eorum.
1067 933 1306 1003 Apostoli
1362 933 1518 986 verba
1561 940 1716 997 sunt,
1767 945 1874 984 non

289 1045 413 1083 mea
470 1048 483 1082 :
542 1027 606 1080 Et
652 1026 972 1081 obscuratum
1013 1035 1085 1078 est
1125 1025 1364 1093 insipiens
1411 1040 1497 1075 cor
1543 1037 1749 1086 eorum;
1790 1021 1872 1074 di-

288 1134 460 1174 ceutes
509 1121 641 1172 enim
705 1135 760 1172 se
811 1132 916 1170 esse
980 1116 1228 1184 sapientes
1252 1153 1267 1180 ,
1334 1113 1476 1166 stulti
1548 1112 1671 1182 facti
1735 1117 1869 1164 sunt.

287 1211 446 1279 Quod
477 1211 785 1265 curiositate
825 1208 1177 1272 invenerunt,
1214 1205 1461 1274 superbia
1509 1203 1868 1272 perdiderunt.

284 1303 530 1356 Dicentes
554 1319 609 1357 se
631 1317 737 1356 esse
761 1301 1008 1366 sapientes
1031 1338 1047 1364 ,
1078 1299 1128 1352 id
1155 1307 1236 1352 est
1257 1337 1272 1361 ,
1299 1297 1498 1350 donum
1529 1295 1620 1348 Dei
1648 1293 1747 1348 sibi
1775 1291 1870 1345 tri-

285 1395 523 1450 buentes
542 1435 556 1455 ,
586 1394 726 1446 stulti
777 1393 897 1463 facti
943 1400 1078 1446 sunt.
1114 1389 1283 1443 Verba
1309 1428 1322 1452 ,
1356 1389 1568 1456 inquam
1589 1427 1604 1450 ,
1633 1383 1870 1454 Apostoli

284 1497 419 1541 sunt
449 1504 462 1538 :
497 1485 725 1539 Dicentes
754 1501 806 1538 se
834 1500 940 1537 esse
967 1482 1214 1552 sapientes
1233 1521 1248 1544 ,
1276 1480 1414 1533 stulti
1444 1477 1564 1548 [acti
1589 1484 1725 1530 sunt.

357 1577 590 1633 CAPUT
620 1573 855 1628 III.——5.
887 1573 1116 1628 Stultitia
1141 1570 1404 1624 colentium
1430 1567 1585 1621 idola.
1612 1564 1864 1628 Ostende,

284 1667 455 1736 proba
479 1666 752 1719 stultitiam
781 1645 1290 1732 ipsorumiOsteude
1309 1701 1325 1724 ,
1354 1655 1634 1726 Apostole,
1656 1663 1712 1709 et
1734 1654 1869 1708 sicut

282 1755 570 1810 ostendisti
601 1755 752 1807 nobis
797 1752 937 1806 unde
967 1758 1249 1819 potuerunt
1276 1746 1548 1817 pervenire
1573 1744 1639 1798 ad
1683 1742 1866 1812 cogni-

285 1845 491 1899 tionem
515 1844 604 1897 Dei
627 1884 642 1905 ,
670 1842 916 1912 quoniam
937 1840 1205 1894 invisibilia
1233 1839 1340 1906 ejus
1363 1878 1378 1902 ,
1406 1853 1495 1906 per
1517 1852 1574 1889 ea
1597 1849 1709 1904 qua:
1731 1839 1866 1904 facta

281 1943 404 1988 sunt
431 1977 446 1999 ,
477 1935 729 1988 intellecta
748 1932 1124 2002 conspiciuntur
1152 1947 1171 1984 :
1202 1930 1271 1984 ita
1317 1943 1456 1982 nunc
1481 1927 1703 1981 ostende
1729 1939 1862 1994 quo-

281 2027 448 2080 modo
471 2027 692 2079 dicentes
710 2041 763 2080 se
784 2041 890 2078 esse
913 2024 1163 2092 sapientes
1180 2063 1194 2085 ,
1223 2021 1364 2075 stulti
1388 2019 1507 2088 facti
1527 2027 1662 2071 sunt.
1693 2015 1858 2070 Audi:

279 2117 418 2186 Quia
446 2119 865 2180 immutaverunt,
897 2116 1003 2181 ait,
1033 2114 1246 2185 gloriam
1270 2110 1660 2180 incorruptibilis
1685 2108 1779 2162 Dei
1809 2109 1864 2160 in

279 2209 670 2262 similitudinem
698 2207 930 2278 imaginis
955 2205 1291 2276 corruptibilis
1337 2203 1580 2266 hominis,
1631 2210 1678 2256 et
1720 2201 1862 2254 volu-

278 2314 455 2363 crum,
484 2307 531 2350 et
558 2297 936 2367 quadrupedum
953 2337 968 2361 ,
999 2305 1045 2349 et
1070 2295 1372 2364 serpentium
1393 2291 1565 2362 (Rom.
1591 2289 1859 2359 1,.18-25).

282 2388 513 2458 ﬁguras
535 2391 551 2421 ¹
573 2390 713 2442 enim
753 2388 973 2442 istorum
998 2386 1302 2441 animalium
1328 2425 1343 2450 ,
1371 2383 1470 2439 sibi
1495 2383 1624 2438 deos
1669 2377 1860 2449 Pagani

277 2478 548 2534 fecerunt.
577 2478 828 2534 Invenisti
860 2479 1022 2533 Deum
1043 2519 1059 2544 ,
1086 2488 1141 2532 et
1181 2476 1315 2530 colis
1358 2475 1576 2528 idolum.
1611 2469 1861 2526 Invenisti

276 2570 597 2635 veritatem,
633 2579 686 2624 et
716 2571 883 2640 ipsam
921 2569 1197 2623 veritatem
1243 2566 1295 2620 in
1337 2563 1588 2634 iniustitia
1633 2559 1858 2616 detines.

275 2659 348 2713 Et
376 2658 523 2729 quod
556 2675 647 2728 per
675 2660 763 2713 Dei
788 2673 945 2730 opera
972 2656 1297 2726 cognovisti,
1326 2670 1420 2724 per
1447 2668 1605 2722 opera
1632 2649 1858 2706 hominis

275 2753 485 2822 perdis.
527 2752 717 2806 Totum
773 2751 1154 2814 considerasti;
1205 2748 1366 2815 coeli,
1421 2755 1610 2810 teme,
1659 2741 1857 2809 maris,

273 2847 776 2914 elementorumque
800 2844 1035 2897 omnium
1075 2842 1315 2896 ordinem
1362 2837 1615 2908 collegisti
1663 2854 1676 2889 :
1719 2833 1860 2890 istud

271 2952 387 2992 non
414 2938 495 2990 vis
521 2935 798 2991 attendere
822 2976 837 3000 ,
872 2935 1013 3004 quod
1054 2933 1282 2988 mundus
1305 2945 1437 3001 opus
1465 2937 1547 3004 est
1587 2928 1716 2993 Dei,
1747 2927 1860 2980 ido-

275 3027 388 3081 lum
417 3016 554 3096 opus
579 3035 661 3080 est
687 3026 837 3080 fabri.
865 3025 919 3080 Si
947 3024 1100 3079 faber
1129 3023 1300 3089 idolo,
1355 3023 1493 3077 sicut
1538 3017 1685 3074 dedit
1728 3016 1858 3086 ligu-

273 3132 430 3179 ram,
478 3115 630 3170 daret
659 3126 710 3170 et
755 3130 876 3179 cor;
930 3115 998 3168 ab
1025 3114 1138 3183 ipso
1176 3113 1315 3167 idolo
1359 3109 1854 3165 laberadoraretur.

271 3207 560 3274 Quomodo
610 3208 781 3272 enim,
831 3221 866 3260 ο
911 3205 1103 3268 hcine,
1137 3203 1283 3258 faber
1323 3211 1442 3256 tuus
1471 3201 1609 3254 Deus
1636 3208 1750 3262 est,
1780 3197 1858 3252 sic

273 3297 442 3351 homo
470 3297 594 3351 idoli
621 3296 766 3352 faber
785 3305 883 3350 est.
907 3295 1036 3361 Quis
1060 3303 1143 3350 est
1171 3294 1306 3348 Deus
1335 3291 1486 3346 tuus?
1503 3290 1600 3358 Qui
1633 3297 1683 3343 te
1709 3287 1852 3343 fecit.

270 3387 410 3453 Quis
430 3395 514 3441 est
564 3388 702 3442 Deus
733 3387 864 3441 fabri
906 3386 1047 3452 ?Qui
1097 3385 1242 3438 illum
1273 3383 1413 3437 fecit.
1441 3383 1570 3448 Quis
1611 3388 1692 3434 est
1719 3379 1856 3434 Deus

272 3477 405 3530 idoli
425 3476 450 3528 τ
478 3477 581 3545 Qui
620 3477 744 3532 fecit
797 3476 945 3530 illud.
973 3476 1113 3545 Ergo
1133 3475 1176 3529 si
1207 3473 1403 3528 idolum
1446 3487 1539 3526 cor
1585 3470 1804 3524 haberet
1835 3509 1851 3534 ,

272 3583 458 3622 nonne
489 3568 693 3621 fabrum
723 3567 967 3622 adoraret
991 3568 1078 3635 qui
1110 3565 1237 3619 illud
1277 3563 1444 3619 fecit?
1478 3563 1614 3617 Ecce
1657 3561 1708 3613 in
1751 3573 1852 3628 qua

273 3661 558 3729 iniquitate
603 3659 873 3714 veritatem
919 3666 1230 3724 tenuerunt,
1272 3664 1326 3710 et
1359 3654 1425 3708 ad
1465 3651 1851 3722 possessionem

272 3749 414 3803 illam
428 3765 585 3818 quam
599 3748 997 3811 viderunt,viam
1017 3745 1387 3816 perdueentem
1402 3758 1504 3798 non
1517 3743 1850 3796 invenerunt.

345 3836 573 3892 CAPUT
603 3837 690 3890 IV.
721 3867 794 3876 —
819 3837 872 3891 4.
903 3835 1128 3892 Christus
1153 3837 1315 3905 [actus
1341 3835 1438 3886 via.
1466 3832 1709 3887 Christus
1752 3846 1850 3885 au-

271 3936 382 3982 tem
404 3969 419 3992 ,
451 3927 572 3996 quia
601 3928 712 3996 ipse
740 3935 823 3982 est
846 3926 984 3996 apud
1006 3927 1215 3980 Patrem
1241 3925 1433 3979 veritas
1471 3931 1524 3977 et
1551 3922 1654 3976 vita
1674 3962 1690 3988 ,
1719 3919 1852 3975 Ver-

269 4017 400 4071 bum
432 4017 527 4072 Dei
552 4059 568 4082 ,
595 4017 662 4071 de
691 4033 795 4084 quo
823 4018 1020 4072 dictum
1053 4026 1164 4077 est,
1211 4015 1328 4070 Vita
1352 4024 1456 4069 erat
1485 4014 1575 4068 tua:
1593 4014 1849 4068 hominum

269 4106 457 4180 (Joan.
483 4123 534 4171 ι,
560 4107 615 4176 4)
641 4126 656 4160 :
685 4108 805 4176 quia
833 4122 959 4178 ergo
989 4109 1102 4176 ipse
1125 4115 1209 4162 est
1227 4105 1363 4174 apud
1409 4105 1618 4158 Patrem
1657 4104 1849 4159 veritas

266 4205 326 4252 et
352 4196 461 4249 vita
485 4237 498 4259 ,
521 4204 576 4251 et
601 4211 704 4250 non
737 4198 1059 4252 habebamus
1079 4212 1179 4265 qua
1212 4197 1411 4250 iremus
1440 4195 1506 4249 ad
1531 4195 1804 4250 veritatem
1830 4210 1845 4259 ;

267 4287 441 4342 Filius
469 4287 566 4342 Dei
586 4287 676 4355 qui
695 4303 908 4356 semper
930 4288 980 4341 in
1007 4287 1164 4341 Patre
1190 4287 1384 4340 veritas
1407 4295 1459 4340 et
1479 4285 1584 4339 vita
1611 4293 1696 4340 est
1715 4326 1728 4346 .
1757 4300 1845 4339 as-

265 4377 535 4431 sumendo
556 4377 821 4431 hominem
848 4377 1018 4432 factus
1045 4388 1128 4431 est
1150 4376 1256 4430 via.
1285 4376 1509 4429 Ambula
1535 4389 1627 4444 per
1676 4373 1848 4428 homi-

267 4482 429 4530 nem,
484 4474 540 4520 et
568 4467 814 4534 pervenis
861 4466 928 4520 ad
972 4467 1157 4520 Deum.
1204 4466 1305 4520 Per
1332 4465 1505 4536 ipsum
1553 4464 1730 4529 vadis,
1777 4463 1871 4518 ad.

267 4557 446 4624 ipsum
473 4557 640 4611 vadis.
669 4556 785 4610 Noli
812 4572 1047 4626 qumrere
1067 4571 1166 4625 qua
1187 4556 1254 4610 ad
1279 4557 1426 4611 illum
1457 4556 1665 4620 venias,
1711 4570 1846 4623 prte-

265 4655 353 4699 ter
397 4645 589 4714 ipsum.
620 4645 677 4699 Si
717 4645 856 4699 enim
887 4644 969 4698 via
1012 4659 1132 4700 esse
1162 4645 1273 4714 ipse
1303 4646 1584 4709 noluisset,
1635 4659 1846 4712 semper

262 4749 587 4790 erraremus.
614 4735 804 4791 Factus
827 4751 956 4806 ergo
994 4736 1076 4790 via
1101 4745 1182 4791 est
1203 4751 1304 4805 qua
1333 4737 1532 4790 venias.
1585 4735 1699 4790 Non
1738 4722 1844 4789 tibi

261 4826 392 4880 dico
409 4867 424 4891 ,
453 4842 631 4896 quaere
657 4827 813 4881 viam.
838 4827 954 4896 Ipsa
979 4828 1059 4881 via
1078 4828 1144 4881 ad
1171 4835 1221 4881 te
1242 4827 1383 4881 venit
1410 4847 1422 4882 :
1455 4842 1613 4896 surge
1631 4835 1688 4880 et
1727 4842 1841 4878 am-

265 4916 413 4970 bula.
454 4917 674 4971 Ambula
731 4918 1004 4985 moribus,
1050 4933 1155 4972 non
1210 4917 1449 4987 pedibus.
1507 4916 1652 4970 Multi
1699 4916 1840 4970 enim

267 5006 409 5060 bene
441 5006 712 5061 ambulant
744 5007 992 5075 pedibus,
1021 5017 1073 5069 et
1103 5007 1240 5062 male
1265 5006 1533 5060 ambulant
1580 5005 1840 5060 moribus.

211 5086 224 5097 ”
266 5095 571 5164 Aliquando
600 5096 740 5149 enim
787 5097 882 5165 ipsi
911 5097 1044 5149 bene
1073 5096 1405 5149 ambulantes
1428 5133 1442 5158 ,
1471 5101 1665 5163 prteter
1704 5095 1838 5148 viam

263 5193 492 5239 currunt
517 5187 557 5236 ⁸.
588 5184 827 5240 Invenies
851 5188 1043 5255 quippe
1064 5185 1304 5239 homines
1327 5184 1461 5240 bene
1489 5185 1725 5238 viventes
1744 5226 1757 5246 ,
1789 5194 1843 5238 et

265 5292 374 5330 non
390 5277 726 5331 christianos.
746 5276 887 5331 Bene
903 5285 1121 5332 currunt
1150 5295 1164 5330 :
1192 5275 1284 5330 sed
1309 5276 1358 5329 iu
1375 5276 1457 5329 via
1478 5290 1580 5329 non
1602 5285 1838 5328 currunt.

265 5365 477 5430 Quanto
506 5367 620 5434 plus
645 5368 1040 5438 currunt,.plus
1067 5377 1281 5433 errant;
1327 5368 1448 5436 quia
1487 5382 1515 5420 a
1555 5368 1636 5420 via
1694 5382 1841 5422 rece-

262 5455 420 5510 dunt.
449 5456 502 5511 Si
525 5467 700 5512 autem
723 5459 852 5513 tales
882 5459 1124 5513 homines
1153 5459 1460 5528 perveniant
1486 5460 1550 5512 ad
1580 5459 1714 5513 viam
1741 5499 1755 5523 ,
1788 5467 1844 5512 et

267 5553 484 5600 teneant
507 5546 645 5600 viam
668 5586 684 5613 ,
715 5563 749 5600 ο
789 5557 982 5618 quanta
1011 5549 1269 5602 securitas
1295 5556 1406 5614 est,
1445 5549 1566 5618 quia
1605 5556 1658 5602 et
1703 5547 1840 5603 bene

327 5678 345 5744 ξ
374 5687 473 5726 Am.
497 5687 547 5728 et
569 5677 748 5743 aiiquot
769 5689 894 5741 Mss,
921 5679 1113 5744 I'igura.

327 5741 348 5771 ⁸
373 5747 538 5788 mures
558 5741 685 5802 Mss},
708 5747 948 5793 corruunt.

477 5817 750 5881 Parnm.
797 5822 844 5881 Χ
862 5824 913 5882 Χ
928 5821 1152 5886 XVIII.

1688 364 1916 424 SERMO
1951 362 2148 424 CXLII.

3460 376 3561 439 778

1988 483 2283 549 ambulant,
2314 493 2368 541 et
2388 499 2493 542 non
2517 497 2697 544 errant
2726 491 2738 545 ε
2770 489 2826 546 Si
2851 502 3025 548 autem
3053 510 3155 549 non
3186 505 3364 554 tenent
3385 501 3521 555 viam
3544 543 3558 562 .

1984 574 2320 641 quantumvis
2345 571 2477 629 bene
2492 577 2791 644 ambulent,
2825 581 2925 636 heu
2952 600 3106 654 quam
3129 585 3408 642 dolendum
3438 602 3517 646 est
3542 593 3557 646 !

1984 661 2168 716 Melius
2188 671 2270 717 est
2291 664 2429 718 enim
2450 663 2500 718 in
2527 667 2607 720 via
2635 669 2931 727 claudicare
2952 714 2966 739 ,
2999 690 3154 744 quam
3193 689 3386 744 prtcter
3416 682 3554 734 viam

1984 749 2190 805 fortiter
2217 753 2504 808 ambulare.
2559 753 2681 812 llzec
2710 761 2838 815 satis
2896 763 3002 817 sint
3043 764 3293 820 Charitati
3343 781 3554 824 vester.

1979 839 2234 896 Conversi
2259 839 2325 898 ad
2362 841 2638 900 Dominum
2674 848 2724 911 ‘,
2757 857 2860 904 etc.

2470 977 2696 1034 SERMO
2719 982 2900 1036 exui
2921 991 2936 1006 ·
2961 984 3058 1057 (α).

1978 1078 2058 1134 De
2081 1081 2254 1136 iisdem
2279 1085 2434 1139 verbis
2461 1087 2722 1159 Evangelii
2742 1092 2979 1159 Joannis,
3010 1097 3117 1166 Ego
3144 1113 3258 1153 sum
3285 1101 3387 1166 via,
3418 1113 3512 1156 etc.
3534 1145 3549 1167 ,

2475 1194 2588 1248 cap.
2619 1196 2744 1249 xw,
2791 1184 2826 1252 7
2850 1223 2863 1236 .
2890 1186 2924 1239 6
2945 1184 3036 1257 (b).

2045 1301 2271 1393 CAPUT
2300 1305 2578 1364 PRIMUM.
2608 1342 2679 1351 —
2706 1312 2757 1367 1.
2798 1310 2892 1368 Via
2921 1326 3024 1370 tutu
3052 1317 3295 1374 Christus.
3328 1322 3547 1393 Erigunt

1975 1407 2071 1448 nos
2097 1392 2288 1449 divina:
2343 1397 2627 1467 lectiones,
2673 1419 2739 1459 ne
2783 1401 3150 1475 deSperatione
3193 1392 3495 1484 frangamiur
3531 1433 3543 1467 :

1972 1494 2024 1538 et
2076 1501 2257 1541 rursus
2315 1497 2545 1558 terrent,
2615 1510 2681 1549 ne
2755 1498 2998 1566 superbia
3052 1501 3388 1559 ventilentur.
3442 1505 3544 1560 Te-

1973 1591 2099 1630 nere
2118 1587 2290 1632 autem
2312 1581 2446 1634 viam
2470 1584 2730 1650 mediam,
2760 1603 2940 1642 veram
2961 1631 2976 1655 ,
3001 1602 3198 1646 rectam
3219 1595 3238 1625 ¹
3254 1636 3267 1658 ,
3299 1603 3567 1664 ιειηιιιιειηι¹

1973 1671 2109 1726 inter
2134 1674 2401 1729 sinistram
2451 1676 2834 1748 desperationis
2878 1693 2932 1737 et
2977 1684 3246 1741 dexteram
3289 1704 3547 1758 pra-sum-

1972 1763 2564 1830 ptionis,diflicillimum
2585 1779 2726 1824 esset
2747 1773 2914 1837 nobis,
2942 1775 3040 1828 nisi
3070 1776 3308 1832 Christus
3324 1779 3542 1846 diceret,

1972 1849 2080 1920 Ego
2103 1868 2211 1905 sunt
2233 1893 2248 1913 ,
2275 1854 2474 1924 inquit,
2506 1859 2583 1910 ria
2612 1900 2626 1923 ,
2669 1867 2712 1913 et
2741 1861 2950 1927 veritas,
2997 1873 3042 1916 et
3097 1867 3215 1918 vita.
3276 1867 3544 1938 Tanquam

1968 1940 2196 2007 diceret,
2225 1945 2336 2012 Qua
2363 1947 2439 2001 vis
2465 1948 2574 2002 ire?
2606 1945 2716 2019 Ego
2749 1969 2860 2004 sum
2890 1955 2987 2006 ria.
3017 1955 3130 2020 Quo
3159 1955 3236 2010 vis
3268 1954 3340 2013 ire
3367 1960 3390 2012 ?
3434 1956 3544 2032 Ego

1967 2047 2078 2083 sum
2107 2033 2306 2087 veritas.
2341 2035 2436 2090 Ubi
2463 2037 2541 2092 vis
2571 2042 2920 2106 permanere?
2953 2041 3062 2114 Ego
3082 2063 3191 2098 sunt
3215 2045 3332 2100 vita.
3360 2046 3542 2104 Securi

1967 2137 2092 2190 ergo
2121 2123 2451 2180 ambulemus
2481 2127 2532 2180 in
2565 2128 2646 2180 via
2683 2146 2698 2182 :
2726 2130 2818 2183 sed
2847 2131 3065 2186 insidias
3098 2133 3542 2205 timeamusjuxla

1967 2211 2125 2264 viam.
2152 2213 2398 2268 Inimicus
2437 2215 2671 2270 insidiari
2713 2234 2815 2272 non
2842 2220 3001 2274 audet
3026 2222 3076 2274 in
3101 2223 3214 2287 vin;
3246 2224 3364 2294 quia
3390 2225 3545 2280 Chri-

1967 2308 2079 2353 stus
2103 2312 2184 2354 est
2208 2302 2286 2355 via
2323 2321 2336 2356 :
2365 2304 2457 2358 sed
2481 2305 2630 2374 juxta
2656 2303 2792 2361 viam
2829 2309 2985 2378 plane
3014 2328 3114 2365 non
3145 2308 3357 2368 desinit.
3391 2312 3542 2371 Unde

1967 2398 2020 2442 et
2057 2389 2107 2443 in
2140 2391 2348 2446 Psalmo
2382 2393 2612 2448 dicitur:
2651 2391 2814 2450 Juxta
2848 2401 3046 2453 semitas
3083 2399 3322 2457 scandala
3363 2421 3542 2474 posue-

1965 2490 2081 2532 runt
2109 2481 2230 2535 mihi
2255 2482 2426 2552 (Psal.
2474 2501 2678 2540 cxxxtx
2703 2529 2717 2550 ,
2748 2491 2821 2557 6).
2853 2491 2986 2545 Dicit
3012 2505 3062 2546 et
3086 2490 3187 2547 alia
3224 2491 3491 2566 Scriptura
3522 2518 3536 2554 :

1967 2572 2216 2629 Memento
2241 2579 2358 2647 quia
2385 2580 2435 2632 in
2457 2579 2619 2634 medio
2640 2582 2928 2652 laqueorum
2949 2585 3222 2653 ingrederis
3252 2585 3432 2658 (Eccli.
3463 2607 3536 2656 Ix,

1965 2663 2076 2738 20).
2111 2665 2198 2720 Isti
2225 2668 2397 2737 laquei
2445 2670 2582 2724 inter
2618 2687 2750 2741 quos
2789 2673 3149 2742 ingredimur,
3193 2691 3295 2730 non
3334 2671 3454 2732 sunt
3485 2680 3537 2734 in

1962 2756 2044 2807 via
2079 2773 2092 2807 :
2121 2757 2212 2809 sed
2239 2767 2413 2812 tamen
2437 2768 2558 2813 sunt
2578 2760 2724 2828 justa
2751 2762 2905 2815 viam.
2930 2762 3064 2830 Quid
3096 2762 3346 2820 formidas
3365 2809 3380 2832 ,
3411 2767 3533 2838 quid

1963 2845 2192 2910 metuis,
2243 2849 2284 2899 si
2326 2847 2378 2902 in
2407 2847 2488 2902 via
2513 2849 2794 2904 ambulas?
2834 2850 2979 2905 Tunc
3033 2852 3186 2919 time,
3241 2855 3285 2909 si
3335 2855 3536 2912 deseris

1964 2935 2122 2988 viam.
2154 2934 2286 2988 Nam
2315 2936 2436 2991 ideo
2483 2939 2640 2992 etiam
2695 2941 3014 3008 permittitur
3056 2942 3298 2998 inimicus
3340 2962 3534 3015 ponere

1957 3024 2107 3093 juxta
2134 3027 2270 3081 viam
2316 3028 2565 3098 laqueos,
2614 3046 2680 3084 ne
2708 3033 2991 3088 securitate
3040 3033 3402 3092 exsultationis
3450 3041 3532 3093 via

1961 3114 2272 3182 deseratur,
2303 3129 2357 3172 et
2383 3119 2436 3172 in
2467 3120 2682 3175 insidias
2714 3122 2996 3178 incidatur.
3027 3168 3030 3170 .

2028 3205 2251 3262 CAPUT
2281 3209 2344 3262 ll.
2374 3240 2444 3248 —
2469 3211 2524 3263 2.
2565 3210 2656 3264 Via
2685 3211 2912 3267 Christus
2938 3214 3160 3268 humilis.
3197 3211 3463 3272 Fornicari
3500 3237 3534 3272 α

1959 3293 2196 3350 Domino.
2223 3298 2316 3353 Via
2336 3299 2576 3354 Christus
2593 3299 2806 3356 humilis
2832 3322 2846 3356 :
2868 3301 3105 3359 Christus
3126 3309 3318 3362 veritas
3333 3319 3386 3364 et
3405 3309 3529 3375 vita,

1959 3386 2196 3442 Christus
2219 3390 2462 3445 excelsus
2513 3401 2567 3446 et
2598 3393 2758 3448 Deus.
2811 3394 2865 3449 Si
2916 3396 3156 3451 ambules
3211 3399 3261 3452 in
3298 3399 3479 3455 humili
3510 3442 3529 3466 ,

1959 3479 2236 3546 pervenies
2257 3479 2321 3532 ad
2348 3481 2635 3535 excelsum.
2669 3481 2725 3536 Si
2755 3482 2992 3538 infirmus
3035 3480 3284 3540 humilem
3317 3503 3420 3542 non
3446 3507 3526 3542 as-

1957 3570 2233 3635 perneris,
2289 3571 2340 3622 in
2389 3571 2598 3625 excelso
2642 3571 2956 3628 fortissimus
2993 3576 3348 3646 permanebis.
3399 3580 3527 3646 Qum

1957 3659 2098 3712 enim
2127 3673 2283 3713 causa
2315 3661 2622 3715 humilitatis
2662 3663 2888 3726 Christi,
2921 3666 3018 3719 nisi
3071 3664 3348 3722 infirmitas
3393 3679 3478 3724 tua
3506 3675 3530 3723 ‘t

1956 3746 2120 3801 Valde
2145 3748 2286 3802 enim
2307 3758 2360 3803 et
2381 3749 2838 3808 irremediabiliter
2869 3764 2918 3810 te
2950 3756 3221 3811 obsidebat
3253 3758 3528 3816 infirmitas

1957 3849 2065 3904 tua,
2100 3849 2155 3894 et
2181 3841 2294 3895 haec
2315 3857 2399 3896 res
2416 3840 2541 3898 fecit
2557 3846 2830 3900 utveniret
2849 3847 2914 3902 ad
2933 3858 2981 3902 te
2998 3858 3172 3905 tantus
3190 3851 3442 3908 medicus.
3471 3855 3524 3909 Si

1953 3929 2094 3982 enim
2123 3930 2206 3984 vel
2226 3931 2303 3986 sic
2325 3943 2642 4001 acgrotares,
2674 3944 2732 3990 ut
2755 3946 2807 3990 tu
2836 3953 3016 4007 posses
3047 3940 3123 3996 ire
3149 3941 3216 3995 ad
3243 3943 3525 4011 medicum,

1954 4029 2164 4088 poterat
2203 4021 2492 4079 tolerabilis
2522 4025 2688 4080 videri
2715 4026 2829 4095 ipsa
2861 4029 3159 4084 infirmitas.
3187 4029 3291 4086 Sed
3321 4035 3440 4104 quia
3471 4044 3524 4088 tu

1952 4108 2029 4163 ire
2058 4125 2162 4164 non
2185 4113 2398 4181 potuisti
2419 4113 2486 4168 ad
2527 4130 2648 4169 eum
2691 4157 2707 4183 ,
2733 4117 2820 4171 ille
2846 4120 2988 4173 venit
3023 4120 3088 4174 ad
3120 4128 3190 4176 te.
3224 4122 3379 4178 Venit
3430 4123 3524 4178 do-

1951 4213 2076 4255 cens
2100 4200 2450 4258 humilitatem
2474 4245 2488 4269 ,
2521 4221 2621 4276 qua
2643 4206 2958 4264 redeamus:
2987 4212 3109 4278 quia
3138 4215 3384 4281 superbia
3427 4232 3522 4271 nos

1953 4289 2127 4344 redire
2153 4306 2256 4344 non
2285 4293 2492 4348 sinebat
2539 4295 2604 4350 ad
2633 4295 2827 4362 vitam;
2869 4308 2920 4353 et
2951 4300 3063 4368 ipsa
3104 4303 3302 4358 fecerat
3347 4320 3444 4359 nos
3493 4322 3523 4360 a

1950 4377 2054 4430 vita
2077 4379 2342 4436 recedere.
2369 4381 2666 4438 Exaltatum
2690 4386 2830 4439 enim
2854 4387 3140 4444 humanum
3159 4408 3251 4444 eor
3269 4393 3523 4448 adversus

1951 4468 2116 4523 Deum
2148 4469 2168 4501 ⁸
2187 4512 2202 4537 ,
2231 4479 2284 4526 et
2309 4474 2574 4544 negligens
2603 4475 2652 4528 in
2685 4477 2796 4544 ipsa
2826 4478 3051 4532 sanitate
3079 4492 3336 4551 praecepta
3376 4485 3521 4538 salu-

1951 4560 2116 4625 taria,
2146 4561 2341 4617 decidit
2381 4565 2553 4620 animo
2599 4567 2650 4619 in
2698 4567 3056 4624 infirmitatem
3087 4587 3100 4625 :
3127 4571 3292 4628 discat
3338 4574 3520 4632 audire

2013 4693 2031 4724 ί
2058 4699 2106 4740 tu
2129 4692 2378 4765 plerisque
2404 4698 2740 4765 manuscriptis
2772 4698 2981 4748 clausula
3006 4708 3246 4765 sermonis
3275 4704 3378 4754 haec
3401 4712 3479 4756 est
3502 4721 3515 4755 :

1947 4753 2546 4829 adnominatio,
2570 4753 2751 4821 gratias
2771 4773 2970 4822 agamus
2987 4761 3030 4811 ei
3053 4763 3136 4826 qui
3160 4763 3266 4816 tit-it
3287 4753 3342 4815 et,
3356 4753 3522 4829 regnat

1946 4815 1998 4863 in
2019 4815 2197 4864 saecula
2216 4815 2513 4865 saeculorum.
2536 4815 2539 4816 ⁷
2570 4815 2591 4821 ⁷
2802 4815 2824 4822 ”
3067 4815 3077 4826 ’
3235 4815 3238 4816 ⁷
3316 4853 3320 4856 ν

2011 4878 2031 4906 ²
2051 4875 2350 4925 colbertinus
2367 4878 2542 4934 codex,
2566 4875 2690 4926 tiam
2709 4885 2905 4929 rectam.

2011 4937 2033 4968 ³
2053 4938 2126 4986 sic
2146 4938 2260 4986 editi
2283 4939 2661 4998 etmannscripti
2698 4940 2745 4986 in
2775 4948 2932 4990 classe
2961 4950 3240 4992 sermonum
3263 4945 3326 4994 de
3352 4948 3521 4996 verbis

1947 4998 2143 5046 Domini.
2170 5005 2226 5045 At
2241 4998 2294 5064 _in
2312 4996 2467 5064 classe
2490 4996 2793 5064 Homiliarum
2814 5002 3156 5064 quinquaginta
3178 5005 3294 5054 editi
3317 5015 3415 5054 Am.
3440 5015 3498 5056 Er

1946 5065 2000 5106 et
2019 5059 2333 5118 manuseripti
2365 5059 2544 5106 habent
2580 5058 2669 5106 hoc
2689 5058 2863 5109 modo:
2889 5058 2980 5111 No's
2999 5058 3160 5114 rZ-dire
3181 5077 3273 5115 non
3293 5065 3475 5118 sinebat
3501 5080 3521 5118 :

1944 5118 2061 5182 quia
2079 5123 2126 5168 et
2147 5117 2370 5180 superbia
2389 5118 2567 5180 fecerat
2589 5119 2816 5170 recedere
2856 5123 3121 5175 exaltatum
3154 5117 3414 5178 humamtm
3435 5117 3519 5178 cor

1945 5179 2172 5228 adseram
2197 5187 2362 5226 Deum.

2013 5191 2172 5228 versus
2197 5190 2362 5226 Deum.

2010 5242 2027 5257 '
2049 5238 2256 5288 Collatus
2283 5247 2361 5306 est
2391 5238 2449 5286 ad
2488 5246 2591 5289 tres
2626 5241 2706 5289 bn.
2737 5241 2795 5291 ad
2818 5245 3056 5306 Aquirque
3091 5246 3152 5294 cI.
3179 5247 3238 5296 ad
3275 5261 3320 5298 a.
3361 5250 3438 5299 cb.
3482 5250 3515 5298 f.

1946 5299 2004 5349 fs.
2049 5313 2097 5361 ε.
2151 5310 2226 5362 gr.
2283 5298 2342 5347 Ir.
2386 5313 2451 5347 ω.
2516 5315 2588 5363 pr.
2635 5316 2727 5350 rm.
2774 5298 2871 5354 vd.'
2910 5298 3075 5355 et'ad
3133 5318 3234 5357 Am.
3275 5298 3518 5360 lirfPar.

1946 5367 2054 5410 hev.

2030 5441 2080 5503 (ι)
2103 5439 2240 5500 Alias,
2260 5441 2324 5489 de
2342 5443 2511 5491 Verbis
2528 5445 2706 5493 Domini
2720 5443 2798 5503 δι,
2823 5453 2873 5494 et
2893 5445 2954 5494 5i
2976 5459 3037 5496 ex
3062 5447 3274 5499 Homiliis
3293 5450 3371 5499 50.

2030 5501 2078 5573 lg)
2099 5509 2342 5573 't‘ractatus
2363 5505 2453 5573 iste
2473 5506 2746 5573 continetur
2770 5501 2823 5573 in
2840 5511 3173 5573 manusu'iptis
3197 5510 3401 5573 duplicis
3432 5525 3520 5573 ge-

1946 5567 2098 5630 neris.
2120 5576 2279 5630 eoque
2303 5566 2474 5630 factum
2490 5572 2573 5630 est
2594 5573 2643 5630 ut
2662 5567 2708 5614 in
2722 5566 3292 5630 antiquioribusexcuss
3307 5575 3381 5621 bis
3397 5566 3518 5623 ede-

1948 5628 2087 5674 retur
2119 5641 2131 5674 :
2199 5627 2350 5685 primo
2387 5625 2581 5686 quidem
2598 5627 2789 5675 brevior
2825 5625 2949 5677 inter
2969 5643 3224 5680 sermones
3249 5634 3312 5683 de
3347 5636 3517 5684 verbis

1948 5690 2144 5757 Domini,
2167 5686 2380 5757 secundo
2399 5693 2562 5757 autem
2583 5687 2686 5757 loco
2707 5686 2936 5750 prolixior
2959 5691 3086 5740 inter
3121 5693 3343 5745 Homilias
3372 5697 3515 5757 quin-

1947 5747 2188 5810 quaginta,
2208 5752 2416 5807 quantus
2436 5747 2510 5795 hic
2535 5747 2808 5798 exhibetur.

2717 5835 2752 5908 ί
2770 5834 2882 5893 Vin
2894 5836 3154 5916 qt-cinq.
3161 5840 3192 5914 λ
