3850 6188
354 414 459 470 779

356 528 566 586 inllnna
592 534 749 592 quem
790 509 1107 580 contempsit
1153 503 1303 560 fortis
1329 504 1369 562 ί,
1401 498 1594 555 Audiat
1622 505 1678 550 ut
1704 499 1925 561 surgat,

357 634 512 692 quem
539 585 738 684 sprevit
765 615 821 662 ut
845 603 1078 660 caderet.
1105 597 1297 654 Audiat
1320 592 1529 648 tandem
1568 585 1931 656 experimento

358 673 586 769 edocta:
621 699 760 772 quod
804 701 1068 768 praecepto
1094 689 1262 745 noluit
1290 685 1549 741 obtinere.
1579 677 1768 733 Docuit
1789 673 1931 728 enim

362 815 480 856 eam
512 793 722 851 miseria
749 805 843 846 sua
867 829 882 853 ,
909 784 1034 857 quid
1079 781 1205 838 mali
1230 780 1299 835 sit
1343 793 1373 831 a
1413 772 1637 831 Domino
1664 766 1930 826 fornicari.

365 888 634 948 Recedcre
661 886 802 939 enim
829 880 895 935 ab
923 879 1012 932 illo
1039 872 1262 942 simplici
1283 879 1338 925 et
1377 863 1629 936 singulari
1655 859 1796 916 bono
1816 899 1831 923 ,
1882 857 1935 910 in

365 985 523 1040 istam
548 973 939 1033 multitudinem
981 967 1344 1035 voluptatum,
1390 960 1444 1026 in
1488 969 1721 1011 amorem
1760 948 1936 1005 saaculi

304 1107 307 1110 -
366 1069 868 1139 corruptionemque
893 1071 1191 1120 terrenam,
1217 1049 1466 1108 fornicari
1491 1055 1573 1103 est
1619 1059 1650 1098 a
1691 1040 1936 1096 Domino.

368 1165 435 1219 Et
460 1129 688 1231 quodam
713 1129 872 1210 modo
901 1149 1248 1206 fornicautem
1276 1142 1541 1197 allocutus
1565 1144 1647 1191 est
1666 1175 1681 1201 ,
1721 1142 1778 1187 ut
1816 1129 1937 1186 red-

369 1222 514 1309 iret-z
548 1247 841 1318 saepissime
868 1257 962 1313 per
990 1238 1282 1308 Pr0pbetas
1307 1233 1543 1300 increpat
1562 1235 1812 1290 tanquam
1837 1222 1944 1275 for-

372 1340 662 1405 nicariam,
705 1350 812 1392 non
861 1342 1038 1388 tamen
1089 1327 1455 1396 desperatam;
1504 1317 1625 1388 quia
1677 1315 1728 1368 in
1783 1324 1943 1366 manu

375 1433 536 1488 liabet
584 1431 742 1485 etiam
785 1424 1180 1481 mundationem
1229 1412 1523 1471 iornicaria:
1547 1449 1562 1476 ,
1592 1408 1680 1479 qui
1709 1407 1947 1473 increpat

375 1520 729 1580 fol-uicarium.

446 1611 671 1668 CAPUT
714 1607 802 1662 lll.
849 1636 919 1646 —
961 1605 1014 1659 5.
1050 1597 1345 1671 ουμιτθαιὶο
1395 1590 1700 1666 peccatoris,
1732 1595 1786 1640 ut
1813 1583 1950 1637 salu-

381 1705 533 1760 briter
560 1683 1045 1771 confundatur.Non
1066 1691 1206 1747 enim
1227 1689 1304 1742 sic
1330 1687 1603 1753 increpat,
1625 1687 1684 1734 ut
1703 1675 1948 1732 insultet:

378 1793 475 1849 sed
502 1791 567 1846 ad
595 1764 960 1846 confusionem
986 1785 1007 1816 ⁸
1031 1782 1143 1836 vult
1180 1776 1502 1849 perducere,
1546 1779 1604 1826 ut
1648 1775 1816 1823 sanet.
1851 1764 1956 1818 Ex-

381 1881 632 1939 clamavit
653 1879 925 1946 Scriptura
944 1874 1287 1928 vehementer
1309 1907 1322 1932 ,
1351 1880 1453 1921 nec
1476 1861 1706 1933 palpavit
1735 1856 1956 1912 adulan-

384 1973 644 2043 do,quos
672 1945 838 2024 voluit
861 1976 1110 2033 reparare
1147 1957 1402 2014 sanando.
1442 1952 1670 2007 Adulteri
1692 1989 1708 2015 ,
1758 1945 1956 2001 nescitis

381 2063 500 2133 quia
527 2033 718 2115 amicus
735 2057 884 2127 hujus
912 2051 1086 2107 mundi
1115 2047 1343 2103 inimicus
1370 2043 1474 2097 Deo
1495 2037 1810 2095 constituitur
1842 2033 1959 2107 (Ja-

383 2130 494 2208 cobi
545 2166 630 2218 tv,
684 2146 954 2218 i).Amor
1003 2138 1183 2196 mundi
1212 2135 1475 2190 adulterat
1517 2130 1780 2198 animam,
1811 2137 1961 2180 amor

385 2215 733 2302 fabricatoris'
762 2237 945 2294 mundi
991 2231 1249 2290 castificat
1299 2226 1572 2281 animam:
1603 2219 1699 2276 sed
1751 2217 1850 2272 nisi
1894 2215 1961 2270 de

385 2333 727 2405 corruptione
752 2323 1052 2388 erubuerit,
1104 2319 1170 2375 ad
1218 2317 1493 2386 amplexus
1531 2310 1649 2366 illos
1677 2316 1850 2363 castos
1878 2319 1962 2358 re-

385 2423 503 2480 dire
531 2401 636 2477 non
664 2415 1008 2486 concupiscit.
1036 2407 1396 2467 Confundatur
1423 2412 1484 2458 ut
1511 2401 1694 2456 redeat
1726 2439 1740 2464 ,
1768 2410 1886 2466 quae
1905 2407 1964 2449 se

387 2512 622 2584 iactabat
650 2524 717 2564 ne
743 2484 961 2562 rediret.
987 2498 1246 2570 Superbia
1271 2508 1398 2564 ergo
1424 2488 1740 2560 impediebat
1774 2484 1965 2539 animas

392 2582 644 2661 reditum.
692 2599 794 2666 Qui
833 2603 1008 2650 autem
1038 2593 1301 2658 increpat,
1333 2600 1438 2639 non
1481 2582 1605 2635 facit
1649 2584 1921 2650 peccatum
1945 2613 1961 2640 ,

391 2696 485 2752 sed
513 2690 745 2748 ostendit
770 2693 1062 2758 peccatum.
1084 2679 1236 2749 Quod
1282 2675 1495 2732 nolebat
1536 2672 1711 2727 anima
1741 2667 1921 2722 videre
1946 2706 1963 2732 ,

303 2859 313 2870 ⁸
393 2787 608 2860 ponitur
634 2784 682 2839 ei
705 2793 828 2837 ante
855 2778 1037 2834 oculos
1063 2795 1077 2843 ;
1109 2769 1317 2841 etquod
1347 2773 1464 2838 post
1503 2765 1717 2819 dorsum
1769 2759 1967 2814 habere

394 2850 676 2946 cupiebat,
731 2869 799 2925 ad
843 2867 1027 2923 faciem
1068 2863 1144 2917 illi
1190 2860 1518 2914 admovetur.
1546 2853 1680 2908 Vide
1721 2859 1773 2904 te
1815 2850 1867 2902 in
1893 2856 1964 2901 te.

400 2940 536 3032 Quid
560 2951 697 3016 vides
725 2957 965 3026 stipulam
992 2954 1045 3007 in
1066 2950 1208 3006 oculo
1231 2947 1402 3016 fratris
1431 2945 1502 2996 tui
1525 2983 1538 3007 ,
1573 2940 1759 2995 trabem
1804 2946 1968 2990 autem

395 3023 449 3108 in
490 3051 635 3107 oculo
657 3059 742 3103 tuo
770 3023 873 3100 non
913 3043 1048 3098 uides
1075 3038 1287 3113 (Matth.
1311 3051 1422 3098 vn,
1454 3031 1553 3103 5)?
1584 3029 1879 3084 Bevocatur
1902 3023 1969 3078 ad

397 3159 458 3198 se
483 3142 656 3196 anima
675 3180 690 3205 ,
717 3152 836 3208 qua:
856 3135 964 3190 ibat
999 3147 1029 3185 a
1047 3145 1150 3185 xse.
1181 3127 1328 3183 Sicut
1349 3139 1378 3177 a
1407 3138 1466 3177 se
1492 3123 1655 3184 ierat,
1683 3117 1761 3172 sic
1807 3130 1837 3169 a
1863 3115 1972 3169 Do-

400 3233 543 3288 mino
567 3244 662 3285 suo
682 3227 808 3282 ibat.
828 3225 897 3280 Se
912 3222 1053 3278 enim
1080 3223 1387 3290 respexerat
1404 3253 1419 3279 ,
1447 3211 1654 3279 sibique
1672 3207 1968 3277 placuerat,

407 3336 621 3391 sua‘que
648 3315 924 3388 potestatis
959 3309 1182 3367 amatrix
1227 3307 1361 3360 facta
1406 3301 1592 3356 fuerat.
1640 3294 1879 3352 Recessit
1905 3292 1972 3346 ab

402 3416 493 3470 illo
512 3390 612 3481 ,νει
636 3425 741 3465 non
767 3405 1023 3464 remansit
1049 3404 1180 3456 inse
1209 3398 1230 3430 ³
1261 3416 1275 3451 :
1308 3406 1362 3452 et
1384 3411 1414 3450 a
1436 3409 1494 3448 se
1531 3390 1836 3460 repellitur,
1864 3393 1915 3440 et
1943 3401 1973 3438 a

401 3521 462 3560 se
480 3499 806 3564 excluditur,
829 3505 881 3552 et
902 3495 955 3550 in
982 3492 1244 3548 exteriora
1275 3484 1585 3558 prolabitur.
1615 3482 1772 3535 Amat
1817 3491 1973 3530 mun-

402 3596 559 3659 dum,
589 3597 733 3646 amat
756 3584 1066 3656 temporalia
1086 3587 1264 3649 ,amat
1289 3588 1495 3632 terrena
1529 3589 1544 3626 :
1575 3586 1693 3641 quin
1726 3569 1773 3623 si
1811 3582 1870 3621 se
1899 3566 1979 3635 ip-

404 3699 518 3741 sam
545 3658 781 3743 amaret,
837 3674 1078 3746 neglecto
1123 3685 1154 3725 a
1180 3683 1285 3740 quo
1331 3665 1467 3720 facta
1496 3672 1607 3727 est,
1651 3659 1762 3729 jam
1804 3658 1978 3712 minus

405 3780 582 3839 esset,
606 3770 715 3840 jam
743 3745 995 3821 deﬁceret
1029 3757 1255 3815 amando
1283 3753 1426 3825 quod
1463 3752 1638 3806 minus
1678 3756 1782 3804 est.
1809 3745 1980 3800 Minus

407 3875 490 3921 est
508 3863 648 3920 enim
672 3861 782 3930 ipsa
807 3870 964 3927 quam
1008 3853 1146 3906 Deus
1174 3865 1190 3913 ;
1219 3856 1274 3902 et
1293 3847 1448 3914 longe
1474 3841 1650 3895 minus
1668 3878 1684 3905 ,
1731 3844 1983 3905 tantoque

411 3956 614 4018 minus,
640 3926 838 4020 quanto
863 3945 1039 4000 minus
1065 3949 1147 3996 est
1174 3953 1264 3993 res
1289 3936 1423 3990 facta
1451 3946 1607 4002 quam
1635 3929 1819 3982 factor.
1844 3926 1984 3995 Ergo

411 4013 674 4101 amandus
692 4046 806 4094 erat
834 4037 1005 4099 Deus;
1028 4041 1082 4087 et
1109 4026 1368 4084 amandus
1393 4031 1475 4078 est
1514 4020 1656 4075 Deus
1689 4017 1763 4071 ita
1785 4013 1842 4080 ⁸,
1885 4021 1946 4068 ut
1965 4053 1982 4081 ,

412 4136 458 4191 si
493 4132 606 4189 fieri
633 4135 840 4201 potest,
882 4138 981 4179 nos
1005 4124 1149 4192 ipsos
1179 4115 1568 4174 obliviscamur.
1596 4107 1727 4174 Quis
1753 4118 1881 4175 ergo
1906 4112 1989 4158 est

416 4231 518 4285 iste
541 4194 790 4282 transitus
810 4221 834 4273 ‘!
853 4217 1027 4273 Oblita
1048 4221 1130 4270 est
1153 4211 1325 4266 anima
1345 4221 1404 4262 se
1429 4206 1615 4274 ipsam,
1646 4197 1740 4254 sed
1765 4194 1989 4251 amando

417 4319 670 4378 mundum
724 4332 740 4370 :
792 4311 1136 4367 obliviscatur
1182 4317 1274 4366 se,
1327 4297 1422 4353 sed
1459 4291 1684 4350 amando
1730 4287 1990 4343 artificem

935 5089 1060 5166 Ϊιῖ
1079 5089 1268 5155 me:
1295 5089 1319 5149 ἔ
1335 5089 1438 5166 mit
1457 5094 1523 5166 ag

433 5147 1268 5248 ῧέπῖίῖιίὸἆῖτῖρᾶὂηὲἦῖᾶὶ
1483 5147 1779 5204 Exclainavit
1799 5147 2011 5214 Scriptus

435 5257 518 5294 ra.
546 5249 642 5291 etc.

499 5269 880 5352 ‘Eewrmanensts
895 5298 946 5341 et
969 5283 1288 5348 Remigiensis
1304 5287 1432 5338 διες,
1457 5275 1520 5326 ad
1542 5271 1897 5336 confessionem.
1923 5269 2013 5320 sed

438 5367 594 5415 minus
614 5363 763 5412 bene.

505 5391 594 5474 ﬁt:
614 5391 1052 5472 tiomiliarum
1071 5391 1729 5474 quinquagintamtgremansit
1820 5405 1889 5441 se.
1912 5398 2015 5474 διεδ

443 5489 493 5536 in
505 5452 1054 5536 ἕετεὲέἆῖῐὶὧῶ
1074 5452 1331 5536 aerata
1362 5452 1586 5536 fodiant:
1593 5454 1710 5536 μευ
1731 5462 1776 5504 ει
1793 5467 1824 5503 a
1845 5465 1896 5504 se
1918 5452 2018 5516 pel-

1079 5515 1211 5607 ξιςιιιε

508 5575 1215 5654 t'sinT'ﬁ-X'ﬁséfiﬁ'ciisse
1237 5592 1516 5654 sermonum
1551 5578 1613 5626 de
1649 5575 1816 5625 verbis
1836 5575 2019 5654 Domini

447 5633 653 5716 ωὲιίῗ
669 5633 1314 5720 ξίε’;”ἑτῖιῖῖἀΜ-ά”ὦ’ρεῤ,
1330 5653 1475 5720 Deus
1495 5651 1583 5705 pro
1596 5648 1779 5720 Δαςηοιςς
1800 5633 1934 5720 ι’ἱιιις,ζ
1954 5633 2022 5685 ita

450 5696 925 5781 muraena
956 5696 1833 5781 “ligasti—15"!“.libw:.l2:1|“9_£9§“"?
1858 5711 1870 5745 ³
1899 5703 2025 5781 ετέιο

707 5756 1437 5837 ἶᾶᾜὲὶδλεῖιῖἶᾷἶῄεὶὶροιεέι,
1454 5756 1736 5824 ριόἀγηονὲ
1776 5756 1898 5816 eius,
1926 5756 2020 5805 etc.

1581 385 1638 441 S.
1678 373 2039 437 AUGUSTINI
2078 368 2377 428 EPISCOPI

3469 363 3558 420 780

2042 483 2244 538 mundi.
2266 480 2424 537 Pulsa
2449 490 2578 548 ergo
2601 482 2654 530 et
2672 489 2701 527 a
2727 488 2788 530 se
2807 515 2822 540 ,
2849 469 3077 542 quodam
3098 469 3251 526 modo
3274 471 3478 541 perdidit
3492 489 3557 543 se,

2036 590 2136 630 nec
2161 573 2296 628 facta
2350 585 2446 625 sua
2496 568 2514 601 ⁸
2569 566 2716 621 novit
2756 564 2969 623 videre,
3015 562 3263 632 justifieat
3299 564 3563 632 iniquitates
3624 591 3630 600 -

2035 681 2160 721 suas
2189 682 2201 717 :
2232 661 2448 718 ell‘ertur
2471 667 2524 714 et
2551 656 2790 726 superbit
2817 655 2871 709 in
2913 654 3228 723 petulantia,
3261 655 3309 708 in
3353 654 3529 709 luxuria
3549 697 3562 723 ,

2038 757 2090 811 in
2116 755 2436 814 honoribus,
2469 750 2520 804 in
2547 747 2895 820 potestatibus
2913 786 2928 813 ,
2962 745 3014 799 in
3043 745 3232 799 divitiis
3252 786 3266 810 ,
3288 745 3336 798 in
3362 747 3566 815 potentia

2039 847 2302 903 vanitatis.
2329 843 2609 913 Arguitur,
2659 836 2976 907 corripitur,
3021 835 3314 890 ostenditur
3334 836 3445 902 sibi,
3479 837 3568 892 disc

2041 938 2200 1009 plicet
2226 935 2358 1001 sibi,
2387 931 2671 989 confitetur
2707 928 3026 993 foeditatem,
3064 925 3324 980 desiderat
3369 925 3562 996 pulchri.

2041 1027 2277 1082 tudinem
2299 1066 2312 1088 ,
2345 1033 2531 1093 etquae
2560 1021 2670 1075 ibat
2697 1018 2864 1072 eﬂ‘usa
2890 1056 2906 1084 ,
2931 1015 3068 1071 redit
3089 1013 3324 1070 confusa.

2111 1113 2336 1171 CAPUT
2373 1110 2591 1168 l\’.—4.
2625 1109 2812 1164 Odium
2853 1105 3125 1177 peccatoris
3151 1110 3263 1158 cum
3287 1104 3386 1171 ejus
3409 1119 3571 1156 amore.

2043 1206 2239 1262 Contra
2267 1205 2408 1258 illam
2431 1201 2646 1256 videtur
2667 1212 2842 1262 orare,
2869 1212 2934 1250 an
2957 1209 3053 1265 pro
3082 1194 3188 1259 illa,
3210 1192 3297 1262 qui
3316 1191 3438 1247 dicit
3456 1209 3468 1245 :
3486 1191 3577 1246 1m-

2048 1296 2130 1365 pie
2154 1295 2310 1366 facies
2336 1307 2508 1346 eorum
2539 1286 2852 1360 ignominia?
2884 1282 3228 1339 Adversarius
3253 1289 3472 1350 apparet,
3497 1281 3581 1334 ini-

2048 1389 2216 1442 micus
2267 1391 2506 1454 apparet.
2549 1381 2686 1435 Audi
2721 1377 2860 1447 quod
2899 1377 3167 1444 sequitur,
3207 1382 3260 1428 et
3287 1371 3400 1426 vide
3431 1381 3578 1425 utrum

2049 1491 2205 1531 orare
2230 1474 2396 1544 possit
2436 1471 2659 1524 amicus.
2681 1467 2869 1537 Imple,
2895 1463 3084 1533 inquit,
3112 1463 3262 1534 [acies
3289 1477 3445 1515 eorum
3461 1461 3581 1529 igno-

2052 1565 2226 1628 minia,
2254 1572 2300 1616 et
2324 1567 2546 1632 qua'rent
2575 1573 2753 1611 nomen
2780 1565 2941 1621 tuum,
2969 1551 3186 1606 Domine
3211 1551 3228 1620 (
3252 1549 3386 1604 Psal.
3411 1562 3581 1614 tum,

2053 1654 2166 1724 1⁵1).
2189 1652 2383 1708 Oderat
2407 1662 2522 1714 eos,
2550 1660 2774 1718 quorum
2803 1643 2963 1698 facies
2992 1640 3277 1710 ignominia
3297 1636 3486 1706 impleri
3505 1651 3584 1690 cu-

2055 1743 2264 1814 piebat?
2284 1740 2416 1796 Vide
2435 1734 2878 1810 quemadmodum
2906 1739 3054 1786 amat
3075 1744 3189 1796 eos,
3207 1744 3334 1798 quos
3351 1728 3452 1782 vult
3467 1740 3587 1796 quae-

2057 1848 2174 1889 rere
2202 1845 2395 1886 nomen
2429 1825 2654 1883 Domini.
2685 1826 2844 1879 Amat
2867 1831 3074 1876 tantum
3098 1859 3116 1886 ,
3159 1833 3226 1873 an
3253 1818 3360 1873 odit
3385 1814 3586 1872 tantum!

2057 1938 2124 1977 an
2145 1931 2199 1978 et
2225 1919 2337 1976 odit
2364 1927 2418 1974 et
2441 1915 2616 1972 amat?
2653 1915 2847 1969 lmoet
2884 1909 2998 1968 odit
3040 1916 3097 1964 et
3141 1916 3297 1962 amat.
3339 1905 3452 1962 Odit
3483 1913 3589 1970 tua,

2058 2019 2201 2068 amat
2227 2019 2297 2066 te.
2327 2007 2465 2077 Quid
2500 2015 2613 2073 est,
2640 1995 2764 2059 Odit
2791 2011 2901 2068 tua,
2927 2009 3076 2056 amat
3101 1998 3184 2054 te?
3212 1996 3330 2053 Odit
3365 1995 3490 2066 quod
3525 1993 3592 2049 fe-

2060 2101 2201 2167 cisti,
2242 2106 2386 2154 amat
2423 2095 2565 2167 quod
2602 2093 2728 2150 fecit
2755 2093 2915 2148 Deus.
2943 2089 3080 2157 Qua:
3105 2097 3226 2144 sunt
3250 2087 3383 2143 enim
3412 2095 3487 2140 tua
3509 2082 3591 2139 nisi

2062 2189 2310 2262 peccata?
2335 2189 2400 2244 Et
2421 2186 2547 2257 quid
2573 2200 2631 2240 es
2657 2192 2734 2248 tu,
2758 2182 2861 2237 nisi
2885 2180 3033 2251 quod
3061 2179 3185 2234 fecit
3206 2179 3340 2232 Deus
3366 2176 3593 2231 hominem

2061 2282 2129 2337 ad
2155 2280 2432 2350 imaginem
2457 2286 2514 2332 et
2539 2272 2942 2331 similitudinem
2980 2284 3139 2325 suam
3159 2268 3219 2322 ⁸⁸1
3247 2266 3458 2336 Negligis
3478 2263 3594 2334 quod

2067 2373 2234 2428 factus
2263 2385 2344 2436 es,
2390 2368 2564 2438 diligis
2598 2365 2741 2437 quod
2778 2361 2970 2418 fecisti.
3011 2361 3176 2415 Amas
3213 2365 3356 2413 extra
3389 2364 3437 2410 te
3466 2367 3596 2423 opera

2065 2471 2175 2528 tua,
2204 2459 2429 2529 negligis
2453 2458 2506 2510 in
2536 2463 2589 2510 te
2618 2467 2752 2524 opus
2775 2453 2884 2505 Dei.
2910 2450 3104 2504 Merito
3128 2449 3194 2513 is,
3217 2446 3394 2501 merito
3414 2443 3594 2508 laberis,

2065 2551 2260 2608 merito
2283 2557 2337 2604 et
2363 2563 2394 2602 a
2423 2557 2474 2602 te
2499 2547 2613 2616 ipso
2641 2543 2816 2614 pergis
2839 2559 2851 2594 :
2877 2540 3078 2595 merito
3100 2539 3266 2602 audis,
3287 2536 3490 2605 Spiritus
3507 2549 3598 2586 am-

2069 2644 2265 2707 bulans,
2291 2649 2336 2693 et
2365 2654 2464 2693 non
2501 2645 2744 2690 revertens
2772 2631 2958 2703 (Psaf.
3005 2645 3206 2693 ιιχνιι,
3236 2626 3358 2697 59).
3387 2624 3504 2678 Audi
3525 2637 3599 2692 po-

2071 2735 2173 2789 tius
2202 2739 2498 2796 vocantem,
2541 2738 2598 2782 et
2633 2727 2915 2786 dicentem,
2961 2719 3320 2776 Convertimini
3360 2715 3420 2769 ad
3457 2731 3538 2778 me,
3562 2723 3600 2768 et

2069 2835 2326 2880 convertar
2348 2823 2415 2877 ad
2443 2837 2527 2876 vos
2556 2819 2736 2891 (Ζαειι.
2764 2835 2800 2881 ι,
2827 2819 2861 2872 5
2881 2818 2920 2887 ).
2943 2815 3068 2870 Νοη
3098 2815 3236 2869 enim
3262 2811 3392 2866 Deus
3414 2807 3602 2862 adverti-

2070 2926 2175 2983 tur,
2213 2926 2267 2971 et
2301 2914 2660 2971 convertitur:
2689 2925 2908 2965 manens
2932 2907 3183 2975 corripit,
3211 2897 3603 2957 incommutabilis

2072 3009 2310 3080 corripit.
2351 3010 2582 3062 Aversus
2608 3013 2689 3059 est
2709 3004 2872 3073 ,-quia
2902 3010 2954 3055 tu
2985 3010 3049 3055 te
3074 2997 3325 3054 avertisxi.
3354 2995 3423 3050 Tu
3453 2992 3510 3046 ab
3533 2990 3604 3044 illo

2073 3102 2244 3156 fecisti
2274 3114 2476 3164 casum,
2505 3112 2610 3151 non
2649 3097 2764 3164 ipse
2801 3109 2829 3146 a
2859 3102 2914 3148 te
2951 3093 3085 3147 fecit
3120 3103 3356 3144 occasum
3384 3084 3470 3155 (α).
3494 3082 3605 3148 Ergo

2073 3193 2194 3247 audi
2237 3191 2497 3246 dicentem
2528 3187 2641 3250 tibi,
2683 3183 3048 3240 Convertimini
3079 3181 3146 3234 ad
3172 3197 3278 3244 me,
3311 3187 3355 3231 et
3391 3181 3608 3230 convertar

2075 3283 2142 3336 ad
2169 3298 2274 3338 uos.
2301 3281 2414 3335 Hoc
2438 3288 2522 3334 est
2547 3278 2710 3341 enim,
2737 3276 3044 3330 Convertor
3065 3273 3130 3327 ad
3153 3285 3264 3338 vos,
3291 3269 3402 3338 quia
3424 3276 3608 3319 conver-

2076 3372 2249 3428 timini
2295 3371 2361 3424 ad
2403 3384 2508 3424 me.
2549 3365 2820 3435 Fugientis
2863 3365 3031 3418 dorsa
3072 3359 3410 3433 persequitur.
3457 3353 3608 3409 facient

2077 3460 2345 3516 redeuntis
2363 3458 2638 3513 illuminat.
2657 3455 2772 3522 Quo
2787 3454 2928 3508 enim
2945 3450 3162 3522 fugiesa
3181 3451 3287 3505 Deo
3301 3443 3507 3516 fugiens?
3517 3441 3608 3506 Quo

2079 3550 2248 3620 fugies
2277 3547 2484 3617 fugiens
2525 3545 2592 3599 ab
2630 3545 2725 3597 illo
2761 3543 2849 3612 qui
2893 3543 3052 3596 nullo
3093 3541 3212 3595 loco
3251 3538 3538 3596 continetur,
3567 3535 3612 3584 et

2081 3617 2340 3710 nusquam
2371 3637 2566 3692 absens
2595 3634 2708 3689 est?
2753 3633 2853 3700 Qui
2893 3646 3218 3687 conversum
3261 3628 3468 3690 liberat,
3493 3617 3612 3691 punit

2081 3690 2346 3787 “ensum.
2385 3690 2562 3782 iiabes
2580 3690 2809 3797 judicent
2832 3722 3064 3792 fugiens,
3092 3730 3293 3792 patrem
3318 3690 3638 3772 babetoired-'

2082 3835 2217 3877 iens.
2837 3851 2852 3854 _

2154 3907 2378 3964 CAPUT
2416 3906 2481 3960 V.
2508 3931 2582 3947 -—
2626 3905 2680 3959 5.
2735 3901 2921 3956 Tumor
2963 3899 3272 3955 hunsilitatis
3309 3895 3615 3953 medicamento

2086 3998 2363 4054 sanandus.
2382 3995 2611 4052 Christus
2626 4003 2676 4048 et
2697 3993 2776 4046 uia
2795 4003 2842 4045 et
2858 3993 3052 4061 janua.
3075 3991 3358 4044 'I‘umuerat
3380 3993 3534 4040 autem
3549 3993 3617 4032 su-

2087 4089 2289 4162 perbia,
2317 4097 2372 4142 et
2400 4088 2517 4156 ipso
2545 4094 2753 4139 tumore
2780 4097 2873 4152 per
2902 4091 3194 4151 angustum
3224 4077 3396 4135 redire
3426 4087 3518 4128 non
3541 4083 3616 4138 po-

2091 4189 2244 4237 terat.
2270 4179 2475 4234 Clamat
2498 4177 2587 4231 ille
2610 4177 2700 4246 qui
2732 4174 2902 4229 factus
2927 4182 3013 4228 est
3038 4174 3120 4227 via
3145 4191 3160 4227 :
3188 4171 3378 4225 Intrate
3399 4183 3480 4238 per
3495 4176 3619 4230 angl-

2092 4283 2222 4330 stam
2246 4281 2445 4343 portam
2471 4257 2696 4342 (Matth.
2712 4281 2805 4331 vn,
2837 4267 2904 4320 l5
2922 4263 2966 4336 ).
2991 4263 3234 4320 Conatur
3259 4257 3468 4330 ingredi,
3491 4254 3620 4320 impe-

2093 4367 2173 4422 dit
2197 4375 2406 4421 tumor:
2435 4372 2491 4418 et
2518 4369 2663 4415 tanto
2693 4359 2860 4428 magis
2885 4357 3186 4426 perniciose
3210 4361 3441 4414 conatur,
3464 4350 3624 4415 quanto

2097 4456 2264 4526 magis
2289 4451 2506 4523 impedit
2527 4459 2720 4504 tumor.
2742 4445 3027 4501 Tumidum
3051 4445 3194 4500 enim
3218 4449 3372 4496 vexat
3391 4429 3623 4504 angustia;

2097 4552 2319 4601 vexatus
2363 4550 2537 4596 autem
2584 4537 2813 4607 amplius
2854 4534 3155 4598 tumebit';
3198 4531 3418 4600 amplius
3457 4531 3626 4580 tumens

2099 4631 2310 4704 quando
2335 4629 2583 4685 intrabit?
2604 4604 2741 4697 Ergo
2760 4626 3108 4681 detnmescat.
3131 4621 3288 4678 Unde
3307 4604 3627 4674 deimuescit‘t

2103 4722 2340 4792 Accipiat
2381 4717 2690 4774 humilitatis
2736 4714 3185 4770 medicamentum
3230 4727 3244 4765 :
3293 4709 3433 4766 bibat
3481 4707 3627 4757 contra

2107 4823 2369 4869 tumorem
2400 4809 2642 4881 poculum
2664 4821 2931 4874 amarum,
2955 4803 3052 4860 sed
3081 4803 3324 4868 salubre;
3345 4796 3479 4855 bibat
3501 4802 3630 4865 pocu-

2171 4964 2287 5036 ἕδεα
2304 5035 2307 5036 ,
2327 4973 2497 5036 οφρεε
2530 4963 2840 5036 ρεριιεὲηεει
2871 4953 3092 5036 is?“
3125 4952 3363 5036 ίοηίῖὲθεθίῖ
3379 4941 3632 5036 “filim

2562 5141 2571 5146 .
2937 5088 3632 5146 ..,.°-s_-_--’n....'.l

2111 5088 2316 5136 amanto
2337 5088 2571 5146 artiﬁcem
2591 5088 2758 5130 munus
2779 5088 2916 5140 putsa
2941 5088 3010 5125 est
3025 5088 3072 5125 ει
3091 5088 3126 5123 a
3145 5088 3213 5124 se.
3238 5088 3378 5123 musa
3404 5088 3520 5129 πνυ,
3541 5088 3616 5108 σιν

2111 5153 2223 5197 uss-
2247 5141 2608 5210 Sermontseﬁe
2632 5140 2800 5210 "emis
2820 5137 3020 5210 ροιτιίῐιξν
3040 5133 3187 5210 [θυεερ
3202 5139 3279 5210 ἐξὲξ
3291 5140 3444 5210 “9.9.”
3463 5088 3634 5210 tit‘lﬁ

2115 5182 2623 5276 ἷῆᾰτὶᾇῖξόἔξᾱῖᾁὶῖἕε
2645 5182 3019 5262 ἐ’ὲῖἧιιῖἶῆὲϊ
3034 5182 3180 5260 facta
3193 5182 3280 5244 sua
3295 5228 3309 5252 ,
3337 5182 3432 5238 ἵεις.
3471 5183 3534 5232 sic
3553 5182 3636 5226 fere

2116 5277 2215 5316 Am.
2243 5273 2295 5315 et
2316 5264 2388 5312 Er.
2407 5264 2605 5312 ibidem.

2125 5293 2388 5401 Tutu:
2407 5293 2772 5401 _de
2788 5319 2955 5376 verbis
2979 5317 3164 5366 Domini
3191 5315 3348 5372 deesx,
3366 5304 3571 5359 hominem
3586 5293 3634 5344 θαι

2118 5387 2373 5451 imaginem
2391 5390 2438 5435 et
2455 5382 2815 5434 similitudinem
2832 5391 2985 5429 suam.

2184 5451 2204 5481 ³
2223 5460 2325 5518 Μεε.
2341 5445 2645 5516 Homiliarum
2665 5441 3024 5505 quinquaginta,
3063 5433 3313 5487 Tumidum
3329 5428 3444 5482 etim
3456 5423 3637 5476 Μίκων

2121 5507 2327 5556 amnlsus
2340 5507 2537 5556 tumebit
2555 5519 2571 5556 :
2591 5503 2795 5556 umidius
2815 5508 3016 5554 tumens.
3036 5506 3134 5546 elc-
3246 5555 3249 5556 ,
3300 5554 3306 5556 _
3537 5543 3567 5556 _.
3581 5539 3626 5556 ε,

2121 5507 2327 5603 amplius
2340 5506 2537 5586 tumebit
2555 5519 2571 5565 ;
2591 5506 2795 5613 auﬁdius
2815 5508 3016 5572 tumens,
3036 5506 3135 5568 etc:
3581 5539 3626 5579 Β

2783 5543 3642 5661 2:22.923333af‘2‘332’mim

2437 5596 2768 5685 'Bz’aiitészzt,‘
2782 5596 3366 5684 ἔὲἶῖιῦἶῆᾇὶ-ἓξιίῗϊὶιίἶέ
3384 5596 3521 5666 mem
3546 5596 3648 5646 ἀίειν

2125 5705 2401 5813 mgistff‘t'ide
2424 5756 2576 5798 't‘ract.
2599 5747 2629 5796 Ξ
2659 5748 2706 5795 in
2727 5741 3052 5803 Evangelium
3073 5745 3227 5792 Joan.,
3247 5747 3293 5782 ιι,
3313 5730 3358 5780 8.

3650 5785 3683 5801 γ.
