3850 6188
284 354 380 409 781

282 468 392 525 lum
421 459 754 524 humilitatis.
776 465 913 536 Quid
941 482 1001 526 se
1025 469 1227 524 arctat?
1247 467 1360 524 Non
1385 464 1511 524 sinit
1533 467 1720 532 moles,
1750 482 1857 522 non

284 574 472 628 magna
491 599 507 622 ,
547 557 644 614 sed
674 558 893 638 tumida.
919 558 1218 630 Magnitudo
1243 559 1386 613 cnim
1415 557 1732 612 soliditatem
1757 555 1856 610 ha-

281 648 390 712 bet,
419 657 597 703 tumor
626 647 971 704 inﬂationem.
999 647 1117 704 Non
1145 648 1244 703 sibi
1273 660 1494 718 magnus
1524 645 1751 700 tumidus
1774 645 1855 698 vi-

279 740 472 797 deatur
501 759 514 794 :
547 739 896 806 detumescat,
924 749 980 794 ut
1007 753 1230 810 magnus
1253 740 1344 805 sit,
1370 747 1430 792 ut
1457 746 1654 802 certus,
1680 743 1738 790 ut
1763 749 1854 790 so~

281 831 440 886 lidus.
467 829 586 883 Non
629 830 731 885 ista
757 827 1040 894 desideret,
1068 843 1173 882 non
1201 827 1269 884 de
1304 828 1404 882 ista
1445 840 1635 896 pompa
1677 839 1856 880 rerum

223 979 226 983 ,
281 919 574 975 labentium
619 918 1144 988 corruptibiliumque
1178 918 1434 988 glorietur
1464 933 1478 970 :
1518 916 1698 970 audiat
1732 927 1856 970 eum

278 1009 454 1080 ipsum
481 1008 573 1077 qui
599 1006 750 1072 dixit,
777 1005 975 1060 Intrate
999 1023 1087 1076 per
1110 1016 1373 1077 angustam
1399 1013 1616 1076 portam,
1655 1003 1854 1058 decen-

280 1107 409 1162 tem,
437 1097 552 1168 Ego
575 1113 688 1151 sum
711 1096 810 1150 via.
833 1096 995 1162 Quasi
1014 1096 1155 1150 enim
1180 1102 1442 1165 quaareret
1469 1093 1719 1155 tumidus.
1740 1093 1852 1160 Qua

279 1189 530 1244 intrabo?
559 1187 669 1258 Ego
697 1203 807 1241 sum
831 1187 930 1251 uia,
959 1186 1154 1256 inquit;
1181 1200 1277 1257 per
1303 1201 1390 1240 me
1417 1185 1553 1240 intra
1579 1204 1591 1236 :
1615 1199 1721 1238 non
1751 1183 1850 1238 nisi

278 1295 374 1349 per
411 1295 498 1334 me
525 1279 797 1344 ambulas,
839 1285 896 1332 ut
938 1279 1103 1333 intres
1142 1292 1236 1346 per
1267 1277 1502 1346 januam.
1530 1275 1674 1345 ,Nam
1715 1275 1852 1330 sicut

277 1369 432 1432 dixit,
459 1367 570 1438 Ego
595 1383 708 1422 sum
735 1368 848 1432 uia;
873 1367 945 1422 ita
968 1367 1149 1432 etiam,
1176 1364 1290 1437 Ego
1311 1382 1423 1419 sum
1440 1366 1608 1436 janua
1627 1366 1644 1396 ¹
1672 1363 1847 1434 (Joan.

279 1475 336 1525 x,
367 1457 398 1512 7
427 1461 468 1525 ).
497 1457 633 1526 Quid
660 1457 856 1527 quartis
882 1471 987 1526 qua
1011 1456 1220 1523 redeas,
1259 1471 1365 1526 quo
1392 1455 1603 1519 redeas,
1633 1468 1736 1525 qua
1765 1455 1849 1509 in-

277 1547 427 1603 tres?
453 1547 532 1602 Ne
579 1545 769 1602 alicubi
819 1551 1006 1613 erres,
1045 1546 1160 1616 ipse
1196 1546 1288 1600 tibi
1317 1545 1492 1599 omnia
1537 1542 1704 1599 factus
1745 1552 1845 1598 est.

275 1636 518 1693 Breviter
541 1651 667 1707 ergo
694 1635 853 1691 dicit:
880 1635 1104 1690 Humilis
1137 1644 1275 1702 esto,
1310 1634 1454 1688 mitis
1485 1643 1621 1688 esto.
1647 1633 1846 1688 Audia—

274 1741 394 1780 mus
416 1727 522 1781 hoc
539 1725 870 1797 apertissime
891 1723 1177 1791 dicentem,
1201 1733 1258 1778 ut
1275 1723 1456 1779 videas
1479 1723 1500 1754 ⁸
1523 1737 1626 1792 qua
1647 1722 1715 1776 sit
1735 1723 1845 1790 via,

272 1832 390 1887 qua:
421 1814 492 1871 sit
521 1816 626 1883 via,
657 1830 762 1886 quo
790 1816 859 1871 sit
891 1815 994 1870 via.
1025 1814 1142 1882 Quo
1172 1815 1252 1869 vis
1272 1813 1491 1869 venire?
1517 1811 1674 1868 Certe
1711 1812 1848 1869 forte

270 1907 491 1962 avaritia
520 1907 698 1962 omnia
725 1907 806 1961 vis
832 1905 1125 1976 possidere.
1151 1903 1334 1959 Omnia
1361 1903 1486 1957 mihi
1512 1905 1696 1957 tradita
1731 1914 1849 1958 sunt

271 2014 303 2050 a
340 1997 503 2051 Patre
534 2012 664 2062 meo,
705 1995 874 2066 inquit
899 1994 1108 2068 (Matth.
1137 2010 1214 2062 ιι,
1239 1992 1368 2066 27).
1399 1992 1647 2048 Fortasse
1673 1991 1845 2048 dictu-

271 2101 361 2141 rus
399 2099 501 2145 es:
535 2082 749 2140 Christo
788 2091 910 2138 sunt
948 2083 1158 2150 tradita,
1199 2081 1452 2152 numquid
1497 2081 1662 2135 mihi?
1708 2081 1846 2136 Audi

270 2175 588 2246 Apostolum
628 2173 928 2229 dicentem:
970 2173 1110 2238 andi,
1145 2181 1202 2227 ut
1237 2171 1345 2227 dixi
1384 2170 1734 2258 jamdudum,
1777 2184 1846 2225 ne

269 2267 649 2337 desperatione
674 2265 960 2336 frangat-is;
984 2263 1104 2318 audi
1130 2262 1398 2334 quomodo
1421 2269 1625 2316 amatus
1653 2275 1712 2314 es
1738 2272 1844 2313 non

268 2359 551 2424 amandus,
578 2357 702 2412 audi
728 2355 992 2427 quomodo
1016 2364 1222 2409 amatus
1241 2369 1301 2408 es
1316 2353 1504 2422 turpis,
1528 2350 1714 2414 foedus,
1743 2365 1843 2404 an-

269 2462 480 2522 tequam
511 2457 657 2504 esset
681 2447 735 2502 in
763 2457 816 2502 te
838 2445 977 2516 quod
1003 2444 1170 2500 amari
1193 2443 1406 2512 dignum
1433 2449 1593 2496 esset.
1623 2441 1843 2494 Amatus

266 2555 324 2596 es
349 2540 526 2610 prius,
561 2547 620 2592 ut
647 2537 836 2606 dignus
863 2535 1019 2589 fieres
1045 2533 1136 2602 qui
1163 2530 1439 2585 amareris.
1469 2527 1670 2582 Etenim
1691 2526 1843 2582 Chri-

265 2640 394 2696 stus,
418 2628 565 2683 sicut
589 2626 662 2680 ait
695 2621 996 2694 Apostolus,
1020 2636 1111 2688 pro
1133 2619 1304 2688 impiis
1322 2625 1546 2672 mortuus
1565 2627 1636 2672 est
1667 2615 1840 2691 (Itoni.

265 2733 320 2784 v,
345 2716 440 2787 6).
465 2718 552 2770 An
581 2715 716 2769 forte
739 2712 930 2782 impius
954 2709 1120 2765 amari
1145 2707 1479 2763 merebatur?
1505 2707 1696 2773 Quer
1715 2705 1842 2776 quid

264 2807 576 2862 merebatur
596 2801 822 2872 impius?
849 2799 1098 2855 Damnari
1117 2837 1134 2865 ,
1161 2799 1471 2868 respondes.
1513 2795 1742 2852 Christus
1766 2805 1842 2851 ta-

263 2912 388 2952 men
416 2911 514 2965 pro
539 2895 706 2964 impiis
731 2900 954 2945 mortuus
978 2899 1070 2944 est.
1107 2889 1247 2944 Ecce
1275 2887 1400 2958 quid
1427 2886 1520 2942 tibi
1551 2887 1842 2966 praestitum

261 2996 344 3042 est
370 2984 566 3056 impio,
587 2984 695 3052 jam
721 2981 811 3052 pio
838 2979 962 3050 quid
989 2976 1264 3034 servatur?
1281 2977 1417 3047 Quid
1444 2978 1736 3048 praestitum
1759 2985 1843 3032 est

262 3075 472 3147 impio?
500 3073 730 3128 Christus
769 3088 862 3142 pro
898 3071 1069 3139 impiis
1106 3077 1330 3124 mortuus
1365 3079 1455 3122 est.
1497 3067 1842 3123 Desiderabas

262 3176 447 3222 autem
477 3164 658 3219 omnia
683 3161 990 3232 possidere:
1017 3160 1127 3215 noli
1153 3174 1245 3228 per
1267 3159 1536 3214 avaritiam
1561 3177 1576 3226 ;
1607 3175 1703 3229 per
1727 3159 1842 3228 pie-

263 3266 431 3312 tatem
476 3255 582 3310 hoc
623 3267 833 3324 quaere,
880 3267 976 3322 per
1018 3248 1368 3306 humilitatem
1409 3250 1510 3306 hoc
1550 3265 1747 3320 quaare.
1786 3249 1842 3306 Si

261 3347 407 3402 enim
435 3346 514 3399 ita
537 3343 827 3414 quaesieris,
851 3340 1412 3412 possidebis.Tencbis
1435 3339 1578 3396 enim
1597 3355 1720 3394 cum
1750 3355 1846 3410 per

265 3449 432 3504 quem
459 3433 600 3488 facta
627 3440 751 3488 sunt
779 3431 978 3499 omnia,
1023 3439 1080 3486 et
1115 3445 1235 3486 cum
1264 3430 1378 3500 ipso
1404 3431 1580 3485 omnia
1606 3429 1846 3501 posside-

263 3526 347 3580 bis
375 3526 480 3580 (al.
1555 3569 1560 3574 .

334 3524 573 3668 ἕζυτ
609 3610 699 3668 Vl.
725 3639 799 3652 —
839 3610 896 3665 6.
943 3607 1172 3665 Christus
1198 3610 1418 3664 medicus
1445 3569 1682 3678 poculum
1707 3609 1846 3678 prior

261 3714 459 3778 tegroto
503 3703 640 3759 bibit.
682 3702 800 3758 Non
843 3702 958 3758 haec
1001 3715 1101 3756 nos
1141 3701 1289 3771 quasi
1324 3698 1689 3754 ratiocinando
1715 3698 1846 3755 dici-

263 3813 413 3852 mus.
447 3796 624 3866 lpsum
649 3794 770 3849 audi
798 3793 1109 3864 Apostolum
1129 3791 1420 3846 dicentem:
1448 3790 1547 3858 Qui
1563 3789 1701 3844 Filio
1723 3806 1843 3861 pro-

263 3891 382 3961 prio
409 3905 513 3943 non
541 3887 776 3958 pepercit,
797 3885 886 3940 sed
909 3901 1000 3956 pro
1025 3883 1169 3938 nobis
1193 3882 1420 3938 omnibus
1440 3882 1647 3936 tradidit
1667 3882 1846 3945 illum;

261 3977 523 4050 quomodo
550 3992 651 4030 non
678 3983 725 4029 et
749 3990 863 4028 cum
885 3972 976 4027 illo
1002 3973 1172 4026 omnia
1200 3970 1342 4025 nobis
1363 3970 1567 4024 donauit
1596 3969 1705 4040 (Id.
1727 3985 1842 4036 vnt,

262 4068 335 4123 32
351 4067 412 4136 )2
442 4066 636 4131 Avare,
667 4076 794 4118 ecce
821 4061 985 4116 habes
1008 4059 1206 4114 omnia.
1236 4059 1425 4115 Omnia
1451 4074 1569 4128 qua:
1595 4073 1762 4124 amas,
1789 4065 1849 4115 ut

263 4173 379 4212 non
401 4156 425 4188 ³
449 4153 757 4224 impediaris
786 4168 816 4206 a
837 4151 1069 4219 Christo,
1097 4158 1397 4218 contemne,
1438 4160 1494 4206 et
1525 4151 1694 4219 ipsum
1726 4160 1846 4206 tene

263 4248 321 4302 in
349 4259 464 4316 quo
493 4244 663 4314 possis
688 4243 864 4298 omnia
891 4241 1183 4314 possidere.
1211 4241 1328 4311 ipse
1354 4255 1482 4312 ergo
1509 4241 1744 4296 medicus
1767 4241 1847 4295 ni-

266 4335 345 4390 hil
379 4333 470 4388 tali
515 4331 759 4402 indigens
795 4331 1203 4398 medicamento,
1231 4337 1406 4384 tamen
1450 4338 1507 4384 ut
1534 4329 1844 4384 exhortare-

265 4435 354 4480 tur
383 4433 665 4493 tegrotum,
693 4422 826 4478 bibit
851 4421 994 4492 quod
1023 4435 1158 4492 opus
1185 4421 1234 4474 ei
1274 4435 1380 4474 non
1409 4428 1524 4492 erat
1552 4437 1566 4474 :
1599 4428 1844 4488 tanquam

265 4521 607 4568 recusantem
629 4511 926 4580 alloquens,
943 4518 998 4566 et
1025 4509 1285 4579 trepidum
1307 4510 1513 4578 erigens
1532 4509 1664 4564 bibit
1680 4509 1843 4578 prior.

263 4601 518 4667 Calicem,
542 4592 739 4671 inquit,
765 4615 912 4668 quem
937 4614 1028 4670 ego
1075 4598 1317 4652 bibiturus
1350 4613 1463 4650 sum
1499 4596 1717 4669 (Matth.
1748 4612 1843 4665 xx,

262 4693 384 4764 22)
415 4711 429 4745 :
459 4692 548 4762 qui
578 4693 631 4746 in
660 4706 747 4746 me
775 4705 880 4745 non
912 4690 1080 4746 habeo
1103 4689 1245 4759 quod
1270 4689 1338 4743 ah
1370 4689 1458 4742 illo
1495 4689 1660 4743 calice
1693 4703 1848 4744 sane-

263 4794 382 4846 tur,
416 4781 678 4836 bibiturus
705 4796 822 4836 sum
868 4790 1064 4845 tamen,
1099 4794 1168 4834 ne
1209 4788 1263 4833 tu
1306 4779 1606 4848 dedigneris
1643 4779 1845 4846 bibere,

260 4875 355 4929 cui
388 4887 525 4942 Opus
547 4882 629 4928 est
657 4880 715 4926 ut
740 4871 908 4926 bibas.
939 4870 1056 4926 Jam
1081 4869 1278 4933 videte,
1319 4868 1530 4936 fratres,
1554 4870 1599 4924 si
1622 4871 1848 4940 amplius

261 4973 537 5036 aegrotare
577 4963 739 5019 debet
765 4977 935 5032 genus
959 4960 1246 5016 humanum
1272 4971 1486 5032 accepta
1509 4968 1650 5016 tanta
1677 4961 1846 5017 medi-

261 5057 413 5111 cina.
445 5053 564 5112 Jan
604 5053 821 5108 humilis
857 5053 998 5107 Deus
1055 5061 1110 5105 et
1145 5051 1320 5106 adhuc
1358 5051 1616 5120 superbus
1652 5052 1812 5106 homo

331 5205 351 5242 ⁸
379 5201 811 5266 »ιδιηᾳωίὶίωἰιω
848 5203 1211 5266 quinquaginta,
1250 5201 1686 5266 utgintrestarum
1722 5207 1792 5254 est
1829 5215 1849 5254 :

1237 5276 1258 5314 :
1291 5262 1421 5315 dixit
1448 5263 1850 5328 MEQOW

258 5331 437 5391 fatua.
458 5331 581 5384 Quid
600 5331 798 5387 ameris,
819 5331 916 5374 etc.
1332 5382 1345 5396 .

333 5387 359 5458 ξ
377 5392 486 5458 uss.
498 5385 880 5458 sermonumde
894 5385 1066 5458 verbis
1077 5385 1559 5458 nouunlgadeatnus.
1586 5453 1595 5458 _
1710 5448 1741 5458 Α

333 5446 364 5478 ³
377 5447 463 5510 ilic
493 5447 835 5496 emensis
860 5452 914 5496 et
939 5447 1254 5510 aemigiensis
1284 5453 1391 5498 Mss.
1435 5453 1604 5498 carent
1620 5446 1850 5510 partienda

268 5513 517 5630 flﬁutiiae
533 5578 700 5630 sermo
717 5566 897 5630 desinit
914 5567 968 5617 in
984 5567 1321 5630 manusa'iptis
1346 5573 1627 5630 Semnonum
1645 5569 1711 5618 de
1734 5575 1852 5618 Ver-

267 5626 355 5677 bis
371 5626 584 5686 Daninl;
606 5640 700 5678 nec
719 5626 959 5691 reliquum
983 5627 1189 5680 habetur
1216 5626 1308 5680 nisi
1340 5629 1391 5679 in
1421 5629 1665 5681 codicibus
1689 5630 1849 5680 Homi-

251 5687 430 5738 liarum
459 5688 826 5751 quinquaginta.

1659 352 1888 411 SEBDIO
1923 352 2125 411 CXLI].

3419 367 3523 424 78!

1967 466 2177 533 Audiat,
2205 467 2390 523 discat.
2420 466 2602 521 Omnia
2627 470 2769 536 mihi,
2799 470 2983 542 inquit,
3013 475 3198 528 tradita
3221 486 3338 531 sunt
3361 496 3393 532 a
3423 477 3531 533 Pa-

1963 564 2040 609 tre
2066 573 2194 611 meo.
2225 557 2280 612 Si
2309 556 2578 613 desideras
2602 561 2808 627 omnia,
2836 576 3043 635 mecum
3081 562 3334 621 habebis:
3366 567 3411 622 si
3439 567 3534 624 de-

1964 643 2171 702 sideras
2199 647 2429 713 Patrem,
2461 663 2558 717 per
2600 664 2687 704 me
2715 650 2953 717 habebis,
2995 661 3049 706 et
3087 653 3139 708 in
3181 670 3266 709 me
3291 655 3529 712 habebis.

1976 731 2142 790 Nemo
2167 738 2419 807 cognoscit
2447 737 2672 802 Patrem,
2705 740 2803 793 nisi
2830 741 3013 795 Filius.
3049 741 3166 798 Noli
3203 743 3486 815 desperare
3515 767 3528 802 :

1960 824 2080 879 veni
2111 825 2181 880 ad
2208 825 2421 882 Filium.
2451 827 2587 882 Audi
2626 828 2766 899 quod
2794 831 3065 899 sequitur:
3108 831 3176 886 Et
3214 836 3296 887 cui
3323 835 3532 889 uoluerit

1961 909 2130 968 Filius
2153 916 2390 969 revelare.
2419 916 2657 983 Dicebas,
2679 918 2792 973 Non
2823 934 3056 988 possum.
3085 921 3186 976 Per
3209 935 3486 993 angustum
3511 927 3526 956 ⁸

1959 1013 2045 1054 me
2073 1017 2271 1058 vocas:
2301 1018 2404 1058 non
2435 1019 2650 1074 possum
2694 1009 2891 1063 intrare
2936 1025 3030 1078 per
3070 1020 3372 1082 angustum.
3425 1013 3528 1068 Ve-

1959 1091 2078 1156 nite,
2108 1092 2300 1162 inquit,
2322 1093 2392 1147 ad
2416 1110 2514 1158 me,
2537 1111 2706 1150 omnes
2731 1098 2818 1165 qui
2839 1099 3076 1153 laboratis
3099 1110 3146 1154 et
3170 1104 3365 1156 onerati
3386 1105 3526 1157 estis.

1901 1216 1914 1226 ς
1957 1177 2177 1234 Sarcina
2203 1181 2355 1237 vobis
2382 1191 2562 1239 tumor
2593 1195 2768 1240 vester
2788 1196 2887 1242 est.
2929 1187 3101 1243 Venite
3125 1191 3194 1243 ad
3220 1208 3318 1258 me,
3357 1210 3528 1247 omnes

1955 1269 2044 1337 qui
2069 1268 2311 1325 laboratis
2333 1282 2382 1326 et
2409 1275 2601 1328 onerati
2625 1276 2760 1338 estis,
2792 1285 2840 1329 et
2863 1293 2952 1346 ego
2978 1293 3062 1331 vos
3087 1280 3326 1343 reﬁciam.
3349 1280 3530 1336 Tollite

1944 1355 2136 1428 jugum
2162 1373 2324 1414 meum
2346 1378 2498 1431 super
2521 1377 2628 1429 vos,
2656 1374 2702 1418 et
2727 1365 2902 1418 discite
2928 1382 2960 1418 a
2983 1383 3078 1420 me.

2025 1445 2251 1504 CAPUT
2297 1450 2476 1505 Vll.-—
2490 1452 2543 1507 7.
2563 1453 2791 1508 Christus
2807 1471 2838 1508 a
2859 1473 2912 1509 se
2932 1458 3055 1522 uult,
3070 1475 3167 1510 non
3184 1459 3435 1514 mirabilia
3448 1466 3528 1531 fa-

1962 1550 2096 1600 cere,
2121 1537 2210 1590 sed
2242 1538 2454 1593 humiles
2481 1557 2587 1594 esse
2612 1542 2880 1596 discamus.
2910 1543 3114 1598 Clamat
3141 1547 3389 1616 magister
3415 1549 3526 1604 An-

1959 1624 2220 1694 gelorum,
2260 1629 2451 1684 clamat
2485 1630 2718 1686 Verbum
2748 1633 2840 1687 Dei
2858 1674 2873 1699 ,
2899 1649 3005 1704 quo
3031 1636 3312 1692 rationales
3338 1652 3528 1696 omnes

1956 1723 2166 1770 mentes
2208 1716 2324 1772 sine
2351 1717 2559 1779 defectu
2586 1730 2894 1789 pascuntur,
2919 1723 3068 1778 cibus
3095 1725 3339 1780 reﬁciens
3362 1736 3416 1781 et
3440 1729 3525 1782 in-

1952 1808 2106 1870 teger
2123 1816 2464 1873 permanens,
2485 1807 2698 1875 clamat,
2717 1818 2771 1862 et
2793 1809 2939 1874 dicit,
2961 1808 3152 1863 Discite
3171 1829 3202 1864 a
3225 1829 3322 1866 me.
3347 1815 3523 1869 Esau-

1949 1889 2062 1946 diat
2105 1893 2331 1961 populus
2368 1895 2631 1951 dicentem
2653 1937 2669 1963 ,
2708 1898 2898 1953 Discite
2933 1917 2968 1952 a
3003 1916 3100 1955 me.
3147 1903 3522 1973 Respondeat,

1947 1976 2088 2045 Quid
2130 1979 2384 2038 discimus
2409 1998 2441 2037 a
2472 1985 2559 2038 te?
2595 1987 2638 2039 A
2679 1999 2872 2056 magno
2910 1988 3053 2043 enim
3092 1990 3298 2047 artifice
3339 1997 3525 2050 nescio

1947 2067 2074 2136 quid
2100 2069 2338 2124 audituri
2355 2085 2556 2136 sumus,
2582 2087 2703 2126 cum
2728 2074 2876 2143 dicit,
2910 2075 3095 2132 Discite
3114 2095 3148 2132 a
3164 2095 3262 2133 me.
3285 2081 3416 2148 Quis
3437 2094 3524 2138 est

1949 2158 2039 2225 qui
2069 2157 2216 2224 dicit,
2248 2158 2439 2213 Discite
2459 2177 2494 2214 a
2517 2163 2633 2240 inet
2659 2163 3032 2230 Qui‘formavit
3058 2176 3284 2236 terram,
3320 2175 3410 2242 qui
3437 2175 3521 2230 di-

1947 2247 2071 2302 visit
2091 2262 2237 2304 mare
2259 2259 2314 2303 et
2337 2250 2560 2316 aridam,
2587 2253 2676 2322 qui
2703 2255 2905 2308 ereavit
2933 2257 3185 2325 volatilia,
3212 2261 3303 2330 qui
3323 2267 3522 2319 creavit

1949 2336 2198 2390 animalia
2227 2347 2457 2406 terrena,
2487 2341 2580 2409 qui
2605 2342 2805 2397 creavit
2827 2345 3005 2400 omnia
3027 2349 3281 2416 natantia,
3306 2351 3397 2420 qui
3423 2367 3520 2422 po—

1947 2425 2055 2479 suit
2083 2426 2134 2480 in
2162 2428 2300 2482 coelo
2325 2428 2518 2494 sidera,
2543 2432 2633 2501 qui
2659 2431 2901 2489 distinxit
2925 2435 3067 2492 diem
3092 2449 3147 2494 et
3173 2448 3519 2514 noctem,.qui

1945 2513 2173 2569 ﬁrmavit
2211 2517 2382 2585 ipsum
2424 2518 2831 2586 ﬁrmamentum,
2872 2525 2962 2594 qui
3003 2526 3175 2584 lucem
3203 2544 3234 2584 a
3277 2513 3510 2588 tenebris

1947 2605 2236 2671 separavit,
2267 2605 2380 2674 ipse
2403 2606 2549 2672 dicit,
2581 2607 2774 2664 Discite
2791 2627 2823 2664 a
2845 2627 2942 2666 me.
2963 2613 3229 2686 Numquid
3258 2618 3394 2675 forte
3418 2621 3522 2677 hoc

1949 2694 2106 2749 nobis
2126 2694 2364 2752 dicturus
2397 2708 2500 2764 est,
2540 2707 2600 2753 ut
2634 2699 2734 2754 ista
2775 2717 2895 2757 cum
2936 2705 3027 2760 illo
3066 2707 3357 2765 faciamus?
3393 2711 3524 2779 Quis

1955 2783 2057 2839 hoc
2081 2787 2285 2854 potest?
2300 2784 2458 2844 Solus
2477 2789 2616 2844 Deus
2641 2791 2782 2844 facit.
2807 2791 2945 2859 Noli,
2969 2795 3156 2865 inquit,
3185 2798 3391 2866 timere,
3417 2817 3524 2859 non

1956 2882 2008 2928 te
2029 2889 2214 2929 onero.
2242 2877 2358 2932 Hoc
2377 2893 2406 2932 a
2429 2893 2514 2934 me
2534 2878 2698 2947 disce,
2719 2883 2859 2951 quod
2889 2893 3102 2954 propter
3122 2895 3172 2941 te
3191 2887 3362 2945 factus
3380 2904 3520 2946 sum.

1946 2960 2147 3019 Discite
2173 2980 2203 3017 a
2238 2981 2345 3032 me,
2391 2967 2586 3036 inquit,
2613 2984 2720 3023 non
2759 2972 2988 3028 formare
3027 2984 3321 3031 creaturam
3346 3017 3362 3042 ,
3405 2995 3525 3049 qua

1947 3067 2042 3120 per
2073 3068 2160 3108 me
2185 3053 2320 3110 facta
2349 3067 2450 3110 est.
2487 3057 2597 3112 Nec
2634 3059 2722 3112 illa
2753 3061 2967 3129 quidem
2995 3063 3114 3118 dico
3137 3065 3373 3134 discetis,
3403 3085 3524 3138 quae

1946 3144 2260 3214 quibusdam
2288 3147 2478 3203 donavi
2504 3150 2697 3220 quibus
2723 3153 2886 3218 volui,
2919 3169 3024 3210 non
3053 3159 3316 3226 onmibus,
3348 3163 3522 3219 susci-

1955 3243 2068 3295 tare
2098 3231 2358 3303 mortuos,
2383 3239 2686 3296 illuminare
2711 3257 2900 3309 caecos,
2924 3247 3132 3314 aperire
3153 3265 3310 3307 aures
3335 3253 3528 3308 surdo-

1951 3341 2069 3380 rum
2097 3345 2109 3380 :
2140 3343 2241 3383 nec
2264 3329 2363 3384 ista
2393 3345 2490 3400 pro
2516 3346 2708 3402 magno
2731 3335 2901 3390 velitis
2923 3335 3129 3394 discere
3144 3355 3182 3393 a
3211 3355 3316 3396 me.
3347 3342 3523 3398 Gavisi

1947 3413 2199 3485 discipuli
2228 3426 2282 3470 et
2307 3417 2636 3474 exsultantes
2664 3422 2954 3490 redierunt,
2983 3424 3219 3481 dicentes
3249 3445 3263 3481 :
3299 3428 3431 3482 Ecce
3469 3431 3526 3484 in

1948 3506 2159 3560 nomine
2200 3516 2286 3562 tuo
2316 3503 2374 3562 et
2408 3509 2656 3564 demonia
2691 3511 2832 3565 nobis
2865 3513 3088 3582 subjecta
3123 3525 3257 3568 sunt.
3293 3518 3381 3571 Ait
3419 3517 3524 3572 illis

1949 3592 2241 3650 Dominus:
2275 3595 2446 3652 Nolite
2471 3599 2523 3653 in
2551 3599 2645 3653 hoc
2672 3600 2914 3670 gaudere,
2952 3603 3072 3672 quia
3103 3605 3350 3660 dtumonia
3387 3609 3523 3662 vobis

1946 3684 2167 3754 subjecta
2185 3696 2302 3740 sunt
2317 3703 2335 3742 :
2352 3689 2567 3757 gaudete
2583 3690 2770 3759 potius,
2790 3694 2910 3761 quia
2929 3694 3132 3747 nomina
3150 3703 3312 3750 uestra
3335 3698 3524 3767 scripta

1946 3782 2064 3827 sunt
2091 3775 2143 3827 in
2170 3774 2294 3828 caelo
2321 3774 2340 3848 (
2357 3775 2483 3830 Luc.
2515 3793 2570 3842 x,
2601 3779 2688 3843 l7,
2717 3778 2788 3833 20
2808 3778 2850 3851 ).
2882 3780 3083 3848 Quibus
3109 3782 3276 3838 voluit
3309 3785 3527 3840 donavit

1947 3863 2221 3931 expellere
2249 3865 2548 3932 daemonia,
2593 3865 2809 3923 donavit
2850 3870 3040 3939 quibus
3083 3871 3249 3938 voluit
3287 3883 3524 3930 mortuos

1949 3955 2229 4009 suscitare.
2261 3954 2425 4008 Facta
2454 3967 2576 4009 sunt
2601 3955 2716 4012 haec
2743 3958 2994 4012 miracula
3033 3969 3248 4017 et'ante
3281 3962 3522 4028 incarna-

1951 4044 2148 4099 tionem
2179 4045 2430 4100 Domini:
2463 4047 2701 4102 suscisati
2735 4058 2858 4103 sunt
2882 4051 3097 4116 mortui,
3135 4053 3371 4109 mandati
3395 4067 3526 4110 sunt

1947 4132 2178 4201 leprosi;
2219 4134 2442 4204 legimus
2477 4135 2591 4190 haec
2627 4135 2648 4206 (
2669 4135 2731 4192 IV
2769 4137 2898 4208 Reg.
2938 4154 3011 4202 iv,
3038 4139 3129 4212 v).
3162 4141 3226 4195 Et
3252 4143 3372 4212 quis
3400 4143 3526 4199 fecit

1948 4230 2094 4288 tunc,
2131 4224 2233 4278 nisi
2260 4225 2348 4279 ille
2373 4225 2465 4296 qui
2493 4235 2673 4296 postea
2700 4226 2862 4283 homo
2889 4225 3129 4287 Christus
3169 4241 3291 4303 post
3333 4233 3515 4296 David,

1949 4311 2047 4368 sed
2074 4313 2212 4368 Deus
2235 4312 2475 4370 Christus
2500 4323 2624 4370 ante
2661 4316 2967 4372 Abraham?
2998 4317 3114 4388 Ipse
3148 4321 3364 4376 donavit
3408 4321 3524 4378 haec

1949 4405 2148 4469 omnia,
2180 4407 2293 4474 ipse
2333 4421 2428 4476 per
2465 4407 2707 4464 homines
2731 4408 2890 4464 fecit:
2918 4426 3018 4465 nec
3060 4412 3304 4467 omnibus
3346 4421 3521 4469 tamen

1950 4495 2066 4551 hau:
2089 4496 2256 4553 dedit.
2292 4497 2556 4568 Numquid
2584 4499 2778 4568 quibus
2813 4515 2916 4556 non
2945 4501 3091 4556 dedit
3116 4502 3400 4573 desperare
3427 4503 3521 4558 de,

1949 4586 2098 4652 bent,
2129 4597 2184 4642 et
2210 4587 2389 4643 dicere
2413 4602 2474 4644 se
2506 4588 2572 4642 ad
2609 4603 2730 4644 eum
2767 4605 2873 4645 non
2897 4593 3165 4661 pertinere
3188 4632 3203 4656 ,
3245 4593 3364 4664 quia
3409 4592 3524 4648 haec

1949 4675 2086 4732 dona
2123 4677 2366 4746 accipere
2401 4692 2507 4733 non
2537 4679 2881 4734 meruerunt?
2919 4680 2975 4734 ln
3024 4695 3246 4749 corpore
3285 4681 3523 4736 membra

1949 4773 2108 4820 sunt:
2141 4765 2285 4820 aliud
2310 4775 2484 4835 potest
2514 4765 2641 4820 illud
2667 4767 2984 4830 membrum,
3017 4769 3158 4822 aliud
3187 4769 3334 4823 illud.
3361 4771 3522 4825 Com-

1952 4855 2094 4924 pegit
2132 4869 2329 4924 corpus
2358 4853 2520 4918 Deus,
2564 4868 2670 4909 non
2702 4855 2883 4910 tribuit
2920 4859 3031 4910 auri
3074 4866 3129 4910 ut
3165 4857 3342 4912 videat
3364 4897 3378 4920 ,
3424 4873 3525 4912 nec

1959 4946 2117 5001 oculo
2142 4954 2201 5000 ut
2226 4945 2424 5009 audiat,
2454 4959 2554 5000 nec
2579 4944 2737 5000 fronti
2768 4957 2825 5000 ut
2851 4945 3081 5011 olfaciat,
3113 4961 3212 5002 nec
3251 4948 3431 5002 manui
3468 4958 3525 5003 ut

1951 5044 2161 5106 gustet;
2189 5050 2294 5091 non
2325 5034 2472 5090 dedit
2494 5034 2611 5090 hmo
2635 5054 2648 5090 :
2672 5036 2768 5090 sed
2791 5037 3034 5091 omnibus
3055 5039 3309 5093 membris
3331 5041 3510 5094 sanita

1953 5137 2058 5183 tem
2085 5129 2264 5192 dedit,
2292 5142 2601 5197 compagem
2631 5127 2796 5195 dedit,
2833 5129 3088 5183 unitatem
3114 5127 3296 5194 dedit,
3339 5131 3524 5199 spiritu

1954 5219 2130 5274 omnia
2161 5219 2357 5287 pariter
2375 5217 2658 5273 vivificavit
2680 5227 2736 5273 et
2764 5219 2948 5272 univit.
2981 5219 3070 5275 Sic
3093 5235 3220 5289 ergo
3244 5235 3351 5275 non
3379 5221 3523 5278 dedit

1958 5308 2271 5378 quibusdam
2300 5316 2539 5364 mortuos
2562 5309 2850 5374 suscitare,
2890 5309 3011 5363 aliis
3036 5324 3140 5363 non
3169 5309 3313 5364 dedit
3340 5309 3524 5378 dispu-

1956 5411 2073 5456 tare
2101 5417 2118 5456 :
2145 5399 2390 5454 omnibus
2423 5409 2602 5454 tamen
2646 5399 2769 5469 quid
2797 5398 2979 5454 dedit?
3019 5399 3210 5453 Discite
3233 5416 3264 5452 a
3289 5416 3368 5453 me
3397 5417 3522 5469 quo-

1955 5490 2095 5544 niam
2125 5488 2260 5544 mitis
2298 5504 2408 5543 sunt
2436 5497 2483 5540 et
2509 5487 2711 5540 humilis
2737 5487 2884 5542 corde
2913 5488 2931 5556 (
2953 5486 3135 5541 Matth.
3168 5503 3225 5541 xl
3248 5529 3262 5552 ,
3291 5485 3456 5544 27-29
3479 5489 3518 5560 ).

1949 5578 2212 5647 Quoniam
2239 5578 2537 5632 audivimus
2569 5576 2856 5644 dicentem,
2890 5576 3031 5634 Mitis
3073 5595 3183 5631 sum
3226 5589 3270 5632 et
3314 5579 3518 5634 humilis

2020 5691 2035 5722 ι
2060 5696 2186 5753 In,
2205 5689 2296 5740 hoc
2310 5696 2362 5739 et
2381 5690 2596 5751 proximo
2614 5688 2737 5750 loco,
2756 5700 2842 5754 per
2855 5697 3120 5751 angustam.
