3850 6188
327 407 429 464 785

327 499 476 578 corde
495 540 514 578 :
532 523 566 578 fi
580 530 722 577 atrcs
735 515 863 581 mei,
881 519 988 569 tota
1002 503 1268 564 ‘medicina
1293 506 1470 560 nostra
1490 494 1586 550 ista
1609 484 1904 555 est,Discite

326 635 358 670 α
390 633 470 672 me
499 614 735 686 quoniam
771 578 907 663 mitis
939 621 1052 662 sum
1078 611 1124 656 et
1151 596 1354 653 humilis
1383 589 1551 646 corde.
1583 580 1721 655 Quid
1751 578 1900 684 prod-

328 716 431 775 est,
457 672 781 762 silmiracula
807 699 1000 762 faciat,
1041 703 1096 750 et
1124 693 1194 748 sit
1222 685 1504 759 superbus,
1535 695 1641 734 non
1671 676 1740 730 sit
1766 672 1910 727 mitis

327 809 382 854 et
408 797 622 854 humilis
649 794 848 851 corde?
875 791 1061 848 Nonne
1101 787 1152 841 in
1197 784 1287 838 illo
1316 791 1536 836 numero
1573 766 1911 839 deputabitur

327 905 545 950 eorum.
583 886 674 957 qui
704 884 910 940 venturi
941 887 1064 936 sunt
1088 879 1140 932 in
1170 875 1273 929 line
1299 880 1352 926 et
1375 864 1590 930 dicturi,
1636 859 1820 916 Nonne
1856 857 1910 910 in

329 981 530 1036 nomine
569 987 654 1032 tuo
690 973 1116 1047 praphetavimus,
1161 976 1206 1020 et
1248 966 1301 1018 in
1343 959 1542 1015 nomine
1585 964 1668 1007 tuo
1709 950 1910 1004 virtutes

331 1073 518 1128 multas
547 1038 796 1143 fecimus?
810 1064 918 1122 Sed
943 1060 1070 1133 quid
1099 1054 1350 1113 audient?
1381 1050 1497 1105 Non
1523 1046 1636 1101 novi
1662 1059 1771 1143 vos2
1805 1038 1906 1092 Re-

331 1164 490 1220 ccdite
514 1131 558 1216 α’
574 1179 672 1229 me,
696 1175 867 1214 omnes
895 1131 979 1227 qui
1028 1147 1304 1224 aperamini
1341 1141 1653 1213 iniquitatem
1693 1131 1904 1208 (Matth.

329 1271 420 1321 vn,
444 1255 534 1317 22,
562 1253 632 1306 25
649 1250 688 1322 ).

401 1314 628 1398 CAPUT
646 1314 847 1395 ιω.-
864 1337 914 1392 8.
933 1332 1165 1392 Charitas
1185 1332 1291 1383 sine
1315 1323 1594 1394 inﬂatione.
1623 1314 1759 1383 Quid
1785 1325 1912 1382 ergo

333 1435 550 1508 prodest
575 1442 634 1487 ut
676 1427 977 1486 discamus?
1022 1423 1274 1491 Quoniam
1303 1416 1435 1470 mitis
1457 1427 1600 1475 sum,
1631 1405 1831 1476 inquit,
1867 1409 1913 1454 et

333 1524 538 1580 humilis
573 1521 744 1577 corde.
770 1517 1094 1572 Charitatem
1125 1509 1309 1566 inserit
1333 1547 1347 1570 ,
1375 1512 1427 1558 et
1454 1495 1911 1572 germanissimam

330 1615 664 1678 charitatem,
696 1611 813 1666 sine
836 1605 1166 1666 confusione,
1195 1600 1311 1654 sine
1330 1593 1600 1650 inﬂatione
1618 1630 1632 1651 ,
1661 1586 1775 1641 sine
1799 1583 1912 1637 ela-

336 1709 499 1770 tione,
523 1676 868 1758 sine-fallacia
895 1715 908 1750 :
937 1695 1038 1749 hoc
1064 1689 1250 1746 inserit
1267 1685 1354 1756 qui
1383 1683 1528 1763 dicit,
1563 1676 1750 1731 Discite
1778 1690 1810 1725 a
1837 1685 1915 1723 me

333 1798 573 1866 quoniam
598 1793 731 1846 mitis
751 1806 862 1844 sum
886 1797 932 1842 et
961 1783 1164 1840 humilis
1186 1777 1352 1834 corde.
1378 1762 1600 1840 Quando
1627 1771 1800 1837 potest
1821 1762 1916 1815 ha-

335 1890 464 1944 bere
491 1883 908 1940 sincerissimam
937 1875 1251 1930 charitatem
1290 1862 1550 1934 superbus
1567 1867 1633 1914 .et
1671 1850 1914 1910 inﬂatus?

333 1979 566 2035 Necesse
589 1983 673 2032 est
695 1983 754 2029 ut
782 1971 1034 2026 invideat.
1057 1967 1136 2022 An
1160 1963 1297 2019 forte
1320 1956 1410 2030 qui
1427 1951 1646 2016 invidet,
1673 1953 1834 2035 amat,
1861 1951 1918 1997 et

337 2084 436 2126 nos
464 2063 740 2124 erramus?
761 2061 913 2118 Absit
935 2067 994 2114 ut
1011 2057 1288 2128 quisquam
1313 2049 1391 2106 sic
1415 2050 1578 2111 erret,
1601 2047 1661 2096 ιιι
1679 2034 1914 2093 invidum

336 2125 476 2217 dicat
503 2157 702 2213 habere
728 2125 1065 2210 charitatem.
1093 2125 1240 2219 Ergo
1271 2142 1397 2215 quid
1433 2139 1564 2196 dicit
1589 2125 1916 2205 Apostolus?

337 2253 570 2308 Charitas
589 2266 688 2305 non
713 2247 1000 2304 aemulatur.
1030 2243 1206 2310 Quare
1232 2252 1337 2294 non
1362 2231 1675 2291 aemulatur?
1703 2225 1754 2282 Ν
1758 2226 1920 2281 on-in-

335 2345 491 2415 ﬂatur
521 2342 563 2414 (l
589 2338 706 2396 Cor.
728 2353 841 2404 xm,
873 2335 931 2407 4)
965 2353 979 2388 :
1007 2345 1220 2390 causam
1254 2327 1434 2383 statim
1463 2321 1737 2392 subjecit,
1779 2315 1918 2371 unde

336 2407 619 2490 abstulerit
645 2429 1034 2484 aemulationem
1071 2417 1338 2477 charitati.
1368 2414 1502 2481 Quia
1541 2425 1646 2465 non
1681 2407 1915 2470 inﬂatur,

338 2540 444 2580 non
474 2521 768 2576 temulatur.
787 2517 967 2572 Primo
991 2512 1206 2584 quidem
1233 2507 1358 2563 illud
1377 2505 1530 2568 dixit,
1564 2501 1798 2557 Charitas
1817 2515 1918 2552 non

338 2614 608 2670 mutatur
636 2627 655 2664 :
684 2600 776 2663 sed
807 2605 954 2676 quasi
977 2611 1032 2658 tu
1060 2612 1346 2670 quiereres,
1369 2595 1546 2664 Quare
1571 2607 1676 2646 non
1699 2588 1919 2644 aemula-

339 2704 464 2759 tur?
500 2699 732 2762 addidit,
774 2695 894 2750 Non
934 2684 1160 2762 inﬂatur.
1202 2687 1260 2744 Si
1285 2700 1413 2756 ergo
1446 2683 1566 2739 ideo
1600 2679 1880 2735 aemulatur
1901 2718 1915 2741 ,

340 2795 462 2866 quia
492 2793 721 2852 inﬂatur;
751 2787 795 2842 si
825 2801 930 2840 non
955 2782 1186 2845 inﬂatur,
1215 2793 1320 2832 non
1349 2774 1645 2832 aemulatur.
1668 2771 1723 2826 Si
1748 2769 1922 2824 chari-

344 2861 423 2940 tas
466 2899 570 2938 non
606 2880 843 2943 inﬂatur,
874 2883 929 2932 et
959 2874 1078 2930 ideo
1114 2886 1221 2926 non
1262 2867 1577 2928 aemulatur;
1609 2861 1920 2917 charitatcm

344 2978 532 3033 inserit
555 2974 643 3045 qui
671 2972 746 3027 ait
763 3012 778 3038 ,
816 2967 1000 3022 Discite
1026 2981 1057 3018 a
1086 2979 1162 3018 me
1188 2959 1426 3032 quoniam
1454 2955 1588 3009 mitis
1612 2969 1722 3008 sunt
1751 2959 1796 3005 et
1821 2951 1920 3003 hu-

348 3069 482 3122 milis
507 3065 677 3121 corde.
1637 3113 1644 3116 _

415 3160 468 3216 9.
501 3158 626 3213 Sine
663 3153 1030 3209 charitate-non
1064 3151 1270 3217 prosunt
1299 3142 1403 3196 alia
1431 3139 1527 3192 Dei
1551 3151 1777 3190 munera.
1806 3131 1922 3187 Jam

349 3251 573 3322 quilibet
601 3247 793 3301 habeat
819 3241 961 3314 quod
985 3239 1120 3303 vult,
1146 3237 1309 3306 iactet
1335 3247 1393 3287 se
1413 3230 1552 3285 unde
1571 3229 1704 3282 vult.
1737 3225 1799 3280 Si
1824 3225 1925 3278 tin-

347 3320 460 3412 guis
496 3338 753 3393 hominum
788 3334 965 3406 loquar
986 3340 1033 3385 et
1069 3325 1372 3398 Angelorum
1392 3365 1407 3389 ,
1438 3320 1733 3374 charitatem
1760 3324 1926 3369 autent

348 3447 448 3484 non
475 3427 704 3491 habeant,
732 3429 895 3497 factus
917 3437 1028 3476 sunt
1057 3426 1108 3472 ut
1125 3422 1448 3471 (crumentum
1468 3426 1652 3465 sonans
1677 3417 1764 3461 aut
1787 3421 1930 3477 cym-

350 3520 520 3575 balum
546 3496 780 3572 tinniens.
813 3511 949 3580 Quid
979 3507 1257 3565 sublimius
1282 3518 1502 3560 munere
1527 3501 1824 3570 linguarum
1848 3496 1930 3551 di-

351 3609 662 3668 versarum?
682 3606 1052 3662 Eramentum
1085 3607 1166 3655 est
1187 3639 1201 3662 ,
1233 3595 1532 3669 cymbalum
1565 3590 1794 3645 tinniens
1814 3597 1893 3642 est
1910 3626 1924 3652 ,

350 3705 395 3758 si
425 3701 635 3756 auferas
677 3697 1010 3752 charitatem.
1043 3689 1177 3745 Audi
1213 3687 1320 3742 alia
1365 3697 1587 3738 munera
1625 3699 1638 3735 :
1672 3679 1733 3735 Si
1773 3679 1930 3733 sciam

351 3794 520 3848 omnia
555 3793 887 3844 sacramenta.
911 3780 1056 3848 Quid
1097 3768 1478 3835 excellentius?
1514 3769 1638 3842 quid
1686 3767 1929 3838 magniﬁ-

351 3881 590 3939 centius?
611 3878 744 3935 Audi
773 3875 946 3931 adhuc
969 3869 1110 3926 aliud
1134 3885 1147 3920 :
1177 3868 1235 3923 Si
1264 3864 1470 3920 habeam
1490 3876 1684 3916 omnem
1710 3859 1932 3928 prophe-

351 3976 472 4027 tiam
502 3981 548 4026 et
573 3984 766 4024 omnem
798 3965 980 4036 ﬁdem,
1005 3962 1076 4015 ita
1102 3968 1156 4012 ut
1181 3964 1370 4011 montes
1401 3951 1700 4020 transferam
1722 3990 1736 4014 ,
1759 3947 1931 4000 chari—

353 4075 503 4118 tatem
528 4071 695 4116 autem
733 4073 834 4112 non
863 4053 1071 4108 habeam
1090 4092 1104 4116 ,
1134 4045 1412 4102 nihil’sum.
1443 4041 1682 4097 Accessit
1714 4037 1779 4091 ad
1815 4051 1932 4090 am-

358 4155 526 4225 pliora
551 4195 566 4219 ,
599 4149 810 4206 fratres.
839 4143 975 4214 Quid
1001 4139 1143 4196 aliud
1170 4137 1344 4194 dixit?
1365 4133 1426 4190 Si
1446 4131 1741 4186 distribuam
1766 4127 1934 4181 omnia

354 4217 463 4300 inea
484 4217 807 4315 pauperibus.
830 4233 966 4302 Quid
993 4237 1167 4303 potest
1195 4228 1308 4283 ﬁeri
1337 4221 1662 4297 perfectius?
1681 4217 1934 4286 Quando-

354 4310 570 4408 quidem
591 4310 754 4388 diviti
780 4335 996 4400 propter
1022 4320 1398 4394 perfectionem
1419 4315 1523 4371 hoc
1549 4313 1806 4370 Dominus
1835 4310 1936 4364 im-

355 4403 590 4500 peravit,
616 4423 800 4479 dicens
829 4437 844 4473 :
877 4417 940 4473 Si
963 4416 1035 4470 vis
1059 4429 1166 4468 esse
1193 4413 1458 4482 perfectus,
1480 4405 1624 4467 uade.
1653 4403 1809 4457 vende
1827 4417 1936 4455 om-

355 4492 442 4572 nia
469 4492 582 4586 quas
606 4514 791 4576 habes,
833 4517 880 4564 et
908 4509 975 4562 da
1014 4501 1334 4576 pauperibus.
1363 4498 1477 4553 Jam
1513 4492 1639 4565 ergo
1673 4494 1936 4564 perfectus

356 4583 491 4674 est,
515 4605 634 4676 quia
674 4598 911 4656 vendidit
949 4595 1123 4651 omnia
1162 4606 1290 4657 sua,
1325 4597 1378 4644 et
1405 4586 1552 4642 dedit
1584 4583 1936 4654 pauperibus?

358 4673 474 4756 Non
503 4673 670 4751 :video
693 4689 893 4747 addidit
923 4689 938 4720 ¹
957 4729 972 4753 ,
1004 4685 1071 4740 Et
1109 4682 1220 4738 veni
1238 4721 1251 4746 ,
1281 4693 1482 4748 sequere
1500 4691 1596 4729 nte.
1634 4673 1803 4728 Vende
1829 4688 1939 4726 ont-

355 4792 441 4845 nia
458 4831 472 4855 ,
505 4785 706 4856 inquit,
731 4781 796 4836 da
823 4775 1126 4850 pauperibus
1143 4814 1158 4840 ,
1181 4781 1226 4826 et
1251 4769 1360 4825 veni
1378 4808 1392 4834 ,
1419 4782 1622 4837 sequere
1644 4780 1740 4818 me.
1762 4763 1938 4830 Quare

359 4891 410 4935 te
433 4855 666 4949 sequor?
692 4873 807 4930 .lam
836 4867 1062 4925 venditis
1090 4861 1337 4920 omnibus
1361 4902 1376 4926 ,
1406 4855 1702 4912 distributis
1742 4867 1938 4925 paupe-

359 4972 508 5026 ribus
527 5010 542 5035 ,
571 4979 750 5022 nonne
796 4959 1061 5032 perfectus
1089 4952 1245 5008 sum?
1271 4949 1406 5017 Quid
1433 4961 1565 5018 opus
1588 4954 1670 5002 est
1695 4952 1751 4998 ut
1778 4952 1829 4998 te
1854 4957 1939 4997 se—

357 5063 534 5134 quar?
562 5061 799 5128 Sequere
827 5067 913 5107 me
933 5093 948 5118 ,
977 5059 1036 5104 ut
1064 5047 1239 5102 discas
1274 5041 1523 5114 quoniam
1567 5037 1708 5092 mitis
1735 5050 1852 5091 sum
1881 5040 1938 5088 et

364 5151 580 5208 humilis
608 5146 785 5204 corde.
819 5143 998 5198 Potest
1032 5137 1171 5193 enim
1201 5134 1478 5204 quisquam
1505 5127 1736 5182 vendere
1761 5124 1937 5178 omnia

365 5262 479 5308 sua.
511 5252 564 5299 et
590 5241 717 5297 dare
744 5231 1066 5308 pauperibus
1084 5271 1097 5295 ,
1127 5225 1360 5282 nondum
1389 5221 1549 5285 mitis,
1575 5216 1808 5274 nondum
1842 5215 1939 5269 hu-

365 5307 508 5396 milis
536 5332 697 5392 corde
715 5307 925 5384 iCerte
950 5330 1143 5394 potest.
1165 5318 1221 5375 Si
1251 5317 1391 5372 enim
1413 5311 1592 5384 omnia
1617 5323 1733 5363 mea
1759 5307 1941 5361 distri-

363 5433 530 5487 buere
574 5423 914 5500 pauperibus.
951 5419 1014 5472 Et
1037 5414 1209 5470 adhuc
1253 5408 1396 5464 audi.
1437 5404 1567 5460 Nam
1607 5400 1820 5472 quidam
1848 5413 1941 5453 rc-

366 5525 505 5581 lictis
533 5491 782 5578 omnibus
815 5527 934 5586 quae
965 5507 1223 5564 haberent
1243 5545 1258 5570 ,
1297 5501 1406 5571 jam
1435 5495 1600 5552 secuti
1630 5491 1940 5555 Dominum,

366 5614 460 5671 sed
489 5578 724 5667 nondum
748 5607 813 5662 ad
833 5578 1132 5678 perfectum
1156 5592 1322 5650 secuti
1354 5587 1458 5660 (ad
1483 5583 1775 5659 perlectum
1801 5578 1942 5635 enim

376 5703 552 5773 sequi,
582 5709 665 5756 est
685 5672 904 5766 imitari)
929 5735 944 5760 ,
971 5703 1079 5746 non
1116 5690 1401 5758 potuerunt
1437 5679 1574 5735 ferre
1602 5672 1945 5732 tentationem

435 5817 452 5847 ⁸
471 5813 544 5862 sic
561 5818 667 5860 uss.
689 5808 808 5858 editi
829 5816 965 5866 vero,
982 5810 1099 5852 Nam
1117 5795 1226 5849 ideo
1245 5790 1452 5844 addidit.

1545 376 1603 432 s.
1646 363 2008 428 AUGUSTINI
2039 364 2338 423 EPISCOPI
3457 351 3546 420 γει

2015 479 2295 549 passionis.
2326 478 2442 533 Jam
2466 477 2671 541 Petrus,
2698 473 2904 535 fratres.
2926 487 2990 528 ex
3023 471 3106 528 his
3121 481 3232 528 erat
3249 473 3331 544 qui
3355 471 3544 530 dimise-

2014 579 2135 625 rant
2159 570 2354 636 omnia,
2386 577 2439 624 et
2468 566 2632 623 secuti
2664 574 2814 622 erant
2840 564 3142 620 Dominum.
3165 563 3286 618 Nam
3303 563 3449 618 divite
3470 565 3546 621 illo
3598 603 3608 615 .

2015 675 2137 716 cum
2164 661 2374 714 tristitia
2401 657 2704 722 recedente,
2731 656 2820 710 ubi
2847 653 3145 710 conturbati
3168 653 3393 722 discipuli
3415 655 3550 709 inter‘

2015 758 2333 820 rogaverunt
2353 764 2457 819 quo
2481 748 2597 818 quis
2617 746 2828 800 tandem
2856 752 3037 816 posset
3069 758 3185 798 esse
3209 742 3485 811 perfectus,
3507 752 3552 797 et

2015 855 2109 895 eos
2137 841 2444 894 consolatus
2467 847 2548 892 est
2576 837 2860 898 Dominus,
2897 834 3138 888 dixerant
3167 832 3378 886 Domino
3407 851 3418 885 :
3442 831 3554 886 Ecce

2016 947 2108 985 nos
2131 931 2413 984 dimisimus
2440 929 2635 990 omnia,
2662 938 2704 980 et
2735 926 2891 980 secuti
2914 942 3082 979 sumus
3109 934 3193 986 te;
3212 923 3329 992 quid
3347 939 3451 994 ergo
3472 940 3551 975 no-

2016 1024 2090 1080 bis
2119 1025 2210 1078 erit
2249 1021 2457 1096 (Matth.
2492 1037 2580 1075 XI!
2608 1063 2620 1080 ,
2648 1018 2880 1087 21-29Π
2922 1018 2987 1070 Et
3011 1016 3140 1070 dixit
3183 1015 3420 1068 Dominus
3443 1013 3552 1084 quid

2016 1115 2093 1170 eis
2123 1113 2208 1169 hic
2245 1113 2413 1179 daret,
2441 1111 2565 1181 quid
2592 1110 2643 1164 in
2672 1109 2900 1163 futurum
2927 1116 3236 1161 reservaret.
3257 1104 3443 1158 Tamen
3471 1106 3555 1159 iste

2009 1206 2119 1275 jam
2150 1221 2214 1260 ex
2235 1219 2416 1260 eorum
2448 1216 2667 1256 numero
2693 1208 2807 1254 erat
2827 1241 2841 1264 ,
2868 1199 2955 1267 qui
2975 1197 3096 1251 tunc
3127 1194 3369 1250 fecerant.
3399 1195 3458 1248 At
3481 1193 3555 1248 ubi

2015 1306 2230 1353 ventum
2255 1305 2335 1351 est
2362 1295 2426 1348 ad
2457 1293 2732 1347 articulum
2776 1287 3067 1360 passionis,
3100 1285 3166 1340 :id
3208 1300 3382 1339 vocem
3423 1284 3556 1338 unius

2017 1388 2220 1443 ancillxe
2246 1395 2326 1442 ter
2353 1383 2560 1455 negavit
2588 1398 2707 1437 eum
2726 1424 2739 1446 ,
2771 1395 2889 1435 cum
2917 1393 3022 1447 quo
3050 1390 3110 1430 se
3137 1371 3436 1430 moriturum
3457 1386 3558 1429 esse

2019 1478 2354 1549 promiserat.

2069 1568 2293 1625 CAPUT
2322 1565 2512 1620 lX.—l
2524 1565 2577 1618 0.
2591 1563 2672 1616 Ad
2683 1561 3034 1633 perfectionem
3047 1567 3093 1614 et
3104 1558 3170 1611 ad
3184 1557 3455 1611 charitatem
3467 1555 3562 1608 imi-

2030 1659 2214 1713 talione
2228 1657 2414 1712 Christi
2426 1655 2724 1727 pervcnitur.
2743 1651 2979 1705 lntendal
2993 1663 3122 1719 ergo
3134 1647 3368 1702 Charitas
3379 1655 3559 1700 vestra:

2030 1748 2186 1813 Vade,
2210 1747 2399 1817 inquit,
2419 1746 2588 1800 omnia
2605 1755 2690 1799 tua
2704 1743 2876 1808 vende,
2901 1740 2967 1793 da
2991 1738 3311 1809 pauperibus,
3333 1745 3374 1789 et
3391 1734 3564 1789 habebis

2021 1841 2308 1895 thesaurum
2328 1840 2378 1891 in
2395 1837 2540 1918 caelo;
2557 1846 2600 1891 et
2617 1835 2755 1901 veni,
2778 1849 2979 1904 sequere
3004 1847 3105 1884 me.
3122 1828 3380 1884 Perfectus
3398 1826 3565 1881 estPo-

2023 1943 2153 1999 trus,
2173 1933 2281 2002 jam
2308 1931 2528 1986 Domino
2553 1929 2604 1983 in
2629 1927 2764 1982 cmlo
2783 1925 3001 1980 sedente
3028 1922 3092 1977 ad
3115 1917 3375 1976 dexteram
3397 1918 3563 1981 Patris,

2022 2034 2149 2079 tunc
2194 2021 2457 2093 perfectus
2499 2029 2580 2074 est
2612 2027 2666 2074 et
2694 2027 2929 2072 maturus
2959 2014 3152 2070 factus.
3190 2013 3267 2067 Ad
3297 2011 3562 2082 passionem

2022 2129 2150 2184 ergo
2179 2129 2299 2168 cum
2331 2119 2644 2183 sequeretur
2675 2109 2974 2172 Dominum,
3009 2109 3132 2160 non'
3157 2111 3268 2158 erat
3296 2102 3564 2174 perfectus:

2023 2217 2078 2264 at
2099 2205 2189 2260 ubi
2216 2204 2378 2274 cmpit
2404 2218 2506 2256 non
2537 2216 2654 2256 esse
2676 2200 2726 2254 in
2753 2209 2889 2254 terra
2919 2213 3082 2267 quem
3105 2201 3432 2265 sequeretur,
3462 2198 3567 2244 tunc

2025 2298 2290 2370 perfectus
2318 2302 2419 2349 cst.
2451 2293 2562 2347 lmo
2591 2306 2716 2345 vero
2755 2305 2966 2358 semper
3007 2295 3134 2341 ante
3163 2296 3212 2338 te
3239 2283 3395 2337 habes
3435 2296 3567 2350 quem

2023 2391 2261 2463 sequaris
2307 2407 2320 2443 :
2363 2383 2616 2442 Dominus
2647 2381 2944 2449 exemplum
2987 2378 3045 2430 in
3085 2387 3221 2430 terra
3249 2371 3568 2443 posuit,cmn

2026 2459 2369 2552 Evangelium
2393 2478 2482 2533 tibi
2505 2469 2718 2544 reliquit
2743 2471 2782 2536 ¹,
2800 2470 2850 2522 in
2875 2465 3169 2536 Evangelio
3191 2473 3352 2518 tecum
3370 2470 3458 2515 cst.
3477 2459 3569 2512 Non

2027 2575 2167 2630 enim
2181 2573 2431 2627 mentitus
2445 2578 2522 2626 est
2533 2611 2548 2636 ,
2569 2568 2750 2623 dicens
2770 2582 2782 2618 :
2802 2560 2936 2617 Ecce
2954 2575 3053 2629 ego
3067 2557 3307 2610 vobiscum
3321 2569 3422 2606 sum
3435 2549 3571 2604 omni-

2026 2666 2116 2720 bus
2127 2664 2323 2733 diebus,
2342 2679 2495 2734 usque
2509 2661 2575 2716 ad
2585 2655 3071 2714 consummationem
3092 2647 3260 2722 sweuli
3281 2643 3383 2716 (Id.
3407 2658 3570 2704 xxvnt,

2026 2758 2143 2828 90)·
2173 2758 2310 2826 Ergo
2331 2733 2555 2824 sequere
2579 2753 2876 2806 Dominum.
2897 2747 3045 2816 Quid
3074 2753 3171 2809 est,
3197 2753 3406 2809 sequere
3425 2733 3572 2789 Domi-

2027 2863 2152 2903 num
2177 2845 2419 2901 :lmitare
2446 2844 2745 2898 Dominum.
2773 2839 2907 2907 Quid
2929 2848 3042 2903 est,
3061 2835 3268 2891 Imitare
3297 2824 3572 2884 Dominum!

2031 2938 2216 2992 Discite
2235 2954 2267 2991 a
2285 2952 2361 2990 me
2384 2935 2621 3006 quoniam
2641 2933 2773 2986 mitis
2789 2948 2899 2986 sum
2925 2939 2968 2983 et
2991 2927 3204 2983 humilis
3224 2921 3386 2979 corde.
3403 2919 3515 2986 Quia
3539 2913 3573 2968 si

2029 3027 2329 3083 distribuero
2351 3025 2527 3080 omnia
2558 3040 2667 3077 mea
2695 3021 2997 3092 pauperibus
3029 3062 3044 3084 ,
3081 3027 3126 3072 et
3157 3014 3398 3070 tradidero
3423 3021 3576 3076 corpus

2030 3135 2192 3172 meum
2216 3127 2268 3170 ut
2289 3117 2530 3181 ardeam,
2559 3115 2852 3166 charitatem
2875 3119 3053 3163 autern
3091 3125 3189 3161 non
3219 3103 3413 3157 habeam
3435 3141 3448 3163 ,
3469 3094 3575 3151 nihil

2030 3211 2154 3264 ntihi
2178 3209 2380 3280 prodest
2401 3209 2460 3279 (Ι
2488 3206 2605 3260 Cor.
2639 3222 2765 3270 xm,
2801 3201 2949 3270 5-3).
2980 3201 3257 3256 Exhortor
3279 3211 3399 3266 ergo
3416 3189 3576 3247 Chari-

2033 3312 2192 3358 tatem
2223 3311 2452 3357 vestram
2489 3300 2554 3353 ad
2585 3299 2749 3369 ipsam
2781 3295 3104 3350 charitatem
3134 3311 3147 3344 :
3178 3306 3278 3345 non
3308 3297 3467 3341 autem
3502 3297 3578 3337 ex-

2033 3395 2272 3450 hortarer
2300 3391 2365 3446 ad
2404 3391 2750 3453 charitatcm,
2799 3386 2898 3440 nisi
2941 3386 3123 3456 aliqua
3151 3383 3417 3438 charitate.
3454 3371 3576 3444 Quod

2032 3502 2160 3555 ergo
2189 3483 2490 3540 inchoatum
2521 3490 2601 3535 est
2623 3522 2639 3548 ,
2671 3479 2923 3535 exhortor
2967 3488 3033 3531 ut
3061 3477 3370 3546 impleatur;
3393 3464 3577 3538 etquod

2033 3586 2262 3644 emptum
2293 3582 2410 3637 est,
2432 3587 2572 3641 rogo
2589 3579 2654 3624 ut
2699 3569 3029 3638 perﬁciatur.
3066 3568 3130 3620 lit
3167 3582 3262 3635 pro
3291 3579 3372 3617 me
3396 3579 3423 3614 ιι
3459 3556 3580 3612 vobis

2035 3667 2206 3738 rogari
2232 3681 2430 3736 quaeso,
2459 3674 2513 3717 ut
2535 3662 2661 3717 etin
2682 3676 2767 3715 me
2788 3658 3103 3730 perficiatur
3123 3656 3260 3727 quod
3287 3669 3375 3708 vos
3399 3661 3578 3705 moueo.

2037 3761 2232 3814 Omnes
2254 3759 2393 3812 enim
2423 3753 2710 3824 imperfecti
2737 3766 2920 3806 sumus
2940 3792 2953 3812 ,
2979 3761 3042 3804 ct
3068 3750 3138 3803 ibi
3181 3746 3493 3816 perliciemur
3511 3736 3580 3793 ubi

2039 3849 2269 3919 perfecta
2298 3856 2422 3902 sunt
2447 3846 2646 3900 omnia.
2671 3844 2860 3897 Paulus
2880 3841 3161 3908 apostolus
3181 3838 3307 3892 dicit
3334 3854 3345 3889 :
3372 3833 3550 3888 Fratres
3566 3866 3578 3890 ι

2038 3957 2128 4009 ego
2177 3955 2256 3991 me
2299 3953 2397 3990 non
2438 3935 2654 3988 arbitror
2679 3931 3097 4001 apprehendissc.
3130 3929 3247 3998 ipse
3275 3926 3394 3980 dicit
3431 3942 3442 3975 :
3483 3919 3581 3974 Non

2038 4029 2157 4098 quia
2174 4030 2289 4098 jam
2317 4026 2612 4096 acceperint,
2633 4024 2843 4092 autjam
2865 4023 3120 4091 perfectus
3137 4020 3239 4074 sint
3265 4017 3501 4083 (Philipp.
3521 4024 3582 4069 ut.

2042 4121 2131 4185 i3,
2161 4117 2278 4189 l2).
2303 4117 2382 4172 .Et
2407 4118 2684 4185 quisquam
2723 4113 2995 4168 hominum
3041 4127 3100 4166 se
3138 4109 3294 4165 audet
3329 4107 3390 4162 de
3417 4101 3588 4173 perfec-

2041 4211 2183 4266 tione
2221 4205 2456 4279 jactare?
2498 4205 2609 4260 lmo
2643 4203 2991 4258 confiteantur
3036 4199 3477 4271 impcrfectionem
3498 4231 3511 4257 ,
3543 4194 3585 4242 ιιῐ

2041 4313 2344 4355 mereamur
2369 4294 2769 4367 perfectionem.

2501 4403 2727 4486 senui)
2765 4424 2967 4482 cxuu
3001 4428 3015 4448 -
3058 4426 3158 4492 at,

2046 4567 2306 4628 De-uerbis
2340 4564 2607 4635 Evangelii
2644 4561 2890 4624 Joannis,
2927 4559 3038 4627 Ego
3080 4555 3354 4610 veritatem
3379 4550 3488 4604 dico
3511 4558 3588 4596 vo-

2112 4661 2227 4726 bis,
2273 4656 2486 4728 expedit
2524 4654 2672 4709 vobis
2719 4661 2777 4707 ut
2804 4666 2902 4722 ego
2931 4649 3272 4711 vadam,etc.
3319 4643 3437 4712 Cap.
3480 4651 3588 4697 xvi,

2127 4751 2380 4823 7.7-11.

2113 4885 2338 4944 CAPUT
2365 4877 2778 4938 PRIMUM.—'I.
2803 4873 2958 4929 Fides
2978 4873 3032 4925 in
3060 4869 3318 4925 Christum
3343 4862 3406 4917 ad
3424 4854 3591 4932 justiﬁ-

2046 4981 2288 5035 cationem
2336 4971 2633 5029 necessaria.
2673 4966 2931 5023 Medicina
2961 4963 3200 5016 omnium
3239 4959 3424 5012 anima:
3446 4949 3594 5004 vulne-

2047 5087 2163 5126 rum
2190 5111 2203 5134 ,
2245 5077 2301 5122 et
2340 5081 2444 5120 una
2476 5059 2778 5132 propitiatio
2840 5069 2936 5125 pro
2970 5051 3182 5107 delictis
3209 5048 3471 5104 hominum
3494 5045 3590 5101 est.

2043 5163 2262 5220 credere
2292 5161 2344 5215 in
2371 5156 2636 5212 Christum
2667 5169 2682 5206 :
2711 5165 2809 5215 nec
2829 5145 3045 5203 omnino
3075 5145 3350 5214 quisquam
3376 5131 3587 5191 mundan

2045 5217 2241 5329 potest,
2266 5254 2379 5308 sive
2395 5250 2461 5304 ab
2483 5244 2723 5316 originali
2745 5248 2985 5312 peccato,
3003 5235 3149 5305 quod
3165 5250 3231 5288 ex
3256 5231 3414 5286 Adam
3437 5217 3590 5329 traxitt

2047 5305 2102 5403 in
2131 5360 2236 5415 quo
2263 5353 2451 5397 onmes
2473 5339 2842 5405 peccaverunt,
2867 5337 2920 5384 et
2945 5325 3035 5380 lilii
3060 5325 3155 5378 ira:
3183 5305 3591 5376 naturalitcrlacti

3197 5411 3209 5415 -
3351 5407 3362 5415 .
3539 5393 3590 5415 -u

2051 5444 2204 5501 sunt;
2236 5434 2348 5489 sive
2376 5445 2405 5483 a
2435 5425 2668 5498 peccatis
2691 5437 2809 5493 qua:
2843 5419 2943 5490 ipsi
2969 5432 3076 5471 non
3106 5407 3400 5469 resistendo
3421 5393 3592 5458 carnali

2113 5591 2128 5622 ¹
2153 5594 2282 5644 Mss,
2304 5575 2608 5639 Ευαησειὶιιηι
2625 5572 2707 5625 ubi
2726 5568 2932 5634 reliquit.

2112 5651 2131 5671 ‘
2153 5646 2360 5698 Collatus
2385 5633 2444 5692 ad
2472 5647 2578 5689 tres
2603 5637 2691 5685 hn.
2714 5639 2920 5698 quatuor

2055 5725 2126 5774 pr.
2147 5706 2342 5774 rm.__vd.

2114 5753 2353 5837 (ai-tilias,
2373 5764 2440 5816 de
2463 5760 2630 5814 verbis
2649 5758 2828 5808 Donum
2847 5753 2926 5805 60.

2941 5625 3078 5679 eLad
3103 5637 3148 5676 a.
3171 5618 3298 5673 cb.f.
3321 5617 3376 5669 l‘s.
3399 5608 3514 5678 g.lr.
3534 5616 3590 5655 ιιι.
3662 5617 3664 5621 λ
