3850 6188
271 349 374 406 785

271 455 719 528 concupiscentia:
741 493 760 520 ,
784 452 880 509 sed
905 465 1025 508 eam
1049 446 1322 520 sequendo
1338 486 1354 513 ,
1380 445 1537 517 eique
1559 444 1842 500 serviendo

271 552 325 607 in
353 545 568 619 flagitiis
595 555 651 601 et
677 542 997 600 facinoribus
1015 581 1034 609 ,
1059 539 1408 604 addiderunt;
1439 537 1540 592 nisi
1568 551 1668 607 per
1687 534 1846 591 fidem

273 641 640 699 continuentur
664 644 720 692 et
746 634 1180 706 com-paginentur
1207 631 1417 701 corpori
1439 629 1556 700 ejus
1571 668 1587 695 ,
1617 628 1708 698 qui
1731 626 1848 682 sine

278 735 382 789 ulla
427 730 680 786 illecebra
725 728 924 784 carnali
963 735 1019 782 et
1043 725 1313 792 mortifera
1341 721 1695 779 delectatione
1719 733 1848 774 con-

275 833 461 894 ceptus
487 829 572 878 est
590 863 605 887 ,
645 833 746 875 nec
769 834 892 874 eum
918 818 970 872 in
996 816 1202 872 delictis
1228 824 1400 870 mater
1421 815 1474 868 in
1503 821 1654 867 utero
1681 809 1846 873 aluit,

279 924 332 970 et
353 921 634 984 peceatum
669 924 778 964 non
804 908 928 964 fecit
949 949 964 976 ,
1007 922 1106 962 nec
1127 907 1372 961 iuventus
1395 910 1480 958 est
1505 902 1658 957 dolus
1677 901 1729 955 in
1754 913 1851 954 ore

278 1005 390 1074 ejus
419 1002 480 1074 (ι
530 1003 670 1056 Petr.
698 1017 764 1066 ιι,
795 998 918 1072 22).
947 1000 1004 1054 In
1046 1014 1165 1053 eum
1193 1002 1388 1068 quippe
1415 994 1690 1050 credentes
1712 1033 1729 1058 ,
1757 991 1851 1045 lilii

282 1095 373 1148 Dei
405 1093 576 1154 fiunt;
607 1093 727 1162 quia
751 1107 816 1146 ex
843 1092 952 1145 Deo
977 1098 1263 1144 nascuntur
1286 1103 1382 1158 per
1408 1085 1707 1155 adoptionis
1731 1098 1852 1153 gra-

280 1185 429 1248 tiam,
454 1198 576 1253 qua:
590 1191 677 1238 est
699 1184 750 1235 in
778 1181 880 1236 [ide
900 1179 1031 1235 Jesu
1055 1179 1250 1234 Christi
1273 1176 1479 1231 Domini
1503 1174 1692 1229 nostri.
1713 1173 1853 1239 Qua-

277 1284 516 1344 prOpter,
539 1271 859 1337 charissimi,
885 1269 1076 1324 merito
1095 1267 1236 1322 idem
1261 1266 1514 1321 Dominus
1535 1273 1589 1318 et
1607 1262 1854 1318 Salvator

279 1373 464 1420 noster
492 1362 595 1416 hoc
617 1375 778 1415 unum
807 1367 1080 1429 peccatum
1107 1357 1256 1424 dicit,
1279 1355 1348 1411 de
1370 1370 1477 1425 quo
1499 1354 1672 1423 arguit
1699 1367 1854 1406 mun-

282 1455 411 1509 dum
437 1453 662 1522 Spiritus
689 1461 906 1506 sanctus
927 1492 944 1517 ,
968 1450 1089 1519 quia
1120 1464 1224 1502 non
1245 1447 1416 1502 credit
1438 1446 1494 1500 in
1530 1460 1672 1500 eum.
1705 1443 1816 1514 Ego
1833 1481 1851 1508 ,

282 1545 450 1615 inquit
475 1587 490 1610 ,
513 1545 767 1597 veritatem
785 1543 896 1596 dico
916 1541 1072 1602 vobis,
1092 1539 1295 1608 expedit
1309 1538 1444 1592 vobis
1463 1546 1516 1590 ut
1537 1551 1630 1606 ego
1650 1535 1852 1588 cadam.

287 1635 340 1690 Si
365 1636 502 1688 enim
544 1649 636 1704 ego
659 1649 762 1686 non
781 1632 978 1697 abiero,
1010 1630 1314 1684 Paraeletus‘
1331 1646 1437 1682 non
1450 1629 1605 1681 veniet
1629 1626 1697 1679 ad
1721 1641 1805 1678 nos
1832 1641 1854 1678 .°

277 1726 320 1778 si
345 1734 516 1778 autem
540 1723 723 1786 abiero,
745 1724 937 1776 mittam
959 1739 1080 1776 eum
1100 1723 1168 1775 ad
1192 1738 1296 1775 vos.
1325 1718 1523 1774 Etcum
1543 1718 1727 1773 uenerit
1745 1715 1850 1781 ille,

278 1825 454 1885 arguet
475 1814 719 1867 mundum
747 1814 810 1867 de
831 1822 1052 1879 peccato,
1083 1822 1131 1867 et
1157 1813 1220 1864 de
1231 1811 1452 1881 justitia,
1482 1818 1528 1864 et
1550 1808 1614 1862 de
1628 1807 1850 1879 judicio.

279 1903 358 1958 De
395 1913 606 1974 peccato
635 1904 834 1973 quidem
856 1944 870 1969 ,
913 1903 1030 1973 quia
1058 1918 1160 1956 non
1191 1901 1506 1955 crediderunt
1542 1900 1594 1952 in
1634 1914 1713 1950 me
1750 1913 1768 1950 :
1794 1897 1856 1950 de

277 1995 476 2066 iustitia
497 2010 630 2057 om,
661 1994 778 2063 quia
805 1993 873 2046 ad
904 1993 1105 2050 Patrem
1132 1990 1282 2054 vado,
1304 1999 1350 2043 et
1365 1990 1480 2059 jam
1506 2004 1605 2041 non
1631 1986 1855 2040 videbitis

281 2102 360 2138 me
385 2102 406 2139 :
427 2084 496 2138 de
507 2084 706 2154 judicio
731 2093 918 2148 autem,
941 2083 1059 2154 quia
1083 2082 1313 2152 princeps
1339 2080 1491 2149 hujus
1513 2076 1686 2131 mundi
1706 2075 1854 2146 judi-

280 2186 422 2229 σαιιη
449 2185 548 2230 88‘.

349 2266 583 2322 CAPUT
613 2267 674 2322 Il.
700 2297 771 2307 —
793 2268 848 2320 2.
877 2266 1146 2320 Peccatum
1172 2264 1486 2336 inﬁdelitatis
1517 2265 1571 2318 in
1605 2259 1858 2320 Christum

281 2373 374 2410 cur
396 2357 567 2412 solum
593 2359 841 2429 arguitur.
885 2358 962 2412 De
1001 2357 1103 2412 hoc
1134 2371 1262 2426 ergo
1299 2369 1404 2430 uno
1433 2363 1649 2424 peccato
1695 2353 1861 2407 voluit

281 2445 543 2500 mundum
568 2447 748 2517 argui,
776 2445 916 2515 quod
946 2460 1048 2499 non
1079 2445 1304 2499 credunt
1328 2445 1380 2498 in
1417 2459 1542 2500 eum
1573 2458 1594 2496 ιη
1616 2441 1860 2496 videlicet

276 2535 404 2604 quia
432 2536 488 2588 in
515 2551 638 2589 eum
683 2535 950 2590 credendo
981 2543 1170 2588 cuncta
1202 2544 1412 2604 peccata
1443 2533 1732 2596 solvuntur,
1758 2529 1861 2584 hoc

277 2638 446 2686 unum
496 2625 738 2695 imputari
793 2625 992 2689 voluit,
1034 2639 1138 2694 quo
1181 2634 1374 2678 caetera
1413 2623 1745 2693 colligantur.
1795 2620 1862 2674 Et

277 2715 403 2783 quia
435 2713 705 2770 caedendo
737 2724 1028 2770 nascuntur
1060 2729 1125 2770 ex
1157 2714 1264 2770 Deo
1288 2756 1303 2780 ,
1340 2723 1396 2770 et
1429 2715 1522 2768 lilii
1565 2714 1659 2769 Dei
1691 2713 1858 2767 fiunt:

277 2805 438 2860 Dedit
469 2807 658 2872 enim,
694 2807 904 2876 inquit,
939 2807 1041 2861 illis
1075 2815 1368 2878 potestatem
1413 2807 1546 2874 ﬁlios
1587 2804 1681 2858 Dei
1715 2804 1859 2873 ﬁeri,

272 2897 599 2950 cedentibus
612 2898 669 2950 in
689 2913 800 2951 eum
823 2896 1000 2968 (Joan.
1024 2914 1072 2964 ι,
1101 2897 1210 2970 ιε).
1238 2897 1337 2965 Qui
1361 2912 1487 2966 ergo
1507 2894 1674 2950 credit
1700 2893 1752 2947 in
1777 2893 1864 2947 Fi-

274 2987 416 3041 lium
447 2987 575 3053 Dei,
606 2987 660 3041 in
689 2996 944 3058 quantum
978 2988 1214 3043 adhaeret
1238 2989 1347 3054 illi,
1393 2996 1448 3043 et
1473 2986 1531 3039 lit
1561 2986 1720 3040 etiam
1749 2986 1864 3053 ipse

277 3095 384 3146 per
416 3078 768 3148 adoptionem
793 3079 930 3136 ﬁlius
956 3089 1008 3136 et
1048 3080 1218 3135 hieres
1247 3080 1370 3144 Dei,
1405 3077 1645 3133 cohaeres
1687 3085 1862 3130 autem

274 3167 521 3233 Christi,
548 3168 605 3222 in
639 3177 838 3223 tantum
876 3185 982 3224 non
1009 3177 1209 3238 peccat.
1238 3168 1392 3224 Unde
1427 3168 1555 3222 dicit
1591 3166 1862 3222 Joannes:

281 3257 393 3323 Qui
417 3265 567 3312 natus
611 3268 683 3313 est
721 3275 784 3313 ea:
811 3259 948 3324 Deo,
987 3276 1089 3313 non
1113 3269 1281 3330 peccat
1306 3259 1351 3329 (Ι
1375 3257 1532 3312 Joan.
1571 3272 1661 3322 ιιι,
1690 3256 1770 3326 9).
1801 3255 1867 3309 Et

283 3347 414 3402 ideo
443 3355 716 3417 peccatum
748 3348 888 3404 unde
934 3348 1162 3403 mundus
1205 3348 1440 3418 arguitur
1464 3347 1564 3402 hoc
1590 3354 1692 3411 est,
1721 3344 1865 3415 quod

288 3452 398 3492 non
421 3437 646 3493 credunt
669 3439 722 3492 in
751 3453 894 3494 eum.
917 3438 1029 3494 Hoc
1052 3446 1134 3492 est
1159 3446 1428 3507 peccatum
1460 3436 1529 3492 de
1549 3448 1656 3507 quo
1683 3434 1864 3490 itidem

284 3526 422 3581 dicit
443 3545 455 3580 :
478 3527 540 3582 Si
553 3544 655 3582 non
667 3529 926 3592 uenissem,
944 3538 1196 3597 peccatum
1212 3544 1312 3581 non
1328 3526 1561 3580 haberent
1578 3523 1756 3594 (Joan.
1771 3539 1866 3589 xv,

281 3619 421 3684 22).
448 3618 709 3689 Numquid
738 3621 880 3675 enim
924 3620 1023 3673 alia
1072 3619 1469 3674 innumerabilia
1511 3625 1722 3686 peccata
1761 3631 1866 3671 non
1937 3649 1950 3664 α

287 3709 561 3763 habebant
578 3708 604 3761 ?
633 3709 738 3764 Sed
761 3709 989 3764 adventu
1015 3709 1131 3778 ejus
1156 3709 1444 3763 hoc'unum
1475 3713 1747 3775 peccatum
1774 3718 1867 3760 ac-

284 3799 456 3854 cessit
500 3813 606 3853 non
652 3799 992 3854 credentibus
1015 3839 1031 3864 ,
1069 3815 1175 3868 quo
1203 3807 1396 3854 caetera
1439 3805 1760 3852 tenerentur.
1809 3796 1868 3852 In

286 3889 635 3945 credentibus
661 3901 836 3945 autem
861 3891 982 3960 quia
1013 3891 1117 3945 hoc
1138 3905 1300 3944 unum
1327 3888 1526 3955 defuit,
1559 3888 1750 3943 factum
1789 3896 1873 3942 est

285 3990 349 4035 ut
392 3989 581 4035 cuncta
629 3980 1029 4036 dimitterentur
1073 3979 1428 4035 credentibus.
1472 3979 1582 4034 Nec
1619 3980 1688 4035 ob
1730 3978 1870 4034 aliud

285 4071 569 4140 apostolus
588 4071 812 4135 Paulus,
837 4070 1045 4135 Omnes,
1073 4070 1261 4139 inquit,
1297 4079 1636 4138 peccauerunt,
1665 4079 1711 4123 et
1729 4077 1873 4140 egent

286 4160 458 4230 gloria
483 4158 580 4213 Dei
601 4159 624 4232 (
647 4159 796 4213 Rom.
822 4175 914 4225 ιιι,
944 4160 1015 4214 25
1033 4158 1088 4232 );
1121 4146 1290 4230 utqui
1327 4159 1611 4215 crediderit
1634 4159 1685 4214 in
1713 4174 1834 4214 eum
1853 4200 1870 4226 ,

289 4265 404 4306 non
437 4251 788 4307 confundatur
815 4249 939 4318 (Id.
969 4267 1022 4304 ix
1041 4291 1058 4315 ,
1080 4249 1184 4322 33)
1221 4261 1236 4305 :
1265 4250 1400 4304 sicut
1433 4258 1487 4304 et
1524 4249 1766 4304 Psalmus
1788 4249 1872 4304 di-

285 4345 370 4399 cit
391 4384 407 4409 ,
429 4343 664 4397 Accedite
691 4343 761 4396 ad
787 4359 927 4408 eum,
954 4353 1001 4396 et
1041 4343 1429 4408 illuminamini,
1459 4353 1508 4395 et
1534 4341 1702 4396 uultus
1728 4342 1876 4395 vestri

287 4450 400 4490 non
427 4435 802 4505 confundantur
839 4433 1027 4504 (Psal.
1057 4449 1224 4488 sum
1249 4474 1262 4497 ,
1305 4432 1394 4500 6).
1439 4434 1538 4500 Qui
1567 4448 1694 4502 ergo
1723 4433 1774 4488 in
1813 4448 1873 4489 se

287 4525 573 4597 gloriatur,
601 4523 950 4580 confundetur
981 4540 996 4577 :
1026 4539 1131 4578 non
1153 4524 1294 4578 enim
1323 4524 1437 4578 sine
1463 4523 1692 4593 peccatis
1723 4523 1874 4577 inve-

293 4615 496 4670 nietur.
524 4613 620 4670 Ille
646 4614 826 4684 itaque
851 4613 1215 4668 tantummodo
1236 4629 1339 4666 non
1371 4613 1722 4667 confundetur
1740 4653 1755 4677 ,
1784 4613 1874 4682 qui

291 4705 352 4759 in
384 4704 609 4758 Domino
625 4703 899 4774 gloriatur.
931 4702 1117 4756 Omnes
1141 4703 1273 4756 enim
1298 4713 1640 4772 peccaverunt,
1663 4711 1708 4756 et
1732 4712 1876 4772 egent

293 4794 463 4864 gloria
488 4792 605 4848 Dei.
645 4793 828 4863 Itaque
852 4808 972 4848 cum
1002 4791 1070 4847 de
1095 4791 1399 4847 Judarorum
1439 4791 1748 4846 inﬁdelitate
1791 4793 1874 4846 lo—

301 4893 576 4956 queretur,
603 4901 709 4940 non
739 4887 845 4940 ait:
868 4885 1077 4939 Etenim
1097 4884 1141 4938 si
1161 4883 1374 4952 quidam
1395 4882 1602 4937 illorum
1629 4897 1876 4952 peccave-

300 4984 441 5040 runt,
472 4975 726 5046 numquid
759 4985 1030 5044 peccatum
1054 4988 1238 5028 eorum
1263 4973 1419 5027 iidem
1441 4974 1532 5028 Dei
1561 4975 1874 5031 evacuabit?

294 5067 580 5131 Quomodo
603 5068 747 5121 enim
785 5066 1023 5131 diceret,
1055 5065 1111 5119 Si
1134 5064 1346 5134 quidam
1383 5064 1592 5118 illorum
1619 5079 1875 5133 peccave-

295 5165 454 5222 runt;
481 5171 604 5212 cum
631 5157 744 5226 ipse
767 5155 991 5218 dixerit,
1017 5154 1202 5210 Omnes
1230 5155 1363 5208 enim
1387 5164 1708 5219 peccauerunt
1725 5155 1750 5208 .9
1769 5155 1873 5211 Sed

268 5293 270 5295 ,
298 5249 372 5302 ait
395 5289 410 5310 ,
445 5248 508 5303 Si
528 5248 736 5319 quidam
767 5249 972 5302 illorum
1006 5227 1124 5301 ποθί
1137 5245 1484 5310 crediderunt,
1519 5247 1762 5318 numquid
1789 5247 1872 5300 in-

297 5337 570 5392 credulitas
593 5355 766 5392 eorum
790 5338 942 5407 ﬁdem
972 5335 1069 5390 Dei
1085 5336 1344 5391 evacuabit
1370 5335 1544 5408 (-Rom.
1571 5352 1648 5402 ιιι,
1679 5335 1779 5409 3)?
1808 5337 1875 5392 Ut

302 5425 406 5480 hoc
425 5435 698 5495 peccatum
724 5426 1027 5496 expressius
1041 5425 1450 5491 demonstraret,
1474 5441 1578 5495 quo
1599 5441 1704 5480 uno
1728 5427 1876 5481 clau-

301 5515 448 5569 ditur
471 5515 726 5571 advcrsus
749 5525 963 5582 czrtera,
990 5531 1058 5570 ne
1083 5531 1174 5584 per
1192 5513 1522 5584 Deigratiam
1548 5515 1868 5570 relaxentur.

305 5603 383 5656 De
406 5619 510 5673 quo
535 5620 642 5660 uno
669 5613 882 5674 peccato
901 5621 995 5674 per
1011 5605 1290 5658 adventum
1313 5603 1538 5671 Spiritus
1564 5606 1752 5670 sancti,
1773 5604 1873 5661 hoc

301 5700 418 5758 est,
447 5707 544 5764 per
582 5693 782 5751 donum
825 5694 989 5764 ipsius
1028 5693 1207 5763 gratiae
1244 5691 1383 5764 quod
1408 5691 1648 5748 fidelibus
1675 5693 1829 5749 datur
1849 5738 1864 5762 ,

1639 329 1870 388 SERMO
1903 329 2130 388 CXLIII.

3407 333 3513 390 786

1947 444 2178 500 mundus
2196 443 2455 514 arguitur,
2478 441 2689 500 dicente
2710 443 2951 511 Domino,
2975 443 3051 500 De
3068 453 3270 516 peccato
3291 445 3514 512 quidem,

1948 537 2066 608 quia
2085 553 2186 591 non
2207 535 2526 590 crediderunt
2551 536 2604 590 in
2630 553 2727 590 me.

2019 625 2242 683 CAPUT
2282 625 2366 680 Ill.
2395 655 2467 667 ——
2507 626 2560 679 5.
2591 625 2815 697 Spiritus
2857 625 3020 704 sancti
3053 641 3291 696 magnum
3333 641 3516 681 munus

1951 727 2063 789 post
2089 717 2278 772 Christi
2319 717 2679 772 ascensionem.
2724 715 2838 770 Non
2877 725 3052 770 autem
3091 725 3235 770 esset
3277 717 3518 770 meritum

1951 807 2151 878 grande
2194 807 2518 864 credentium
2547 815 2601 862 et
2637 805 2905 861 beatitudo
2929 807 3189 876 gloriosa,
3228 805 3274 859 si
3313 819 3523 873 semper

1953 897 2208 953 Dominus
2232 898 2283 951 in
2309 898 2623 952 resuscitato
2650 911 2872 966 corpore
2899 895 3144 950 humanis
3163 893 3328 948 oculis
3353 908 3520 965 appa—

1954 998 2115 1042 reret.
2143 987 2369 1056 Spiritus
2388 1002 2514 1058 ergo
2537 995 2749 1041 sanctus
2769 986 2872 1040 hoc
2895 1000 3141 1055 magnum
3167 1000 3360 1039 munus
3382 993 3524 1039 attu-

1953 1079 2014 1134 lit
2038 1079 2344 1143 credituris,
2377 1088 2432 1132 ut
2462 1093 2582 1132 eum
2607 1093 2764 1148 quem
2791 1077 3088 1132 carnalibus
3113 1076 3281 1132 oculis
3305 1091 3412 1131 non
3441 1075 3520 1128 vi-

1955 1167 2162 1236 derent,
2185 1184 2215 1222 a
2239 1168 2536 1224 carnalibus
2557 1167 2929 1236 cupiditatibus
2949 1174 3125 1222 mente
3142 1166 3316 1220 sobria
3337 1174 3394 1218 et
3419 1165 3528 1234 spi-

1955 1259 2236 1314 ritualibus
2277 1258 2554 1313 desideriis
2585 1257 2733 1312 ebria
2774 1257 3120 1327 suSpirarent.
3166 1255 3319 1311 Unde
3354 1263 3408 1308 ct
3439 1256 3527 1310 ille

1955 1349 2266 1420 discipulus,
2295 1349 2390 1419 qui
2413 1363 2469 1404 se
2495 1348 2706 1403 dixerat
2735 1362 2837 1402 non
2867 1347 3188 1402 crediturum
3210 1387 3224 1412 ,
3257 1346 3357 1399 nisi
3385 1345 3528 1400 cica-

1957 1439 2118 1494 trices
2141 1439 2257 1509 ejus
2280 1454 2440 1493 manu
2466 1439 2742 1508 tetigisset,
2774 1453 2893 1492 cum
2921 1444 3278 1492 contrectacto
3303 1450 3527 1504 corpore

1958 1527 2167 1583 Domini
2195 1530 2344 1600 quasi
2367 1529 2618 1600 evigilans
2649 1528 3015 1592 exclamasset,
3044 1526 3292 1580 Dominus
3320 1543 3455 1581 meus
3481 1538 3530 1580 et

1956 1617 2096 1673 Deus
2124 1619 2300 1674 meus!
2327 1620 2400 1674 ait
2435 1619 2510 1674 illi
2550 1619 2803 1673 Dominus
2821 1660 2837 1685 ,
2880 1616 3010 1684 Quia
3037 1618 3206 1695 vidisti
3226 1634 3303 1672 me
3321 1658 3336 1684 ,
3367 1618 3529 1672 credi-

1958 1710 2076 1764 disti
2095 1726 2114 1774 ;
2141 1711 2271 1764 beati
2295 1712 2381 1780 qui
2414 1727 2514 1765 non
2539 1710 2766 1765 viderunt
2790 1720 2838 1765 et
2861 1710 3178 1764 crediderunt
3207 1709 3382 1782 (Joan.
3419 1725 3488 1764 xx
3513 1750 3530 1773 ,

1956 1798 2166 1870 25.29).
2197 1800 2748 1871 llancbeatitudinem
2777 1800 3003 1871 Spiritus
3038 1809 3253 1855 sanctus
3289 1800 3533 1870 paracleo

1958 1895 2044 1944 tus
2067 1889 2281 1956 attulit,
2329 1898 2385 1944 ut
2409 1891 2476 1946 ab
2501 1891 2671 1946 oculis
2704 1892 2881 1946 carnis
2908 1891 3045 1946 servi
3089 1891 3258 1946 forma
3285 1899 3491 1946 remota
3515 1930 3530 1956 ,

1963 1992 2119 2048 quam
2151 1980 2217 2035 de
2245 1981 2461 2052 virginis
2476 1988 2630 2040 utero
2649 1981 2872 2052 accepit,
2897 1980 2950 2036 in
2971 1983 3137 2051 ipsam
3169 1981 3258 2036 Dei
3283 1980 3531 2047 formam,

1958 2071 2011 2126 in
2042 2085 2142 2142 qua
2172 2069 2314 2126 Patri
2341 2072 2561 2142 aequalis
2585 2072 2742 2126 etiam
2769 2087 2890 2127 cum
2913 2072 2963 2126 in
2985 2086 3145 2126 carne
3167 2087 3423 2142 apparere
3449 2072 3530 2126 di-

1958 2173 2147 2235 gnatus
2174 2172 2256 2220 est
2286 2163 2571 2233 permansit
2597 2204 2612 2230 ,
2645 2170 2862 2232 purgata
2904 2163 3097 2217 mentis
3119 2163 3262 2217 acies
3289 2161 3534 2218 tendere-

1960 2263 2046 2310 tur
2079 2273 2092 2309 :
2125 2263 2182 2308 ut
2219 2252 2406 2308 eodem
2445 2251 2643 2320 Spiritu
2687 2251 2920 2321 repletus
2961 2251 3245 2320 Apostolus
3286 2251 3526 2318 diceret,

1960 2347 2031 2401 Et
2056 2347 2101 2402 si
2128 2361 2421 2401 noveramus
2445 2342 2702 2398 Christum
2729 2341 3006 2397 secundum
3027 2358 3228 2397 carnem
3247 2382 3263 2407 ,
3291 2343 3378 2398 sed
3405 2359 3536 2398 nunc

1952 2438 2067 2508 jam
2101 2453 2203 2491 non
2248 2436 2476 2490 nouimus
2521 2433 2587 2506 (ll
2633 2433 2750 2490 Cor.
2793 2449 2860 2498 v,
2893 2432 3004 2506 16).
3053 2433 3189 2502 Quia
3230 2421 3536 2490 et'caruem

1960 2527 2156 2585 Christi
2181 2542 2285 2583 non
2306 2526 2598 2583 secundum
2617 2541 2856 2593 carnem,
2870 2525 2965 2582 sed
2986 2527 3272 2582 secundum
3295 2529 3536 2596 spiritum

1963 2620 2130 2685 novit,
2154 2620 2243 2688 qui
2271 2618 2519 2673 virtutem
2546 2615 2951 2672 resurrectionis
2980 2616 3115 2686 ejus,
3142 2631 3246 2670 non
3277 2617 3538 2686 palpando

1963 2711 2204 2765 curiosus
2225 2751 2242 2777 ,
2273 2709 2368 2765 sed
2409 2709 2676 2766 credendo
2704 2719 2882 2764 certus
2906 2710 3145 2780 agnoscit
3169 2726 3183 2762 :
3212 2727 3316 2764 non
3355 2709 3538 2767 dicens

1964 2799 2020 2854 in
2040 2799 2198 2854 corde
2217 2814 2333 2865 suo,
2359 2799 2484 2865 Quis
2508 2800 2731 2854 ascendit
2751 2801 2806 2853 in
2825 2800 3000 2854 calum
3024 2801 3050 2855 2
3077 2800 3172 2855 hoc
3194 2811 3266 2855 est
3286 2800 3540 2856 Christum

1966 2891 2242 2956 deducere;
2263 2900 2368 2956 aut,
2392 2890 2517 2956 Quis
2539 2891 2791 2946 descendit
2810 2893 2862 2946 in
2891 2893 3126 2963 abyssum
3141 2894 3168 2949 7
3186 2893 3280 2948 hac
3298 2903 3370 2948 est
3395 2893 3543 2949 Chri-

1965 2991 2098 3036 stum
2125 2997 2157 3035 a
2183 2983 2392 3058 mortuis
2420 2984 2674 3038 reducere.
2701 2982 2808 3039 Sed
2832 3001 2988 3056 prope
3008 2994 3098 3050 est,
3123 2985 3312 3056 inquit,
3340 2987 3540 3044 verbum

1966 3074 2018 3126 in
2046 3089 2132 3128 ore
2156 3083 2261 3139 tuo,
2289 3075 2410 3145 quia
2439 3075 2694 3130 Dominus
2722 3084 2804 3130 est
2825 3075 2981 3131 Iesus
3009 3093 3022 3130 :
3052 3083 3107 3130 et
3130 3077 3175 3130 si
3199 3077 3470 3132 credideris
3489 3080 3540 3132 in

1966 3165 2119 3218 corde
2141 3175 2225 3220 tuo
2259 3168 2376 3236 quia
2401 3164 2542 3222 Deus
2584 3167 2729 3221 illum
2757 3167 3013 3222 suscitavit
3043 3183 3076 3222 α
3110 3169 3317 3222 mortuis
3335 3209 3350 3235 ,
3377 3169 3544 3224 saluus

1968 3257 2085 3310 eris.
2111 3254 2274 3311 Corde
2311 3257 2441 3310 enim
2469 3257 2689 3311 creditur
2713 3256 2779 3310 ad
2800 3257 3054 3328 justitiam
3074 3299 3090 3324 ,
3123 3274 3209 3313 ore
3231 3267 3396 3313 autem
3424 3275 3543 3314 con-

1967 3346 2118 3418 fessio
2141 3347 2199 3416 ﬁt
2240 3347 2308 3401 ad
2333 3346 2549 3402 salutem
2573 3348 2748 3418 (Rom.
2778 3365 2809 3402 ιι
2829 3390 2845 3415 ,
2893 3349 3068 3420 6-10).
3109 3350 3234 3404 Haec
3256 3389 3272 3413 ,
3315 3350 3540 3418 fratres,

1971 3438 2210 3507 Apostoli
2256 3439 2417 3494 verba
2462 3444 2630 3507 sunt,
2679 3440 2845 3508 ipsius
2891 3439 3061 3496 sancti
3101 3439 3328 3511 Spiritus
3356 3451 3542 3497 sancta

1969 3530 2224 3584 ebrietate
2248 3532 2558 3585 ructuantis.

2039 3618 2264 3675 CAPUT
2303 3619 2394 3674 IV.
2421 3649 2492 3661 -—
2517 3621 2575 3674 4.
2604 3617 2819 3673 Iustitia
2843 3618 3008 3688 ﬁdeia
3027 3613 3223 3689 Spiritu
3237 3629 3413 3674 sancto
3434 3631 3545 3690 post

1971 3724 2220 3762 recessum
2257 3708 2463 3764 Christi.
2495 3709 2628 3764 Cum
2666 3723 2794 3780 ergo
2822 3708 2960 3764 hanc
2995 3709 3374 3765 beatitudinem
3395 3751 3412 3777 ,
3442 3726 3544 3784 qua

1973 3819 2078 3857 non
2103 3803 2343 3858 videmus
2377 3813 2432 3858 et
2471 3802 2740 3858 credimus
2761 3844 2778 3871 ,
2819 3803 2966 3858 nullo
2991 3802 3152 3859 modo
3191 3803 3546 3871 haberemus;

1976 3895 2076 3950 nisi
2101 3911 2216 3951 cam
2241 3911 2270 3949 a
2291 3896 2486 3965 Spiritu
2507 3904 2691 3957 sancto
2710 3895 3108 3966 acciperemus;
3135 3897 3326 3951 merito
3345 3895 3539 3952 dictum

1975 3995 2056 4040 est
2075 4028 2090 4053 ,
2124 3986 2340 4056 Expedit
2365 3986 2500 4042 vobis
2526 3996 2581 4040 ut
2608 4003 2698 4057 ego
2721 3985 2926 4044 cadam.
2965 3986 3029 4042 Si
3055 3987 3185 4041 enim
3215 4002 3316 4041 non
3342 3986 3544 4048 abiero,

1975 4074 2272 4130 Paracletus
2299 4093 2399 4130 non
2423 4077 2580 4131 veniet
2605 4076 2672 4130 ad
2699 4093 2784 4132 vos
2818 4093 2836 4131 :
2860 4078 2911 4132 si-
2929 4086 3094 4132 autem
3117 4077 3285 4132 abiero
3307 4118 3323 4143 ,
3353 4077 3548 4131 mittam

1975 4167 2121 4221 illum
2166 4166 2234 4220 ad
2279 4183 2385 4221 vos.
2429 4166 2652 4237 Semper
2696 4168 2908 4238 quidem
2954 4168 3228 4225 divinitate
3275 4168 3548 4225 nobiscum

1977 4266 2058 4312 est
2091 4275 2104 4311 :
2133 4256 2228 4311 scd
2255 4258 2355 4312 nisi
2380 4258 2727 4327 corporaliter
2749 4259 2922 4314 abiret
2944 4274 2976 4314 a
3001 4260 3176 4326 nobis,
3201 4274 3415 4330 semper
3433 4260 3553 4330 ejus

1977 4361 2169 4416 corpus
2194 4347 2478 4402 carnaliter
2498 4348 2818 4416 videremus,
2840 4360 2894 4404 et
2915 4355 3182 4422 uunqua‘m
3208 4352 3552 4421 spiritualiter

1977 4439 2357 4503 crederemus;
2383 4453 2484 4509 qua
2508 4438 2612 4493 ﬁde
2627 4439 2898 4508 juslilicati
2918 4449 2972 4495 et
2995 4440 3296 4505 beatiticati,
3320 4441 3550 4512 idipsum

1979 4527 2210 4581 Verbum
2237 4527 2398 4582 Deum
2415 4527 2554 4597 apud
2576 4527 2761 4592 Deum,
2779 4544 2871 4598 per
2890 4529 3030 4599 quod
3052 4529 3186 4584 iacta
3207 4540 3330 4585 sunt
3348 4531 3549 4599 omnia,

1978 4629 2032 4675 et
2061 4619 2202 4690 quod
2231 4633 2358 4674 caro
2387 4619 2576 4674 factum
2609 4628 2712 4687 est,
2743 4631 2801 4675 ut
2826 4621 3088 4678 habitaret
3118 4624 3170 4678 in
3199 4624 3373 4690 nobis,
3393 4624 3554 4680 corde

1977 4710 2252 4765 mundato-
2277 4711 2623 4780 contemplari
2650 4727 3002 4768 merercmur.
3036 4715 3102 4768 Et
3134 4716 3178 4770 si
3208 4716 3225 4746 ¹
3255 4730 3362 4770 ιιοιι
3391 4730 3550 4772 manu

1979 4801 2244 4871 tangendo
2265 4841 2281 4865 ,
2321 4802 2414 4856 sed
2441 4802 2600 4856 oorde
2629 4802 2862 4858 creditur
2888 4803 2955 4857 ad
2976 4803 3233 4873 justitiam
3259 4821 3275 4871 ;
3307 4814 3454 4861 recte
3480 4805 3548 4862 de

1974 4895 2175 4965 iustitia
2206 4906 2384 4950 nostra
2411 4895 2638 4950 mundus
2663 4897 2916 4966 arguitur,
2945 4897 3032 4966 qui
3059 4913 3161 4950 nou
3193 4897 3306 4952 vult
3326 4896 3547 4952 credere

1979 4987 2081 5040 nisi
2108 4984 2249 5055 quod
2279 4984 2440 5039 videt.
2468 4983 2538 5040 Ut
2578 4993 2754 5040 autem
2798 5000 2896 5040 nos
2939 4985 3252 5040 haberemus
3284 4985 3545 5055 justitiam
3627 4999 3630 5002 ‘

1977 5075 2122 5141 ﬁdei,
2153 5075 2220 5128 de
2247 5087 2350 5143 qua
2375 5073 2603 5127 mundus
2625 5083 2935 5143 argueretur
2961 5075 3279 5141 incredulus,
3307 5086 3547 5146 propter-

1977 5179 2039 5218 ea
2074 5162 2327 5217 Dominus
2365 5163 2476 5228 ait,
2509 5161 2589 5217 De
2601 5163 2823 5232 justitia,
2852 5164 2969 5234 quia
2996 5163 3064 5216 ad
3091 5162 3294 5220 Patrem
3322 5166 3471 5229 vado,
3501 5174 3548 5220 et
3598 5171 3606 5177 ‘

1969 5255 2084 5326 jam
2111 5269 2211 5307 non
2237 5253 2461 5307 videbitis
2499 5269 2595 5307 me.
2627 5253 2898 5324 Tanquam
2919 5253 3122 5310 diceret
3148 5275 3162 5310 :
3190 5255 3315 5312 Haec
3338 5256 3439 5312 erit
3458 5256 3548 5326 ju-

1979 5345 2120 5400 stitia
2143 5351 2338 5409 vestra,
2362 5352 2420 5398 ut
2443 5343 2670 5399 credatis
2690 5343 2741 5399 in
2769 5360 2854 5400 me
2881 5344 3246 5413 mediatorum,
3277 5362 3434 5419 quem
3461 5363 3544 5403 re-

1932 5472 1942 5484 -
1980 5437 2289 5492 suscitatam
2335 5434 2402 5490 ad
2449 5435 2659 5490 Patrem
2707 5435 2812 5491 isse
2854 5436 3149 5492 certissime
3191 5437 3454 5494 habebitis
3477 5441 3539 5508 ι,

1979 5527 2218 5599 quamvis
2244 5541 2364 5583 cum
2390 5527 2673 5581 carnaliter
2700 5542 2806 5582 non
2844 5527 3105 5595 videatis;
3138 5539 3194 5585 ut
3231 5545 3329 5601 per.
3367 5531 3538 5601 ipsum

2043 5645 2056 5675 ¹
2079 5649 2144 5692 tta
2164 5649 2266 5689 Mss.
2290 5639 2408 5688 Editi
2425 5653 2561 5698 vero,
2582 5645 2637 5688 Et
2649 5639 2736 5689 sic.

2041 5706 2060 5736 ³
2084 5711 2212 5762 Mss.,
2225 5699 2538 5755 certissim
2557 5699 2802 5754 habebitis.
