3850 6188
368 356 469 411 787

371 465 731 531 reconciliati,
761 464 925 518 Deum
952 458 1295 531 spiritualiter
1319 457 1497 511 videre
1523 446 1755 520 pOSSitis.
1783 443 1936 501 Unde

374 559 591 627 figuram
620 554 868 608 Ecclesia:
892 551 1118 620 gestanti
1143 548 1373 611 mulieri,
1397 561 1514 600 cum
1540 546 1588 600 ei
1614 551 1732 614 post
1757 555 1936 597 resur-

370 647 658 702 rectionem
686 643 749 699 ad
777 642 936 712 pedes
958 641 1204 696 caderet:
1236 637 1362 693 Noli
1380 653 1459 691 me
1483 646 1704 707 tangere,
1731 632 1932 703 inquit;

369 739 591 792 nondum
612 735 743 789 enim
769 732 971 787 ascendi
997 731 1063 785 ad
1089 731 1294 785 Patrem
1320 728 1498 801 (Joan.
1528 743 1623 792 xx,
1650 726 1762 797 i7).
1784 721 1935 792 Quod

368 825 588 897 mystice
614 825 809 880 dictum
840 822 1163 893 intelligitur.
1203 820 1320 875 Noli
1360 835 1446 875 me
1484 832 1581 888 per
1617 828 1933 886 corporeum

366 925 671 971 contactum
720 916 1003 970 carnaliter
1043 912 1261 969 credere
1306 928 1322 964 :
1363 909 1708 980 spiritualiter
1754 914 1933 960 autem

369 1003 556 1058 credes
575 1045 590 1069 ,
621 1003 670 1057 id
700 1012 813 1069 est,
840 1002 943 1058 tide
971 1000 1228 1072 spirituali
1256 1014 1340 1055 me
1366 1008 1567 1066 tanges,
1599 1012 1720 1051 cum
1750 1009 1935 1051 ascen-

368 1093 500 1147 dero
528 1091 595 1147 ad
621 1092 849 1148 Patrem.
891 1091 1019 1157 Quia
1050 1091 1190 1146 beati
1216 1090 1306 1159 qui
1335 1103 1438 1142 non
1467 1087 1645 1142 vident
1673 1127 1688 1152 ,
1732 1092 1936 1138 ebore-

366 1182 521 1238 duuti
554 1184 617 1237 Et
646 1185 759 1238 haec
783 1193 864 1239 est
886 1184 1083 1252 justitia
1126 1184 1246 1238 fidei
1264 1223 1278 1247 ,
1322 1196 1424 1251 qua
1450 1179 1678 1235 mundus
1702 1193 1889 1234 carens
1915 1218 1931 1241 .

368 1275 440 1327 de
467 1274 617 1327 nobis
645 1274 731 1343 qui
759 1290 819 1328 ea
846 1288 950 1327 non
976 1288 1218 1328 caremus
1241 1314 1256 1340 ,
1302 1274 1537 1343 arguitur
1564 1288 1579 1325 :
1606 1270 1726 1338 quia
1761 1270 1935 1338 justus

371 1379 434 1418 es
464 1362 569 1419 [ide
606 1365 732 1418 vivit
758 1364 977 1436 (Habac.
1016 1380 1051 1419 ll
1076 1407 1089 1428 ,
1121 1366 1190 1426 ις
1222 1364 1371 1418 Rom.
1406 1380 1463 1429 ι,
1493 1361 1605 1434 17).
1644 1360 1768 1417 Sive
1808 1375 1936 1430 ergo

371 1455 492 1523 quia
520 1456 573 1509 in
602 1455 694 1507 illo
716 1464 1066 1525 resurgentes,
1089 1466 1143 1509 et
1168 1456 1216 1509 in
1236 1456 1326 1509 illo
1349 1455 1415 1509 ad
1435 1456 1642 1509 Patrem
1662 1453 1937 1509 venientes

370 1544 703 1600 invisibiliter
728 1553 782 1599 et
808 1545 861 1598 in
899 1545 1275 1614 justiticatione
1304 1544 1638 1613 perﬁcimur;
1674 1545 1787 1598 sive
1814 1543 1934 1612 quia

372 1650 480 1690 non
510 1636 748 1690 videntes
776 1644 829 1690 et
856 1636 1134 1691 credentes
1161 1651 1226 1689 ex
1265 1634 1368 1689 fide
1408 1633 1659 1698 vivimus,
1687 1634 1935 1703 quoniam

369 1724 540 1793 justus
565 1740 630 1779 ex
660 1725 762 1780 [ide
787 1726 919 1780 vivit
950 1744 963 1779 :
996 1734 1272 1795 propterea
1298 1724 1449 1790 dixit,
1476 1723 1555 1779 De
1569 1724 1790 1794 justitia,
1817 1724 1934 1794 quia

370 1815 439 1866 ad
468 1814 673 1867 Patrem
697 1815 845 1879 uado,
877 1824 926 1868 et
942 1802 1063 1885 jam.
1080 1832 1178 1868 non
1205 1815 1430 1868 uidebitis
1454 1831 1548 1868 me.
1722 1848 1731 1863 .

441 1903 665 1959 CAPUT
694 1903 905 1959 V.-—5.
924 1903 1288 1959 Inemcusabilis
1312 1903 1583 1971 inﬁdelitas
1610 1902 1802 1956 mundi.
1830 1901 1939 1956 Nec

375 1994 501 2050 inde
537 2008 597 2049 se
623 1994 851 2050 mundus
877 2006 1130 2061 excuset,
1159 1995 1296 2065 quod
1325 2008 1355 2048 a
1385 1994 1595 2051 diabolo
1623 1994 1935 2065 impeditur,

373 2099 445 2139 ne
485 2084 667 2139 credat
706 2084 760 2138 in
795 2084 1083 2140 Christum.
1124 2086 1472 2141 Credcntibus
1511 2086 1653 2141 enim
1694 2087 1940 2156 princeps

372 2173 555 2228 mundi
585 2175 809 2229 mittitur
834 2174 976 2229 foras
1002 2175 1176 2246 (Joan.
1204 2192 1298 2238 xu,
1325 2176 1437 2249 51),
1463 2185 1521 2231 ut
1540 2176 1650 2247 jam
1676 2191 1783 2231 non
1808 2190 1933 2246 0pc-

370 2272 522 2319 retur
548 2266 601 2318 in
630 2264 877 2320 cordibus
901 2264 1173 2321 hominum
1196 2307 1211 2331 ,
1240 2281 1371 2336 quos
1397 2267 1639 2321 Christus
1666 2282 1759 2335 per
1783 2266 1941 2321 fidem

374 2356 602 2425 cmperit
636 2357 940 2427 possidere;
972 2358 1110 2414 sicut
1141 2368 1388 2429 operatur
1411 2360 1463 2414 in
1491 2358 1612 2413 filiis
1635 2358 1942 2415 diffidentia:

376 2448 590 2520 (Ephes.
615 2464 674 2515 ιι,
699 2449 779 2519 2),
807 2464 941 2519 quos
961 2450 1029 2503 ad
1052 2449 1328 2505 tentandos
1348 2459 1401 2505 et
1424 2450 1751 2505 tribulandos
1770 2450 1943 2519 justos

375 2538 688 2606 plerumque
714 2539 963 2593 concitat.
995 2539 1127 2605 Quia
1158 2538 1298 2592 enim
1326 2540 1522 2594 missus
1547 2547 1630 2594 est
1653 2538 1795 2594 foras
1812 2581 1825 2603 ,
1854 2540 1943 2608 qui

375 2627 695 2682 intrinsecus
734 2627 1135 2694 dominabatur,
1162 2630 1487 2686 extrinsecus
1512 2633 1800 2701 przcliatur.
1833 2633 1943 2688 Etsi

376 2733 506 2789 ergo
534 2732 629 2787 per
655 2719 771 2787 ejus
808 2721 1204 2788 persecutiones
1226 2722 1482 2777 Dominus
1511 2722 1690 2795 dirigit
1713 2724 1868 2781 mites
1890 2726 1944 2779 in

374 2809 570 2876 judicio
602 2808 771 2880 (Psal.
806 2825 953 2877 xnv,
988 2812 1080 2880 9);
1110 2821 1281 2867 tamen
1304 2813 1411 2884 jam
1434 2817 1547 2885 ipse
1572 2817 1672 2872 hoc
1700 2819 1814 2888 ipso
1840 2835 1946 2889 quo

377 2899 523 2953 foras
563 2901 756 2956 missus
790 2909 910 2969 cst,
947 2903 1211 2971 judicatus
1245 2914 1346 2960 est.
1387 2906 1456 2961 Et
1501 2908 1567 2964 de
1610 2909 1710 2964 hoc
1747 2910 1946 2979 judicio

377 2991 607 3045 mundus
646 2993 921 3061 arguitur:
949 2993 1069 3063 quia
1098 2994 1289 3050 frustra
1329 2996 1397 3052 de
1424 2998 1634 3053 diabolo
1672 3001 1943 3069 queritur,

377 3082 465 3148 qui
492 3096 598 3136 non
621 3083 733 3136 vult
761 3083 984 3139 credere
1014 3085 1064 3138 in
1095 3086 1387 3149 Christum,
1420 3103 1573 3157 quem
1608 3090 1900 3159 judicatum
1924 3134 1939 3158 ,

381 3171 437 3223 id
463 3182 565 3235 est,
595 3172 736 3227 foras
762 3174 1001 3239 missum,
1029 3183 1082 3228 et
1107 3185 1320 3244 propter
1349 3186 1580 3231 nostram
1610 3182 1945 3237 exercitatio-

379 3276 502 3317 nem
544 3261 834 3318 forinsecus
874 3279 1177 3336 oppugnare
1219 3268 1570 3337 permissum,
1621 3286 1727 3326 non
1773 3273 1944 3328 solum

379 3351 504 3419 viri,
525 3352 618 3407 sed
645 3353 803 3407 etiam
827 3355 1094 3423 mulieres,
1117 3366 1170 3412 et
1194 3358 1361 3426 pueri,
1392 3368 1447 3414 et
1470 3360 1657 3429 puella:
1686 3370 1946 3434 martyres

379 3444 636 3499 vicerunt.
659 3445 763 3501 Sed
788 3446 840 3501 in
860 3462 964 3517 quo
983 3448 1242 3513 vicerunt,
1268 3450 1370 3505 nisi
1392 3452 1443 3505 in
1466 3452 1554 3506 illo
1576 3452 1630 3506 in
1650 3466 1805 3522 quem
1830 3468 1948 3511 cre-

379 3532 628 3588 diderunt
648 3577 663 3599 ,
694 3543 748 3590 et
775 3552 931 3606 quem
973 3553 1077 3593 non
1106 3538 1347 3595 videntes
1372 3540 1707 3609 dilexerunt,
1753 3550 1805 3597 et
1842 3559 1946 3613 quo

380 3625 685 3681 dominante
722 3626 777 3681 in
819 3628 1066 3684 cordibus
1088 3630 1200 3686 suis
1225 3632 1454 3700 pessimo
1482 3632 1814 3689 dominatore
1853 3638 1965 3691 ca-'

378 3717 648 3771 ruerunt?
674 3716 741 3773 Et
768 3717 869 3773 hoc
896 3726 1061 3775 totum
1090 3736 1185 3791 per
1210 3724 1451 3793 gratiam,
1483 3726 1584 3780 hoc
1601 3735 1702 3793 est,
1726 3742 1823 3797 per
1846 3728 1948 3782 do-

381 3821 509 3859 num
544 3806 771 3875 Spiritus
793 3811 980 3865 sancti.
1013 3811 1177 3868 Recte
1202 3814 1377 3885 itaque
1419 3815 1557 3869 idem
1601 3816 1829 3886 Spiritus
1861 3834 1949 3873 ar-

378 3897 495 3966 guit
514 3897 790 3963 mundum,
815 3911 868 3955 et
892 3901 955 3954 de
981 3912 1202 3969 peccato,
1226 3906 1347 3974 quia
1375 3920 1477 3959 non
1508 3907 1679 3963 credit
1706 3908 1758 3962 in
1792 3908 1947 3965 Chri-

380 3997 524 4041 stum
556 4006 571 4042 :
600 3998 647 4042 et
675 3990 739 4043 de
749 3989 970 4060 justitia,
1003 3993 1124 4063 quia
1149 3995 1237 4065 qui
1266 3997 1548 4053 voluerunt
1571 3998 1943 4067 crediderunt,

380 4080 621 4148 quamvis
657 4080 710 4135 in
742 4096 899 4151 quem
937 4085 1277 4143 crediderunt
1315 4103 1418 4142 non
1455 4089 1735 4156 viderunt;
1763 4098 1817 4145 et
1854 4106 1947 4160 per

381 4168 499 4237 ejus
527 4173 967 4229 resurrectionem
998 4188 1056 4230 se
1084 4192 1292 4246 quoque
1330 4178 1381 4231 in
1409 4182 1795 4235 resurrectione
1823 4196 1948 4250 per-

381 4257 469 4313 lici
507 4272 852 4328 speraverunt
881 4281 896 4318 :
928 4273 973 4317 et
1000 4265 1064 4318 de
1088 4267 1285 4335 judicio
1307 4308 1321 4330 ,
1364 4268 1483 4337 quia
1525 4268 1625 4338 ipsi
1669 4270 1715 4324 si
1751 4271 1949 4325 vellent

381 4348 619 4411 credere,
642 4365 672 4404 a
692 4351 839 4407 nullo
858 4354 1255 4422 impedirentur,
1283 4360 1519 4427 quoniam
1542 4360 1774 4432 princeps
1797 4361 1948 4430 huius

378 4442 555 4493 mundi
570 4443 685 4510 jam
699 4445 961 4512 judicatus
984 4456 1075 4499 est.

861 4576 1087 4633 SERMO
1123 4580 1323 4635 cxuv
1349 4585 1365 4605 ο
1396 4583 1491 4653 (α).

379 4704 459 4759 De
484 4705 639 4759 verbis
666 4705 851 4760 eisdem
881 4707 1140 4779 Evangelii
1165 4709 1401 4777 Joannis,
1430 4712 1548 4782 Ipse
1573 4724 1759 4784 arguet
1787 4731 1944 4771 mun-

452 4795 579 4868 dum
607 4795 674 4851 de
704 4809 938 4866 peccato,
968 4808 1022 4855 et
1047 4800 1112 4855 de
1136 4802 1330 4872 iustitia
1355 4844 1370 4869 ,
1402 4812 1456 4858 et
1481 4804 1548 4861 de
1569 4805 1787 4876 judicio.
1820 4807 1946 4879 Cap.

453 4900 561 4949 m,
608 4886 833 4954 ys-“
872 4887 966 4959 (ι).

468 5040 693 5097 CAPUT
757 5042 1037 5100 PRIMUM.
1099 5076 1171 5086 ——
1227 5049 1276 5101 i.
1342 5047 1613 5105 Peccatum
1674 5053 1947 5108 increduli-

375 5133 499 5188 talis
524 5149 612 5189 cur
640 5134 804 5188 solum
829 5136 1079 5206 arguitur.
1124 5137 1348 5207 Spiritus
1383 5151 1585 5195 sanctus
1608 5183 1623 5206 ,
1666 5144 1831 5213 gratia
1858 5142 1955 5199 Dei

383 5226 585 5281 dicitur.
614 5225 748 5282 Cum
779 5227 1029 5285 Dominus
1064 5237 1118 5285 et
1140 5229 1384 5287 Salvator
1414 5242 1593 5290 noster
1613 5234 1765 5291 Jesus
1791 5234 1961 5291 Chri-.

448 5378 698 5448 ‘_col_lat_ns
717 5378 775 5429 ad
791 5392 962 5431 omnes
978 5387 1089 5431 Mss.
1116 5389 1167 5432 et
1189 5382 1299 5433 Edd.
1320 5384 1370 5433 in
1390 5397 1617 5435 sermone
1657 5387 1952 5448 pmcedenti

388 5441 904 5516 σ’φρέίὲδίβηέἓοξο--
963 5503 1009 5516 ..
1049 5510 1078 5516 _
1165 5505 1228 5516 ..

445 5504 521 5623 fa;
542 5501 683 5562 Alias}
706 5502 763 5552 61
776 5502 852 5576 _de
870 5503 1038 5576 verbis
1048 5505 1249 5554 Domini.
1432 5567 1441 5578 .
1567 5567 1577 5577 .

466 5561 494 5610 ὁ
541 5569 590 5634 tn
611 5563 807 5634 Possidu
828 5563 1055 5634 lodicula,
1080 5578 1190 5634 cap.
1210 5565 1259 5625 8,
1280 5574 1523 5634 reperitur
1546 5565 1730 5634 titulus,
1760 5586 1781 5614 ι
1802 5575 1867 5634 De
1888 5582 1950 5622 eo

390 5639 414 5668 ι
433 5623 559 5683 quod
571 5625 797 5695 scriptum
813 5633 906 5684 est,
926 5625 1009 5695 tlte
1027 5623 1193 5695 arguet
1211 5623 1459 5695 mundum,
1481 5636 1596 5687 etc.,
1618 5623 1729 5695 huic
1742 5632 1949 5695 maxime

390 5699 414 5734 s
435 5687 732 5737 moventem
748 5689 977 5748 sermoni,
997 5687 1246 5753 quietiam
1265 5700 1293 5739 a
1312 5687 1447 5740 Floro
1457 5698 1628 5741 citatur
1647 5691 1864 5743 sdGalat.
1877 5707 1943 5743 ut.

1580 335 1640 389 S.
1682 323 2041 387 AUCUSTINI
2083 322 2381 383 EPISCOPI

3463 338 3551 394 788

2039 450 2148 494 stus
2172 439 2240 497 de
2263 440 2490 496 adventu
2517 441 2741 511 Spiritus
2766 439 2933 496 sancti
2950 479 2972 506 ,
2998 444 3158 511 Quem
3204 459 3262 500 se
3300 448 3551 508 missurum

2037 545 2157 587 esse
2182 530 2416 601 promisit
2441 540 2497 585 et
2523 531 2664 586 misit
2689 571 2704 599 ,
2735 532 2900 587 multa
2926 531 3152 599 diceret;
3196 533 3267 589 ait
3300 536 3424 592 inter
3454 555 3547 596 ea.

2040 627 2151 675 tera
2176 638 2190 672 :
2222 619 2341 690 Ipse
2365 622 2539 691 arguet
2573 620 2814 674 mundum
2837 620 2901 674 de
2924 631 3126 691 peccato
3148 663 3163 690 ,
3204 625 3334 678 et-de
3350 627 3555 698 iustitia,

2038 719 2086 764 et
2112 711 2174 764 de
2186 711 2401 781 judicio.
2427 710 2607 781 Neque
2633 710 2734 766 hoc
2753 710 2875 766 cum
2893 711 3131 781 dixisset,
3157 729 3435 771 sermonem
3460 728 3554 774 trs.

2033 800 2165 870 jecit
2183 801 2233 855 in
2254 800 2395 856 aliud
2422 819 2438 857 :
2463 802 2555 856 sed
2581 801 2694 871 ipsa
2717 802 2985 872 aliquanto
3006 806 3302 872 expressius
3322 808 3561 867 insinuare

2037 890 2280 959 dignatus
2304 900 2403 945 cst.
2435 890 2514 945 De
2544 902 2747 959 peccato
2763 892 2982 962 quidem,
3014 892 3207 963 inquit,
3224 896 3339 964 quia
3355 914 3447 951 non
3464 915 3558 954 cre-

2037 981 2273 1035 diderunt
2314 983 2368 1035 in
2408 998 2485 1035 me
2507 998 2525 1034 :
2550 982 2617 1036 de
2644 983 2846 1049 justitia
2881 993 3048 1036 autem
3070 1024 3085 1048 ,
3128 986 3243 1054 quia
3277 986 3341 1039 ad
3381 985 3560 1043 Patrem

2036 1071 2164 1125 uado
2190 1087 2209 1125 :
2237 1071 2300 1125 de
2326 1072 2522 1140 judicio
2558 1088 2692 1137 vero,
2721 1072 2839 1143 quia
2864 1075 3091 1142 princeps
3117 1074 3266 1144 hujus
3289 1078 3450 1129 mundi
3463 1081 3559 1147 jam

2029 1161 2288 1230 judicatus
2311 1168 2401 1215 est.
2429 1158 2681 1214 Oboritur
2703 1176 2832 1230 ergo
2860 1161 3010 1215 nobis
3039 1162 3349 1233 intelligendi
3375 1165 3560 1220 deside-

2037 1250 2194 1314 rium,
2224 1264 2320 1304 cur
2345 1258 2616 1318 peccatum
2643 1250 2914 1305 hominum
2940 1252 3090 1321 quasi
3115 1253 3281 1307 solum
3304 1263 3454 1319 esset,
3472 1270 3562 1310 non
3622 1306 3625 1309 γ

2037 1340 2255 1395 credere
2280 1341 2330 1393 in
2354 1338 2645 1408 Christum,
2666 1340 2741 1396 ita
2763 1341 2830 1396 de
2853 1341 2955 1397 hoc
2980 1343 3097 1398 solo
3115 1342 3265 1409 dixit,
3285 1344 3415 1414 quod
3440 1360 3563 1401 mute

2038 1430 2162 1485 dum
2185 1429 2411 1498 Spiritus
2437 1438 2650 1485 sanctus
2672 1439 2917 1497 argueret
2944 1448 2958 1485 :
2989 1432 3035 1486 si
3065 1441 3240 1487 autem
3261 1434 3563 1490 manifestum

2039 1528 2122 1575 est
2159 1528 2351 1589 praeter
2387 1520 2525 1575 hanc
2570 1520 2930 1576 infidelitatem
2971 1521 3075 1576 alia
3120 1522 3277 1576 multa
3322 1521 3563 1579 hominum

2038 1626 2158 1667 esse
2183 1622 2419 1679 peccata,
2450 1626 2546 1665 cur
2571 1610 2638 1666 de
2675 1612 2776 1666 hoc
2803 1611 2919 1667 solo
2946 1612 3201 1671 mundum
3228 1611 3438 1682 Spiritus
3461 1628 3563 1667 san.

2039 1711 2155 1757 ctus
2180 1710 2388 1773 arguat.
2417 1704 2500 1756 An
2521 1703 2642 1772 quia
2668 1711 2880 1771 peccata
2909 1704 3086 1756 omnia
3118 1717 3211 1772 per
3239 1700 3565 1757 inﬁdelitatem

2042 1800 2308 1859 tenentur,
2329 1807 2425 1860 per
2446 1792 2601 1848 [idem
2621 1792 2989 1858 dimittuntur;
3018 1801 3294 1862 propterea
3318 1791 3411 1847 hoc
3427 1808 3567 1848 unum

2040 1897 2150 1952 prae
2175 1882 2382 1936 caneris
2408 1882 2630 1951 imputat
2652 1882 2811 1949 Deus,
2836 1898 2929 1952 per
2952 1882 3098 1953 quod
3123 1882 3180 1936 fit
3200 1892 3259 1938 ut
3279 1892 3458 1938 uetera
3480 1898 3567 1938 non

2041 1973 2342 2039 solvantur,
2373 1972 2499 2027 dum
2530 1988 2635 2047 non
2676 1972 2845 2028 credit
2870 1974 2921 2027 in
2962 1972 3219 2028 humilem
3248 1973 3404 2029 Deum
3427 1973 3564 2029 homo

2043 2064 2344 2133 superbus?
2369 2064 2460 2120 Sic
2486 2067 2626 2121 enim
2662 2065 2914 2135 scriptum
2955 2074 3037 2120 est
3064 2082 3079 2116 :
3114 2064 3249 2119 Deus
3272 2067 3477 2136 superbis
3498 2083 3568 2120 re-

2042 2157 2204 2221 sistit,
2232 2155 2498 2209 humilibus
2520 2164 2685 2209 autem
2702 2157 2789 2209 dat
2811 2157 3026 2227 gratiam
3044 2155 3249 2224 (Jacobi
3271 2172 3320 2211 tv
3337 2196 3353 2221 ,
3376 2156 3447 2225 6).
3465 2155 3571 2211 Gra-

2044 2247 2115 2300 tia
2143 2245 2336 2314 quippe
2367 2246 2459 2301 Dei
2528 2245 2722 2300 donum
2754 2246 2847 2300 Dei
2874 2252 2973 2300 est.
3006 2245 3217 2299 Donum
3241 2252 3403 2300 autem
3424 2245 3570 2298 maxi-

2043 2350 2189 2389 mum
2217 2336 2328 2402 ipse
2352 2335 2576 2404 Spiritus
2601 2343 2811 2391 sanctus
2833 2344 2914 2391 est
2937 2352 2951 2400 ;
2974 2344 3031 2391 et
3056 2335 3184 2393 ideo
3206 2326 3365 2407 gratia
3386 2334 3568 2394 dicitur.

2044 2423 2174 2479 Cum
2202 2424 2343 2480 enim
2381 2440 2568 2480 omnes
2598 2434 2908 2495 peccassent
2930 2467 2945 2491 ,
2973 2435 3027 2481 et
3050 2435 3277 2496 egerent
3308 2425 3458 2496 gloria
3495 2425 3570 2480 Dei

2046 2513 2221 2578 (Rom.
2244 2530 2320 2578 ut,
2340 2512 2455 2584 25);
2483 2515 2603 2584 quia
2625 2530 2721 2585 per
2743 2530 2907 2569 unum
2935 2514 3210 2571 hominem
3234 2524 3485 2587 peceatum
3504 2513 3573 2568 in.

2045 2603 2206 2657 travit
2249 2604 2301 2658 in
2329 2604 2582 2659 mundum
2605 2647 2620 2671 ,
2665 2613 2720 2660 et
2758 2620 2851 2674 per
2877 2614 3161 2677 peccatum
3202 2621 3377 2671 mors,
3419 2607 3465 2659 in
3488 2618 3574 2673 quo

2045 2707 2232 2748 omnes
2268 2702 2623 2762 peccaverunt
2649 2693 2756 2767 (Id.
2802 2710 2836 2751 v
2859 2739 2875 2764 ,
2919 2695 3005 2768 12)
3039 2713 3053 2751 :
3096 2696 3214 2750 ideo
3253 2697 3408 2767 gratia
3432 2737 3446 2761 ,
3472 2695 3572 2765 quia

2036 2784 2209 2855 gratis
2235 2783 2409 2840 datur.
2435 2785 2558 2841 ideo
2575 2787 2737 2857 gratis
2758 2788 2932 2854 datur,
2961 2787 3097 2859 quia
3115 2803 3219 2845 non
3243 2786 3382 2861 quasi
3402 2799 3574 2845 meroes

2048 2876 2286 2931 redditur
2321 2885 2441 2945 post
2468 2877 2846 2933 diseussionem
2885 2881 3205 2939 meritorum
3229 2922 3245 2948 ,
3279 2881 3369 2937 sed
3408 2880 3572 2935 donum

2008 2992 2011 2999 -
2046 2969 2204 3025 datur
2228 2981 2350 3040 post
2376 2971 2583 3025 veniam
2612 2971 2945 3031 delictorum.

2114 3060 2341 3115 CAPUT
2379 3060 2442 3114 ll.
2471 3090 2543 3100 ——
2572 3061 2626 3115 2.
2655 3062 2865 3115 Credere
2901 3062 3168 3117 Christum
3190 3108 3205 3131 ,
3243 3073 3290 3117 et
3328 3062 3505 3116 credere
3532 3061 3575 3114 in

2045 3150 2298 3205 Christum
2318 3190 2333 3213 ,
2362 3149 2621 3215 diﬁerunt.
2652 3151 2727 3206 De
2750 3161 2963 3220 peccato
2991 3151 3162 3222 igitur
3188 3163 3457 3223 arguuntur
3477 3151 3575 3205 inii.

2046 3241 2214 3305 deles,
2239 3240 2288 3294 id
2313 3248 2416 3307 est,
2454 3240 2735 3296 dilectores
2774 3240 2956 3295 mundi
2985 3258 2999 3294 :
3032 3258 3165 3297 nam
3200 3244 3296 3313 ipsi
3319 3242 3576 3312 signiﬁcan-

2048 3339 2137 3384 tur
2161 3329 2342 3391 mundi
2384 3330 2615 3385 nomine.
2655 3330 2789 3386 Cum
2814 3332 2956 3387 enim
2984 3332 3219 3399 dicitur,
3256 3334 3430 3404 Arguet
3453 3347 3575 3384 mus-

2047 3421 2169 3475 dum
2191 3410 2254 3474 de
2271 3428 2470 3490 peccato
2490 3436 2511 3486 ;
2534 3434 2639 3474 non
2664 3420 2770 3474 alio
2795 3435 2951 3490 quam
2977 3422 3130 3492 quod
3156 3438 3259 3478 non
3278 3420 3579 3477 crediderunt

2048 3511 2105 3564 in
2130 3509 2417 3566 Christum.
2448 3511 2560 3566 Hoc
2582 3511 2809 3581 denique
2837 3522 3121 3581 peccatum
3147 3515 3192 3569 si
3221 3530 3324 3569 non
3346 3514 3426 3577 sit,
3456 3509 3575 3566 nulla

2048 3609 2262 3671 peccata
2283 3600 2648 3665 remanebunt,
2669 3602 2790 3671 quia
2815 3603 2959 3671 justo
2977 3618 3043 3657 ex
3076 3602 3182 3658 ﬁde
3204 3604 3404 3658 vivente
3419 3608 3575 3656 cuncta

2048 3694 2341 3748 solvuntur.
2371 3692 2480 3749 Sed
2507 3693 2731 3749 multum
2758 3692 3010 3760 interest,
3040 3702 3229 3750 utrum
3250 3695 3456 3765 quisque
3478 3704 3574 3748 creo

2047 3783 2142 3838 dat
2186 3784 2357 3852 ipsum
2396 3783 2663 3839 Christum
2686 3823 2704 3849 ,
2730 3792 2785 3837 et
2814 3791 2985 3838 utrum
3009 3784 3202 3839 credat
3239 3782 3577 3841 in.Christunt.

2046 3872 2181 3927 Nam
2208 3872 2382 3943 ipsum
2404 3886 2523 3928 esse
2560 3872 2824 3928 Christum
2853 3881 2907 3928 et
2943 3872 3222 3929 daemones
3239 3871 3577 3931 crediderunt,

2049 3975 2150 4017 nec
2192 3970 2367 4017 tamen
2406 3962 2457 4015 in
2497 3960 2766 4017 Christum
2810 3961 3091 4018 darmones
3129 3962 3466 4018 aediderunt.
3504 3957 3582 4012 Ille

2049 4052 2191 4106 enim
2217 4050 2384 4108 credit
2407 4051 2460 4107 in
2482 4050 2768 4115 Christum,
2796 4052 2887 4120 qui
2911 4059 2965 4104 et
2986 4060 3175 4120 sperat
3202 4052 3253 4105 in
3277 4049 3518 4105 Christum
3538 4051 3580 4099 et

2049 4142 2219 4212 diligit
2243 4141 2529 4197 Christum.
2556 4141 2685 4196 Nam
2710 4142 2757 4196 si
2782 4140 2938 4196 ﬁdem
2960 4141 3123 4198 habet
3152 4143 3267 4197 sine
3295 4156 3386 4211 spe
3408 4155 3465 4194 ac
3488 4137 3581 4191 sine

2049 4233 2349 4299 dilectione,
2368 4231 2639 4288 Christum
2660 4245 2779 4288 esse
2795 4231 2981 4296 credit,
3003 4248 3113 4289 non
3134 4234 3188 4288 in
3211 4233 3467 4288 Christum
3486 4241 3580 4283 cre-

2050 4323 2148 4379 dit.
2190 4323 2290 4391 Qui
2324 4336 2452 4393 ergo
2480 4322 2533 4377 in
2560 4321 2828 4378 Christum
2855 4321 3059 4391 credit,
3089 4323 3352 4380 medendo
3379 4322 3429 4377 in
3446 4316 3579 4375 Chri-

2049 4426 2213 4483 stum,
2241 4416 2386 4471 venit
2408 4416 2459 4469 in
2485 4429 2608 4471 eum
2634 4416 2892 4482 Christus,
2919 4423 2975 4470 et
3001 4416 3232 4485 quodam
3257 4413 3408 4469 modo
3429 4411 3581 4465 uniter

2052 4506 2105 4560 in
2132 4520 2255 4561 eum
2272 4546 2288 4571 ,
2318 4517 2373 4560 et
2409 4506 2704 4562 membrum
2728 4507 2782 4563 in
2805 4520 3027 4575 corpore
3051 4506 3167 4576 ejus
3191 4505 3429 4561 efﬁcitur.
3452 4497 3580 4571 Quod

2052 4594 2167 4651 ﬁcri
2194 4609 2298 4649 non
2320 4602 2510 4663 potest,
2538 4595 2638 4649 nisi
2656 4605 2710 4650 et
2731 4610 2857 4666 spes
2876 4596 3097 4651 accedat
3119 4605 3176 4651 et
3194 4594 3438 4649 charim.

2122 4687 2178 4743 ὅ.
2204 4685 2412 4741 Iustitia
2436 4687 2500 4740 de
2523 4702 2623 4756 qua
2649 4686 2878 4757 arguitur
2897 4686 3135 4739 mundus.
3162 4685 3299 4751 Quid
3325 4682 3423 4739 sibi
3439 4680 3578 4737 etiam

2053 4777 2168 4831 vult
2188 4775 2328 4845 quod
2355 4776 2465 4839 ait,
2511 4774 2587 4829 De
2598 4775 2802 4845 justitia
2818 4816 2835 4842 ,
2873 4775 2993 4845 quia
3025 4774 3093 4828 ad
3116 4773 3327 4829 Patrem
3348 4770 3466 4826 uado
3483 4770 3506 4821 7
3525 4766 3579 4819 Et

2053 4865 2225 4935 primo
2246 4864 2585 4935 quaerendum
2626 4873 2742 4930 est,
2782 4865 2829 4919 si
2854 4864 2927 4919 de
2944 4872 3164 4935 peccato
3190 4862 3421 4918 munda
3432 4854 3579 4926 ηαξ·

2053 4962 2158 5020 tur,
2188 4969 2284 5009 cur
2302 4963 2357 5009 et
2380 4954 2449 5009 de
2462 4953 2685 5023 iustitia.
2710 4952 2847 5019 Quid
2870 4954 3012 5008 enim
3038 4952 3107 5008 de
3125 4953 3331 5022 iustitia
3356 4959 3491 5005 recte
3510 4958 3583 4999 ar-

2051 5047 2140 5119 gui
2166 5046 2371 5116 possit?
2396 5047 2480 5101 An
2496 5044 2563 5100 de
2586 5054 2801 5115 peccato
2815 5044 3024 5113 quidem
3044 5058 3164 5107 suo,
3189 5043 3259 5098 de
3270 5040 3459 5113 justiti:
3473 5047 3579 5090 vero

2051 5136 2247 5192 Christi
2268 5136 2494 5192 mundus
2517 5136 2791 5206 arguitur?
2814 5135 2931 5190 Non
2956 5134 3112 5190 video
3133 5134 3260 5205 quid
3277 5131 3414 5189 aliud
3439 5124 3581 5199 posSil

2054 5226 2273 5296 intelligi
2302 5245 2316 5282 :
2341 5226 2783 5297 quandoquidem,
2813 5224 2893 5280 De
2913 5232 3131 5293 peccato,
3159 5223 3344 5291 inquit,
3364 5218 3472 5287 quia
3496 5227 3579 5267 non

2052 5316 2366 5370 crediderunt
2404 5318 2459 5370 in
2503 5332 2614 5382 me;
2651 5316 2714 5369 de
2726 5316 2929 5387 justitia
2954 5329 3066 5371 vero
3087 5353 3105 5377 ,
3139 5312 3261 5383 quia
3294 5309 3363 5364 ad
3400 5305 3579 5360 Patren

2052 5408 2198 5462 uado.
2230 5407 2307 5461 llli
2329 5422 2433 5461 non
2457 5405 2815 5471 crediderunt,
2837 5405 2952 5476 ipse
2972 5403 3039 5459 ad
3062 5403 3272 5457 Patrem
3298 5396 3449 5452 vadit.
3472 5389 3577 5445 illo-

2052 5515 2170 5555 rum
2196 5514 2322 5570 ergo
2348 5507 2621 5569 peccatum
2637 5539 2653 5565 ,
2681 5498 2845 5567 ipsius
2871 5505 3044 5553 autem
3065 5493 3289 5564 justitia.
3312 5487 3412 5546 Sed
3429 5497 3513 5538 cur
3533 5479 3577 5532 in

2053 5604 2120 5646 eo
2145 5590 2262 5646 solo
2299 5591 2467 5645 voluit
2489 5589 2764 5645 nominare
2781 5588 3035 5658 justitiam
3052 5626 3066 5651 ,
3107 5584 3230 5654 quia
3254 5579 3389 5673 78d“
3410 5572 3471 5627 ad

2054 5681 2226 5739 trem?
2247 5680 2383 5737 Num
2423 5696 2529 5738 non
2552 5681 2754 5755 justitia
2781 5688 2865 5737 est
2899 5680 3055 5737 etiam
3081 5674 3221 5746 quod
3266 5672 3361 5728 huc
3393 5668 3519 5725 venit
3541 5670 3571 5757 Va
