1925 3094
122 162 173 190 789

124 217 221 246 Patre?
242 217 282 243 An
307 216 359 243 illa'
371 216 458 250 potius
476 216 655 245 misericordia
677 222 719 245 est
737 217 807 252 quod
829 225 844 244 a
858 217 909 245 Pa-

123 269 163 290 tre
174 262 206 289 ad
222 269 271 289 nos
285 262 367 293 venit,
377 261 479 297 justitia
491 269 555 290 vero
565 262 633 297 quod
646 262 680 290 ad
696 262 800 290 Patrem
813 263 885 292 vadit
897 264 908 291 2

154 317 268 346 CAPUT
282 316 323 343 Ill.
333 332 368 337 -—-
378 317 405 344 4.
418 317 521 344 Iustitia
534 317 602 353 quod
613 317 725 346 Christus
739 319 805 345 vadit
811 319 847 346 ad
857 318 910 346 Pn-

120 368 199 396 trem,
218 371 306 397 quare.
321 361 377 394 Ita,
398 362 510 395 fratres,
532 363 658 397 expedire
680 364 811 397 arbitror,
835 369 863 391 ut
883 365 909 392 in

121 414 192 437 tanta
205 408 384 443 profunditate
397 409 591 444 Scripturarum
601 430 609 441 ,
624 410 649 437 in
660 410 755 445 quibus
769 410 835 438 forte
848 418 909 438 ver—

120 454 162 481 bis
175 453 359 481 absconditum
369 453 468 488 aliquid
478 454 541 481 latet
549 454 619 489 quod
630 459 778 490 opportune
789 457 910 491 aperien-

119 500 183 528 dum
195 500 245 532 sit,
257 504 381 534 tanquam
395 500 472 526 simul
486 499 598 528 ﬁdeliter
608 500 770 535 inquiramus
779 522 786 534 ,
798 506 827 528 ut
840 501 911 530 saltt-

119 545 204 573 briter
227 544 349 572 invenire
368 551 528 573 mereamur.
549 545 604 573 Cur
616 553 680 581 ergo
706 546 774 574 hanc
797 547 911 582 appellat

117 589 248 625 justitiam
263 590 323 624 quia
337 589 410 616 vadit
427 589 461 617 ad
481 589 603 622 Patrem,
628 595 656 618 et
676 597 729 619 non
749 592 828 619 etiam
847 592 910 627 quia

120 635 194 662 venit
204 634 333 662 a'Patre?
348 635 388 662 An
412 635 473 670 quia
488 635 668 663 misericordia
682 641 723 664 est
734 637 804 672 quod
817 638 907 672 venit,

119 679 183 707 ideo
194 679 294 714 iustitia
307 684 348 707 est
361 680 430 715 quod
443 680 516 707 vadit
531 685 579 708 :ut
595 685 623 708 et
640 681 667 709 in
682 682 758 710 nobis
775 683 910 711 discamus

119 724 228 759 impleri
240 732 292 752 non
307 731 385 759 posse
393 725 523 760 justitiam
535 746 542 758 ,
556 727 578 754 si
592 727 658 762 pigri
673 727 800 756 fuerimus
810 736 910 763 praero-

117 776 183 804 gare
198 770 423 804 misericordiam,
436 778 489 798 non
502 779 560 806 quae
572 776 662 799 nostra
677 777 738 801 sunt
749 779 908 808 quaerentes,

117 814 167 842 sed
180 818 208 841 et
222 823 281 849 qua:
292 815 403 842 aliorum
411 817 423 841 ἳ
434 816 510 849 Quod
526 824 587 844 cum
603 819 748 846 monuisset
756 820 908 855 Apostolus,

117 860 248 886 continuo
260 860 295 887 de
315 860 372 894 ipso
387 860 500 889 Domino
518 862 656 897 conjunxit
666 865 815 900 exemplum
835 875 842 893 :
860 865 911 893 Ni-

118 904 156 931 hil
167 924 175 937 ,
192 905 293 939 inquit,
309 913 353 940 per
371 907 569 942 contentionem,
585 916 664 943 neque
682 918 726 944 per
743 911 843 938 inanem
856 913 911 947 glo-

116 949 181 975 riam
188 957 200 981 ;
208 949 255 976 sed
264 950 291 976 in
300 950 442 978 humilitate
454 952 542 979 mentis
552 953 615 980 alter
623 953 729 981 alterum
741 952 911 985 existimantes

117 996 274 1029 superiorem
292 996 360 1029 sibi;
373 1004 424 1023 non
437 1005 496 1032 qua
514 1006 561 1025 sua
573 1004 631 1026 sunt
643 1001 813 1037 unusquisque
833 1003 912 1030 inten-

116 1041 222 1073 dentes,
243 1042 326 1068 sedet
345 1043 532 1077 mulierum.
557 1044 656 1073 Deinde
677 1047 765 1074 statim
779 1047 880 1077 addidit
902 1059 910 1078 :

118 1086 223 1121 Singuli
235 1087 328 1122 quique
347 1087 394 1114 hoc
406 1089 493 1115 sentite
504 1089 531 1116 in
548 1089 616 1116 vobis
627 1110 634 1123 ,
654 1092 721 1124 quod
734 1096 758 1120 et
770 1093 796 1119 in
812 1093 911 1121 Christo
933 1109 947 1115 ι

117 1131 178 1158 .lesu
192 1139 204 1158 :
216 1132 262 1165 qui
273 1140 330 1159 cum
343 1133 370 1159 in
390 1134 472 1169 forma
484 1133 534 1161 Dei
547 1139 626 1167 esset,
645 1143 695 1162 non
715 1137 832 1170 rapinam
845 1138 912 1165 arbi-

116 1182 198 1205 tratus
211 1182 249 1204 est
263 1186 317 1205 esse
327 1179 432 1213 (aqualis
446 1179 521 1212 Deo;
535 1181 579 1207 sed
591 1182 751 1216 semetipsum
764 1183 910 1218 exinanivit,

117 1225 227 1258 {mam
241 1224 308 1250 serui
326 1225 450 1258 accipiens
462 1246 469 1258 ,
486 1226 511 1252 in
531 1226 719 1253 similitudinem
732 1228 861 1256 hominum
873 1232 913 1265 fa-

116 1271 185 1299 ctus,
200 1273 226 1295 et
239 1268 328 1294 habitu
341 1269 452 1296 inventus
468 1274 495 1296 ut
509 1271 583 1297 homo
599 1279 607 1297 :
619 1272 758 1299 humiliavit
775 1281 818 1306 se,
830 1275 912 1310 factus

116 1312 234 1340 obedienc
250 1321 329 1348 usque
341 1314 374 1340 ad
388 1320 510 1347 mortem,
531 1320 635 1343 mortem
646 1322 729 1344 autem
743 1319 833 1346 crucis.
850 1319 912 1347 Haec

116 1363 155 1385 est
169 1359 368 1393 misericordia,
383 1368 434 1395 qua
446 1361 518 1388 venit
532 1369 546 1389 a
560 1362 648 1391 Patre.
664 1363 728 1397 Quae
743 1365 821 1399 igitur
832 1366 911 1401 justi-

116 1403 149 1430 tia
163 1408 226 1435 est,
238 1411 290 1439 qua
304 1404 376 1432 vadit
386 1405 420 1432 ad
434 1406 558 1433 Patrem?
579 1407 703 1442 Sequitur
712 1413 739 1436 et
747 1410 811 1437 dicit
823 1419 831 1437 :
843 1411 911 1439 Pro-

116 1453 168 1484 pter
180 1450 255 1482 quod
273 1455 297 1476 at
315 1450 386 1478 Deus
399 1459 456 1478 eum
469 1452 588 1480 exultauit
601 1474 608 1486 ,
620 1459 644 1481 et
657 1455 760 1482 donauit
772 1457 811 1483 illi
822 1465 912 1485 nomen

115 1495 182 1528 quod
194 1499 235 1521 est
255 1503 331 1530 super
342 1504 415 1523 omne
435 1505 541 1531 nomen,
563 1503 592 1525 ut
603 1499 630 1526 in
643 1501 744 1527 nomine
762 1501 826 1528 Iesu
840 1511 913 1530 omne

116 1548 179 1574 genu
194 1540 487 1576 ﬂectatur,'c¢lestistm,
501 1545 653 1572 terrestrium
666 1550 691 1573 et
703 1547 873 1582 infernarum,
889 1553 912 1576 et

115 1585 199 1612 omnis
209 1585 300 1620 lingua
312 1587 460 1621 conﬁteatur
469 1589 529 1622 quia
539 1588 663 1618 Dominus
675 1591 750 1619 Jesus
760 1592 873 1620 Christus
885 1599 912 1622 ot

114 1629 199 1663 gloria
212 1634 251 1657 est
263 1630 310 1657 Dei
324 1630 410 1659 Patris
420 1632 548 1668 (Philipp.
561 1641 579 1661 lt
588 1655 596 1668 ,
607 1635 696 1671 5-11).
708 1636 772 1665 Haec
780 1644 822 1665 est
830 1639 910 1673 justi-

116 1674 149 1701 tia
160 1695 171 1708 ,
183 1682 240 1710 qua
256 1675 326 1703 radit
338 1677 371 1703 ad
385 1677 503 1704 Patrem.

148 1718 269 1748 CAPUT
288 1720 334 1748 IV.
344 1736 381 1741 —-
394 1722 421 1749 5.
434 1722 512 1750 Solus
526 1723 641 1752 Christus
650 1727 761 1754 ascendit
774 1728 800 1755 in
809 1729 909 1756 calum.

116 1763 190 1791 (Im
206 1765 324 1793 Christus
336 1775 369 1793 επ
380 1768 462 1801 capite
476 1772 499 1794 et
517 1770 642 1797 membris.
657 1770 771 1800 Christus
785 1773 858 1801 aliter
875 1779 912 1801 est

116 1818 197 1837 unum
214 1819 275 1837 cum
293 1811 373 1839 Patre
383 1833 390 1846 ,
405 1813 479 1840 aliter
492 1822 569 1841 unum
583 1815 719 1843 nobiscum.
735 1818 787 1845 Sed
805 1819 827 1845 si
839 1820 911 1847 solus

116 1856 189 1883 vadit
200 1856 236 1883 ad
249 1856 355 1884 Patrem
365 1878 373 1889 ,
388 1858 450 1893 quid
464 1859 541 1887 nobis
554 1860 684 1894 prodest?
700 1861 796 1897 thuid
806 1863 840 1891 ab
850 1864 911 1899 Spi-

115 1901 168 1927 ritu
181 1905 282 1928 sancto
298 1901 332 1929 de
342 1902 392 1929 hac
399 1903 499 1937 justitia
512 1904 627 1932 mundus
636 1907 766 1941 arguitur?
778 1908 810 1935 Et
824 1913 911 1937 tamen

115 1945 165 1972 nisi
189 1945 268 1973 solus
289 1945 340 1973 iret
360 1947 393 1974 ad
417 1947 522 1975 Patrem
535 1969 543 1982 ,
564 1957 617 1977 non
639 1950 692 1978 alio
713 1951 773 1979 loco
785 1951 908 1981 diceret:

115 1989 204 2017 Nemo
223 1990 337 2017 ascendit
355 1991 382 2018 in
397 1992 485 2019 coelum
495 2014 503 2026 ,
521 1994 570 2021 nisi
587 1996 632 2029 qui
647 1995 773 2024 descendit
785 1997 817 2024 de
830 1999 908 2032 ctelo,

115 2034 206 2063 Filius
217 2035 328 2063 hominis
336 2037 380 2072 qui
387 2041 424 2064 est
436 2038 463 2064 in
475 2039 537 2066 caelo
548 2039 636 2075 (Joan.
647 2049 675 2068 tu
684 2062 692 2075 ,
705 2042 758 2077 i3).
767 2042 820 2071 Sed
830 2044 911 2072 etiam

115 2080 220 2108 Paulus
234 2081 371 2115 apostolus
383 2082 447 2110 dicit
470 2093 477 2111 :
501 2083 598 2112 Nostra
620 2087 686 2114 enim
708 2091 862 2117 conuersan
884 2091 911 2118 in

113 2127 186 2154 catis
199 2131 238 2154 est
253 2126 383 2162 (Philipp.
396 2136 423 2155 tu
433 2149 440 2162 ,
456 2129 513 2164 20).
529 2129 583 2158 Sed
594 2139 676 2165 quare
687 2132 757 2160 hoc?
768 2134 833 2167 Quia
846 2135 910 2162 item

114 2170 183 2198 dicit
201 2180 209 2198 :
225 2171 258 2199 Si
277 2173 451 2201 resurrecistis
467 2182 524 2201 cum
542 2174 642 2203 Christo
652 2196 660 2210 ,
679 2185 842 2211 quasursum
854 2185 912 2208 sunt

114 2216 242 2249 quierite,
260 2217 302 2243 ubi
315 2216 430 2244 Christus
451 2223 486 2245 est
504 2220 532 2246 in
548 2220 650 2248 dextera
667 2221 716 2248 Dei
734 2223 840 2255 sedens;
857 2232 912 2259 qute

114 2269 225 2289 meum
236 2266 296 2288 sunt
306 2263 398 2297 sapite,
414 2271 464 2290 non
474 2272 529 2298 quae
540 2273 617 2300 super
627 2270 729 2294 terram.
741 2268 837 2296 Μονιαὶ
846 2270 912 2296 enim

114 2307 176 2333 estis
191 2326 200 2338 ,
223 2310 249 2333 et
258 2307 310 2334 uita
321 2303 404 2335 uestra
420 2309 566 2337 abscondita
583 2315 620 2338 est
637 2319 694 2338 cum
707 2312 806 2340 Christo
818 2314 845 2341 in
857 2314 911 2342 Deo

117 2350 232 2384 (Coloss.
249 2358 294 2385 tu,
312 2352 377 2388 1-5).
398 2352 536 2388 Quomodo
549 2362 613 2390 ergo
625 2356 669 2384 ille
686 2358 777 2385 solus?
790 2359 830 2386 An
852 2360 912 2389 ideo

116 2395 197 2422 solus
207 2415 215 2427 ,
229 2397 291 2431 quia
306 2397 430 2425 Christus
442 2406 511 2427 unus
522 2403 564 2427 est
577 2407 637 2428 cum
649 2402 773 2430 omnibus
785 2405 912 2433 membris

116 2440 177 2467 suis
187 2460 196 2472 ,
219 2445 344 2476 tanquam
358 2448 438 2478 caput
448 2452 510 2472 cum
525 2452 636 2480 corpore
657 2454 706 2474 suo
716 2447 728 2474 i
739 2448 803 2482 Qua:
822 2455 910 2478 autem

115 2492 222 2521 corpus
235 2486 293 2521 ejus
303 2507 311 2520 ,
332 2488 383 2516 nisi
396 2489 535 2517 Ecclesia?
547 2491 621 2519 Sicut
636 2492 700 2520 dicit
718 2493 787 2522 idem
798 2495 911 2525 doctor:

124 2529 178 2579 gos
192 2536 275 2559 auum
361 2542 452 2569 corpus
469 2535 579 2570 Christi,
594 2541 618 2565 et
631 2539 741 2566 membra
753 2549 784 2568 es;
797 2547 867 2576 parte
881 2543 892 2579 (
902 2543 911 2570 ἰ

117 2575 183 2603 Cor.
200 2584 254 2609 xu,
265 2578 323 2612 21).
334 2578 400 2607 Cum
412 2588 477 2616 ergo
490 2589 539 2609 nos
554 2583 728 2612 ceciderimus
737 2606 745 2618 ,
760 2590 788 2613 et
798 2575 912 2622 propter

118 2628 171 2648 nos
189 2622 245 2656 ipse
266 2623 451 2660 descenderit,
467 2627 529 2661 quid
548 2632 608 2661 est,
624 2628 706 2657 Nemo
720 2632 849 2666 ascendit,
863 2634 911 2660 nisi

118 2667 165 2700 qui
178 2667 320 2701 descendit;
332 2670 382 2697 nisi
392 2671 452 2705 quia
465 2680 543 2700 nemo
555 2675 684 2709 ascendit,
701 2676 749 2704 nisi
760 2685 840 2705 unum
850 2686 911 2706 eum

118 2720 155 2740 eo
170 2713 257 2741 factus
269 2715 294 2749 ί,
304 2721 332 2743 et
345 2720 467 2752 tanquam
483 2720 629 2748 membrum
644 2728 796 2758 compactos
809 2724 834 2751 in
854 2725 911 2759 ejus

117 2766 238 2794 corpore
259 2761 304 2796 qui
318 2762 473 2792 descendit?
492 2764 537 2793 Sic
558 2771 585 2794 et
596 2766 732 2804 discipulis
743 2770 806 2798 dicit
821 2779 828 2798 :
846 2771 912 2804 Quia

154 2835 164 2849 ¹
177 2838 598 2871 amotusmnuscumeoractus.

808 161 922 190 SERHO
940 162 1052 190 CXLIV.

1694 171 1747 199 790

961 219 1015 245 sine
1026 227 1065 245 me
1078 219 1142 247 nihil
1154 221 1257 255 potestis
1273 223 1356 257 facere
1368 222 1456 257 (Joan.
1472 231 1505 251 xv
1516 244 1524 257 ,
1544 223 1583 259 5).
1603 225 1688 253 Aliter
1705 232 1748 254 est

961 263 1031 290 cnim
1046 271 1125 291 unum
1148 272 1209 292 cum
1229 265 1323 297 Patre.
1348 271 1376 294 ct
1394 267 1470 295 aliter
1492 276 1573 295 unum
1597 269 1747 298 nobiscum.

962 307 1047 335 Umun
1062 316 1122 335 cum
1140 309 1216 337 Patre
1229 315 1287 343 est,
1302 311 1362 346 quia
1377 319 1427 339 una
1444 312 1589 341 substantia
1602 318 1643 341 cst
1661 314 1747 343 Patris

961 357 988 380 et
999 353 1058 381 Filii
1072 363 1079 381 :
1093 362 1175 382 unum
1189 363 1249 382 cum
1265 356 1343 383 Patre
1357 362 1408 389 est,
1420 357 1479 392 quia
1495 366 1552 385 cum
1565 358 1592 386 in
1607 360 1689 394 forma
1698 360 1748 389 Dci

961 404 1039 433 esset,
1060 409 1111 427 non
1131 401 1247 436 rapinam
1272 402 1407 429 arbitratus
1430 408 1467 430 est
1489 412 1541 431 esse
1559 406 1663 440 «equalis
1681 406 1747 434 Deo.

962 444 1035 473 Unus
1047 450 1135 474 autem
1150 447 1286 475 nobiscum
1300 447 1384 475 factus
1394 453 1445 483 est,
1459 449 1518 485 quia
1529 451 1687 486 semetipsum
1696 460 1750 479 eu-

960 490 1069 523 nanivit,
1081 491 1188 526 formam
1200 493 1264 519 serui
1273 493 1398 528 accipiens
1411 502 1420 521 :
1431 502 1498 522 unus
1513 495 1649 523 nobiscum
1664 495 1750 525 lactus

959 538 1012 568 est,
1028 536 1171 574 secundum
1191 545 1283 565 semen
1297 538 1410 566 Abrahae
1422 560 1430 573 ,
1451 539 1477 567 in
1492 547 1545 575 quo
1559 540 1750 571 benedicentur

961 587 1054 608 omnes
1067 585 1168 616 gentes.
1184 582 1259 615 Quod
1278 590 1338 610 cum
1355 589 1605 619 commemorasset,
1625 587 1662 613 ait
1678 588 1751 622 Apo-

961 625 1045 652 stolus
1062 625 1142 653 :Non
1155 627 1233 660 dicit,
1255 627 1290 654 Et
1302 629 1454 662 seminibus,
1475 634 1593 665 tanquam
1605 631 1632 657 in
1652 632 1749 665 multis;

961 669 1005 696 sed
1019 674 1138 705 tanquam
1149 672 1175 698 in
1192 680 1241 699 uno
1251 693 1259 705 ,
1272 673 1305 699 Et
1317 674 1406 700 semini
1422 678 1464 701 tuo
1474 695 1482 707 ,
1495 675 1563 708 quod
1575 680 1611 702 est
1625 675 1748 704 Christus.

961 714 996 742 Et
1009 716 1070 750 quia
1083 721 1110 743 et
1123 724 1172 744 nos
1189 717 1222 745 ad
1241 718 1266 745 id
1282 719 1444 753 pertinemus
1458 720 1529 755 quod
1550 725 1592 748 est
1607 720 1728 749 Christus
1740 742 1748 756 ,

961 761 1037 789 nobis
1050 762 1128 790 simul
1149 763 1322 798 incorporalis
1337 770 1363 792 et
1383 765 1420 792 illi
1437 766 1517 800 capiti
1535 766 1729 795 cohaerentibus
1740 788 1748 801 ,

962 814 1030 834 unus
1039 812 1080 835 est
1087 808 1208 837 Christus
1223 818 1229 836 :
1243 814 1270 837 et
1279 810 1340 845 quia
1349 815 1375 838 et
1389 812 1464 839 nobis
1476 811 1551 846 dicit,
1566 813 1633 849 Erga
1643 813 1750 841 Abralue

961 861 1043 880 semen
1062 855 1135 887 estis,
1159 856 1295 884 secundum
1316 858 1506 892 promissionem
1519 859 1632 887 haredes
1651 860 1749 895 (Colat.

961 905 989 924 ιιι
999 918 1006 930 ,
1018 899 1066 932 16,
1080 899 1136 935 29).
1150 900 1178 928 Si
1191 901 1262 929 enim
1277 910 1358 930 unum
1370 907 1413 930 est
1426 910 1517 931 semen
1531 904 1662 939 Abrahae,
1676 910 1703 932 et
1717 906 1751 933 il-

962 942 1006 969 lud
1019 950 1100 972 unum
1121 952 1214 973 semen
1234 946 1348 974 Abrahae
1362 954 1414 975 non
1432 948 1588 984 intelligitur
1602 950 1651 977 nisi
1670 950 1749 978 Chri-

961 993 1037 1022 stus;
1058 989 1110 1017 hoc
1132 995 1221 1019 autem
1235 998 1328 1019 semen
1349 991 1464 1021 Abrahae
1478 994 1558 1021 etiam
1573 1001 1622 1022 nos
1636 1002 1728 1023 sumus
1741 1005 1748 1024 :
1766 1012 1771 1016 ο

961 1032 1013 1061 hoc
1033 1041 1097 1069 ergo
1110 1039 1211 1069 totum,
1231 1035 1258 1063 id
1272 1040 1332 1070 est,
1354 1041 1434 1073 caput
1452 1043 1479 1066 et
1492 1046 1588 1074 corpus
1599 1060 1608 1072 ,
1627 1048 1696 1068 unus
1709 1045 1751 1069 est

961 1077 1091 1106 Christus.

997 1122 1109 1151 CAPUT
1123 1123 1155 1152 V.
1167 1138 1203 1144 —
1215 1124 1241 1152 6.
1252 1124 1356 1153 Iustitia
1370 1126 1462 1155 Christi
1470 1129 1594 1164 quomodo
1611 1135 1705 1158 nostra.
1718 1131 1751 1158 Et

963 1166 1022 1194 ideo
1035 1176 1084 1195 nos
1098 1176 1150 1196 non
1168 1169 1294 1199 debemus
1307 1171 1340 1199 ab
1358 1171 1405 1199 illa
1423 1172 1524 1207 justitia
1545 1179 1683 1210 separatos
1704 1184 1752 1211 pu-

963 1217 1036 1245 tare,
1050 1221 1129 1248 quam
1149 1215 1274 1244 Dominus
1295 1217 1352 1252 ipse
1366 1224 1573 1253 commemorat,
1591 1221 1751 1250 dicenszDe

958 1258 1074 1293 justitia,
1089 1259 1148 1294 quia
1162 1260 1195 1286 ad
1208 1260 1312 1288 Patrem
1332 1262 1407 1290 vado.
1427 1263 1493 1290 Cum
1511 1263 1617 1292 Christo
1635 1266 1705 1294 cnim
1725 1271 1751 1294 et

963 1310 1012 1329 nos
1031 1305 1225 1332 resurreximus
1237 1326 1245 1339 ,
1266 1310 1292 1333 et
1306 1314 1355 1334 nos
1368 1315 1428 1335 cum
1443 1310 1528 1343 capite
1541 1314 1633 1338 nostro
1646 1310 1752 1340 Christo

964 1356 1054 1377 sumus
1070 1351 1090 1384 ³,
1106 1351 1211 1390 interim
1223 1352 1275 1379 [ide
1287 1357 1314 1380 et
1324 1361 1372 1388 spe
1384 1362 1391 1381 :
1405 1354 1580 1389 complebitur
1588 1361 1677 1385 autem
1690 1364 1752 1392 spes

962 1400 1054 1424 nostra
1068 1397 1095 1425 in
1110 1398 1203 1425 ultima
1224 1400 1420 1427 resurrectione
1433 1405 1609 1429 mortuorum.
1628 1402 1692 1430 Cum
1705 1411 1752 1430 au-

963 1445 1016 1469 tem
1029 1443 1205 1477 complebitur
1216 1451 1278 1478 spes
1288 1448 1377 1471 nostra
1387 1465 1395 1478 ,
1410 1449 1473 1473 tunc
1485 1445 1661 1481 complebitur
1671 1448 1750 1475 etiam

960 1486 1113 1521 justiﬂcatio
1126 1492 1226 1516 nostra.
1241 1488 1324 1522 Quam
1337 1490 1517 1525 completurus
1530 1491 1672 1525 Dominus,
1688 1492 1750 1527 quid

963 1538 1071 1565 sperare
1084 1532 1229 1561 debeamus
1238 1553 1245 1566 ,
1261 1534 1377 1561 ostendit
1390 1535 1415 1561 in
1427 1542 1507 1563 carne
1521 1542 1567 1563 sua
1579 1535 1640 1571 (hoc
1653 1541 1693 1564 cst
1705 1557 1712 1570 ,
1725 1538 1750 1564 in

963 1578 1048 1612 capite
1062 1578 1165 1614 nostro)
1178 1599 1186 1612 ,
1210 1579 1235 1606 in
1258 1587 1309 1614 qua
1325 1581 1471 1608 resurrexit
1489 1585 1516 1608 et
1527 1582 1644 1609 ascendit
1656 1582 1689 1610 ad
1702 1582 1751 1610 P.1-

964 1626 1041 1650 trem.
1055 1623 1120 1657 Quia
1134 1624 1173 1652 sic
1189 1625 1316 1660 scriptum
1332 1630 1373 1654 est
1388 1635 1396 1654 :
1410 1626 1530 1655 Traditus
1544 1632 1579 1655 est
1593 1633 1695 1663 propter
1707 1629 1751 1656 de-

963 1669 1022 1696 licta
1043 1674 1146 1704 nostra,
1159 1674 1184 1697 et
1198 1672 1334 1698 resurrexit
1359 1677 1462 1707 propter
1477 1673 1687 1708 justi/icotionem
1706 1682 1752 1701 no-

962 1719 1041 1742 stram
1056 1715 1143 1751 (Rom.
1158 1724 1185 1743 tv
1196 1737 1203 1748 ,
1217 1717 1274 1751 25).
1288 1717 1414 1752 Arguitur
1427 1726 1492 1753 ergo
1511 1719 1626 1747 mundus
1645 1720 1676 1746 de
1693 1727 1751 1754 pec-

962 1765 1033 1793 cato,
1048 1761 1075 1788 in
1090 1761 1129 1789 eis
1143 1762 1188 1796 qui
1202 1769 1254 1789 non
1270 1762 1380 1789 credunt
1397 1763 1421 1789 in
1433 1763 1566 1791 Christum
1579 1773 1586 1790 :
1600 1767 1623 1790 et
1632 1764 1663 1790 de
1670 1765 1736 1798 justi
1742 1778 1750 1784 -

963 1805 1014 1839 tia,
1034 1806 1061 1832 in
1081 1806 1121 1833 eis
1141 1806 1185 1841 qui
1206 1810 1346 1841 resurgunt
1364 1807 1391 1834 in
1412 1807 1539 1835 membris
1551 1807 1658 1835 Christi.
1674 1808 1750 1836 Unde

962 1850 1061 1878 dictum
1080 1855 1140 1881 est:
1159 1851 1192 1878 Ut
1210 1858 1255 1878 nos
1269 1852 1347 1878 simus
1354 1852 1455 1886 justitia
1469 1851 1516 1879 Dei
1528 1852 1553 1879 in
1568 1852 1622 1888 ipso
1642 1852 1674 1888 (ll
1690 1852 1748 1880 Cor.

963 1902 994 1928 v,
1013 1894 1071 1930 21).
1086 1895 1114 1923 Si
1128 1895 1199 1923 enim
1214 1903 1267 1924 non
1281 1896 1307 1923 in
1321 1896 1395 1931 ipso,
1412 1896 1484 1924 nullo
1501 1897 1581 1925 modo
1593 1898 1704 1931 iustitia.
1721 1897 1748 1926 Si

962 1944 1051 1968 autem
1066 1941 1092 1968 in
1115 1941 1189 1976 ipso,
1213 1946 1283 1969 totus
1297 1941 1435 1969 nobiscum
1454 1942 1525 1969 vadit
1544 1942 1576 1970 ad
1589 1943 1706 1976 Patrem,
1722 1949 1749 1971 et

963 1984 1020 2012 haec
1034 1985 1186 2020 implebitur
1196 1986 1222 2013 in
1237 1986 1313 2014 nobis
1326 1986 1441 2022 perfecta
1452 1986 1564 2022 iustitia.
1575 1987 1686 2023 PrOpter
1699 1988 1750 2016 hoc

962 2034 989 2058 et
1009 2031 1041 2057 de
1055 2031 1153 2066 judicio
1173 2031 1287 2059 mundus
1305 2032 1440 2067 arguitur,
1460 2033 1520 2068 quia
1542 2033 1657 2068 princeps
1674 2033 1750 2068 hujus

963 2076 1051 2103 mundi
1068 2077 1126 2112 jam
1146 2077 1275 2112 judicatus
1292 2082 1328 2104 est
1344 2077 1389 2105 :id
1408 2082 1466 2110 est,
1486 2078 1606 2106 diabolus
1628 2079 1750 2114 princeps

963 2121 1123 2156 iniquorum,
1137 2122 1181 2157 qui
1193 2122 1273 2150 corde
1283 2130 1336 2150 non
1348 2123 1466 2150 habitant
1475 2123 1524 2150 nisi
1535 2123 1561 2150 in
1577 2123 1627 2151 hoc
1639 2123 1748 2157 mundo,

963 2174 1042 2201 quem
1057 2166 1178 2202 diligunt,
1192 2172 1219 2195 et
1229 2167 1289 2195 ideo
1302 2168 1417 2196 mundus
1428 2173 1569 2202 vocantur;
1581 2169 1647 2196 sicut
1659 2173 1750 2197 nostra

963 2213 1127 2240 conversatio
1158 2213 1183 2240 in
1211 2213 1286 2241 oculis
1307 2218 1366 2247 est,
1394 2214 1416 2241 si
1439 2214 1663 2242 resurrexerimus
1689 2223 1749 2242 cum

963 2256 1077 2285 Christo.
1099 2258 1168 2293 Ergo
1180 2258 1401 2292 quemadmodum
1415 2259 1567 2293 nobiscum,
1583 2259 1609 2287 id
1621 2264 1662 2287 est
1671 2280 1678 2292 ,
1689 2267 1749 2287 cum

963 2310 1075 2338 corpore
1091 2311 1139 2331 suo
1155 2311 1223 2331 unus
1235 2308 1275 2331 est
1289 2303 1411 2331 Christus
1425 2313 1432 2332 :
1444 2305 1481 2332 sic
1493 2312 1553 2332 cum
1566 2305 1689 2333 omnibus
1701 2305 1750 2332 im-

963 2349 1013 2383 piis
1028 2349 1122 2383 quibus
1134 2354 1212 2384 caput
1223 2353 1278 2382 est,
1293 2356 1353 2376 cum
1371 2349 1484 2384 quodam
1498 2357 1610 2384 corpore
1619 2358 1668 2378 suo
1682 2358 1749 2377 unus

964 2398 1004 2421 est
1025 2393 1153 2421 diabolus.
1175 2393 1340 2428 Quapropter
1354 2393 1421 2421 sicut
1438 2401 1487 2421 nos
1501 2402 1554 2421 non
1566 2401 1720 2429 separamur
1733 2402 1749 2421 a

962 2438 1072 2473 iustitia,
1086 2439 1120 2466 de
1131 2446 1182 2473 qua
1192 2439 1320 2466 Dominus
1332 2439 1408 2472 dixit,
1426 2439 1492 2472 Quia
1503 2447 1536 2465 aa
1552 2439 1654 2466 Patrem
1666 2440 1730 2466 uado
1739 2446 1749 2466 :

964 2483 1003 2510 sic
1013 2483 1085 2518 impii
1096 2491 1148 2510 non
1164 2487 1321 2517 separantur
1334 2483 1367 2510 ab
1381 2483 1425 2510 illo
1435 2483 1535 2518 judicio
1544 2503 1552 2517 ,
1563 2483 1597 2511 de
1607 2491 1659 2518 quo
1671 2483 1747 2517 dixit,

965 2526 1031 2560 Quia
1047 2527 1163 2563 princeps
1179 2527 1254 2562 hujus
1267 2527 1355 2553 mundi
1363 2527 1420 2561 jam
1434 2527 1565 2562 judicatus
1579 2531 1625 2554 est.

1195 2583 1311 2611 δεξιΜο
1328 2582 1418 2611 CXLV
1441 2584 1450 2595 ο
1475 2583 1524 2620 (α).
1595 2622 1605 2631 1

963 2633 1004 2660 De
1019 2632 1097 2661 verbis
1110 2632 1241 2669 Evangelii
1254 2633 1379 2667 Joannis,
1391 2642 1448 2669 cap.
1460 2642 1523 2667 ινι.
1541 2634 1559 2669 γ
1571 2654 1578 2662 .
1592 2634 1644 2669 24,
1659 2634 1748 2670 Usque

964 2685 1034 2706 nunc
1043 2678 1107 2705 nihil
1117 2678 1229 2713 petiistis
1241 2679 1267 2705 in
1282 2679 1389 2706 nomine
1399 2686 1469 2706 meo.
1484 2678 1516 2705 Et
1526 2679 1557 2706 dc
1568 2678 1646 2706 verbis
1659 2678 1745 2712 Lucar,

996 2744 1290 2783 isis..rhristusstmuts.

1099 2783 1239 2802 sesamum
1259 2783 1307 2801 non
1325 2776 1462 2808 reperimus
1476 2776 1522 2802 n’mi
1537 2776 1561 2801 in
1576 2776 1746 2808 posteriorum:

995 2847 1032 2879 (α)
1049 2847 1123 2879 Alias,
1143 2848 1159 2872 3
1175 2848 1238 2873 inter
1255 2848 1332 2874 editos
1350 2855 1382 2874 ex
1393 2852 1445 2874 Mss.
1463 2849 1590 2875 t‘arthusiaa
1606 2849 1708 2879 Moris.
