1955 3092
195 139 243 167 ’131

194 205 251 232 cap.
269 205 284 223 x
294 217 301 228 ,
325 197 340 230 ᾖ
360 198 375 231 ᾖ
388 216 396 223 ,
409 197 451 228 l7,
464 196 514 230 20,
528 196 654 230 Domine,
667 203 729 224 ecce
740 196 765 223 in
776 196 883 223 nomine
896 200 941 222 tuo
956 199 982 222 et

194 242 324 271 da-monia
339 243 416 270 nobis
428 243 545 277 subjecta
558 247 619 270 sunt
631 242 681 279 (tt).

230 290 255 316 Ι.
276 288 359 316 Locus
376 288 484 316 Joannis
509 289 633 324 quomodo
652 288 824 316 conciliandus
850 296 905 315 cum
924 295 980 314 ver-

193 333 231 360 bis
246 333 331 360 Lucte.
347 333 472 361 Sanctum
496 334 666 369 Evangelium
689 342 749 361 cum
773 335 913 369 legeretur,
931 341 980 360 au-

194 379 305 406 divimus
326 379 397 414 quod
419 379 498 407 modo
520 388 582 407 vere
606 380 701 408 debeat
722 387 827 407 onmem
853 380 979 407 intentam

192 425 306 451 animam
318 432 425 452 movere
441 425 473 452 ad
489 425 670 460 quaerendum,
680 433 733 452 non
748 426 781 453 ad
792 424 979 453 deiiciendutn.

191 469 240 503 Qui
254 470 323 496 enim
340 478 391 496 non
405 475 541 503 movetur,
557 478 606 498 nec
623 475 747 498 mutatur.
762 470 814 498 Sed
833 475 873 498 est
892 474 980 498 mottts

191 516 375 550 periculosus,
389 518 422 544 de
435 525 487 552 quo
502 517 629 552 scriptum
641 521 697 550 est,
712 516 753 543 Nc
767 516 810 544 des
824 517 858 543 ad
876 525 978 544 moven-

191 560 251 587 dum
262 561 334 596 pedes
347 569 414 588 meos
427 561 510 597 (Psal.
528 570 587 594 uv,
599 562 638 597 9).
653 562 737 589 Motus
756 566 843 589 autem
855 561 922 588 alius
939 565 979 589 est

190 606 333 641 qumrentis
342 628 349 638 ,
369 608 496 641 pulsantis
506 628 512 639 ,
529 608 651 643 petentis.
672 607 746 640 Quod
757 615 819 642 ergo
831 607 926 634 lectum
938 611 979 634 est

189 659 283 679 omnes
301 652 448 680 audivimus
465 662 471 679 ε
491 654 537 680 sed
561 658 622 688 puto
635 654 695 688 quia
710 661 762 680 non
784 661 877 680 omnes
899 653 977 680 intel-

190 698 312 725 leximus.
335 698 531 725 Commemorat
549 699 617 733 quod
640 706 741 725 mecum
758 699 899 733 qumratis,
923 706 979 725 me-

189 751 250 770 cnm
276 736 389 779 petatis,
411 752 461 779 pro
481 752 534 780 quo
557 745 711 780 accipiendo
731 752 835 772 mecum
857 745 975 779 pulsetis.

188 788 282 815 Aderit
292 789 373 822 enim,
386 789 453 816 sieut
467 797 613 823 spcratnus,
625 790 708 824 gratia
724 790 826 817 Domini
836 810 843 822 ,
859 794 901 824 ut,
916 797 976 818 cum

190 832 252 859 volo
266 833 340 860 vobis
353 833 503 861 ministrare
514 855 521 866 ,
541 838 568 861 et
585 842 634 869 ego
646 842 750 861 merear
763 835 892 870 accipere.
909 835 977 868 Quid

188 883 226 904 est
236 897 244 910 ,
257 878 369 905 obsecro
384 886 430 906 vos
440 900 446 911 ,
462 879 532 913 quod
548 880 688 906 Dominum
700 879 799 907 dixisse
813 880 892 907 modo
903 880 978 907 audi-

188 922 275 949 vimus
287 922 423 958 discipulis
438 923 492 950 suis
508 933 514 949 :
533 923 617 959 Usque
626 932 693 951 nunc
702 925 766 951 nihil
780 925 884 959 prtiistis
894 925 920 952 in
932 933 977 952 no-

188 968 254 994 mine
268 969 343 995 meo?
354 968 446 996 Nonne
468 969 519 996 illis
533 969 668 1004 discipulis
683 970 814 1005 loquitur,
830 978 896 1006 quos
915 978 975 999 cum

187 1013 314 1046 misisset,
328 1014 387 1041 data
404 1019 532 1049 potestate
545 1014 578 1042 ad
592 1015 791 1050 prtcdicandum
803 1016 974 1051 Evangelium

186 1064 213 1085 et
229 1060 356 1094 ntagnalia
370 1059 488 1087 facienda
499 1081 506 1093 ,
521 1061 619 1088 reversi
634 1066 695 1088 sunt
707 1061 851 1096 gaudentes
862 1066 888 1089 et
900 1062 975 1089 dixe-

186 1109 248 1131 runt
258 1104 304 1131 ci:
320 1104 436 1138 Domine,
452 1113 508 1132 ecce
524 1106 550 1132 in
563 1106 663 1133 nomine
677 1109 718 1132 tuo
731 1111 754 1133 et
768 1106 892 1133 dtemonia
906 1107 975 1134 nobis

184 1150 297 1185 subjecta
306 1151 381 1177 sunt?
394 1151 602 1186 Recognoscitis,
619 1151 745 1184 recolitis,
760 1151 829 1187 quod
841 1151 875 1179 de
889 1152 975 1179 Evan-

185 1195 255 1230 gelio
276 1196 483 1223 commemoravi
496 1216 503 1227 ,
519 1196 544 1223 in
557 1197 629 1223 omni
644 1197 701 1224 loco
715 1202 741 1224 et
755 1198 826 1224 omni
844 1199 974 1225 sententia

185 1240 312 1272 veridico,
329 1248 456 1275 nusquam
468 1241 544 1274 l’also,
559 1249 688 1276 nusquam
704 1242 822 1270 fallente.
835 1243 974 1276 Quomodo

185 1293 249 1320 ergo
266 1293 356 1312 verum
377 1290 432 1318 est,
450 1286 534 1320 Usque
546 1286 620 1313 modo
639 1287 702 1314 nihil
716 1288 820 1322 petiistis
831 1289 857 1315 in
875 1290 974 1316 nomine

185 1338 240 1356 meo
250 1338 260 1362 ;
273 1334 310 1362 et,
325 1329 432 1357 Dontine
442 1351 449 1363 ,
463 1339 517 1357 ecce
526 1331 552 1357 in
564 1332 664 1358 nomine
673 1336 715 1359 tuo
733 1337 756 1359 et
769 1333 892 1360 daemonia
904 1334 974 1361 nobis

184 1375 295 1410 subjecta
307 1375 382 1402 sunt?
393 1375 478 1402 Movet
490 1379 563 1403 certe
576 1377 703 1410 animum,
714 1377 747 1404 ad
761 1378 972 1413 cognoscendum

184 1421 339 1456 qumstionis
352 1421 429 1456 hujus
441 1427 582 1449 secretum.
595 1422 665 1457 Ergo
673 1427 801 1457 petamus,
813 1431 970 1458 qumramus,

184 1468 331 1502 pulsemus.
346 1460 401 1495 Hoc
420 1468 446 1495 in
461 1468 536 1495 nobis
550 1468 587 1505 (b)
601 1469 685 1496 ﬁdelis
696 1469 780 1505 pietas
790 1490 797 1502 ,
820 1477 871 1497 non
885 1470 973 1497 carnis

184 1513 348 1550 inquietudo,
362 1514 409 1541 sed
422 1515 503 1541 animi
516 1515 646 1549 subjectio
656 1523 663 1548 ;
675 1520 703 1542 ut
716 1515 760 1543 ille
774 1516 850 1543 nobis
861 1517 971 1550 aperiat,

184 1559 229 1596 qui
244 1565 293 1585 nos
302 1559 374 1586 videt
388 1559 534 1594 pulsantes.
667 1568 672 1582 ι

219 1605 247 1631 2.
262 1604 415 1632 Timentibus
427 1605 588 1632 absconditur
598 1604 702 1632 dulcedo
714 1605 772 1639 Dei,
786 1607 908 1633 revelatur
917 1616 973 1642 spe-

185 1651 308 1678 rantibus.
319 1651 387 1685 Quid
402 1659 464 1687 ergo
474 1651 517 1679 det
530 1652 656 1678 Dominus
669 1653 871 1680 ministrandum
886 1654 970 1686 vobis,

185 1697 288 1732 intenti,
301 1697 350 1724 hoc
361 1701 411 1730 est,
423 1698 570 1725 esurientes
580 1698 690 1732 accipite
702 1707 707 1724 :
718 1698 787 1733 quod
798 1706 857 1725 cum
868 1699 971 1734 dixero,

185 1743 243 1773 sine
258 1742 337 1774 dubio
360 1742 504 1777 probabitis
517 1743 589 1770 sanis
609 1742 726 1770 faucibus
745 1743 833 1771 cordis
848 1744 916 1779 quod
939 1745 973 1772 de

185 1788 292 1819 cellario
318 1788 450 1819 dominico
473 1788 547 1815 vobis
567 1793 723 1823 apponatur.
749 1789 875 1816 Dominus
895 1789 972 1817 .lesus

185 1835 285 1863 sciebat
298 1835 367 1862 unde
381 1839 470 1869 posset
479 1835 565 1861 anima
578 1835 700 1866 humana,
715 1835 766 1862 hoc
776 1839 826 1869 est,
842 1842 917 1862 mens
927 1844 971 1862 ra-

186 1879 291 1906 tionalis
305 1879 337 1906 ad
359 1879 500 1914 imaginem
516 1879 561 1906 Dei
578 1878 643 1906 facta
657 1879 763 1912 satiari,
779 1884 901 1914 tanquam
916 1880 971 1915 ipsa

185 1932 218 1952 eo
235 1924 292 1964 ipso
304 1925 423 1952 satietur.
437 1924 550 1952 Noverat
561 1924 611 1952 hoc
623 1946 630 1958 ,
642 1929 668 1952 et
682 1925 753 1951 illam
767 1932 797 1952 ea
811 1925 972 1959 plenitudine

185 1970 272 2001 adhuc
283 1978 373 1998 carere
386 1971 494 1999 sciebat.
506 1970 621 1998 Noverat
631 1978 659 1998 se
673 1978 810 2008 apparere,
825 1976 933 1999 noverat
943 1979 973 1999 se

185 2018 277 2047 latere.
290 2017 393 2045 Sciebat
406 2016 468 2052 quid
484 2017 509 2044 in
523 2017 567 2044 illo
582 2017 818 2049 demonstraretur,
837 2017 898 2052 quid
913 2017 973 2045 abs-

187 2063 354 2091 conderetur.
371 2063 484 2090 Noverat
510 2062 572 2090 ltoc.
592 2063 673 2096 Quum
689 2063 766 2089 multa
778 2084 785 2096 ,
802 2063 887 2098 inquit
902 2063 974 2090 Psal-

187 2116 244 2135 tnus
253 2129 259 2140 ,
275 2108 407 2135 multitudo
418 2108 556 2134 dulcedinis
567 2112 615 2134 tum
624 2129 631 2141 ,
644 2107 766 2140 Domine,
782 2116 855 2143 quant
869 2108 974 2135 abscon-

187 2155 244 2181 disti
265 2154 405 2181 timentibus
426 2159 467 2188 te,
481 2153 607 2188 perfeciin
623 2159 704 2179 autem
725 2154 879 2188 sperantibus
900 2154 926 2179 in
950 2159 973 2180 te

186 2199 270 2236 (Psal.
283 2207 345 2230 xxx,
360 2198 417 2234 20).
436 2198 605 2225 Dulcedinem
620 2202 688 2224 luam
700 2202 726 2225 et
737 2206 857 2232 magnam
869 2202 895 2225 et
906 2198 973 2225 mul-

186 2250 240 2271 tam
255 2243 415 2272 abscondisti
431 2243 584 2270 timentibus
598 2246 633 2269 te.
647 2242 675 2269 Si
700 2243 852 2269 timentibus
872 2247 897 2270 te
909 2243 973 2270 abs-

185 2288 297 2322 condis,
322 2287 416 2323 quibus
440 2287 544 2323 aperis?
567 2287 698 2323 Perfeciin
715 2288 871 2323 sperantibus
889 2289 915 2315 in
938 2293 970 2316 te.

185 2335 301 2369 Quaestio
314 2334 417 2370 gemina
431 2338 491 2361 nata
506 2337 556 2366 est,
569 2333 615 2360 sed
629 2333 754 2359 alterutra
768 2332 877 2360 solvitur
889 2340 921 2360 ex
934 2334 972 2360 al-

186 2385 252 2410 tera.
265 2380 383 2409 Alterum
396 2380 417 2407 si
432 2379 490 2414 quis
503 2379 632 2414 inquirat,
647 2379 707 2413 quid
725 2383 765 2405 est
779 2378 827 2405 ltoc
839 2399 846 2411 ,
861 2379 972 2405 Abscon-

185 2426 244 2454 diin
258 2425 399 2452 timentibus
410 2429 449 2458 te,
465 2424 589 2460 perfeciin
600 2424 754 2459 sperantibus
771 2424 797 2450 in
817 2423 859 2450 te?
873 2424 923 2450 Alii
939 2424 972 2451 ti-

185 2476 275 2505 ment,
286 2471 328 2501 alii
343 2471 469 2509 sperant?
488 2478 539 2497 non
555 2470 570 2497 ii
591 2470 639 2505 ipsi
659 2475 722 2498 sunt
735 2470 857 2497 timentes
870 2468 964 2502 Deum,

184 2523 323 2553 sperantes
337 2517 363 2544 in
389 2516 493 2545 Deum?
516 2516 580 2550 Quis
602 2515 627 2542 in
643 2523 703 2542 eum
726 2519 830 2550 sperat,
854 2515 897 2550 qui
920 2522 971 2542 non

184 2571 245 2590 cum
260 2563 354 2591 timet?
368 2562 432 2596 Quis
446 2569 507 2589 eum
523 2562 564 2596 pie
575 2561 667 2594 timet,
682 2566 708 2589 et
721 2562 747 2588 in
758 2569 818 2588 eum
834 2568 908 2596 spem
920 2569 971 2588 non

186 2609 283 2638 habet?
303 2609 373 2644 Ergo
386 2609 457 2643 prius
472 2608 521 2635 ista
536 2608 662 2635 solvatur.
679 2608 716 2635 De
725 2608 891 2642 sperantibus
904 2613 930 2635 et
941 2608 973 2635 ti-

186 2655 319 2683 mentibus
335 2654 395 2681 volo
409 2654 506 2688 aliquid
521 2654 619 2680 dicere.
755 2656 767 2675 ι

221 2702 247 2727 3.
263 2701 351 2728 Timor
360 2699 404 2727 sub
416 2699 490 2735 Lege,
500 2708 556 2734 spes
566 2699 611 2726 sub
621 2700 711 2735 gratia.
722 2702 778 2727 Lex
794 2700 917 2727 timorem
927 2700 974 2727 ha-

189 2746 244 2779 bet,
259 2746 340 2782 gratia
354 2753 438 2781 spem.
453 2745 520 2779 Quid
534 2750 622 2773 autem
637 2745 748 2772 interest
757 2745 825 2772 inter
839 2745 934 2780 Legem
946 2750 974 2773 et

229 2812 255 2842 tt)
264 2815 361 2838 Notatur
371 2812 395 2835 in
405 2811 502 2838 Possidii
513 2811 688 2842 Indiculo,rcap.
701 2811 725 2836 9.

229 2819 244 2835 ιι
264 2815 361 2838 notatur
371 2812 395 2835 in
405 2812 502 2838 Possidii
513 2812 624 2840 tndiculo,
637 2818 688 2842 cap.
701 2812 725 2836 9.

218 2812 255 2874 ibi
265 2844 333 2865 Forte
344 2841 487 2871 addendum,
500 2841 532 2866 sit
540 2841 564 2867 in
579 2841 661 2872 nobis;
674 2842 722 2873 vel,
732 2840 810 2868 I‘ulset
822 2841 846 2868 in
857 2841 930 2867 nobis.

805 136 834 163 S.
855 133 1036 164 AUGUSTINI
1055 133 1207 163 EPISCOI‘I
1769 138 1813 166 ’191

1034 194 1143 229 gratiam
1153 215 1162 229 ,
1175 194 1387 230 quandoquidem
1403 204 1469 225 unus
1481 196 1557 225 dator
1577 202 1605 226 et
1616 198 1694 234 Legis
1713 204 1741 227 et
1760 208 1812 236 gra~

1035 239 1094 266 tiae?
1107 239 1161 267 Lex
1175 244 1256 267 terret
1268 240 1303 267 de
1319 248 1348 268 se
1367 240 1426 275 ipso
1439 248 1643 277 pmsumentem
1653 265 1660 278 ,
1677 245 1760 280 gratia
1772 246 1812 273 ad‘

1031 284 1105 319 juvat
1119 285 1145 312 in
1157 285 1240 312 Deum
1251 290 1411 320 sperantem.
1426 287 1480 315 Lex
1489 309 1497 321 ,
1513 288 1619 324 inquam
1631 310 1638 323 ,
1652 294 1736 318 terret
1748 299 1755 317 :
1770 298 1812 318 no-

1032 330 1078 358 lite
1112 336 1299 364 contemnere,
1327 333 1388 368 quia
1415 333 1496 361 breve
1521 339 1579 367 est;
1603 336 1763 370 appendite.
1790 343 1813 365 et

1032 383 1157 410 magnum
1167 380 1216 404 est.
1233 377 1325 404 Videte
1343 377 1406 412 quid
1423 378 1536 406 dixerim
1546 400 1553 412 ,
1568 381 1666 408 sumite
1686 383 1757 415 quod
1771 383 1813 409 mi-

1032 420 1175 448 nistramus
1185 441 1193 454 ,
1204 422 1314 456 probate
1328 423 1396 449 unde
1418 430 1563 451 sumamus.
1576 425 1631 452 Lex
1646 430 1730 453 terret
1743 425 1774 453 de
1788 434 1812 454 se

1032 466 1090 501 ipso
1102 472 1321 501 praesumentem,
1336 469 1420 503 gratia
1440 469 1546 504 adjuvat
1559 470 1585 497 in
1600 470 1683 497 Deum
1705 478 1812 506 speran-

1032 517 1095 540 tem.
1108 513 1175 546 Quid
1185 514 1248 541 dicit
1260 514 1333 541 Lex?
1345 514 1435 547 Multa,
1447 519 1475 542 et
1486 516 1544 550 quis
1558 517 1716 544 enumerat?
1731 517 1813 545 Unum

1030 564 1190 594 praeceptum
1210 568 1318 594 parvum
1342 565 1369 587 et
1390 561 1522 588 modicum
1544 562 1605 589 inde
1618 570 1813 598 commemoro,

1030 603 1100 638 quod
1121 605 1339 632 commemoravit
1362 606 1519 640 Apostolus,
1535 607 1610 634 valde
1630 615 1740 642 parvum
1756 609 1813 636 :vi-

1030 648 1140 675 dcamus
1154 649 1214 683 quis
1235 655 1384 684 supportat.
1408 650 1469 678 Non
1489 653 1657 682 concupisces.
1677 652 1746 686 Quid
1759 658 1814 686 est,

1029 693 1142 722 fratres?
1154 694 1310 722 Audivimus
1323 696 1434 731 Legem;
1450 697 1471 724 si
1484 698 1565 732 gratia
1580 706 1631 725 non
1646 698 1697 730 sit.
1709 706 1814 733 pugnam

1029 744 1100 772 tuam
1115 741 1220 768 audisti.
1237 741 1305 774 Quid
1320 743 1382 769 mihi
1395 743 1495 777 jactus,
1507 744 1627 779 quisquis
1640 744 1752 772 audiens
1765 745 1816 773 hoc

1029 787 1062 815 de
1077 792 1102 814 te
1122 788 1274 821 prmsumis,
1291 788 1353 822 quid
1366 788 1430 815 milii
1441 788 1526 822 jactus
1538 789 1734 816 innocentiam?
1746 791 1814 823 Quid

1030 833 1075 861 tibi
1090 833 1123 861 de
1133 834 1175 861 illa
1187 834 1330 861 blandiris?
1345 834 1423 862 Potes
1432 834 1522 862 dicere
1533 854 1540 867 .
1554 834 1610 862 Non
1624 836 1698 870 rapui
1714 844 1758 863 res
1767 836 1815 863 ali-

1027 887 1091 907 enas
1106 888 1113 907 :
1128 880 1221 911 audio,
1236 880 1331 913 credo,
1347 880 1466 908 fortassis
1475 886 1503 907 ct
1514 881 1607 914 video;
1624 889 1676 909 non
1686 882 1759 916 rapis
1771 890 1814 910 nes

1027 924 1137 955 alienas.
1161 924 1222 951 Non
1244 926 1420 960 concupisces,
1445 925 1551 953 audisti.
1576 926 1633 953 Non
1655 927 1756 954 accedo
1780 927 1814 954 ad

1027 976 1137 997 uxorem
1158 969 1271 997 alienam
1284 979 1292 997 :
1304 975 1331 998 et
1350 971 1402 997 hoc
1420 970 1511 1003 audio,
1529 970 1625 1002 credo,
1641 971 1729 999 video.
1751 972 1813 999 Non

1026 1015 1194 1050 concupisces,
1209 1015 1316 1043 audisti.
1326 1016 1394 1049 Quid
1408 1020 1433 1043 le
1445 1015 1508 1043 foris
1519 1016 1710 1050 circumspicis,
1722 1022 1750 1045 et
1759 1026 1812 1045 non

1026 1060 1097 1087 intus
1120 1060 1246 1095 inspicis?
1269 1060 1385 1096 Inspice,
1401 1065 1429 1089 et
1451 1061 1551 1089 videbis
1572 1061 1650 1088 aliam
1674 1062 1759 1097 legem
1785 1064 1812 1090 in

1027 1106 1153 1134 membris
1168 1107 1227 1134 tuis.
1237 1107 1309 1134 Intus
1319 1107 1429 1142 inspice,
1438 1107 1500 1141 quid
1513 1108 1608 1134 transis
1619 1107 1662 1134 te?
1675 1108 1812 1137 Descende

1025 1153 1051 1180 in
1064 1157 1099 1181 te.
1117 1153 1223 1181 Videbis
1232 1155 1309 1181 aliam
1323 1155 1405 1189 legem
1420 1155 1444 1181 in
1459 1155 1584 1182 membris
1599 1156 1651 1182 tuis
1664 1163 1810 1190 repugnan-

1025 1204 1078 1226 tem
1095 1200 1146 1234 legi
1160 1200 1254 1227 mentis
1275 1206 1325 1227 tum
1335 1222 1341 1232 ,
1357 1206 1384 1227 ct
1399 1201 1575 1235 captivantem
1594 1206 1618 1228 te
1633 1202 1659 1228 in
1675 1201 1734 1236 lege
1747 1209 1809 1232 pec-

1025 1246 1087 1278 eati,
1097 1253 1156 1280 quae
1170 1250 1211 1273 est
1223 1246 1248 1272 in
1260 1246 1386 1272 membris
1402 1247 1461 1272 tuis.
1479 1246 1570 1273 Merito
1585 1246 1631 1273 tibi
1641 1246 1809 1274 absconditur

1025 1291 1136 1319 dulcedo
1149 1291 1206 1318 Dei.
1222 1291 1341 1326 Captivat
1355 1296 1382 1318 te
1394 1292 1434 1318 lcx
1451 1292 1535 1326 posita
1554 1292 1581 1318 in
1594 1291 1721 1319 membris
1740 1292 1807 1323 tuis,

1025 1343 1172 1371 repugnans
1186 1336 1236 1370 legi
1251 1337 1346 1363 mentis
1360 1341 1420 1363 tute.
1435 1336 1473 1363 De
1482 1335 1623 1363 dulcedine
1636 1336 1681 1363 illa
1693 1344 1752 1371 qua
1763 1336 1807 1363 tibi

1024 1382 1203 1414 absconditur,
1219 1382 1302 1409 sancti
1313 1382 1406 1416 Angeli
1417 1382 1509 1409 bibunt
1521 1390 1527 1408 :
1539 1389 1592 1409 non
1604 1386 1679 1417 potes
1691 1381 1807 1409 dulcedi.

1024 1435 1083 1454 nem
1099 1427 1151 1461 pati
1165 1431 1191 1454 et
1202 1431 1306 1462 gustare
1320 1428 1439 1461 captivus
1454 1426 1503 1462 (α).
1519 1426 1751 1462 Coucupisceutiam
1762 1434 1808 1454 ne.

1024 1472 1140 1506 sciebas,
1153 1473 1200 1499 nisi
1222 1472 1276 1499 Leo;
1298 1463 1398 1505 diceret,
1414 1472 1475 1499 Non
1497 1473 1666 1507 concupisces.
1686 1472 1806 1505 Audisti,

1024 1517 1150 1549 timuisti;
1165 1518 1270 1544 tentasti
1280 1525 1395 1552 pugnare
1405 1538 1412 1549 ,
1426 1525 1478 1545 non
1493 1518 1600 1552 potuisti
1610 1525 1747 1551 superare.
1760 1517 1808 1544 0c-

1023 1562 1122 1589 casione
1140 1562 1210 1589 enim
1224 1567 1339 1597 accepta,
1352 1567 1479 1597 peccatum
1493 1571 1539 1597 per
1555 1563 1704 1589 mandatum
1715 1571 1805 1597 opera-

1024 1611 1075 1634 tum
1092 1612 1128 1634 est
1146 1612 1258 1634 mortem.
1279 1608 1358 1635 Certe
1379 1608 1582 1642 neognoscitis,
1598 1609 1715 1642 Apostoli
1727 1608 1806 1636 verba

1023 1656 1097 1684 sunt,
1113 1651 1249 1679 Occasione
1260 1658 1361 1687 accepta
1372 1658 1501 1687 peccatum
1511 1661 1556 1687 per
1566 1654 1712 1680 mandatum
1723 1661 1808 1687 opera-

1023 1701 1076 1723 tum
1086 1703 1120 1724 est
1131 1698 1156 1723 in
1169 1706 1207 1724 me
1217 1706 1313 1724 attinent
1325 1699 1558 1732 concupiscentiam.
1572 1698 1640 1731 Quid
1650 1703 1679 1725 te
1688 1698 1805 1732 jactabas

1023 1743 1169 1777 superbus?
1183 1743 1250 1769 Ecce
1267 1743 1349 1770 armis
1363 1743 1414 1769 tuis
1428 1747 1453 1769 te
1466 1743 1528 1769 vicit
1541 1743 1672 1770 inimicus.
1685 1742 1723 1769 Tu
1736 1747 1806 1769 certe

1023 1789 1174 1816 litandatum
1206 1789 1343 1824 quaerebas
1367 1788 1400 1815 ad
1428 1787 1602 1815 monitionem
1625 1788 1634 1803 ¹
1653 1797 1660 1816 :
1676 1795 1740 1815 ecce
1760 1795 1806 1823 per

1023 1835 1176 1862 mandatum
1193 1834 1293 1861 invenit
1304 1833 1388 1861 hostis
1403 1833 1516 1861 intrandi
1530 1833 1709 1861 occasionem.
1726 1833 1807 1861 Occa-

1023 1880 1093 1906 sione
1112 1879 1177 1906 enim
1198 1883 1318 1913 accepta,
1331 1883 1458 1913 peccaturi:
1477 1886 1521 1913 per
1540 1878 1687 1904 mandatum
1701 1879 1805 1914 fefellit,

1023 1924 1121 1960 inquit,
1135 1933 1174 1951 me
1183 1945 1189 1956 ,
1202 1929 1225 1950 et
1245 1932 1288 1959 per
1307 1933 1363 1951 eum
1375 1924 1465 1951 occidit
1479 1925 1499 1950 '.
1513 1924 1582 1957 Quid
1595 1928 1637 1951 est
1651 1925 1722 1959 quod
1735 1925 1788 1952 dixi
1797 1944 1805 1956 .

1022 1970 1112 1997 Armis
1127 1970 1178 1997 tuis
1189 1974 1215 1997 te
1224 1970 1287 1997 vicit
1299 1969 1439 1997 inimicus?
1449 1969 1516 1996 Audi
1528 1969 1651 1997 eumdem
1661 1970 1805 2005 apostolum

1023 2021 1176 2051 sequentem
1190 2021 1216 2043 et
1228 2016 1357 2043 dicentem
1371 2024 1379 2042 :
1394 2015 1483 2050 Itaque
1491 2015 1545 2043 Lee
1554 2017 1655 2051 quidem
1663 2022 1769 2048 sancto.
1783 2021 1806 2044 οι

1024 2061 1169 2087 mandatum
1179 2065 1292 2087 sanciunt
1308 2064 1332 2087 et
1349 2061 1444 2094 iustum
1455 2065 1479 2086 et
1492 2061 1593 2088 bonum.
1604 2060 1662 2088 Jam
1677 2063 1805 2096 responde

1024 2106 1260 2140 reprehensoribus
1271 2106 1347 2141 chis
1356 2116 1363 2134 :
1373 2107 1491 2140 Apostoli
1501 2107 1657 2134 auctoritate
1665 2107 1803 2142 responde,

1024 2151 1174 2178 Mandatum
1186 2155 1313 2184 sanctum,
1328 2151 1368 2177 lea:
1386 2156 1472 2178 sancta
1483 2172 1491 2184 ,
1509 2151 1656 2178 mandatum
1671 2152 1766 2186 justum
1781 2157 1804 2178 et

1024 2196 1125 2223 bonum.
1148 2196 1221 2228 Quod
1240 2203 1298 2231 ergo
1314 2195 1406 2223 bonum
1423 2200 1473 2228 est,
1486 2196 1547 2222 mihi
1566 2198 1661 2230 factum
1674 2201 1710 2223 est
1722 2196 1805 2223 mors?

1024 2241 1093 2268 Absit
1104 2241 1166 2268 :sed
1185 2245 1313 2276 peccatum
1325 2245 1351 2267 ut
1365 2246 1501 2276 appareat,
1513 2249 1558 2276 per
1569 2241 1662 2268 bonum
1677 2242 1740 2268 mihi
1748 2249 1804 2276 ope-

1023 2292 1107 2314 ratum
1126 2291 1161 2314 est
1181 2291 1285 2313 mortem
1298 2286 1386 2321 (Rom.
1407 2294 1460 2319 vn,
1476 2287 1555 2319 7-l5,
1569 2286 1625 2321 95).
1641 2286 1730 2320 Quare
1742 2287 1801 2319 hoc,

1022 2333 1073 2360 nisi
1099 2333 1159 2368 quia
1181 2332 1305 2360 mandato
1328 2337 1437 2367 accepto
1461 2332 1585 2366 timuisti,
1601 2340 1654 2360 non
1675 2333 1805 2361 dilexisti?

1023 2379 1144 2407 Timuisti
1167 2386 1289 2413 pinnam,
1312 2386 1364 2406 non
1382 2379 1477 2406 amasti
1498 2379 1636 2414 justitiam.
1660 2380 1712 2413 Qui
1737 2380 1806 2407 timet

1025 2432 1144 2460 pmnam,
1158 2428 1231 2458 optat
1252 2424 1274 2450 si
1289 2423 1346 2451 ficri
1367 2428 1468 2458 potest,
1484 2423 1570 2452 facere
1587 2425 1657 2459 quod
1672 2425 1766 2457 libeat,
1780 2429 1807 2453 et

1024 2478 1077 2497 non
1092 2470 1191 2497 habere
1203 2469 1273 2504 quod
1289 2469 1388 2497 timeat.
1409 2469 1535 2497 Prohibet
1549 2471 1619 2498 Deus
1632 2470 1805 2503 adulterium;

1023 2515 1169 2549 concupisti
1182 2522 1290 2542 uxorem
1303 2515 1432 2546 alienam,
1446 2522 1499 2542 non
1518 2515 1640 2548 accedis,
1655 2524 1709 2544 non
1728 2516 1806 2549 lacis,

1024 2560 1128 2589 occasio
1149 2560 1208 2587 data
1230 2565 1285 2588 est.
1301 2559 1383 2587 habes
1403 2565 1523 2595 tempus,
1539 2565 1612 2595 patet
1622 2561 1721 2595 locus,
1736 2560 1809 2588 deest

1056 2628 1065 2644 ί
1077 2630 1156 2655 Forte,
1175 2631 1207 2651 Τιι
1221 2627 1441 2659 certenmndaltmt
1458 2627 1584 2659 quwrebas
1597 2630 1633 2659 ad
1649 2627 1809 2654 munitionem.

1022 2658 1079 2684 Lov.
1087 2675 1094 2687 ,
1109 2662 1141 2682 Tu
1148 2661 1211 2682 certe
1221 2656 1361 2682 nuntiatum
1371 2656 1495 2687 quwreb'as
1504 2657 1697 2684 admonitim
1729 2664 1751 2685 ι

1059 2690 1192 2722 ξξοτιθ,ςι
1211 2687 1291 2722 periti
1300 2687 1398 2722 occidit.
1467 2719 1507 2722 ___
1525 2719 1565 2722 ___
1630 2718 1634 2722 .

1055 2719 1091 2751 (ιι)
1109 2718 1190 2748 Morel,
1201 2719 1275 2743 Elem.
1288 2719 1378 2751 critic,
1389 2725 1445 2751 pag.
1465 2719 1581 2751 198499,
1596 2718 1709 2751 opinatur
1723 2720 1759 2751 hic
1775 2719 1810 2744 le-

1025 2748 1210 2785 sehdvm,=.1"m
1228 2748 1565 2785 memmium
1583 2748 1680 2785 euitare
1697 2750 1807 2782 αφιῑτκι-

1024 2780 1081 2811 ὗυὶἓ
1097 2781 1169 2805 lectio
1179 2787 1238 2805 sane
1252 2780 1341 2805 melior
1352 2783 1399 2807 est.
1418 2780 1518 2805 minime
1531 2780 1592 2805 vero
1609 2782 1639 2805 ad
1656 2780 1752 2806 sensum
1765 2786 1808 2803 ne-

1025 2812 1136 2837 cessaria.
1155 2814 1178 2835 tn
1190 2815 1223 2839 u.,
1235 2817 1309 2841 super
1318 2814 1416 2840 vocem,
1425 2814 1530 2842 gustare,
1547 2815 1642 2837 notatur
1653 2813 1677 2837 iu
1694 2812 1806 2842 magiae,

1026 2842 1094 2876 forte,
1110 2850 1120 2866 tt
1132 2846 1255 2874 tonare.»
1290 2845 1310 2865 at
