3850 6188
164 316 264 373 793

159 431 420 494 consalus,
445 437 498 485 tu
526 436 706 490 tamen
745 443 851 486 non
893 429 1052 494 facis;
1083 427 1254 484 unde!
1277 428 1409 494 Quia
1439 428 1596 485 times
1623 443 1738 498 pte—

160 538 300 580 uam.
327 519 432 576 Sed
461 519 638 574 nulltts
662 519 813 575 sciet.
840 519 1106 590 Numquid
1136 534 1234 574 nec
1264 517 1435 574 Deus?
1461 518 1534 573 Ita
1561 519 1736 586 plane,

159 615 274 685 quia
311 611 410 667 scit
455 610 598 666 Deus
633 609 775 680 quod
819 608 1052 665 facturus
1090 624 1186 672 es,
1216 623 1322 664 non
1361 609 1531 663 facis:
1562 607 1656 664 sed
1683 617 1740 676 et

159 705 324 774 ipsum
355 701 522 756 Deum
550 700 841 755 minantem
868 700 1080 764 tremis,
1108 715 1213 755 non
1234 699 1630 770 prmcipientem
1657 699 1737 754 di-

157 795 288 864 ligis.
320 793 496 858 Quare
525 807 632 846 non
671 789 837 846 facis?
865 791 996 860 Quia
1027 791 1071 846 si
1106 789 1328 858 feceris,
1360 791 1412 844 in
1436 790 1735 863 gehennam

157 884 395 939 mitteris.
439 882 618 952 ignem
649 880 825 937 times.
856 883 902 937 0
927 882 974 935 si
1012 881 1306 936 castitatem
1351 896 1558 936 amares
1579 923 1595 948 ,
1627 895 1734 935 non

159 973 382 1040 faceres,
414 975 515 1030 etsi
544 973 690 1028 omni
733 973 892 1029 modo
934 974 1222 1044 impunitus
1246 989 1365 1028 esse
1398 972 1641 1029 deberes.
1677 973 1735 1029 Si

159 1069 241 1125 tibi
273 1069 414 1123 Deus
453 1067 688 1133 diceret,
719 1067 856 1122 Ecce
881 1067 998 1133 fac,
1029 1083 1134 1122 non
1167 1075 1218 1122 te
1241 1065 1534 1133 damnabo;
1557 1069 1609 1122 in
1637 1083 1734 1138 geo

159 1159 378 1214 bennam
418 1167 471 1212 te
496 1173 600 1212 non
627 1155 922 1222 damnabo,
949 1157 1044 1212 sed
1075 1155 1264 1212 faciem
1303 1173 1478 1214 meam
1517 1159 1609 1213 tibi
1639 1173 1735 1214 ue-

156 1249 300 1319 gsbo.
330 1248 386 1304 Si
433 1256 650 1318 propter
689 1247 826 1302 hanc
863 1248 1328 1303 comminationem
1357 1263 1466 1303 non
1493 1248 1731 1314 faceres,

153 1355 330 1395 amore
346 1339 440 1394 Dei
469 1353 570 1393 non
597 1339 824 1404 faceres,
840 1339 1031 1393 timore
1049 1337 1122 1409 (α)
1141 1338 1346 1409 judicii.
1371 1338 1477 1394 Sed
1505 1339 1730 1404 faceres,

153 1432 284 1487 forte
307 1431 450 1486 enim
474 1431 550 1487 sic
574 1429 780 1488 faceres
806 1447 819 1484 :
843 1445 948 1486 non
973 1430 1116 1485 enim
1149 1446 1326 1484 meum
1365 1441 1447 1486 cst
1467 1431 1728 1501 judicare.

153 1522 376 1591 Adjuvat
411 1522 614 1592 gratia,
641 1537 762 1591 quae
801 1531 1016 1578 sanctos
1053 1522 1208 1585 facit,
1239 1523 1283 1576 si
1325 1524 1402 1579 sic
1432 1540 1536 1578 non
1564 1523 1730 1593 facis,

153 1614 264 1685 quia
305 1615 496 1668 horres
534 1612 1040 1668 contantinationem
1083 1612 1360 1681 adulterii,
1391 1615 1513 1684 quia
1556 1614 1732 1686 diligis

153 1711 557 1774 pncceptorem,
585 1713 641 1756 ut
661 1702 840 1772 exigas
863 1704 1242 1774 promissorem
1264 1746 1279 1768 ,
1307 1721 1410 1760 non
1432 1706 1551 1775 quia
1575 1707 1732 1763 times

153 1796 510 1852 damnatorem
540 1814 553 1848 :
577 1795 684 1864 jam
703 1796 891 1865 gratiae
914 1804 999 1850 est
1016 1839 1032 1862 ,
1060 1795 1161 1851 hoc
1187 1796 1279 1850 tibi
1300 1797 1407 1851 noli
1431 1812 1728 1864 assumere,

152 1887 339 1942 viribus
369 1887 478 1941 tuis
507 1886 612 1941 noli
660 1886 916 1941 tribuere.
950 1886 1312 1941 Delectatione
1358 1887 1484 1941 facis
1508 1927 1523 1950 ,
1554 1887 1723 1954 bene;

152 1979 397 2035 charitate
423 1979 584 2043 facis,
615 1978 780 2046 bene;
806 1994 1014 2043 annuo,
1045 1979 1342 2036 consentio.
1388 1979 1632 2035 Charitas
1659 1980 1728 2036 de

155 2082 198 2128 te
235 2081 514 2142 operatur,
538 2070 750 2140 quando
773 2071 960 2126 volens
983 2071 1146 2126 ‘facis.
1174 2069 1291 2126 Jam
1327 2079 1516 2142 gustas
1546 2070 1727 2126 dulce-

153 2164 346 2228 dinem,
370 2166 416 2220 si
446 2179 631 2233 speras
656 2164 712 2218 in
738 2163 1042 2218 Dominum.
1388 2168 1391 2172 ’

210 2259 259 2313 ι.
277 2256 517 2313 Charitas
532 2273 634 2311 non
645 2274 708 2312 ea:
725 2256 889 2320 nobis,
901 2257 989 2311 sed
1003 2273 1066 2312 ea:
1080 2255 1208 2310 Deo.
1228 2255 1333 2311 Sed
1353 2255 1492 2311 unde
1509 2255 1602 2311 tibi
1616 2256 1726 2312 ista

152 2348 409 2406 charitas?
433 2349 683 2421 si‘tamen
707 2357 786 2402 est
809 2366 824 2401 :
851 2349 1012 2403 timeo
1033 2347 1174 2403 enim
1196 2363 1263 2402 ne
1289 2347 1463 2404 adhuc
1491 2345 1726 2403 timendo

153 2457 244 2498 non
287 2438 486 2506 facias,
519 2447 576 2495 et
599 2453 824 2509 magnus
851 2438 943 2493 tibi
969 2437 1218 2492 videaris.
1252 2437 1369 2492 Jam
1398 2437 1445 2495 si
1467 2436 1728 2504 charitate

151 2548 242 2588 non
262 2530 418 2597 facis,
435 2546 564 2586 vere
591 2545 813 2600 magnus
832 2545 912 2585 es.
941 2529 1116 2585 Habes
1141 2529 1494 2585 charitatem?
1519 2529 1723 2598 Habeo,

154 2623 336 2694 inquis.
365 2622 556 2679 Unde?
570 2623 618 2676 Α
638 2638 726 2678 me
746 2623 883 2691 ipso.
902 2622 1082 2692 Longe
1097 2638 1154 2682 es
1182 2638 1211 2675 a
1229 2621 1532 2688 dulcedine,
1550 2623 1595 2677 si
1621 2637 1651 2676 a
1673 2631 1726 2678 te

152 2715 252 2785 ipso
265 2715 457 2770 habes.
473 2714 726 2785 Teipsum
743 2714 983 2778 amabis;
1005 2715 1126 2784 quia
1145 2714 1287 2770 unde
1309 2715 1474 2770 habes
1497 2713 1722 2769 amabis.

150 2806 240 2863 Sed
253 2807 520 2862 convinco
534 2805 675 2877 quod
693 2821 796 2862 non
813 2805 995 2862 babes.
1011 2805 1161 2874 Quod
1174 2809 1313 2860 enim
1334 2814 1485 2874 putas
1502 2814 1596 2860 ate
1610 2806 1726 2874 ipso

150 2895 338 2954 lubere
358 2912 472 2953 rem
510 2905 712 2951 tantam
731 2938 746 2962 ,
766 2896 892 2951 inde
928 2913 1032 2951 non
1059 2895 1222 2950 credo
1246 2895 1386 2966 quod
1414 2894 1631 2950 habeas.
1664 2893 1721 2948 Si

149 2987 270 3043 enim
307 2987 567 3054 haberes,
599 2988 766 3043 scires
799 2987 942 3042 unde
988 2985 1232 3041 haberes.
1258 2985 1582 3041 Charitatem
1621 3000 1649 3041 a
1673 2995 1727 3041 te

151 3078 324 3143 habes,
337 3080 486 3150 quasi
506 3079 623 3134 leve
635 3078 856 3149 aliquid,
871 3078 1023 3150 quasi
1041 3078 1202 3132 breve
1221 3077 1445 3148 aliquid?
1459 3077 1514 3132 Si
1535 3076 1728 3148 linguis
1754 3140 1757 3141 ν

151 3167 413 3225 hominum
434 3169 735 3240 loquereris
761 3177 819 3223 et
843 3168 1186 3239 Angelorum,
1215 3167 1527 3224 charitatem
1547 3177 1726 3222 autem

151 3276 243 3317 non
271 3262 503 3318 haberes
521 3302 538 3328 ,
561 3269 908 3316 acramentum
930 3275 1079 3316 esses
1102 3260 1333 3316 tinniens
1355 3268 1410 3316 et
1427 3260 1728 3330 cymbalum

151 3367 484 3422 concrepans.
531 3352 590 3408 Si
629 3353 797 3408 sci-res
831 3353 1010 3408 omnia
1059 3361 1390 3407 sacramenta
1431 3361 1487 3408 et
1512 3367 1726 3406 omnem

151 3443 364 3501 haberes
387 3445 698 3508 scientiam,
731 3457 944 3498 omnem
977 3443 1311 3513 prophetiam
1347 3451 1402 3498 et
1429 3458 1640 3498 omnem
1668 3442 1730 3497 li-

151 3535 293 3601 dcm,
338 3537 414 3592 ita
458 3545 519 3592 ut
555 3544 766 3590 montes
807 3534 1160 3604 transferres,
1191 3535 1505 3590 cbaritatem
1549 3544 1727 3589 autem

152 3641 248 3682 non
268 3624 502 3682 haberes
521 3668 538 3693 ,
568 3625 826 3696 prodesse
871 3626 962 3680 tibi
991 3627 1089 3680 ista
1135 3641 1240 3681 non
1273 3636 1511 3698 possent.
1537 3626 1593 3681 Si
1617 3625 1729 3680 dis-

153 3717 405 3773 tribueres
433 3717 614 3772 omnia
663 3726 749 3770 tua
780 3717 1130 3787 pauperibus,
1157 3726 1210 3772 et
1259 3716 1496 3772 traderes
1535 3730 1729 3785 corpus

155 3817 286 3862 tuum
329 3817 394 3863 ut
438 3806 697 3874 ardores,
723 3806 1042 3862 charitatem
1091 3817 1268 3861 autem
1313 3823 1420 3861 non
1469 3806 1726 3874 haberes,

152 3895 268 3951 nihil
287 3912 446 3952 esses
469 3896 514 3967 (l
544 3897 662 3952 Cor.
692 3912 813 3958 xm,
842 3896 984 3967 1-5).
1013 3895 1216 3964 Quanta
1247 3904 1329 3950 est
1354 3897 1450 3950 ista
1475 3895 1726 3962 charitas,

153 4005 257 4058 qua
282 3989 328 4044 si
360 3988 628 4054 defuerit,
661 3989 791 4043 nihil
823 3997 1047 4058 prosunt
1071 3987 1286 4042 omnia?
1311 3987 1572 4057 Compara
1609 4003 1728 4042 eam

153 4093 248 4134 non
281 4079 409 4134 fidei
456 4088 589 4143 tum,
622 4094 729 4133 non
777 4078 1014 4134 scientiae
1055 4086 1192 4142 tuae,
1224 4094 1330 4132 non
1371 4078 1564 4149 linguae
1591 4087 1728 4144 tum;

154 4169 438 4225 minoribus
474 4171 635 4225 rebus
655 4211 670 4237 ,
699 4170 856 4225 oculo
899 4171 1141 4241 corporis
1192 4169 1266 4225 tui
1285 4211 1300 4234 ,
1329 4170 1537 4235 manui,
1570 4170 1728 4239 pedi,

153 4261 313 4316 ventri
331 4303 348 4327 ,
381 4261 538 4315 alicui
565 4261 808 4315 membro
832 4269 1072 4316 extremo
1111 4276 1360 4330 compara
1386 4260 1730 4327 charitatem;

153 4351 400 4420 numquid
437 4367 504 4406 ex
541 4352 718 4422 aliqua
770 4360 922 4420 parte
949 4352 1047 4406 ista
1079 4352 1294 4406 minima
1326 4351 1569 4406 charitati
1609 4361 1734 4406 sunt

151 4442 540 4512 comparanda?
569 4442 710 4512 Ergo
738 4442 950 4498 oculum
980 4451 1036 4496 et
1058 4458 1243 4497 nasum
1271 4458 1301 4497 a
1332 4443 1439 4498 Deo
1467 4442 1651 4510 habes,
1679 4452 1736 4497 et

151 4533 457 4588 charitatem
499 4549 530 4587 a
576 4542 626 4588 te
667 4533 870 4588 habes?
899 4531 956 4588 Si
983 4534 1330 4602 charitatem,
1357 4549 1476 4606 qua:
1521 4543 1736 4603 superat

150 4625 317 4678 omnia
336 4666 356 4692 ,
388 4634 444 4680 tu
472 4627 564 4681 tibi
588 4625 812 4692 dedisti,
841 4627 998 4681 vilem
1038 4627 1131 4681 tibi
1175 4627 1336 4681 Deum
1377 4627 1570 4682 fecisti.
1597 4627 1734 4696 Quid

151 4715 234 4768 tibi
260 4717 384 4786 plus
423 4725 602 4786 potest
628 4715 758 4772 dare
787 4717 963 4772 Deus?
986 4716 1247 4787 Quidquid
1289 4717 1528 4781 dederit,
1561 4719 1735 4772 minus

149 4819 245 4861 est.
275 4808 470 4864 Omnia
499 4809 738 4865 charitas
764 4811 958 4874 vincit,
991 4825 1148 4880 quam
1179 4819 1234 4863 tu
1270 4809 1360 4864 tibi
1387 4809 1598 4864 dedisti.
1629 4810 1733 4864 Sed

149 4899 189 4951 si
228 4902 430 4965 habes,
463 4917 569 4958 non
609 4903 704 4957 tibi
744 4902 956 4957 dedisti.
999 4900 1134 4970 Quid
1179 4903 1320 4955 enim
1366 4901 1563 4968 habes,
1595 4901 1736 4971 quod

148 5005 252 5044 non
279 4993 531 5062 accepisti
565 4991 677 5064 (Id.
709 5009 783 5058 tv,
810 4992 865 5063 7)
885 4992 910 5046 7
931 4992 1059 5062 Quis
1086 4992 1212 5046 mihi
1234 5033 1248 5058 ,
1276 4992 1393 5064 quis
1433 4993 1525 5046 tibi
1560 4991 1738 5047 dedit?

150 5079 307 5136 Deos.
361 5085 606 5154 Agnosco
652 5084 923 5150 datorem,
976 5101 1045 5140 ne
1093 5085 1292 5138 sentias
1347 5084 1733 5140 damnatorem.

147 5168 429 5230 (It-edendo
473 5175 542 5230 de
590 5174 883 5244 Scripturis
914 5174 1054 5230 Deus
1098 5175 1189 5230 tibi
1233 5174 1375 5229 dedit
1401 5174 1735 5242 charitatem,

147 5277 396 5333 magnum
421 5265 644 5329 bonum,
672 5266 986 5321 charitatem
1008 5267 1183 5320 omnia
1209 5275 1572 5336 superantem.
1598 5266 1739 5322 Deus

147 5355 238 5407 tibi
266 5355 450 5412 dedit:
471 5359 592 5430 quia
611 5359 834 5412 charitas
856 5358 950 5412 Dei
973 5357 1160 5424 diﬂ'usa
1182 5366 1254 5412 est
1282 5358 1334 5411 in
1359 5357 1591 5412 cordibus
1617 5374 1736 5412 nos-

145 5449 268 5512 tris;
301 5449 436 5506 forte
458 5468 486 5504 a
520 5451 610 5507 te?
629 5452 801 5516 absit;
832 5468 921 5524 per
941 5451 1193 5522 Spiritum
1218 5459 1444 5505 sanetum
1471 5451 1558 5521 qui
1585 5451 1734 5506 datus

145 5554 216 5603 est
248 5539 390 5597 nobis
420 5541 600 5612 (Rom.
632 5558 686 5608 v,
717 5541 794 5615 5).

213 5635 273 5690 5.
321 5631 563 5688 liotninis
606 5637 936 5706 prwsumptio
966 5653 1052 5706 per
1093 5634 1308 5709 Legem,
1352 5633 1614 5706 captivitas
1647 5649 1738 5705 per

202 5767 282 5828 (α)
319 5772 472 5833 Forte,
496 5779 590 5819 non
613 5767 797 5822 timore.

1550 313 1778 372 SERSIO
1814 314 2020 374 CXLV.

3331 333 3434 390 796

1843 433 2061 502 gratiam
2085 434 2296 489 tollitur.
2320 435 2509 493 Redite
2529 454 2734 496 mecum
2761 441 2828 496 ad
2858 443 3122 512 captivum
3153 445 3322 512 illum,
3345 463 3433 501 rc-

1843 520 1952 578 dite
1973 539 2180 580 mecum
2201 526 2268 580 ad
2297 530 2708 596 propositionem
2737 549 2929 587 meam.
2959 535 3065 589 Lex
3095 545 3258 591 terret
3276 537 3343 592 de
3368 554 3453 594 se.

1842 625 2286 682 praesumentem,
2319 619 2488 687 gratia
2529 620 2742 689 adjuvat
2782 624 2832 677 in
2884 625 3048 679 Deum
3096 638 3423 695 sperantem.

1843 703 1976 760 Vide
2023 707 2166 761 enim
2224 708 2374 763 illum
2419 713 2706 779 captivum.
2736 712 2896 768 Videt
2943 717 3098 770 aliam
3155 718 3326 787 legem
3371 719 3424 774 in

1841 797 2100 854 membris
2127 799 2236 852 suis
2262 810 2644 871 repugnantem
2675 803 2776 874 legi
2819 809 3010 861 mentis
3037 823 3146 862 sua:
3172 818 3226 863 et
3253 812 3424 879 capti-

1840 900 1964 939 vum
1990 901 2049 940 se
2073 887 2353 944 ducentem
2395 891 2446 944 itt
2479 891 2596 962 lege
2635 896 2834 962 peccati
2855 936 2870 959 ,
2902 912 3020 966 qum
3044 909 3126 952 est
3168 899 3220 953 in
3243 916 3421 955 mem-

1840 975 1952 1030 bris
1979 977 2117 1047 ejus.
2162 980 2298 1034 Ecce
2323 983 2572 1045 vincitur.
2605 999 2730 1039 ecce
2757 986 3001 1052 trahitur,
3030 1003 3155 1044 ecce
3183 993 3421 1060 captiva-

1843 1075 1946 1130 tur,
1970 1083 2100 1123 ecce
2124 1070 2454 1140 subjugatur.
2493 1074 2627 1140 Quid
2653 1077 2701 1129 ei
2731 1076 2925 1145 profuit
2945 1120 2960 1144 ,
2995 1078 3114 1133 Non
3153 1084 3421 1153 concupis~

1839 1160 2230 1228 ces?Audivit,
2279 1162 2403 1218 Non
2447 1170 2801 1237 concupisces,
2835 1180 2892 1224 ut
2938 1182 3118 1227 nosset
3173 1174 3415 1243 hostem,

1837 1265 1946 1304 non
1977 1261 2034 1305 ut
2058 1252 2308 1309 vinceret.
2353 1257 2818 1328 Concupiscentiam
2844 1264 3003 1328 enim,
3033 1264 3081 1318 id
3107 1277 3188 1319 est
3212 1267 3417 1322 hostem

1838 1358 1992 1400 suum
2017 1388 2031 1413 ,
2055 1347 2359 1413 nesciebat,
2393 1351 2490 1404 nisi
2530 1352 2636 1407 Lex
2677 1354 2889 1420 diceret,
2915 1355 3034 1410 Non
3077 1360 3416 1430 concupisces.

1835 1433 1953 1490 Jam
1997 1436 2175 1500 vidisti
2219 1438 2462 1506 hostem;
2489 1458 2659 1513 pugna
2686 1486 2700 1509 ,
2731 1445 2892 1499 libera
2938 1453 3024 1512 te,
3052 1462 3231 1502 assere
3275 1459 3326 1503 te
3365 1450 3417 1504 in

1836 1526 2171 1596 libertatem;
2202 1543 2475 1600 prematur
2520 1534 2744 1603 jucunda
2795 1540 3061 1608 suggestio
3081 1581 3094 1605 ,
3127 1542 3420 1609 perimatur

1836 1617 2020 1672 illicita
2063 1619 2366 1676 delectatio.
2410 1626 2668 1692 Armare,
2700 1627 2866 1684 habes
2911 1630 3116 1700 legem;
3151 1632 3414 1700 procede,

1834 1710 2021 1778 vince,
2050 1713 2094 1766 si
2126 1722 2295 1783 potes.
2338 1716 2474 1782 Quid
2502 1719 2642 1772 enim
2686 1727 2770 1774 cst
2807 1721 2948 1790 quod
2993 1737 3057 1775 ex
3096 1723 3417 1792 aliquantula

1828 1800 1939 1871 jam
1979 1805 2145 1874 gratia
2177 1807 2267 1860 Dei
2295 1809 2678 1865 condelcctaris
2707 1813 2804 1881 legi
2835 1813 2925 1866 Dei
2951 1815 3245 1868 secundum
3278 1817 3414 1870 inte-

1832 1892 2029 1949 riorem
2061 1894 2331 1952 hominem
2349 1898 2374 1950 ?
2402 1900 2505 1954 Sed
2534 1901 2681 1956 vides
2703 1902 2858 1956 aliam
2890 1904 3056 1973 legem
3085 1904 3136 1957 in
3165 1905 3417 1960 membris

1832 1984 1935 2040 tuis
1965 1997 2347 2057 repugnantem
2376 1990 2476 2060 legi
2509 1992 2701 2046 mentis
2733 2002 2872 2047 tum:
2903 2009 3006 2048 non
3035 2006 3414 2066 repugnantem

1831 2085 1886 2131 et
1913 2077 2041 2131 nihil
2071 2079 2366 2147 valentem,
2398 2083 2490 2137 sed
2520 2085 2785 2154 captivum
2825 2095 2874 2139 te
2902 2085 3184 2141 ducentem
3216 2088 3266 2140 in
3299 2088 3416 2157 lege

1831 2167 2055 2235 peccati.
2082 2169 2222 2224 Ecce
2253 2170 2391 2225 unde
2415 2173 2618 2226 timenti
2649 2174 2741 2228 tibi
2763 2175 3109 2230 absconditur
3134 2177 3415 2230 multitudo

1819 2255 1918 2312 ,llla
1940 2256 2642 2317 dulcediniszabsconditur
2678 2264 2918 2331 timenti,
2951 2267 3220 2336 quomodo
3261 2267 3416 2336 perfl-

1829 2346 1967 2401 citur
1995 2350 2268 2419 speranti?
2296 2349 2473 2406 Clama
2522 2353 2621 2407 sub
2659 2353 2846 2419 hoste,
2872 2355 2992 2424 quia
3034 2355 3199 2412 habes
3242 2373 3415 2427 oppu-

1828 2446 2135 2507 gnatorem,
2163 2439 2327 2496 habes
2353 2452 2410 2496 ct
2456 2443 2752 2513 adjutorem
2794 2445 2884 2515 qui
2925 2456 2977 2501 te
3018 2457 3291 2516 exspectat
3321 2463 3417 2516 pu-

1828 2541 2118 2601 gnantem,
2151 2535 2395 2589 sublevat
2419 2535 2783 2602 laborantem;
2807 2537 2900 2592 sed
2941 2537 2984 2592 si
3034 2539 3266 2592 inveniat
3293 2553 3416 2608 spe-

1829 2633 2036 2678 rantem
2061 2643 2074 2678 :
2097 2624 2208 2679 odit
2227 2626 2366 2681 enim
2390 2627 2806 2696 superbientem.
2830 2628 2943 2683 Sub
2962 2627 3117 2683 hoste
3142 2645 3268 2699 ergo
3288 2630 3414 2700 quid

1829 2712 2062 2768 clamas?
2084 2713 2240 2769 Miser
2259 2733 2348 2786 ego
2370 2716 2537 2771 homo.
2566 2718 2680 2772 Jam
2700 2718 2890 2772 videtis
2910 2762 2924 2783 ,
2948 2717 3197 2788 quoniam
3219 2720 3418 2774 clama-

1829 2803 1946 2858 stis.
1974 2803 2054 2859 Sit
2098 2805 2199 2861 istc
2227 2807 2430 2863 clamor
2471 2800 2669 2872 vester,
2711 2811 2924 2880 quando
2965 2810 3098 2865 forte
3120 2813 3230 2870 sub
3262 2812 3416 2868 hoste

1829 2894 2334 2962 laboratis;dicitc,
2373 2899 2424 2952 in
2477 2899 2677 2954 intimis
2721 2901 3026 2970 prtecordiis
3069 2901 3258 2968 dicite,
3287 2916 3416 2956 sana

1831 2984 1935 3040 ﬁde
1977 2985 2170 3052 dicite,
2203 2987 2359 3042 Miser
2397 3006 2489 3058 ego
2532 2989 2700 3044 homo.
2748 2991 2907 3046 Miser
2943 3007 3076 3062 ego,
3110 2991 3228 3046 ideo
3256 2993 3419 3046 miser

1831 3075 1954 3145 quia
1973 3091 2094 3147 ego.
2113 3078 2271 3135 Miser
2293 3096 2392 3150 ego
2422 3080 2602 3149 homo,
2621 3092 2674 3136 et
2703 3083 2823 3154 quia
2852 3097 2981 3154 ego,
3013 3093 3066 3138 et
3090 3083 3208 3152 quia
3232 3082 3414 3136 homo.
3441 3089 3444 3092 ’

1831 3165 1980 3222 Vane
2017 3170 2567 3235 enimgconturbatm'.
2612 3153 2864 3240 Quamvis
2905 3174 3047 3228 enim
3094 3176 3144 3228 in
3191 3175 3419 3244 imagine

1831 3259 2170 3330 perambulet
2197 3262 2357 3316 homo
2379 3261 2549 3331 (Psut.
2577 3280 2802 3330 xxxvnt,
2825 3265 2876 3335 7)
2909 3282 2922 3318 :
2955 3263 3113 3319 Miser
3134 3282 3222 3336 ego
3245 3266 3412 3330 homo,

1831 3352 1944 3422 quis
1966 3369 2042 3406 me
2064 3352 2288 3406 liberabit
2315 3355 2377 3407 de
2403 3367 2612 3424 corpore
2633 3356 2806 3409 mortis
2832 3356 3020 3421 huius?
3041 3355 3302 3424 Numquid
3330 3355 3420 3408 tu?

1834 3440 1932 3497 Ubi
1981 3451 2102 3496 sunt
2148 3445 2289 3498 vires
2335 3452 2436 3496 tua:
2456 3485 2471 3508 ,
2503 3445 2590 3497 ubi
2621 3455 2702 3498 est
2731 3444 3075 3514 prmsumptio
3105 3445 3231 3498 tua?
3261 3443 3422 3498 Certe

1835 3534 2009 3603 aliqua
2041 3534 2274 3605 laces(a)
2309 3552 2320 3587 :
2353 3543 2517 3600 taces,
2546 3535 2638 3588 sed
2672 3546 2813 3590 taces
2837 3551 2866 3588 a
2899 3545 2950 3589 te
2977 3533 3419 3599 extollendo,non

1833 3637 1863 3677 a
1887 3623 1996 3678 Deo
2015 3623 2328 3678 invocanda.
2348 3623 2487 3678 Tace
2514 3632 2568 3677 et
2590 3625 2777 3678 clama.
2803 3624 2935 3691 Quia
2967 3633 3020 3678 et
3042 3624 3154 3692 ipse
3176 3623 3319 3677 Deus
3343 3632 3422 3677 ta-

1833 3723 1922 3788 cet.
1947 3722 1998 3767 et
2026 3712 2218 3766 clamat
2242 3729 2256 3776 ;
2282 3720 2420 3766 tacet
2447 3729 2474 3766 a
2493 3711 2695 3782 judicio
2715 3755 2729 3779 ,
2759 3729 2863 3766 nou
2896 3721 3036 3767 tacet
3060 3727 3088 3766 a
3113 3723 3378 3782 prmcepto
3403 3730 3418 3767 :

1835 3805 1912 3860 sic
1938 3813 1991 3859 et
2018 3812 2071 3857 tu
2100 3814 2215 3858 tace
2242 3804 2310 3859 ab
2339 3805 2564 3858 elatione
2585 3846 2600 3869 ,
2625 3805 2732 3858 noli
2755 3805 2823 3859 ab
2847 3803 3214 3870 invocatione;
3247 3819 3312 3858 ne
3337 3803 3423 3858 di-

1835 3903 1922 3950 cat
1961 3895 2056 3949 tibi
2105 3895 2276 3958 Deus,
2305 3893 2497 3961 Taeui,
2531 3895 2775 3964 numquid
2819 3910 3016 3964 semper
3057 3894 3227 3948 tacebo
3269 3893 3420 3966 (lsai.

1835 4001 1945 4041 xui
1965 4027 1982 4052 ,
2016 3986 2142 4058 M)?
2172 3985 2421 4040 Exclama
2466 4002 2591 4056 ergo
2611 4027 2626 4051 ,
2652 3984 2810 4039 Miser
2837 4002 2928 4056 ego
2974 3986 3140 4039 homo.
3181 3986 3426 4055 Agnosco

1839 4087 1890 4132 te
1936 4078 2164 4142 victum,
2207 4079 2350 4133 vires
2392 4085 2508 4131 tuas
2551 4076 2924 4142 confunde,et
2967 4076 3089 4144 dic,
3139 4075 3296 4130 Miser
3331 4092 3424 4147 ego

1840 4167 2010 4235 homo,
2038 4169 2147 4236 quis
2176 4183 2254 4221 me
2285 4166 2510 4221 liberabit
2536 4167 2598 4221 de
2627 4182 2834 4238 corpore
2861 4166 3032 4220 mortis
3071 4166 3264 4236 hujus?
3289 4165 3426 4234 Quid

1838 4257 2115 4314 dixeram?
2137 4258 2246 4313 Lex
2278 4269 2439 4313 terret
2461 4259 2526 4313 de
2556 4274 2614 4312 se
2639 4269 3070 4328 prmsumentem.
3098 4258 3234 4312 Ecce
3264 4258 3426 4313 homo

1844 4349 1910 4405 de
1939 4366 1999 4405 se
2030 4350 2421 4420 praesumebat,
2456 4349 2679 4403 tentavit
2710 4363 2942 4419 pugnare
2962 4389 2977 4416 ,
3011 4365 3114 4404 non
3138 4349 3306 4418 potuit
3331 4364 3426 4404 su-

1842 4456 2064 4512 perare;
2098 4441 2267 4495 victus
2311 4450 2420 4505 est,
2466 4449 2760 4510 prostratus
2803 4451 2915 4503 est,
2955 4439 3262 4510 sobjugatus
3307 4447 3425 4504 est,

1843 4533 2138 4604 captivatus
2165 4541 2266 4587 est.
2314 4532 2506 4587 Didicit
2530 4535 2597 4588 de
2642 4533 2754 4587 Deo
2789 4548 3146 4604 prmsumcre,
3174 4542 3227 4587 et
3268 4525 3426 4602 quem

1843 4617 1927 4682 lex
1958 4626 2148 4680 terruit
2170 4623 2237 4679 de
2261 4639 2320 4679 se
2343 4633 2747 4694 praesumentem
2766 4667 2781 4690 ,
2815 4634 2980 4678 restat
3003 4633 3060 4677 ut
3085 4624 3248 4693 gratia
3279 4622 3431 4693 adju-
3527 4667 3529 4669 .

1841 4731 1929 4776 vet
1959 4720 2010 4774 in
2044 4720 2208 4774 Deum
2230 4727 2552 4789 sperantem.
2583 4717 2693 4772 lloc
2712 4717 2987 4771 conlidens
3011 4716 3173 4782 dicit,
3206 4715 3332 4780 Quis
3354 4732 3431 4769 me

1843 4811 2068 4866 liberabit
2097 4811 2160 4865 de
2183 4826 2392 4882 corpore
2414 4811 2586 4863 mortis
2611 4809 2761 4878 hujus
2779 4809 2803 4860 .9
2820 4807 2996 4862 Gratia
3021 4807 3119 4861 ’Dei
3145 4824 3234 4876 per
3251 4807 3430 4862 Iesum

1844 4901 2098 4958 Christum
2147 4901 2422 4955 Dominum
2466 4909 2690 4954 nostrum
2721 4897 2894 4971 (Rom.
2942 4894 3282 4970 vu,22-25).
3309 4897 3427 4952 Jam

1845 4994 1966 5049 vide
2004 4993 2372 5058 dulcedinem,
2399 5001 2582 5062 gusta,
2611 4991 2780 5059 sapiat
2813 4989 2904 5043 tibi
2932 5007 2946 5043 :
2970 4989 3091 5042 audi
3120 4988 3426 5056 Psalmum,

1847 5088 2056 5142 Gustata
2100 5096 2148 5140 et
2188 5086 2348 5140 videte
2392 5085 2628 5155 quoniam
2670 5083 2835 5137 suavis
2864 5092 2934 5136 est
2980 5081 3224 5135 Dominus
3254 5079 3428 5153 (Psal.

1845 5194 2044 5244 xxxiii,
2073 5175 2150 5248 9).
2194 5175 2387 5230 Factus
2424 5184 2506 5230 est
2547 5175 2639 5229 tibi
2687 5173 2898 5239 suavis,
2931 5172 3051 5242 quia
3084 5171 3326 5227 liberavit
3357 5182 3426 5228 te.

1850 5271 2078 5326 Amarus
2102 5267 2194 5323 tibi
2238 5265 2414 5330 fuisti,
2444 5282 2562 5321 cum
2596 5279 2943 5335 pnesumeres
2969 5265 3019 5318 in
3051 5272 3120 5319 te.
3153 5263 3279 5318 Bibe
3306 5262 3426 5320 dul~

1850 5359 2089 5420 cedinem
2109 5399 2125 5426 ,
2156 5359 2338 5430 accipe
2368 5359 2556 5428 pignus
2581 5357 2711 5411 tanti
2744 5356 2918 5412 horrei
2944 5355 3041 5429 (ὁ).

1918 5453 1970 5507 6.
1994 5451 2249 5522 Discipuli
2281 5453 2373 5506 sub
2416 5451 2549 5530 Lege
2584 5451 2806 5505 nondum
2830 5467 2861 5504 a
2889 5448 3242 5521 cupiditatibus
3267 5447 3428 5504 liberi.

1846 5546 2170 5619 Temporalia
2221 5563 2254 5599 a
2302 5544 2410 5599 Deo
2464 5552 2701 5616 petentes,
2744 5544 2872 5598 nihil
2921 5550 3115 5614 petunt.
3175 5540 3430 5614 Discipuli

1905 5703 1984 5828 2:3
2011 5708 2172 5818 ιέἓῖξέ.
2397 5705 2444 5755 et
2464 5705 2610 5754 taces.
