3850 6188
453 320 560 376 795

455 447 584 502 ergo
618 409 851 485 Domini
907 425 1031 480 Iesu
1089 421 1283 479 Christi
1340 418 1511 474 adhuc
1559 417 1658 472 sub
1706 417 1822 486 lege
1873 428 2028 466 mun-

456 522 510 578 di
532 525 574 589 ί,
625 521 797 574 adhuc
824 515 1110 581 nutriendi,
1139 513 1310 566 adhuc
1346 507 1663 580 corrigendi,
1705 507 1877 561 adhuc
1901 505 2031 559 diri-

458 610 635 683 gendi.
654 609 840 662 Adhuc
853 606 992 661 enim
1013 600 1481 670 concupiscebant:
1499 614 1615 654 cum
1632 598 1716 653 lex
1727 597 1886 660 dicat,
1910 594 2031 648 Non

458 698 778 766 concupisces
798 693 988 766 (Exod.
1023 708 1115 757 xx,
1143 690 1253 761 l7).
1276 690 1412 744 Pace
1437 688 1665 743 dixerim
1685 700 1868 742 eorum
1904 699 2028 737 san-

458 796 662 842 ctorum
683 786 927 847 arietum,
966 783 1157 838 ducum
1185 780 1392 850 gregis;
1423 793 1552 848 pace
1569 791 1754 832 eorum
1781 774 2030 840 dixerim,

459 878 582 947 quia
619 891 802 931 verum
849 874 969 928 dico
1011 891 1025 927 :
1060 870 1397 942 Evangelium
1433 868 1665 938 loquitur
1701 863 2028 921 :contende-

462 966 589 1020 bant
611 965 728 1034 quis
753 972 894 1019 esset
917 977 1100 1017 eorum
1123 961 1294 1029 major
1319 958 1465 1029 (Lac.
1490 972 1627 1022 xxn,
1648 955 1766 1024 2i),
1787 962 1842 1008 et
1859 952 2034 1006 adhuc

465 1057 516 1108 in
564 1065 701 1109 terra
748 1053 969 1107 Domino
1009 1050 1312 1114 constituto,
1344 1046 1668 1116 principatus
1703 1041 2033 1098 dissensione

466 1143 807 1198 ﬂuctuabant.
845 1142 956 1196 lloc
980 1139 1138 1203 unde,
1171 1138 1271 1193 nisi
1303 1153 1368 1192 ex
1396 1135 1658 1191 fermento
1684 1133 1904 1189 vetere?
1933 1132 2035 1186 hoc

467 1236 607 1291 unde
643 1236 742 1290 nisi
780 1250 843 1290 ex
883 1235 998 1303 lege
1034 1233 1086 1286 in
1117 1230 1386 1294 membris,
1409 1234 1734 1298 repugnante
1761 1226 1863 1296 legi
1885 1239 2037 1279 men-

468 1327 573 1382 tis?
601 1326 886 1396 Fastiginm
913 1322 1218 1393 quaerebant
1249 1339 1261 1373 :
1289 1320 1560 1374 enimvero
1581 1317 1891 1388 cupiebant;
1917 1315 2036 1384 quis

468 1419 638 1486 major
662 1425 806 1473 esset
829 1415 1130 1486 cogitabant
1155 1430 1168 1466 :
1202 1412 1320 1467 ideo
1347 1409 1566 1464 altitudo
1585 1423 1768 1464 eorum
1789 1407 1855 1462 de
1871 1417 2037 1476 puero

467 1507 827 1563 confunditur.
859 1506 1025 1561 Vocat
1061 1504 1126 1558 ad
1169 1518 1227 1559 se
1252 1501 1409 1558 Jesus
1439 1499 1690 1554 humilem
1721 1507 1952 1564 mtatem,
1979 1506 2039 1552 ut

467 1599 648 1654 domet
684 1595 932 1650 tumidam
975 1593 1312 1662 cupiditatem
1341 1590 1530 1659 (Marc.
1563 1605 1644 1654 ix,
1682 1585 1896 1661 55-56).
1927 1587 2038 1643 Me-

467 1688 570 1742 rito
613 1701 739 1756 ergo
777 1697 830 1740 et
865 1683 1075 1754 quando
1102 1682 1397 1746 redierunt,
1425 1688 1479 1735 et
1504 1679 1770 1744 dixerunt,
1802 1677 2035 1746 Domine,

467 1793 577 1830 ecce
601 1776 849 1830 dwanonia
875 1777 1096 1844 subjecta
1126 1781 1241 1828 sunt
1273 1773 1413 1826 nobis
1440 1773 1494 1826 in
1512 1772 1710 1825 nomine
1727 1779 1847 1825 tuo:
1879 1769 2041 1842 (Gau-

466 1867 664 1920 debant
701 1865 768 1920 de
807 1864 970 1918 nihilo
1005 1871 1297 1932 :qnantum
1323 1868 1459 1927 erat,
1488 1860 1614 1928 quid
1643 1868 1775 1923 erat,
1813 1859 1880 1914 ad
1913 1857 2040 1913 illud

467 1957 606 2030 quod
633 1958 771 2012 Deus
795 1953 1190 2026 promittebat)?
1214 1953 1465 2008 Dominus
1490 1966 1636 2021 ergo,
1668 1950 1917 2021 magister
1941 1950 2042 2004 bo-

467 2063 590 2110 nus,
621 2047 814 2101 sedans
847 2045 1112 2108 timorem,
1154 2041 1422 2096 mdiﬁcans
1448 2039 1768 2105 ﬁrmitatem,
1796 2039 1872 2092 ait
1899 2037 2042 2096 illis:

468 2134 644 2191 Nolite
686 2137 741 2188 in
777 2135 872 2187 hoc
918 2132 1153 2202 gaudere,
1194 2130 1313 2200 quia
1357 2129 1607 2183 daemonia
1646 2129 1783 2182 vobis
1824 2127 2044 2198 subjecta

466 2238 603 2281 sunt.
627 2216 803 2292 Quare
828 2222 961 2278 hoc?
985 2221 1115 2289 Quia
1138 2221 1280 2273 multi
1300 2219 1492 2272 uenient
1524 2219 1578 2272 in
1612 2218 1810 2272 nomine
1829 2233 1936 2271 meo
1964 2217 2045 2270 di-

468 2327 652 2379 centes,
686 2314 813 2369 Ecce
831 2314 883 2367 in
903 2312 1105 2366 nomine
1133 2320 1217 2364 tuo
1237 2308 1486 2363 (lanionia
1509 2307 1778 2376 ejecimus;
1805 2317 1850 2360 et
1878 2307 2046 2360 dicam

467 2411 558 2473 eis,
605 2405 728 2461 Non
769 2405 883 2461 novi
923 2420 1007 2458 vos
1036 2402 1247 2473 (Matth.
1290 2416 1381 2466 vn,
1409 2399 1498 2467 22,
1526 2398 1642 2470 23).
1671 2397 1923 2453 Nolitein
1949 2398 2042 2452 hoc

467 2498 706 2569 gaudere,
727 2496 815 2550 sed
841 2494 1055 2566 gaudete
1081 2493 1198 2562 quia
1221 2492 1430 2548 nomina
1449 2498 1610 2544 vestra
1627 2489 1814 2560 scripta
1835 2496 1952 2542 sunt
1990 2487 2046 2541 in

467 2587 623 2642 ralis.
656 2585 845 2640 Adhuc
873 2584 946 2639 ibi
977 2597 1097 2639 esse
1125 2597 1238 2655 non.
1273 2579 1513 2650 potestis,
1537 2587 1592 2635 et
1615 2587 1792 2634 tamen
1825 2577 1936 2645 jam
1970 2576 2044 2634 ibi

469 2677 652 2746 scripti
675 2675 824 2739 estis,
855 2671 1094 2728 Gaudete
1131 2685 1278 2741 ergo.
1307 2670 1374 2725 Et
1402 2667 1550 2735 illud,
1578 2667 1757 2722 Adhuc
1791 2667 1920 2721 nihil
1958 2684 2045 2739 pe-

469 2765 618 2820 tiistis
642 2765 696 2818 in
733 2763 934 2818 nomine
971 2777 1099 2816 meo.
1145 2759 1296 2828 Quod
1337 2759 1478 2814 enim
1525 2758 1748 2827 petiistis
1791 2757 1858 2812 ad
1901 2757 2044 2827 quod

471 2855 592 2910 volo
621 2855 769 2920 dare,
807 2853 937 2908 nihil
975 2860 1075 2908 est.
1104 2852 1239 2920 Quid
1279 2851 1418 2905 enim
1467 2850 1693 2920 petiistis
1735 2849 1788 2902 in
1829 2848 2045 2904 nomine

471 2947 628 3003 ineo?
656 2944 725 3001 Ut
742 2943 1001 2998 dannonia
1028 2943 1178 2997 vobis
1203 2941 1441 3010 subjecta
1469 2939 1684 2994 essent?
1711 2938 1777 2992 In
1806 2938 1899 2992 hoc
1918 2954 2045 3009 gau-

472 3037 588 3090 dere
630 3035 799 3098 nolite,
830 3032 932 3087 hoc
964 3041 1062 3098 cst,
1094 3031 1222 3085 nihil
1261 3039 1344 3084 est
1363 3029 1500 3100 quod
1531 3028 1756 3099 petiistis
1783 3045 1796 3081 :
1827 3029 1872 3083 si
1902 3029 2044 3083 enim

471 3123 668 3194 aliquid
695 3130 855 3189 esset,
881 3121 1111 3192 gaudere
1131 3119 1359 3189 juberet.
1389 3119 1527 3188 Ergo
1547 3133 1650 3172 non
1675 3118 1890 3173 omnino
1915 3117 2045 3172 nihil

471 3225 607 3282 erat,
649 3214 742 3269 sed
792 3213 912 3284 quia
953 3213 1020 3268 ad
1066 3213 1209 3267 illam
1249 3209 1660 3282 magnitudinem
1709 3209 2046 3278 prmmiorum

473 3305 571 3362 Dei
598 3305 843 3374 exiguum
890 3310 1024 3358 erat.
1069 3301 1183 3357 Non
1219 3301 1359 3355 enim
1385 3315 1509 3355 vere
1546 3299 1741 3353 Paulus
1776 3298 2046 3368 apostolus

473 3410 578 3451 non
609 3403 721 3450 erat
745 3392 936 3464 aliquid
957 3410 972 3453 ;
996 3399 1050 3447 et
1075 3401 1246 3446 tamen
1278 3391 1333 3444 in
1361 3388 1754 3459 comparatione
1779 3387 1897 3453 Dei,
1932 3385 2043 3440 Ne-

473 3500 565 3556 que
600 3484 684 3554 qui
725 3484 918 3552 plantat
949 3490 1020 3535 est
1049 3479 1262 3551 aliquid,
1302 3494 1458 3548 neque
1489 3477 1572 3548 qui
1604 3478 1733 3547 rigat
1755 3474 1798 3548 (ι
1824 3475 1938 3531 Cor.
1965 3491 2043 3541 nt,

474 3575 553 3650 7).
599 3576 666 3632 Et
689 3575 840 3630 vobis
867 3573 1113 3636 dicimus,
1144 3581 1199 3626 et
1240 3570 1393 3625 nobis
1429 3569 1672 3634 dicimus,
1699 3577 1753 3621 et
1800 3566 1952 3620 nobis
1993 3574 2048 3620 et

474 3666 625 3721 vobis
669 3665 914 3730 dicimus,
961 3661 1172 3733 quando
1210 3661 1437 3730 petimus
1486 3659 1537 3711 in
1589 3657 1805 3714 nomine
1848 3655 2044 3713 Christi

476 3757 784 3825 temporalia
814 3757 933 3811 ista.
963 3755 1119 3810 Certe
1165 3753 1306 3808 enim
1351 3750 1596 3824 petiistis.
1635 3752 1765 3806 Nam
1795 3752 1913 3821 quis
1940 3765 2045 3805 non

475 3849 656 3919 petat?
683 3849 828 3903 Alius
855 3846 1133 3902 sanitatem
1163 3845 1309 3916 petit,
1339 3846 1382 3900 si
1415 3852 1666 3914 aegrotat;
1705 3843 1840 3897 alius
1861 3842 2049 3898 libera-

478 3941 672 4000 tionem
696 3939 844 4013 petit,
866 3939 910 3997 si
928 3938 980 3995 in
1000 3953 1215 3996 carcere
1229 3937 1543 3992 constitutus
1557 3941 1668 3999 est;
1685 3933 1820 3988 alius
1837 3941 2046 4002 portum

478 4045 650 4108 rogat,
681 4035 725 4090 si
756 4035 807 4089 in
835 4032 954 4088 navi
998 4029 1267 4094 turbatur;
1296 4027 1431 4082 alius
1471 4025 1744 4080 victoriam
1786 4031 1957 4093 rogat,
2002 4023 2046 4079 si

477 4143 600 4183 cum
629 4127 781 4180 hoste
812 4121 1072 4192 conﬂigit;
1101 4128 1156 4176 et
1184 4119 1236 4173 in
1279 4117 1492 4172 nomine
1523 4113 1718 4170 Christi
1757 4120 1923 4168 totum
1953 4127 2046 4168 ro-

477 4227 586 4288 gat,
615 4223 669 4272 ct
696 4213 824 4270 nihil
852 4210 1090 4282 estquod
1113 4219 1281 4279 rogat.
1309 4205 1446 4272 Quid
1469 4220 1596 4276 ergo
1621 4203 1910 4274 rogandum
1937 4201 2050 4257 est?

481 4309 646 4365 Petite
673 4307 727 4360 in
755 4304 956 4359 nomine
986 4318 1116 4356 meo.
1146 4300 1212 4354 Et
1237 4313 1345 4353 non
1378 4296 1511 4352 dixit
1537 4294 1684 4365 quid,
1716 4293 1810 4349 sed
1840 4292 1892 4347 in
1922 4307 2048 4346 ver-

481 4398 565 4452 bis
602 4394 938 4463 intelligimus
973 4389 1098 4460 quid
1131 4396 1312 4458 petere
1337 4386 1643 4441 debeamus.
1674 4383 1854 4447 Petita,
1885 4391 1931 4436 et
1964 4398 2050 4435 ac-

481 4489 693 4557 cipietis,
723 4494 777 4538 ut
802 4482 1042 4554 gaudium
1062 4488 1273 4533 uestrum
1291 4478 1355 4532 sit
1381 4476 1600 4545 plenum.
1635 4473 1817 4540 Petite,
1846 4483 1892 4527 et
1916 4473 2050 4525 acci-

483 4577 649 4648 pietis,
680 4577 732 4629 in
763 4573 961 4628 nomine
985 4586 1111 4623 meo.
1145 4566 1248 4622 Sed
1273 4566 1434 4636 quid?
1463 4563 1581 4619 Non
1604 4563 1733 4618 nihil
1768 4582 1780 4617 :
1809 4562 1931 4633 quid
1958 4577 2050 4615 au-

485 4668 632 4724 tem?
673 4666 741 4721 Ut
784 4663 1024 4735 gaudium
1064 4668 1282 4714 uestrum
1321 4657 1384 4711 sit
1424 4656 1625 4727 plenum
1663 4670 1681 4708 :
1724 4653 1777 4708 id
1819 4663 1920 4716 est,
1952 4653 2052 4708 hoc

486 4757 650 4830 petite
670 4755 809 4828 quod
832 4753 978 4808 vobis
1008 4750 1251 4806 sufﬁciat.
1284 4747 1414 4802 Nam
1446 4745 1656 4817 quando
1681 4746 1815 4814 petis
1836 4744 2008 4800 nihil’
2035 4761 2048 4798 :

485 4853 574 4923 qui
601 4850 744 4906 bibet
783 4848 850 4904 de
887 4848 986 4902 hac
1012 4860 1169 4915 aqua,
1209 4843 1352 4897 sitiet
1379 4842 1568 4895 iterum
1612 4835 1791 4904 (Joan.
1835 4852 1908 4900 tv,
1937 4833 2048 4906 l5).

485 4944 641 5001 Mittit
676 4943 728 4998 in
761 4949 975 5013 puteum
1018 4935 1258 5008 hydriam‘
1284 4930 1602 5002 cupiditatis,
1631 4928 1770 4982 levat
1797 4925 1935 4982 unde
1973 4925 2053 4979 bi-

487 5036 596 5102 bat,
627 5042 684 5090 ut
727 5032 918 5087 iterum
961 5028 1125 5085 sitiat.
1158 5023 1320 5078 Petite
1366 5030 1420 5075 ut
1447 5018 1687 5091 gaudium
1731 5026 1947 5072 vestrum
1986 5014 2052 5070 sit

489 5127 690 5195 plenum
715 5140 738 5179 :
761 5121 812 5176 id
837 5129 939 5187 est,
961 5129 1019 5172 ut
1041 5113 1324 5179 satiemini,
1355 5127 1462 5166 non
1491 5117 1547 5163 ut
1573 5107 1639 5163 ad
1673 5116 1880 5177 tempus
1903 5105 2051 5160 dele-

491 5213 723 5272 clemiui.
752 5211 918 5267 Petito
956 5207 1094 5279 quod
1142 5205 1291 5261 vobis
1337 5200 1566 5258 sufﬁciat
1612 5218 1624 5254 :
1673 5199 1831 5254 dicite
1870 5211 2052 5251 vocem

377 5357 386 5364 .
492 5304 738 5374 Philippi,
791 5297 1026 5364 Domine,
1079 5296 1280 5351 ostende
1317 5294 1457 5347 nobis
1511 5291 1733 5356 Patrem,
1781 5299 1828 5345 et
1871 5289 2057 5360 sufficit

493 5395 650 5449 nobis.
696 5390 832 5447 Dicit
875 5388 1024 5443 vobis
1061 5383 1339 5448 Dominus,
1370 5381 1531 5434 Tanto
1563 5389 1780 5452 tempore
1804 5379 2056 5434 vobiscum

490 5502 621 5552 sum,
661 5491 706 5538 et
744 5497 844 5535 non
880 5475 1177 5552 cognovistis
1216 5473 1333 5528 me?
1369 5470 1628 5542 Philippe,
1669 5471 1756 5541 qui
1790 5487 1868 5525 me
1905 5470 2056 5541 videt,

557 5633 1052 5702 't'mte,mumlan{li.
1148 5693 1158 5702 .
1286 5691 1317 5702 __
1528 5671 1533 5678 .

555 5704 574 5733 ι
587 5691 749 5759 sorte,
765 5693 1044 5760 teniporalia
1063 5693 1200 5758 petis,
1221 5691 1340 5757 petis
1350 5691 1486 5746 nihil.

1658 305 1715 361 s.
1759 295 2116 358 AUGUSTlNl
2154 296 2452 356 EPISCOPI
3535 324 3613 382 ηδ

2133 415 2264 507 uidet
2287 426 2336 469 et
2380 416 2584 471 Patrem
2603 417 2786 507 (Joan,
2832 419 2944 485 xiv,
2975 420 3028 486 8,
3059 422 3136 492 9).
3161 424 3289 494 Ergo
3313 428 3486 498 gritias
3505 439 3615 507 agite

2133 503 2346 560 Christo
2369 520 2469 575 pro
2493 506 2643 562 vobis
2667 508 3054 563 inﬁrmantibus
3081 513 3120 577 ⁸,
3147 522 3198 568 et
3220 514 3382 573 fauces
3401 503 3614 584 satiandas

2133 604 2314 664 parate
2339 595 2534 650 Christi
2559 596 2839 653 divinitati.
2866 599 3120 656 Conversi
3154 603 3218 658 ad
3254 605 3516 682 Dominum,
3536 625 3619 674 etc.

2602 727 2828 783 SERMO
2864 727 3064 786 CXLVI
3093 736 3112 756 ο
3143 731 3232 806 (α).

2135 838 2213 896 De
2232 840 2388 896 verbis
2410 839 2667 910 Evangelii
2685 838 2921 908 Joannis,
2952 841 3130 898 Simon
3157 843 3360 902 Joannis
3377 848 3525 923 diligis
3539 855 3624 912 mel

2408 985 2420 995 ,
2531 944 2624 990 etc.
2651 932 2918 1015 Cupnxxi,
2957 936 2993 1006 ᾗ
3013 972 3032 990 .
3060 937 3215 993 lii-l7
3245 938 3333 1010 (ὁ).

2201 1063 2430 1120 CAPUT
2469 1064 2753 1122 PRIMUM.
2780 1068 2922 1121 -Ι.
2952 1066 3176 1138 Ofﬁcium
3210 1073 3463 1140 pastoriset
3480 1076 3620 1137 ovium.

2136 1153 2422 1208 Hereditas
2449 1163 2635 1220 nostra,
2666 1154 2805 1210 Deus
2837 1156 2962 1226 ipse.
3003 1156 3246 1214 Lectione
3283 1158 3510 1219 hodierna
3541 1169 3620 1224 ani.

2136 1244 2422 1300 madvertit
2443 1245 2688 1300 Charitas
2722 1253 2922 1313 vestra,
2960 1245 3156 1302 dictum
3193 1262 3307 1305 esse
3342 1249 3627 1314 Petroaho.

2137 1337 2284 1391 mino
2319 1351 2415 1406 per
2450 1337 2915 1407 interrogationem
2947 1336 3170 1410 :Diligis
3200 1341 3313 1395 nte?
3344 1340 3430 1398 Cui
3451 1357 3626 1415 respon-

2138 1429 2299 1484 debat
2323 1429 2412 1484 ille
2444 1446 2458 1482 :
2489 1430 2625 1498 Scis,
2655 1429 2889 1497 Domine,
2923 1431 3044 1501 quia
3076 1447 3186 1486 anto
3215 1441 3277 1486 te.
3303 1432 3404 1489 Hoc
3428 1438 3625 1504 secundo,

2141 1519 2243 1575 hoc
2269 1520 2452 1586 tertio;
2481 1527 2535 1575 et
2575 1519 2643 1575 ad
2675 1517 2882 1590 singula
2910 1521 3072 1576 verba
3107 1522 3452 1590 respondentis
3469 1526 3629 1584 dicebat

2142 1607 2398 1664 Dominus
2420 1649 2435 1673 ,
2483 1607 2647 1663 Pasce
2689 1625 2848 1679 agnos
2887 1625 3046 1664 meos.
3095 1609 3476 1669 Commendabat
3512 1615 3631 1672 Petro

2140 1701 2384 1755 Christus
2423 1713 2590 1768 agnos
2627 1713 2754 1755 suos
2789 1699 3102 1770 pascendos,
3129 1702 3214 1771 qui
3247 1704 3470 1771 pascebat
3491 1715 3534 1761 et
3555 1707 3631 1762 Pe-

2142 1799 2302 1845 trum.
2338 1790 2473 1856 Quid
2498 1790 2640 1844 enim
2683 1790 2870 1845 Petrus
2917 1799 3128 1860 poterat
3163 1801 3402 1861 praestare
3440 1793 3631 1862 Domino,

2143 1879 2372 1934 maxime
2392 1879 2501 1949 jam
2541 1881 2837 1935 immortale
2873 1893 3070 1950 corpus
3104 1883 3320 1951 gerenti,
3346 1892 3395 1938 et
3419 1885 3463 1939 in
3487 1887 3632 1942 cmlum

2142 1973 2466 2029 ascensus-0?
2495 1972 2764 2043 Tanquam
2807 1975 2854 2028 ei
2898 1973 3123 2041 diceret,
3174 1976 3318 2029 Amas
3359 1977 3464 2030 me!
3495 1977 3542 2031 In
3563 1977 3636 2034 hoc

2143 2062 2365 2118 ostende
2387 2062 2508 2132 quia
2534 2076 2680 2116 amas
2700 2077 2806 2129 me,
2826 2061 2992 2117 Pasce
3016 2077 3129 2118 oues
3152 2077 3299 2118 meas.
3316 2064 3458 2135 Ergo,
3474 2064 3633 2131 fratres.

2144 2167 2263 2208 cum
2289 2153 2588 2208 obedientia
2615 2152 2793 2208 audite
2830 2167 2956 2208 oves
2981 2167 3083 2209 vos
3106 2167 3223 2210 esse
3245 2153 3418 2210 Christi
3448 2172 3462 2205 :
3487 2156 3581 2224 quia
3599 2163 3638 2209 et

2144 2259 2243 2300 nos
2266 2258 2387 2300 cum
2429 2245 2625 2300 timore
2665 2245 2925 2311 audimus,
2970 2244 3145 2300 Pasce
3185 2262 3294 2301 oves
3329 2262 3462 2300 meas.
3487 2247 3536 2302 Si
3568 2262 3637 2302 nos

2144 2341 2265 2392 eum
2296 2338 2486 2392 timore
2524 2337 2787 2407 pascimus
2826 2348 2880 2394 et
2918 2339 3168 2393 timemus
3196 2353 3288 2408 pro
3324 2338 3510 2403 ovibus;
3545 2337 3639 2407 ipse

2144 2439 2275 2482 oves
2301 2427 2569 2497 quomodo
2602 2442 2700 2496 pro
2728 2443 2786 2483 se
2808 2427 3024 2494 ,debent
3052 2428 3272 2483 timere?
3301 2427 3531 2483 Penineat
3550 2441 3640 2495 ergo

2144 2517 2210 2572 ad
2249 2532 2346 2572 nos
2385 2531 2533 2583 cura,
2563 2517 2629 2572 ad
2681 2529 2776 2572 vos
2822 2517 3161 2584 obedientia;
3209 2517 3272 2572 ad
3312 2531 3400 2571 nos
3435 2515 3640 2586 vigilantia

2145 2610 2445 2682 pastoralis,
2477 2610 2543 2665 ad
2571 2625 2668 2666 vos
2691 2611 2960 2666 humilitas
2985 2611 3186 2682 gregis.
3205 2611 3485 2680 Quanquam
3509 2619 3552 2664 et
3573 2623 3642 2662 nos

2145 2703 2234 2772 qui
2261 2702 2412 2758 vobis
2439 2701 2680 2756 videmur
2699 2701 2840 2771 loqui
2868 2702 2936 2756 de
2963 2702 3242 2771 superiore
3259 2701 3385 2767 loco,
3406 2716 3506 2755 cum
3530 2699 3644 2753 timo-

2144 2805 2205 2846 re
2255 2791 2356 2847 sub
2410 2790 2633 2861 pedibus
2681 2790 2873 2845 vestris
2924 2804 3148 2856 sumus;
3192 2791 3423 2861 quoniam
3460 2788 3644 2844 novius

2145 2894 2304 2950 quam
2329 2879 2620 2947 periculosa
2648 2879 2785 2932 ratio
2811 2877 2879 2932 de
2905 2877 3008 2932 ista
3038 2880 3184 2949 quasi
3208 2879 3409 2933 sublimi
3428 2877 3534 2931 sede
3552 2874 3644 2930 red-

2147 2969 2324 3025 datur.
2355 2969 2602 3034 Proinde,
2624 2969 2942 3032 cbarissimi,
2973 2971 3239 3025 catholica
3269 2968 3497 3040 germina,
3517 2979 3645 3020 inem-

2146 3059 2240 3115 bra
2266 3059 2481 3124 Christi,
2511 3060 2738 3129 cogitate
2773 3059 2928 3129 quale
2965 3070 3134 3129 caput
3173 3059 3407 3114 habeatis.
3438 3057 3534 3110 Filii
3561 3053 3644 3115 Dei,

2147 3151 2376 3220 cogitate
2399 3150 2607 3220 qualem
2646 3151 2858 3205 Patrem
2889 3152 3221 3206 inveneritis.
3245 3148 3517 3212 Christiani,
3537 3144 3646 3214 cogi-

2148 3249 2257 3296 tate
2279 3256 2398 3310 quae
2425 3241 2573 3296 vobis
2599 3240 2882 3296 hzereditas
2905 3243 3264 3311 promittatur.
3292 3240 3397 3296 Non
3430 3239 3537 3294 talis
3555 3249 3648 3305 qia-

2148 3332 2214 3388 lis
2257 3332 2310 3386 in
2356 3341 2495 3387 terra
2537 3332 2795 3402 possideri
2840 3347 2870 3386 a
2914 3333 3046 3389 ﬁliis
3087 3349 3191 3389 non
3227 3341 3406 3403 potest,
3444 3329 3527 3384 nisi
3559 3340 3646 3381 cum

2149 3424 2343 3478 mortui
2371 3423 2566 3478 iuerint
2599 3432 2844 3491 parentes
2872 3439 3088 3480 eorum.
3130 3424 3311 3479 Nullos
3333 3423 3459 3478 enim
3484 3421 3528 3474 in
3547 3426 3647 3472 tetra

2148 3514 2385 3585 possidet
2431 3513 2792 3569 haereditatem
2835 3515 3031 3584 patris,
3054 3516 3175 3570 κηῑεί
3217 3512 3418 3569 mortui.
3445 3510 3534 3565 Nos
3564 3506 3650 3561 vivo

2149 3604 2306 3663 Patre
2329 3612 2512 3662 nostro
2538 3604 2925 3675 possidebimus
2947 3605 3097 3676 quod
3131 3605 3343 3660 donabit
3368 3620 3381 3656 :
3404 3601 3508 3671 quia
3535 3599 3648 3653 Patet

2150 3707 2332 3752 noster
2361 3697 2629 3751 mori'non
2662 3697 2874 3766 poterit.
2904 3697 3037 3753 Plus
3057 3697 3216 3762 addo,
3245 3695 3359 3766 plus
3382 3693 3504 3756 dico,
3523 3697 3649 3746 etve-
3745 3730 3749 3734 .

2149 3801 2266 3840 rum
2294 3786 2415 3839 dico
2438 3803 2451 3840 :
2485 3786 2597 3854 ipse
2627 3786 2780 3840 Pater
2798 3785 2901 3839 erit
2919 3785 3209 3841 hereditas
3226 3791 3413 3839 nostra.

2219 3875 2443 3932 CAPUT
2486 3875 2548 3930 ll.
2575 3905 2647 3917 —-
2669 3876 2724 3928 2.
2765 3873 2957 3929 Recens
3001 3875 3280 3945 baptizatos
3313 3884 3466 3926 carere
3488 3864 3600 3938 jubet
3627 3875 3648 3911 α

2148 3966 2296 4021 ntalis
2318 3967 2608 4021 christianis
2632 3975 2678 4020 et
2705 3983 2738 4018 a
2767 3966 3127 4020 schismaticis.
3162 3965 3502 4033 Congruenter
3517 3954 3647 4013 virile,

2150 4056 2382 4112 maxime
2402 4070 2517 4121 vos,
2547 4055 2814 4128 candidati
2843 4055 3065 4120 Christi,
3088 4068 3275 4110 recens
3299 4046 3536 4120 baptizati,
3566 4053 3649 4096 ωοο

2151 4148 2220 4203 do
2247 4147 2566 4218 regenerati,
2595 4147 2731 4202 sicut
2761 4161 2857 4202 vos
2875 4155 3002 4200 ante
3023 4145 3294 4209 admonui,
3322 4151 3375 4198 et
3393 4137 3530 4196 modo
3549 4133 3650 4193 dico,

2149 4246 2204 4296 et
2255 4237 2662 4295 sollicitudinem
2713 4251 2887 4292 meam
2939 4236 3262 4306 pronuntio;
3309 4233 3422 4303 quia
3469 4227 3651 4283 timorem

2150 4331 2280 4387 mihi
2328 4331 2584 4402 majorem
2630 4330 2847 4400 ingessit
2890 4343 3131 4398 praesens
3175 4325 3460 4397 evangelica
3501 4313 3651 4373 lectio:

2150 4421 2427 4477 observate
2457 4436 2573 4488 vos,
2597 4421 2760 4476 nolite
2783 4421 2974 4475 imitari
3003 4420 3174 4476 malos
3195 4417 3507 4474 christianos.
3528 4404 3654 4462 Nolite

2151 4511 2367 4567 dicere:
2397 4511 2607 4572 Faciam
2647 4511 2764 4577 hoc,
2813 4510 2935 4581 quia
2975 4510 3130 4564 multi
3170 4507 3348 4563 ﬁdeles
3373 4504 3466 4559 hoc
3488 4497 3653 4554 faciunt.

2152 4601 2265 4658 iioc
2289 4615 2396 4656 non
2423 4609 2506 4657 est
2528 4601 2886 4656 defensionem
2921 4613 3112 4669 parare
3135 4597 3344 4661 animae,
3377 4591 3463 4649 sed
3489 4583 3655 4644 comite!

2153 4693 2218 4748 ad
2261 4694 2556 4763 gehennam
2601 4692 2888 4762 inquirere.
2914 4689 3156 4746 Crescite
3182 4689 3234 4743 in
3262 4690 3358 4742 hac
3394 4696 3502 4740 area
3531 4670 3658 4733 domi-

2153 4787 2272 4841 nica
2299 4802 2314 4838 :
2342 4784 2398 4839 in
2430 4785 2530 4838 hac
2567 4783 2846 4838 invenietis
2876 4783 3067 4848 bonos,
3091 4782 3182 4852 qui
3209 4789 3262 4836 et
3289 4779 3429 4834 vobis
3451 4771 3654 4844 placeam.

2155 4876 2199 4932 si
2228 4884 2284 4931 et
2307 4889 2402 4930 vos
2429 4873 2553 4929 boni
2592 4872 2817 4928 fueritis.
2857 4871 3125 4941 Numquid
3151 4871 3292 4926 enim
3327 4863 3558 4939 peculium
3583 4867 3656 4910 n0-

2155 4974 2322 5022 strum
2347 4965 2510 5021 estis?
2548 4964 2797 5020 Hmretici
2837 4971 2891 5020 et
2929 4962 3254 5020 schismatici
3287 4959 3362 5014 de
3375 4954 3512 5012 furtis
3526 4942 3657 5004 doi-

2156 5060 2290 5116 nicis
2318 5057 2521 5130 peculia
2545 5056 2648 5112 sibi
2673 5057 2930 5121 fecerunt,
2959 5062 3014 5111 et
3037 5065 3228 5124 greges
3260 5066 3362 5106 non
3377 5040 3570 5104 Christi.
3588 5029 3658 5090 δίεά

2220 5200 2246 5280 ἒ
2260 5203 2401 5247 Forte
2414 5209 2471 5280 ,ὶ-
2489 5203 2614 5260 Ergo
2631 5191 2814 5260 gratias
2847 5189 2970 5257 agite
3006 5189 3196 5240 Christo
3229 5179 3452 5236 laboranti
3467 5188 3540 5235 ιπο

2250 5263 2422 5280 ...η-ι.
2475 5271 2510 5280 ...
2613 5255 2756 5280 ..ωλι
2811 5253 2940 5280 περ...
2996 5253 3086 5280 Μ.
3147 5264 3211 5280 .m
3260 5246 3363 5280 om.
3401 5240 3496 5280 (ἔω.
3536 5234 3653 5280 legit.

2160 5240 2961 5324 ιπβίνῖιᾶἷεῑὸυῖὲξιῖὸὲέί“ιςὶἕιῆξ
2995 5253 3129 5310 απ,
3147 5264 3227 5312 pp.
3260 5246 3364 5304 sas.
3401 5240 3496 5314 s54.
3536 5240 3656 5293 tesi“

2160 5331 2285 5372 Erae
2327 5319 2508 5372 gratias
2553 5316 2681 5372 agite
2720 5289 2908 5367 Christo
2931 5324 3019 5372 ρτο
3059 5310 3227 5362 vestris
3253 5297 3583 5372 MM”:

2160 5331 2224 5373 Er
2255 5333 2285 5370 ο
2327 5323 2508 5383 gratias
2553 5323 2681 5382 agite
2720 5323 2908 5367 Ctm‘sto
2931 5324 3019 5372 pro
3059 5323 3227 5362 vestris
3253 5323 3581 5372 ιηθηπηωηνωο
3618 5323 3649 5334 ιι

2224 5333 2255 5401 9
2277 5383 2563 5442 Becognitus
2583 5379 2641 5427 ad
2668 5384 2770 5427 tres
2803 5377 2886 5425 bu.
2911 5382 3113 5437 quatuor
3130 5373 3192 5422 cl.
3213 5371 3272 5421 ad
3292 5382 3335 5418 a.
3351 5366 3422 5416 cb.
3442 5362 3470 5409 l'.
3493 5358 3539 5407 f8-
3557 5347 3649 5412 8-11

2161 5441 2554 5626 m'§.'.’"l'i'a§g,"3é
2573 5500 2745 5574 verbis
2760 5496 2944 5548 Domini
2963 5493 3048 5545 62.
3607 5528 3668 5576 ως

2249 5504 2300 5626 ὁ)
2320 5564 2558 5613 Possndius
2578 5575 2629 5612 in
2649 5557 2981 5626 tndigdo,_cap
2993 5590 3010 5602 ο
3037 5555 3093 5626 7,
3113 5540 3668 5626 εειῗωρξιεὶἷῖέξθξξῗξῗξηη.

2249 5517 2279 5554 a
2324 5504 2465 5559 Alias,
2489 5504 2554 5552 de
2573 5504 2745 5549 Verbis
2760 5504 2944 5548 Domini
2963 5504 3048 5545 δι.

2249 5504 3678 5642 ei.PseiéiusEPJBSisllaehiszm‘Eiiﬁfé’h‘ii

2164 5606 3160 5736 νεὲῇξξῖἷὲῗᾶἇηξὲῐῑόιύἱίὀόιηὶιὶιιε
3177 5623 3300 5676 oves,
3321 5617 3424 5660 suas
3445 5606 3558 5652 Ρωο

2166 5701 2216 5738 m
2367 5721 2376 5732 .
2393 5701 2417 5732 ι
