3850 6188
141 343 241 401 797

138 471 262 516 ωσι
291 464 482 512 contra
513 453 785 511 Christum
827 465 1046 522 pascere
1091 449 1390 505 voluerunt.
1439 445 1602 501 Plane
1653 441 1707 496 in

139 546 264 618 ipsis
304 543 788 615 deprendatiouibus
830 543 944 597 suis
981 541 1188 596 titulum
1229 538 1370 593 illius
1399 541 1706 606 posuerunt,

141 649 194 696 ut
233 637 425 709 praeda:
467 637 704 707 ipsorum
743 635 894 705 quasi
934 631 1346 689 defenderentur
1373 643 1468 698 per
1499 625 1706 681 titulum

137 729 378 802 palantis.
405 726 542 795 Quid
573 725 702 782 facit
724 725 964 779 Christus
993 721 1204 794 quando
1228 721 1362 776 tales
1384 725 1706 773 convertun-

140 834 241 888 tur,
264 821 354 890 qui
384 819 512 873 foris
540 818 609 872 ab
631 817 867 873 Ecclesia
893 816 1097 871 titulum
1123 814 1238 882 eius
1263 808 1600 907 Baptismatis
1617 819 1709 907 ac-

138 909 424 984 ceperunt?
448 909 607 979 Ejicit
649 907 1017 978 praedatorem,
1058 905 1266 960 titulum
1312 915 1420 956 non
1465 898 1703 967 deponit,

138 1013 188 1060 ot
213 1001 448 1072 possidet
471 999 689 1054 domum
724 1016 736 1052 :
765 999 888 1068 quia
933 997 1133 1052 invenit
1169 996 1239 1051 ibi
1282 992 1491 1048 titulum
1527 1003 1704 1044 suum.

138 1092 264 1160 Quid
287 1105 425 1161 opus
441 1098 526 1146 est
547 1100 608 1145 ut
632 1096 802 1144 mutet
824 1102 1019 1142 nomen
1042 1085 1230 1141 suum?
1249 1081 1510 1152 Numquid
1534 1088 1703 1134 atten-

141 1184 264 1239 dunt
305 1180 448 1252 quod
486 1181 561 1234 ait
601 1179 857 1234 Dominus
894 1177 1083 1242 Petro,
1139 1175 1300 1232 Pasce
1347 1188 1504 1244 agnos
1545 1187 1702 1236 niam,

139 1288 276 1343 pasce
301 1288 416 1326 oves
440 1271 612 1325 meas?
635 1266 904 1338 Numquid
929 1267 1062 1321 dixit
1079 1266 1148 1329 ei,
1171 1265 1336 1320 Pasce
1361 1276 1525 1332 agnos
1547 1270 1702 1315 tuos:

135 1372 238 1427 aut,
265 1362 434 1418 Pasce
460 1375 584 1415 oves
611 1358 762 1414 tuas?
803 1357 1045 1412 Exclusis
1089 1363 1289 1421 autem,
1319 1351 1446 1423 quid
1475 1351 1609 1406 dixit
1651 1351 1704 1405 in

135 1454 365 1511 Canticis
397 1449 718 1509 canticorum
741 1450 807 1505 ad
837 1448 1168 1504 Ecclesiam?
1203 1446 1450 1515 Loquens
1476 1456 1706 1512 sponsus

133 1546 192 1601 ad
234 1557 484 1616 sponsam
527 1543 619 1608 ait,
655 1541 772 1595 Nisi
805 1539 1091 1610 cognoveris
1131 1538 1461 1607 temetipsum,
1493 1533 1706 1605 pulchra

133 1638 255 1692 inter
291 1624 545 1700 ntuliercs,
585 1634 665 1687 eri
705 1641 777 1685 tu.
817 1630 1088 1700 Tanquam
1127 1629 1330 1693 dicens,
1369 1627 1484 1681 Non
1525 1641 1624 1696 ego
1653 1635 1705 1680 te

134 1727 302 1797 ejicio,
355 1725 444 1780 exi
496 1732 571 1788 tu,
603 1722 704 1778 nisi
748 1721 1080 1791 temetipsam
1126 1717 1454 1789 cognoveris,
1489 1714 1702 1784 pulchra

134 1817 264 1872 inter
291 1815 569 1878 mulieres,
601 1812 702 1866 nisi
736 1810 1049 1880 cognoveris
1075 1815 1127 1863 te
1155 1810 1206 1862 in
1228 1807 1444 1876 Speculo
1468 1804 1705 1875 Scriptu-

132 1923 199 1963 ra:
227 1907 455 1970 divinae;
486 1904 588 1958 nisi
630 1902 936 1968 attenderis,
967 1915 1000 1956 ο
1035 1901 1225 1955 mulier
1249 1897 1489 1969 pulchra,
1519 1911 1706 1967 specu-

133 1999 231 2054 lum
253 1995 393 2069 quod
440 2007 494 2051 te
523 1995 654 2050 falso
693 1994 863 2049 nitore
901 2007 1004 2048 non
1038 1991 1172 2046 l‘allit
1207 2009 1223 2046 :
1254 1991 1356 2045 nisi
1385 1988 1703 2060 cognoveris

133 2087 240 2158 quia
267 2085 337 2142 de
375 2093 430 2141 te
469 2084 667 2141 dictum
706 2091 810 2150 est,
861 2081 1030 2151 Super
1074 2096 1270 2134 omnem
1317 2087 1499 2133 terram
1541 2076 1704 2148 gloria

136 2189 209 2233 tua
237 2176 409 2251 (Psal.
442 2192 550 2239 va,
596 2173 720 2248 l2);
752 2175 874 2244 quia
901 2173 966 2229 de
995 2182 1046 2229 te
1081 2173 1278 2229 dictum
1320 2180 1421 2239 est,
1449 2170 1593 2225 Dabo
1615 2170 1703 2224 tibi

133 2277 286 2340 gentes
311 2267 652 2322 hazreditatem
695 2274 850 2330 luant,
883 2273 928 2318 et
969 2263 1326 2334 possessionem
1350 2272 1487 2316 luam
1529 2261 1701 2315 termi-

134 2373 214 2411 nos
237 2366 389 2411 terra:
415 2355 581 2428 (Psal.
610 2371 670 2422 ιι,
699 2354 779 2425 8);
815 2363 870 2410 et
903 2352 1005 2408 alia
1031 2351 1430 2409 innumerabilia
1462 2349 1704 2407 testimo-

135 2448 228 2514 nia,
269 2461 395 2518 qua:
435 2445 751 2502 catholicam
801 2443 1093 2499 Ecclesiam
1143 2440 1534 2498 commendant.
1590 2439 1702 2495 Nisi

134 2550 242 2606 ergo
263 2535 602 2605 cognoveris,
636 2543 839 2604 partem
869 2547 975 2587 nou
1001 2532 1184 2597 habes,
1215 2529 1479 2585 haaredem
1516 2537 1568 2584 te
1595 2544 1700 2582 non

134 2637 268 2697 potes
295 2626 495 2683 facere.
526 2625 682 2696 Ergo,
712 2627 792 2679 cxi
832 2633 886 2678 tu
915 2624 969 2677 in
997 2622 1213 2695 vestigiis
1248 2637 1473 2692 gregum,
1513 2633 1618 2692 non
1648 2619 1703 2674 in

133 2720 378 2774 societate
403 2717 576 2788 gregis
601 2735 614 2770 :
645 2724 694 2770 et
722 2714 1071 2793 pasce/wedos
1097 2723 1208 2768 tuos
1239 2709 1408 2781 (Cant.
1428 2725 1468 2778 ι,
1496 2709 1573 2782 7),
1595 2724 1701 2764 non

133 2808 392 2880 quomodo
420 2809 580 2862 Petro
607 2807 806 2861 dictum
839 2813 939 2870 est,
967 2821 1078 2858 oves
1105 2820 1262 2858 meas.
1299 2802 1460 2858 Petro
1486 2800 1698 2868 dicitur,

134 2916 394 2954 orameas
411 2917 431 2965 ;
459 2897 811 2954 schismaticis
840 2895 1052 2963 dicitur,
1087 2895 1258 2949 hardos
1287 2903 1415 2948 tuos.
1447 2893 1543 2948 llic
1566 2908 1699 2959 oves,

134 2991 194 3045 ibi
219 2992 398 3045 turdos
421 3006 442 3044 :
471 2989 558 3044 hic
594 3006 749 3056 meas,
792 2986 864 3042 ibi
905 2996 1033 3042 tuos.
1066 2985 1304 3041 Recolite
1339 2984 1614 3039 dexteram
1650 2989 1706 3037 et

132 3081 391 3136 sinistram
423 3079 620 3152 judicis
660 3078 828 3134 nostri
863 3097 876 3131 :
905 3077 1122 3133 recolite
1156 3076 1246 3130 ubi
1287 3075 1502 3130 stabunt
1541 3070 1700 3138 hmdi,

133 3179 179 3224 et
199 3171 292 3226 ubi
315 3185 442 3226 oves
471 3168 682 3243 (Matth.
713 3185 840 3234 xxv,
871 3167 961 3237 55)
1000 3185 1014 3222 :
1044 3175 1099 3222 et
1129 3165 1402 3235 apparebit
1427 3163 1577 3219 vobis
1615 3161 1702 3216 ubi

131 3258 360 3325 dextera,
395 3259 484 3315 ubi
521 3257 758 3322 sinistra,
786 3255 1006 3312 candida
1043 3263 1098 3310 et
1141 3254 1309 3324 nigra,
1353 3253 1616 3310 luminosa
1650 3257 1706 3305 et

134 3350 421 3415 tenebrosa,
452 3325 675 3420 pulchra
715 3355 768 3402 et
791 3345 1067 3411 deformis,
1094 3353 1375 3415 acceptura
1401 3357 1621 3414 regnum
1647 3337 1706 3396 et

133 3438 398 3496 inventura
420 3438 737 3509 supplicium
757 3437 1161 3508 sempiternum.

581 3591 809 3657 SEBMO
845 3590 1074 3649 CXLVII
1103 3594 1121 3616 ·
1149 3589 1245 3665 (α).

138 3727 206 3784 De
240 3731 430 3784 eisdem
468 3729 629 3784 verbis
670 3727 934 3798 Evangelii
973 3728 1208 3792 Joannis,
1249 3727 1434 3782 Simon
1461 3725 1700 3797 Joannis,

228 3819 408 3891 diligis
434 3835 524 3875 me
548 3820 669 3890 plus
692 3819 775 3874 bis
801 3819 856 3872 ιΐ
878 3828 995 3874 etc..
1025 3817 1152 3890 Cap.
1184 3833 1295 3884 xxi,
1340 3818 1377 3888 ᾖ
1420 3815 1596 3873 15-19.

194 3951 436 4008 CAPUT
460 3950 744 4007 PRIMUM.
772 3953 920 4007 -1,
953 3951 1091 4005 Petri
1119 3951 1443 4022 praesumptio
1475 3958 1522 4004 et
1555 3966 1708 4018 nega-

138 4043 214 4096 tio.
258 4042 579 4114 Apostolum
617 4042 832 4098 Petrum
878 4043 1104 4112 primum
1146 4041 1380 4096 omnium
1421 4039 1704 4110 Apostolo-

139 4148 241 4188 rum
270 4135 598 4191 meministis
623 4135 674 4188 in
712 4133 919 4188 Domini
945 4133 1188 4203 passione
1223 4131 1387 4186 fuisse
1413 4131 1701 4185 turbatum.

138 4226 172 4277 Α
197 4241 253 4280 se
277 4225 549 4280 turbatum
568 4265 585 4292 ,
612 4223 706 4280 sed
723 4239 752 4278 a
778 4223 988 4279 Christo
1016 4223 1319 4278 innovatum
1347 4224 1387 4276 '.
1413 4221 1534 4277 Fuit
1562 4222 1704 4276 enim

139 4313 269 4380 prius
292 4315 469 4370 audax
497 4324 870 4386 praesumptor,
894 4322 948 4370 et
968 4323 1148 4385 postea
1179 4314 1346 4369 factus
1371 4323 1456 4370 est
1491 4314 1708 4370 timidus

139 4415 372 4476 negator.
405 4407 737 4462 Promiserat
764 4421 822 4462 se
847 4421 942 4476 pro
972 4407 1194 4461 Domino
1223 4408 1556 4473 moriturum,
1585 4422 1705 4462 cum

139 4496 272 4564 prius
295 4512 397 4566 pro
424 4497 518 4551 illo
547 4505 688 4552 esset
715 4497 968 4552 Dominus
991 4492 1296 4552 moriturus.
1322 4497 1543 4565 Quando
1579 4511 1706 4568 ergo

136 4581 377 4653 dicebat,
412 4586 597 4646 Tecum
635 4604 722 4642 ero
765 4604 920 4659 usque
957 4587 1026 4641 ad
1068 4597 1313 4652 mortem;
1355 4596 1428 4654 et,
1470 4587 1706 4641 Animam

135 4693 288 4731 nam
329 4695 425 4749 pro
465 4689 513 4733 te
549 4695 732 4750 ponam
754 4677 1063 4747 :respondit
1089 4677 1138 4732 ei
1176 4676 1446 4744 Dominus,
1473 4677 1706 4734 Animam

134 4776 264 4822 luam
291 4785 389 4839 pro
425 4785 506 4823 me
529 4772 721 4840 pones?
746 4770 903 4824 Amen
941 4769 1052 4822 dico
1081 4767 1188 4834 tibi,
1223 4769 1514 4838 priusquam
1539 4769 1706 4840 gallus

132 4870 314 4926 cantet,
346 4870 422 4915 ter
442 4879 521 4916 me
543 4863 746 4934 negabis
773 4861 922 4933 (Luc.
948 4877 1043 4927 xx,
1063 4862 1151 4927 55,
1174 4861 1262 4927 54,
1282 4859 1464 4928 55-61,
1487 4861 1702 4915 etJoan.

132 4964 242 5016 xm,
289 4952 384 5017 37,
433 4952 530 5018 38;
562 4968 698 5019 xvn,
736 4952 945 5024 23—27).
991 4951 1217 5006 Ventum
1259 4959 1341 5005 est
1379 4951 1444 5004 ad
1476 4951 1702 5006 horam:

128 5049 180 5091 et
215 5040 344 5110 quia
372 5041 515 5096 Deus
553 5051 666 5096 erat
687 5040 949 5107 Christus,
982 5041 1142 5096 homo
1168 5049 1344 5096 autem
1370 5041 1578 5107 Petrus,
1607 5041 1706 5095 im-

129 5130 271 5198 pleta
301 5141 384 5187 est
408 5133 699 5203 Scriptura,
742 5133 853 5204 Ego
901 5134 1004 5190 dixi
1044 5134 1098 5187 in
1135 5149 1316 5202 pavore
1357 5150 1485 5198 meo,
1530 5131 1706 5188 Omnis

128 5221 280 5275 homo
307 5223 526 5278 mendas:
552 5223 723 5296 (Psal.
743 5239 872 5292 cxv,
906 5221 1014 5296 li).
1036 5225 1174 5280 Dicit
1195 5233 1370 5280 autem
1397 5226 1703 5296 Apostolus,

186 5379 204 5409 ι
223 5383 278 5437 tn
301 5375 456 5428 altero
477 5390 510 5426 e
528 5376 660 5426 σου).
675 5383 782 5427 uss.
803 5377 882 5427 hic
899 5390 1060 5428 sermo
1079 5383 1288 5437 notatur,
1303 5377 1490 5430 habitus
1509 5377 1707 5430 sabbato

351 5438 444 5513 ςίέ
456 5445 552 5499 est,
571 5439 647 5513 et?
847 5439 1000 5513 eos?!
1016 5436 1361 5513 Vict-amite“
1381 5439 1701 5513 νοδυδαξιξηιξο

183 5499 206 5530 ³
223 5497 396 5548 Plures
404 5506 516 5549 Mss.
536 5497 705 5550 carent
725 5499 801 5550 bis
823 5499 1003 5562 verbis,
1027 5511 1063 5550 Α
1075 5513 1125 5552 se
1139 5497 1402 5563 turbatum;
1416 5501 1500 5553 sed
1520 5516 1551 5552 a
1568 5500 1706 5552 Chii-

123 5564 192 5610 sto
207 5566 504 5612 mlum.

183 5642 206 5662 ‘
239 5642 537 5693 amendatus
566 5641 627 5691 ad
660 5642 784 5692 duos
813 5641 874 5692 cl.
907 5642 968 5694 ad
987 5649 1090 5694 tres
1107 5643 1420 5697 cb.ades.d.
1447 5658 1496 5696 ιι.
1522 5652 1558 5697 ι.
1581 5659 1628 5696 v.

182 5701 264 5766 (α)
288 5703 426 5768 Alias,
450 5703 516 5762 de
533 5703 714 5756 sanctis
729 5702 806 5762 24.

1501 322 1729 383 δειιιιο
1767 320 2018 380 CXLVII.

3279 338 3384 394 πε

1815 462 2073 529 Quoniam
2096 463 2234 521 Deus
2250 484 2422 535 verax,
2441 472 2614 527 omnis
2633 482 2796 528 autem
2816 473 2966 530 homo
2981 479 3197 534 menda:
3211 480 3232 548 (
3239 481 3385 537 Rom.

1816 566 1896 618 ιιι,
1925 553 2010 624 4).
2042 554 2214 610 Verax
2239 557 2500 624 Christus,
2531 565 2755 618 mendax
2787 565 2995 622 Petrus.

1883 641 2107 700 CAPUT
2145 645 2205 700 ll.
2227 677 2296 688 -—
2319 649 2373 701 2.
2402 649 2540 705 Petri
2561 669 2706 706 amor
2725 655 2778 708 in
2802 656 3052 712 Christum
3070 673 3232 715 verus.
3261 660 3388 718 Utri-

1814 743 1891 788 tas
1932 737 2156 791 omium
2198 751 2456 811 pastorum
2493 745 2546 798 in
2586 743 2740 800 Petro
2769 748 3008 818 ﬁgurata.
3038 751 3193 806 Modo
3225 755 3386 824 quid?

1813 826 2107 898 interrogat
2134 846 2257 885 eum
2287 833 2540 890 Dominus
2567 837 2608 904 ί,
2637 837 2774 892 sicut
2800 840 3024 896 audistis
3059 857 3178 896 cum
3208 844 3385 899 Evan-

1810 918 2002 987 gelium
2025 921 2308 990 legeretur,
2332 933 2386 978 et
2406 925 2533 982 dicit
2555 927 2604 982 ei
2630 944 2644 981 τ
2670 927 2848 997 Simon
2867 929 3099 997 Joannis,
3120 932 3289 1004 diligis
3308 951 3386 990 me

1811 1011 1926 1080 plus
1954 1013 2069 1067 his?
2089 1014 2381 1084 Respondit
2409 1017 2526 1084 ille,
2548 1027 2604 1072 et
2628 1018 2798 1074 dixit:
2828 1021 2996 1075 Etiam
3014 1065 3028 1087 ,
3059 1023 3298 1092 Domine,
3329 1034 3384 1078 tu

1810 1103 1908 1156 scis
1934 1104 2052 1172 quia
2080 1121 2194 1158 amo
2220 1114 2286 1160 te.
2309 1105 2378 1160 Et
2402 1108 2592 1162 iterum
2613 1109 2867 1166 Dominus
2892 1111 2993 1166 hoc
3019 1113 3381 1184 interrogavit,

1809 1199 1864 1247 et
1886 1194 2041 1248 tertio
2067 1194 2166 1249 hoc
2187 1195 2549 1267 interrogavit.
2572 1199 2640 1253 Et
2663 1201 3002 1269 reSpondenti
3023 1203 3380 1268 dilectionem,

1809 1283 2199 1338 commendavit
2222 1302 2457 1356 gregem.
2475 1288 2580 1344 Per
2598 1291 2801 1360 singula
2828 1291 2967 1346 enim
2985 1291 3196 1348 dicebat
3213 1293 3384 1348 Domi-

1810 1385 1911 1426 nus
1937 1372 2093 1428 Jesus
2127 1374 2285 1430 Petro
2314 1376 2530 1446 dicenti,
2567 1379 2694 1434 Amo
2720 1391 2767 1434 te
2793 1420 2807 1436 .
2838 1380 3000 1436 Pasce
3034 1399 3190 1453 agnos
3224 1399 3380 1448 meos,

1809 1480 1960 1534 pasce
1995 1466 2216 1521 oviculas
2257 1484 2414 1524 meas.
2448 1467 2504 1524 In
2547 1485 2653 1525 uno
2681 1471 2839 1527 Petro
2866 1472 3187 1542 ﬁgurabatur
3209 1473 3384 1528 unitas

1809 1555 2048 1610 omnium
2093 1565 2386 1625 pastorum,
2431 1559 2526 1615 sed
2570 1560 2853 1626 bonorum,
2899 1563 2992 1634 qui
3039 1563 3210 1618 sciant
3256 1578 3384 1620 oves

1810 1643 2011 1700 Christi
2038 1660 2257 1716 pascere
2278 1647 2509 1716 Christo,
2535 1664 2643 1705 non
2672 1651 2793 1708 sibi.
2815 1651 3078 1723 Numquid
3107 1654 3267 1710 modo
3287 1654 3384 1710 Pc-

1811 1741 1923 1788 trus
1951 1735 2176 1790 mendax
2215 1745 2348 1804 erat,
2390 1746 2482 1794 aut
2507 1754 2685 1795 amare
2713 1756 2773 1796 se
2799 1741 3078 1798 Dominum
3107 1741 3383 1799 mendaci-

1810 1830 1892 1878 ter
1937 1825 2327 1893 respondebat?
2371 1828 2644 1886 Veraciter
2688 1831 2794 1887 hoc
2841 1833 3195 1901 respondebat
3231 1852 3246 1889 :
3280 1833 3384 1888 hoc

1809 1912 1952 1967 enim
1977 1915 2351 1984 respondebat,
2373 1917 2516 1988 quod
2536 1919 2588 1975 in
2615 1921 2774 1976 corde
2795 1937 2894 1977 suo
2917 1924 3146 1980 videbat.
3161 1925 3383 1994 Quando

1806 2012 1982 2058 autem
2008 2003 2233 2070 dixerat,
2260 2005 2495 2062 Animam
2523 2026 2684 2064 meam
2714 2028 2804 2080 pro
2833 2021 2882 2067 te
2907 2029 3111 2082 ponam,
3142 2013 3209 2070 de
3237 2014 3384 2070 l‘utu-

1807 2091 1884 2146 ris
1929 2093 2092 2148 voluit
2137 2109 2460 2164 praesumere
2502 2099 2718 2154 viribus.
2764 2101 2951 2156 Omnis
2997 2113 3174 2159 autem
3222 2105 3383 2160 homo

1807 2181 1980 2252 qualis
2005 2184 2076 2238 sit
2104 2193 2228 2246 tunc
2251 2189 2647 2258 cumJoquitur,
2677 2191 2811 2246 forte
2835 2193 2966 2258 scit;
2994 2193 3165 2262 qualis
3191 2195 3380 2249 crasti-

1807 2285 1878 2326 no
1903 2271 2111 2328 futurus
2139 2275 2227 2339 sit,
2258 2277 2376 2346 quis
2403 2278 2537 2332 scit?
2563 2278 2864 2334 Revocabat
2890 2296 3016 2352 ergo
3045 2284 3230 2339 oculos
3253 2297 3380 2340 suos

1805 2362 1871 2417 ad
1896 2379 1991 2418 cor
2027 2380 2179 2420 suum
2217 2366 2429 2435 Petrus,
2455 2369 2665 2440 quando
2694 2372 3116 2443 interrogabatur
3139 2389 3168 2429 a
3199 2376 3378 2434 Domi-

1808 2465 1897 2516 no,
1921 2461 1976 2508 et
1997 2453 2164 2510 fidens
2177 2457 2531 2525 respondebat
2550 2460 2690 2529 quod
2712 2461 2782 2515 ibi
2799 2462 3008 2518 videbat
3023 2483 3037 2518 :
3055 2465 3244 2534 Etiam,
3273 2467 3380 2524 Do-

1805 2541 1961 2608 mine,
1979 2551 2033 2595 tu
2051 2544 2149 2598 scis
2163 2544 2282 2614 quia
2307 2555 2506 2600 amate.
2529 2547 2679 2614 Quod
2709 2549 2801 2604 tibi
2832 2551 2970 2617 dico,
2998 2563 3054 2608 tu
3077 2555 3182 2610 scis
3205 2558 3377 2628 :quod

1807 2630 1895 2688 hic
1923 2633 2078 2690 video
2107 2634 2160 2688 in
2204 2636 2364 2692 corde
2407 2653 2548 2708 meo,
2589 2640 2738 2696 vides
2777 2652 2832 2698 et
2857 2652 2930 2699 tu.
2957 2645 3071 2700 Non
3099 2661 3259 2704 ausus
3296 2659 3380 2706 est

1808 2733 1981 2780 tamen
1997 2726 2176 2783 dicere
2195 2729 2335 2799 quod
2364 2731 2616 2787 Dominus
2639 2733 3076 2806 interrogaverat.
3098 2739 3212 2796 Non
3234 2742 3376 2798 enim

1805 2817 2119 2888 simpliciter
2137 2819 2390 2876 Dominus
2410 2821 2638 2889 dixerat,
2655 2823 2838 2898 Diligis
2854 2831 2958 2881 me?
2973 2830 3065 2884 sed
3081 2830 3376 2900 addiderat,

1807 2906 1936 2962 Plus
1959 2909 2038 2963 his
2061 2910 2232 2982 diligis
2261 2913 2374 2966 me?
2396 2912 2448 2969 id
2475 2923 2578 2981 est,
2609 2915 2734 2970 Plus
2762 2932 2849 2974 me
2873 2917 3047 2988 diligis
3071 2935 3228 2990 quam
3257 2922 3378 2978 isti?

1807 2997 1884 3054 De
1912 2999 2031 3053 aliis
2055 2997 2329 3070 discipulis
2344 3002 2555 3059 dicebat
2579 3023 2592 3058 :
2618 3005 2708 3060 ille
2733 3021 2838 3063 non
2863 3010 3229 3080 potuitdicere
3253 3013 3376 3080 nisi,

1805 3088 1932 3143 Amo
1958 3099 2004 3144 te
2031 3107 2050 3145 :
2069 3107 2173 3146 non
2202 3109 2364 3150 ausus
2389 3106 2472 3150 est
2491 3096 2688 3166 dicere,
2708 3099 2836 3155 Plus
2864 3100 2968 3156 his.
2988 3102 3165 3159 Noluit
3188 3105 3376 3161 iterum

1806 3195 1925 3236 esse
1972 3183 2218 3238 mendax.
2275 3185 2569 3243 Suli‘ecerat
2610 3189 2658 3243 ei
2702 3191 3060 3248 testimonium
3099 3196 3380 3266 perhibere

1806 3273 1952 3328 cordi
1984 3288 2080 3328 suo
2106 3293 2118 3328 :
2145 3291 2248 3331 non
2279 3277 2461 3333 debuit
2489 3294 2609 3335 esse
2636 3281 2793 3351 iudex
2821 3284 2996 3338 cordis
3024 3285 3202 3341 alieni.

1875 3362 2101 3419 CAPUT
2140 3363 2227 3419 lll.
2257 3396 2328 3404 —
2362 3368 2414 3421 ὅ.
2450 3366 2635 3424 Petrus
2660 3370 2884 3427 desertus
2906 3388 2936 3425 a
2957 3371 3178 3441 Christo,
3199 3383 3248 3429 et
3269 3385 3380 3447 post

1805 3455 2088 3509 roboratus.
2118 3456 2290 3511 Verax
2312 3473 2440 3528 ergo
2460 3459 2670 3526 Petrus,
2693 3477 2759 3516 an
2780 3479 2939 3519 verax
2967 3465 3022 3519 in
3045 3465 3203 3522 Petro
3221 3467 3379 3522 Chri-

1805 3546 1956 3600 stus?
1979 3545 2201 3616 Quando
2236 3557 2412 3603 autem
2447 3551 2613 3604 voluit
2637 3552 2892 3608 Dominus
2928 3553 3082 3610 Jesus
3114 3554 3376 3624 Christus,

1806 3633 2041 3688 deseruit
2069 3634 2307 3702 Petrum,
2331 3644 2385 3691 et
2412 3637 2660 3692 inventus
2688 3648 2770 3694 est
2795 3640 2954 3696 homo
2973 3641 3160 3698 Petrus
3181 3661 3194 3698 :
3215 3660 3380 3714 quan—

1806 3721 1877 3777 do
1905 3730 2079 3778 autem
2115 3725 2308 3794 placuit
2337 3727 2562 3784 Domino
2587 3729 2713 3784 Jesu
2741 3731 2974 3800 Christo,
3008 3733 3246 3805 implevit
3274 3736 3378 3794 Pe-

1807 3823 1970 3881 trum,
1999 3823 2054 3871 et
2081 3815 2329 3872 inventus
2357 3828 2440 3874 est
2464 3819 2652 3875 Petrus
2677 3836 2856 3878 verax.
2887 3824 3135 3881 Veracem
3165 3827 3378 3884 Petrum
3471 3845 3474 3848 ’

1809 3913 1954 3974 petra
1983 3904 2182 3961 fecerat
2212 3925 2225 3962 :
2256 3907 2410 3964 Petra
2437 3911 2577 3964 enim
2607 3920 2722 3967 erat
2740 3910 2983 3970 Christus
3013 3914 3057 3987 (Ι
3081 3914 3198 3972 Cor.
3223 3934 3276 3984 x,
3299 3919 3378 3988 4).

1809 3997 1878 4052 Et
1904 3997 2031 4068 quid
2069 4001 2119 4053 ei
2160 3999 2442 4065 nuntiavit,
2470 4002 2683 4072 quando
2713 4005 2868 4060 tertio
2904 4007 3178 4075 respondit
3203 4023 3382 4064 amare

1808 4101 1870 4143 se
1909 4087 2196 4153 Christum,
2227 4097 2282 4144 et
2319 4091 2474 4146 tertio
2503 4093 2756 4148 Dominus
2787 4093 2946 4151 Petro
2984 4111 3112 4152 suas
3147 4098 3382 4154 oviculas

1809 4178 2234 4234 commendavit?
2260 4180 2638 4237 Prtenuntiavit
2663 4185 2714 4238 ei
2740 4186 3040 4254 passionem
3068 4187 3382 4246 suam.Cum

1810 4283 1958 4334 esses,
2002 4269 2188 4338 inquit,
2223 4270 2420 4339 junior,
2460 4271 2690 4343 cingebas
2714 4283 2781 4338 te,
2811 4285 2858 4328 et
2881 4274 2991 4331 ibas
3017 4293 3117 4348 quo
3139 4279 3337 4335 volebas
3362 4297 3382 4335 :

1813 4374 1928 4411 cum
1973 4367 2140 4412 autem
2187 4362 2430 4428 senueris,
2465 4364 2699 4419 attendes
2722 4381 2902 4420 nianus
2940 4375 3074 4434 tuas,
3111 4377 3158 4422 et
3185 4369 3314 4423 alter
3335 4378 3384 4424 te

1809 4449 1990 4520 cinget,
2020 4458 2066 4503 at
2091 4452 2215 4521 feret
2242 4468 2342 4521 quo
2366 4461 2420 4506 tu
2445 4470 2546 4507 non
2567 4455 2658 4509 vis.
2684 4456 3014 4527 Evangelista
3042 4460 3196 4516 nobis
3221 4476 3382 4531 expo-

1811 4539 1918 4593 suit
1943 4539 2069 4608 quid
2108 4540 2304 4596 dixerit
2329 4542 2591 4599 Christus.
2615 4544 2729 4600 Hoc
2755 4558 2922 4602 autem
2947 4549 3160 4617 dicebat,
3191 4551 3379 4624 inquit,

1809 4627 2102 4699 signiﬁcans
2118 4647 2221 4702 qua
2244 4642 2402 4688 morte
2425 4635 2794 4703 clariﬁcaturus
2821 4647 2946 4693 esset
2968 4638 3130 4695 Deum
3154 4658 3174 4695 :
3198 4642 3249 4696 id
3277 4652 3380 4711 est,

1809 4720 1932 4791 quia
1953 4722 2268 4791 proCbristo
2295 4724 2468 4780 fuerat
2492 4729 2511 4759 ³
2539 4728 2956 4799 cruciﬁgendus;
2987 4732 3088 4787 hoc
3111 4743 3191 4788 est
3216 4735 3378 4799 enim,

1811 4809 2063 4865 Extendes
2101 4829 2278 4867 manus
2322 4823 2454 4870 tuas.
2496 4815 2596 4871 Ubi
2641 4826 2724 4872 est
2769 4817 2860 4872 ille
2903 4820 3382 4889 negatorlDeindo

1810 4909 1932 4969 post
1969 4900 2084 4957 haec
2121 4904 2198 4958 ait
2234 4903 2488 4960 Dominus
2522 4905 2764 4961 Christus
2793 4923 2807 4962 :
2841 4905 3059 4976 Sequere
3082 4924 3160 4963 me
3183 4908 3378 4979 (Joan.

1813 5007 1933 5059 xxi,
1965 4993 2128 5049 15-19
2153 4993 2194 5064 ).
2222 4993 2337 5050 Non
2365 4996 2442 5049 sic
2469 4997 2733 5064 quomodo
2758 4997 2917 5066 prius,
2942 4998 3154 5068 quando
3172 5001 3383 5055 vocavit

1810 5081 2118 5153 discipulos.
2143 5083 2276 5138 Nam
2315 5093 2371 5139 et
2405 5093 2532 5139 tunc
2564 5085 2716 5154 dixit,
2745 5085 2964 5156 Sequere
2987 5104 3066 5142 me
3093 5105 3111 5143 :
3134 5090 3230 5145 sed
3256 5100 3382 5147 tunc

1811 5173 1877 5229 ad
1904 5174 2218 5241 doctrinam,
2238 5173 2398 5230 modo
2416 5174 2482 5230 ad
2508 5189 2780 5244 coronam,
2803 5177 3068 5248 Numquid
3087 5193 3192 5258 non
3213 5195 3380 5252 quan-

1811 5263 1881 5317 do
1907 5265 2115 5334 negavit
2137 5263 2430 5331 Christum,
2457 5266 2626 5321 occidi
2672 5267 2876 5322 timuit?
2896 5267 3010 5324 Hoc
3037 5269 3212 5328 timuit
3249 5272 3379 5343 pati,

1810 5355 1950 5424 quod
1978 5370 2163 5425 passus
2187 5365 2270 5411 est
2287 5355 2548 5414 Christus.
2571 5359 2677 5416 Sed
2701 5361 2809 5431 jam
2836 5362 3021 5419 timere
3045 5378 3150 5419 non
3175 5365 3377 5422 debuit.

1812 5445 2035 5503 Videbat
2060 5449 2203 5503 enim
2234 5452 2284 5504 in
2311 5465 2471 5506 carne
2498 5452 2792 5520 viventem,
2819 5469 2976 5524 quem
3003 5455 3203 5512 viderat
3232 5457 3283 5512 in
3311 5457 3375 5513 li-

1875 5589 1891 5618 i
1915 5591 2054 5656 lnEr.
2085 5585 2230 5656 Lugd.
2257 5594 2374 5636 ven.
2399 5593 2530 5648 Lov.,
2570 5586 2712 5640 Modo
2747 5588 2941 5654 quidem
2969 5584 3229 5656 interrogat
3267 5600 3378 5641 eum

1811 5645 2056 5698 Deum.
2120 5645 2178 5695 si.

1875 5711 1896 5741 ³
1929 5708 2001 5756 sic
2022 5706 2245 5773 plerique
2269 5707 2414 5772 editi;
2441 5710 2489 5758 in
2513 5716 2581 5771 Β..
2605 5717 2725 5763 erat.
2792 5720 2846 5762 at.
