3910 6184
471 355 578 412 799

473 479 581 536 gno
613 462 955 534 pendentem.
981 458 1322 529 Resurgendo
1346 455 1588 511 Christus
1611 451 1830 508 abstulit
1855 449 2042 503 mortis

474 556 718 609 timorem
759 570 771 604 :
811 561 865 606 et
906 551 1152 619 quioniam
1207 547 1496 602 abstulerat
1547 542 1732 597 mortis
1776 541 2042 598 timorem.

474 643 666 698 merito
706 641 1062 710 interrogabat
1092 639 1232 692 Petri
1261 650 1516 690 antorem.
1541 633 1644 687 Ter
1667 640 1950 700 negaverat
1976 629 2044 680 ti-

477 751 614 800 mor,
647 744 725 787 ter
748 732 1021 787 confessus
1050 739 1131 785 est
1157 744 1325 782 amor.
1347 727 1577 780 Trinitas
1613 721 1921 792 negationis,
1952 718 2044 772 de-

476 824 641 878 sertio
670 822 908 877 veritatis
949 839 964 876 :
1006 821 1212 876 trinitas
1262 815 1645 880 confessionis,
1689 809 2043 867 testimonium

477 913 796 969 dilectionis.

935 1039 1158 1094 διῖηλιο
1197 1034 1449 1092 CXLVIII
1477 1041 1493 1057 '
1521 1033 1614 1107 (η).

482 1154 560 1208 De
602 1155 757 1206 verbis
801 1153 1010 1206 Aetnam
1053 1151 1425 1220 Apostolorum,
1456 1165 1569 1214 cap.
1598 1163 1653 1209 γ,
1692 1146 1724 1215 ᾖ
1750 1184 1761 1194 .
1789 1146 1840 1210 4,
1865 1142 2048 1198 Nonne

552 1261 772 1298 utaut-ns
805 1245 893 1298 tibi
927 1243 1187 1308 manebat,
1217 1252 1310 1294 etc.
1332 1282 1346 1303 ,
1377 1241 1457 1293 die
1476 1239 1734 1293 Dominico
1764 1247 2047 1288 octavarnnt

554 1337 770 1391 Pascha:
798 1337 962 1389 dictus
985 1336 1053 1389 ad
1075 1344 1272 1390 sanctos
1295 1332 1547 1401 Martyres
1576 1330 1767 1400 viginti.

554 1492 776 1547 CAPUT
813 1489 1094 1545 PRIMUM.
1133 1519 1202 1528 —
1241 1488 1291 1540 l.
1335 1485 1543 1538 Anania:
1582 1493 1626 1536 et
1654 1481 1924 1552 Sapphira:
1952 1497 2050 1534 non

482 1584 699 1639 severior
726 1581 994 1650 correptio,
1017 1596 1147 1632 mors
1178 1577 1484 1646 temporalis.
1507 1571 1636 1627 Cutn
1665 1573 1817 1626 lectio
1845 1573 2050 1641 legere-

484 1683 569 1727 tur
597 1673 663 1726 de
692 1673 825 1726 libro
856 1671 943 1740 qui
975 1669 1278 1724 inscribitur
1306 1670 1466 1720 Actus
1503 1664 1895 1734 Apostolorum,
1935 1663 2050 1715 ani-

485 1762 841 1816 madvertistis
868 1761 992 1830 quid
1021 1759 1298 1826 contigerit
1336 1757 1429 1820 eis,
1459 1756 1547 1824 qui
1575 1769 1692 1808 cum
1721 1753 1895 1806 villam
1922 1767 2054 1805 ven-

485 1853 762 1917 didissent,
795 1851 1168 1904 subtraxerunt
1193 1848 1259 1902 de
1290 1847 1458 1916 pretio
1482 1845 1640 1906 villic,
1666 1851 1719 1898 et
1745 1851 1866 1896 ante
1891 1841 2052 1910 pedes

487 1941 886 2010 Apostolorum,
912 1938 1060 2007 quasi
1087 1946 1250 1990 totum
1276 1936 1521 2006 pretium,
1547 1941 1851 2002 posuerunt.
1875 1930 2053 1985 Conti-

485 2044 593 2084 nuo
619 2030 844 2098 correpti
873 2029 1272 2098 exspiraverunt
1313 2025 1491 2090 ambo,
1530 2025 1613 2078 vir
1649 2031 1703 2078 et
1743 2038 1877 2076 uxor
1917 2021 2050 2090 ejus.

484 2118 762 2174 Nonnullis
787 2118 1174 2171 videturnimis
1213 2130 1396 2170 severa
1441 2114 1540 2167 ista
1574 2111 1731 2166 fuisse
1767 2111 2051 2178 correptio,

485 2219 544 2264 ut
571 2220 784 2281 prepter
814 2209 1088 2278 pecuniam
1116 2207 1180 2261 de
1220 2222 1278 2262 re
1315 2220 1408 2261 sua
1445 2204 1788 2267 subtractam,
1811 2201 2054 2257 homines

487 2311 846 2357 morerentur.
868 2301 980 2355 Non
1015 2301 1114 2353 hoc
1138 2298 1362 2367 Spiritus
1406 2304 1618 2350 sanctus
1654 2293 1871 2348 avaritia
1911 2292 2052 2360 fecit,

487 2393 582 2449 sed
629 2393 856 2462 Spiritus
907 2398 1122 2445 sanctus
1169 2389 1499 2443 mendacium
1549 2387 1627 2441 sic
1671 2386 1889 2455 punivit.
1924 2384 2054 2438 Nam

485 2484 644 2538 verba
676 2481 894 2536 audistis
925 2479 1213 2534 beatissimi
1244 2478 1402 2541 Petri,
1435 2477 1694 2531 dicentis:
1723 2475 1907 2528 Nonne
1946 2490 2056 2526 ma-

491 2589 612 2626 nens
638 2571 724 2625 tibi
753 2570 1002 2634 manebat,
1033 2580 1078 2623 et
1107 2569 1358 2622 venditum
1388 2569 1440 2620 in
1469 2577 1554 2620 tua
1580 2575 1684 2619 erat
1710 2564 1984 2635 potestate?
2001 2563 2054 2618 Si

489 2663 660 2717 uelles
678 2661 929 2727 vendere,
953 2660 1070 2730 quis
1099 2668 1149 2714 te
1168 2661 1413 2730 cogeret?
1438 2658 1492 2714 Si
1517 2658 1674 2712 velles
1692 2657 1881 2712 olferre
1902 2657 2057 2709 dimi-

487 2754 633 2808 dium
655 2795 670 2816 ,
707 2753 825 2822 quis
868 2753 1103 2822 exigeret
1144 2751 1346 2806 totum?
1373 2751 1427 2806 Si
1455 2751 1593 2806 enim
1623 2749 1894 2804 dimidium
1926 2747 2058 2802 olle-

490 2843 714 2898 rendum
753 2851 888 2909 erat,
923 2842 1196 2896 dimidium
1223 2841 1500 2897 dicendum
1531 2850 1663 2895 erat.
1697 2840 1801 2894 Pro
1841 2847 1950 2892 toto
1971 2839 2055 2893 di-
2099 2916 2106 2922 Ι

490 2935 729 3001 midium,
763 2935 862 2989 hoc
891 2943 973 2988 est
1004 2933 1324 3004 puniendum
1354 2931 1702 2986 mendacium.
1735 2929 1848 2983 Non
1882 2940 2053 2982 tamen

490 3028 749 3094 videatur,
783 3027 993 3092 fratres,
1024 3040 1208 3080 severa
1237 3023 1523 3092 correptio,
1555 3036 1700 3076 mors
1731 3019 2052 3088 temporalis.

489 3121 662 3190 Atque
707 3118 906 3173 utinam
949 3118 1222 3186 hucusque
1268 3115 1494 3168 vindicta
1544 3113 1877 3181 processerit.
1920 3110 2056 3176 Quid

490 3210 633 3262 enim
689 3223 934 3278 magnum
991 3205 1300 3260 mortalibus
1353 3203 1571 3272 contigit
1621 3201 2056 3271 quandocumque

489 3298 796 3352 morituris?
818 3297 922 3352 Sed
948 3311 1041 3365 per
1069 3296 1281 3349 illorum
1311 3292 1656 3362 temporalem
1685 3307 1892 3362 pcenam
1919 3295 2057 3346 Deus

489 3387 612 3441 sciri
637 3387 801 3440 voluit
838 3385 1188 3454 disciplinam.
1217 3382 1552 3438 Credendum
1589 3391 1672 3438 est
1707 3391 1880 3436 autem
1915 3381 2054 3452 quod

491 3485 610 3546 post
639 3476 772 3530 hanc
800 3464 959 3530 vitam
987 3477 1065 3530 eis
1089 3474 1538 3544 peperceritDeus
1561 3490 1575 3525 :
1604 3489 1788 3542 magna
1814 3481 1896 3527 est
1916 3474 2057 3528 enim

488 3567 606 3636 ejus
626 3567 1008 3622 misericordia.
1032 3567 1104 3620 De
1130 3566 1386 3620 mortibus
1413 3574 1591 3619 autem
1612 3580 1728 3634 qum
1747 3565 2061 3634 contingunt

488 3674 556 3713 ex
576 3657 828 3723 vindicta,
850 3657 920 3711 ait
947 3655 1174 3726 quodam
1204 3655 1320 3709 loco
1346 3657 1617 3724 apostolus
1647 3655 1862 3719 Paulus,
1890 3655 2058 3708 corri-

489 3750 641 3820 piens
666 3763 758 3805 eos
796 3749 886 3819 qui
914 3749 1053 3806 male
1091 3749 1386 3803 tractabant
1427 3763 1622 3818 corpus
1659 3756 1714 3804 et
1751 3747 2056 3819 sanguinem

487 3841 708 3908 Christi,
735 3849 791 3896 et
811 3840 1016 3907 dicens,
1041 3839 1316 3911 Propterea
1350 3841 1405 3894 in
1433 3841 1568 3895 vobis
1606 3841 1750 3895 multi
1786 3842 1974 3910 inﬁrmi
2013 3849 2084 3896 et-

489 3932 628 4002 (ται-ἰ,
655 3941 702 3986 ει
727 3932 978 3985 dormiunt
1004 3933 1298 4001 sufﬁcientes
1324 3947 1342 3985 :
1369 3931 1419 3986 id
1451 3939 1560 3996 est,
1589 3943 1840 4002 quantum
1869 3933 2061 3988 suflicit

488 4023 555 4076 ad
580 4023 911 4092 disciplinam
940 4022 1332 4092 imponendum.
1361 4022 1514 4076 Multi
1541 4023 1593 4076 in
1621 4023 1756 4075 vobis
1785 4023 2053 4087 dormiunt,

494 4115 598 4169 hoc
622 4122 723 4180 est,
752 4115 1068 4168 moriuntur.
1100 4111 1331 4183 Flagello
1372 4113 1513 4167 enim
1559 4111 1762 4166 Domini
1802 4111 2058 4180 corripie-

491 4204 680 4258 bantur
708 4222 722 4258 :
750 4205 1095 4275 :egrotabant,
1127 4211 1181 4258 et
1210 4203 1587 4257 moriebantur.
1614 4203 1680 4256 Et
1703 4201 1923 4270 subjecit
1945 4209 2062 4271 post

493 4293 607 4349 ltrec
631 4295 813 4360 verba,
845 4303 899 4349 et
926 4295 1000 4348 ait
1028 4312 1040 4346 :
1075 4294 1137 4349 Si
1165 4295 1294 4347 enim
1323 4310 1413 4347 nos
1454 4293 1590 4363 ipsos
1620 4291 1998 4363 judicaremus,
2030 4309 2062 4345 a

492 4387 710 4441 Domino
727 4403 824 4440 non
838 4387 1204 4459 iudicaremur.
1222 4384 1349 4440 Cant
1369 4386 1662 4455 judieamur
1685 4395 1871 4450 autem,
1894 4402 1924 4438 a
1949 4384 2060 4438 Do-

493 4476 628 4530 mino
658 4476 979 4544 corripimur,
1009 4490 1071 4528 ne
1095 4490 1208 4528 cum
1233 4474 1421 4528 mundo
1451 4474 1744 4529 damnemur
1772 4472 1815 4545 (I
1839 4473 1957 4530 Cor.
1985 4489 2058 4541 XI,

491 4565 714 4636 30-32).
742 4565 877 4631 Quid
905 4565 947 4618 si
975 4579 1102 4633 ergo
1129 4563 1251 4618 huic
1275 4565 1390 4618 viro
1417 4573 1470 4618 et
1499 4565 1646 4617 uxori
1676 4565 1791 4631 ejus
1823 4565 1938 4618 tale.
1961 4565 2060 4618 ali-

491 4656 618 4726 quid
656 4655 912 4726 contigit?
937 4655 1178 4723 Correpti
1218 4663 1341 4709 sunt
1369 4655 1557 4709 mortis
1584 4654 1812 4726 ﬂagello,
1843 4673 1909 4712 ne
1939 4673 2063 4728 sup-

493 4748 651 4819 plicio
672 4748 984 4818 punirentur
1003 4754 1221 4802 aeterno.

561 4837 787 4894 CAPUT
827 4839 890 4893 ll.
929 4868 1001 4879 —
1033 4837 1088 4892 2.
1137 4835 1265 4892 Vota
1290 4837 1396 4892 Deo
1424 4839 1698 4893 reddenda.
1723 4839 1831 4894 Hoc
1860 4849 2060 4897 tantum

491 4929 731 4986 attendat
755 4929 995 4987 Charitas
1021 4939 1216 4998 vestra,
1239 4929 1359 5000 quia
1386 4931 1434 4985 si
1456 4931 1567 4985 Deo
1593 4931 1858 5002 displicuit
1884 4933 2062 4990 detra-

494 5022 623 5076 here
673 5021 738 5076 de
778 5021 1000 5090 pecunia
1045 5036 1203 5092 quam
1233 5031 1486 5076 voverant
1525 5021 1654 5086 Deo,
1683 5030 1737 5079 et
1764 5024 1943 5096 utique
1973 5027 2059 5082 illa

492 5114 717 5184 pecunia
740 5113 920 5169 usibus
943 5113 1215 5168 hominum
1245 5114 1412 5168 fuerat
1441 5115 1737 5171 necessaria
1761 5134 1774 5169 :
1799 5117 2062 5187 quomodo

493 5205 735 5261 irascitur
765 5205 925 5272 Deus,
948 5205 1159 5276 quando
1183 5215 1405 5261 vovetur
1431 5207 1668 5272 castitas,
1699 5219 1752 5263 et
1779 5225 1881 5263 nou
1914 5210 2062 5265 exhi-

494 5297 680 5360 betur;
711 5296 921 5366 quando
949 5305 1170 5352 vovetur
1206 5297 1507 5365 virginitas,
1536 5306 1588 5352 et
1619 5313 1721 5352 non
1750 5299 2061 5356 exhibetur?

497 5389 725 5444 Vovetut
747 5391 890 5444 enim
921 5389 984 5443 ad
1016 5403 1140 5443 usus
1169 5389 1280 5451 Dei,
1306 5399 1357 5442 et
1388 5403 1491 5443 non
1521 5390 1584 5443 ad
1617 5405 1743 5444 usus
1769 5391 2056 5448 hominum.

497 5477 630 5545 Quid
655 5489 736 5533 est
754 5477 895 5549 quod
924 5479 1053 5543 dixi,
1079 5478 1144 5532 ad
1171 5493 1295 5532 usus
1316 5477 1445 5532 Dei?
1464 5478 1593 5546 Quia
1618 5478 1685 5533 de
1710 5483 1908 5536 sanctis
1925 5482 2061 5540 Deus

558 5639 579 5702 ‘_
610 5640 894 5702 timendum
918 5639 977 5702 ad
999 5640 1076 5688 cb.
1100 5653 1176 5702 gr,
1202 5647 1254 5692 et
1275 5638 1333 5691 ad
1355 5638 1490 5692 Ulim.
1512 5645 1646 5690 Par.l

559 5697 633 5767 (α)
655 5697 790 5760 Alias,
813 5701 877 5750 de
896 5697 1198 5753 θίγοι-818⁷10.

1708 342 1767 398 8.
1806 335 2171 396 AUGUSTINI
2210 337 2513 395 EPISCOPI

3617 354 3717 412 800

2153 447 2276 501 facit
2299 449 2396 502 sibi
2424 449 2638 504 domum
2658 493 2672 517 ,
2697 451 2824 506 facit
2851 453 2951 509 sibi
2979 456 3255 527 templum,
3282 457 3336 511 in
3363 471 3470 527 qno
3499 460 3719 524 habitare

2151 537 2398 607 dignetur
2427 557 2440 593 :
2467 549 2516 593 et
2545 542 2722 611 utique
2747 552 2988 599 sanctum
3006 548 3119 601 vult
3139 563 3456 618 permanere
3483 555 3712 623 templum

2150 642 2323 681 stium.
2357 630 2535 684 Potest
2565 647 2690 700 ergo
2716 634 2905 704 virgini
2936 639 3327 694 sanctimoniali
3359 642 3568 697 nubenti
3594 646 3706 712 dict,

2151 719 2290 787 quod
2322 720 2393 773 ait
2420 721 2607 776 Petrus
2645 723 2712 776 de
2751 727 2968 791 pecunia
2999 745 3011 781 :
3037 727 3329 798 Virginitas
3360 741 3448 785 tua
3484 739 3706 805 numquid

2151 823 2256 861 non
2290 825 2508 866 manens
2537 813 2629 866 tibi
2661 817 2924 882 manebat,
2952 829 3006 872 et
3033 831 3313 888 antequam
3339 839 3456 875 eam
3483 840 3698 895 voveres,

2152 896 2205 950 in
2235 906 2319 952 tua
2352 899 2521 954 fuerat
2551 907 2844 971 potestate?
2866 907 3222 978 Quaecumque
3247 926 3423 966 autem
3451 917 3543 970 huc
3579 920 3698 975 lere-

2152 987 2278 1052 rint,
2302 991 2542 1044 voverint
2569 993 2713 1059 talia,
2741 1005 2794 1048 et
2823 1011 2926 1048 non
2962 999 3319 1063 reddiderint;
3344 1017 3449 1056 non
3469 1018 3524 1058 se
3543 1017 3698 1074 putent

2153 1081 2532 1147 temporalibus
2583 1085 2841 1140 mor-tibus
2890 1089 3103 1158 corripi,
3140 1090 3232 1146 sed
3260 1102 3463 1147 a't‘erno
3486 1093 3594 1166 igne
3617 1098 3698 1152 da-

2154 1183 2348 1224 mnart.

2620 1327 2850 1384 SERMO
2885 1330 3092 1387 CXLIX
3125 1339 3142 1358 ο
3168 1335 3271 1405 (α).

2154 1481 2221 1538 In
2257 1502 2354 1556 quo
2392 1488 2690 1557 quaestiones
2735 1491 3004 1560 proposita:
3031 1511 3094 1548 ea:
3123 1496 3325 1550 Actibus
3357 1498 3698 1570 Apostolorum,

2226 1590 2341 1644 cap.
2373 1591 2428 1639 χ,
2452 1585 2499 1629 et
2525 1593 2586 1630 ea:
2621 1574 2920 1650 Evangelia,
2967 1584 3263 1650 solvuntur;
3303 1604 3391 1642 seu
3430 1589 3488 1643 de
3516 1605 3702 1661 quatuor

2225 1665 2579 1733 quwstionibus
2608 1686 2625 1720 :
2650 1669 2846 1738 prima,
2878 1670 2940 1726 de
2968 1673 3154 1727 visione
3183 1674 3341 1729 Petri.
3373 1678 3623 1748 Secunda,
3650 1686 3704 1738 de

2227 1755 2385 1807 verbis
2410 1753 2692 1826 Evangelii,
2724 1757 2919 1813 Luccat
2961 1761 3136 1817 lumen
3168 1773 3403 1820 vestrum
3429 1784 3594 1824 coram
3623 1772 3704 1826 lto-

2234 1844 2482 1910 niinibus,
2506 1856 2562 1900 ut
2581 1847 2792 1902 videant
2816 1849 2949 1904 bona
2983 1853 3115 1907 facta
3146 1865 3340 1924 vestra,
3369 1869 3466 1912 etc.
3489 1859 3554 1914 Et
3574 1865 3704 1930 panic

2228 1945 2361 2004 post,
2387 1935 2582 1991 Cavete
2621 1935 2793 1993 facere
2814 1940 3068 2008 justitiam
3095 1956 3322 2000 vestram
3353 1963 3525 2002 coram
3554 1949 3706 2004 homi-

2227 2025 2416 2091 nibus,
2446 2035 2501 2080 ut
2526 2027 2806 2084 videamini
2854 2032 2920 2086 ab
2965 2035 3064 2100 eis,
3109 2045 3206 2089 etc.
3262 2037 3455 2104 Tertia,
3483 2041 3543 2093 de
3573 2043 3710 2096 verbis

2227 2113 2508 2186 Evangelii,
2549 2116 2759 2172 Nesciat
2803 2120 3013 2174 sinistra
3049 2134 3133 2176 tua
3161 2125 3282 2193 quid
3328 2126 3483 2183 faciat
3509 2129 3707 2184 dextera

2231 2214 2338 2260 tua.
2371 2207 2582 2274 Quarta,
2616 2207 2679 2261 de
2705 2207 2967 2265 dilectione
2993 2212 3180 2267 inimici
3205 2214 3302 2284 (b).
3332 2216 3511 2271 Matth.
3539 2237 3643 2290 cap.
3663 2237 3709 2284 ν,

2244 2295 2279 2364 y
2303 2331 2318 2347 .
2350 2293 2573 2368 l6;cap.
2605 2312 2678 2363 vt,
2717 2297 2788 2367 ᾖ.
2823 2299 2935 2368 1-4,
2957 2309 3005 2354 et
3029 2318 3143 2371 cap.
3176 2319 3223 2371 γ,
3264 2306 3296 2372 ᾗ
3323 2346 3336 2358 .
3366 2307 3435 2361 45
3467 2307 3552 2362 48.

2230 2475 2453 2532 CAPUT
2481 2476 2882 2534 Pllll’IUM.—l.
2914 2481 3223 2546 Quwstiones
3249 2486 3500 2542 solvenda
3523 2506 3542 2542 :
3568 2490 3718 2558 primo

2163 2567 2395 2634 quando,
2418 2566 2480 2620 de
2504 2568 2690 2622 visione
2712 2567 2872 2623 Petri.
2901 2573 3038 2627 Ante
3067 2574 3205 2628 diem
3222 2577 3552 2636 Dominicum
3573 2595 3717 2649 Supe-

2160 2656 2378 2734 riorem,
2412 2657 2627 2710 memini
2659 2674 2741 2713 me
2769 2661 3159 2729 propositarum
3188 2663 3254 2718 de
3282 2665 3565 2736 Scripturis
3599 2685 3717 2737 qua-

2159 2744 2401 2815 rumdam
2432 2747 2782 2814 quarstionum
2829 2749 3020 2804 factum
3057 2767 3177 2808 esse
3218 2753 3510 2811 debitorem
3534 2758 3721 2813 Sancti-

2161 2835 2253 2887 tati
2284 2843 2470 2888 vestra:
2502 2834 2596 2907 (c).
2627 2835 2723 2890 Est
2771 2847 2969 2907 autem,
3011 2851 3262 2908 quantum
3309 2844 3562 2901 Dominus
3607 2848 3720 2902 dare

2158 2922 2428 2993 dignatur,
2453 2925 2690 2980 solvendi
2722 2936 2948 2999 tempus,
2981 2945 3049 2986 ne
3077 2931 3275 2987 diutius
3303 2933 3604 3002 debeamus,
3629 2937 3719 2991 nisi

2159 3015 2325 3068 solam
2366 3014 2698 3080 charitatem,
2737 3033 2854 3086 quae
2897 3033 3111 3089 semper
3139 3021 3399 3089 redditur,
3442 3033 3493 3079 et
3526 3040 3719 3092 semper

2167 3102 2408 3159 debetur.
2425 3105 2500 3160 De
2521 3107 2722 3161 visione
2748 3107 2889 3162 Petri
2911 3108 3210 3166 dixeramus
3229 3115 3568 3182 quterendum
3589 3131 3714 3176 esse,

2160 3192 2282 3263 quid
2312 3193 2409 3248 sibi
2435 3195 2559 3248 velit
2579 3211 2664 3249 vas
2693 3197 2842 3263 illttd,
2868 3208 3102 3269 tanquam
3127 3202 3332 3256 linteum
3358 3204 3642 3261 submissum
3666 3206 3718 3259 de

2159 3284 2283 3337 caelo
2325 3295 2541 3356 quatuor
2579 3286 2741 3352 lineis,
2784 3288 2836 3342 in
2875 3307 2972 3359 quo
3013 3302 3156 3347 erant
3200 3297 3369 3349 omnia
3396 3299 3719 3368 quadrupedis

2161 3381 2323 3439 terrae,
2341 3385 2388 3428 et
2411 3377 2681 3444 serpentia,
2705 3386 2750 3431 et
2773 3379 2996 3434 volatilia
3022 3383 3133 3436 caeli
3155 3399 3174 3437 :
3199 3396 3250 3438 et
3275 3387 3418 3456 quod
3439 3388 3632 3442 dictum
3649 3396 3722 3442 est

2161 3462 2318 3517 Petro
2349 3479 2475 3518 voce
2501 3465 2698 3532 divina,
2730 3466 2914 3524 Occide
2934 3479 2978 3523 et
3008 3473 3260 3528 manduca
3283 3491 3302 3528 :
3320 3485 3373 3530 et
3395 3478 3535 3547 quod
3563 3487 3637 3533 ter
3657 3477 3722 3531 la-

2163 3559 2308 3604 etum
2342 3559 2423 3605 est
2450 3561 2504 3606 et
2528 3564 2876 3626 assumptum.

2230 3638 2453 3695 CAPUT
2472 3640 2663 3696 ll.—2.
2694 3641 2946 3699 Voraatas
2967 3663 3064 3701 non
3082 3649 3325 3719 imperata
3343 3649 3518 3706 Petro.
3542 3654 3724 3709 Adver—

2162 3741 2253 3781 sus
2278 3742 2372 3782 eos
2399 3729 2610 3797 quidem
2638 3732 2724 3800 qui
2750 3734 3091 3790 voracitatem
3121 3752 3150 3791 a
3181 3739 3404 3793 Domino
3431 3741 3543 3798 Deo
3573 3745 3722 3812 impe-

2161 3826 2328 3871 ratam
2359 3817 2516 3874 Petro
2548 3820 2897 3889 arbitrantur,
2932 3821 3084 3880 facile
3111 3835 3192 3880 est
3216 3827 3510 3897 disputare.
3546 3833 3722 3898 Primo,

2161 3907 2282 3976 quia
2312 3908 2516 3961 etiamsi
2537 3908 2602 3962 ad
2629 3909 2856 3965 litteram
2878 3913 3097 3968 velimus
3117 3917 3360 3986 accipere
3384 3920 3527 3989 quod
3548 3920 3724 3975 dictum

2163 4003 2263 4056 est,
2298 3993 2501 4060 Occide,
2533 4005 2582 4050 et
2606 3999 2852 4052 manduca
2875 4017 2893 4054 :
2919 4017 3027 4056 non
3052 4005 3294 4060 occidere
3331 4016 3387 4061 et
3427 4009 3727 4064 manducare

2163 4093 2432 4155 peccatum
2458 4095 2559 4154 est,
2594 4087 2685 4143 sed
2716 4088 3064 4149 immoderate
3083 4097 3155 4149 uti
3181 4096 3335 4152 donis
3363 4098 3479 4161 Dei.
3505 4117 3620 4170 qua:
3646 4102 3728 4155 tri-

2162 4176 2277 4232 buit
2303 4176 2366 4230 ad
2398 4192 2526 4232 usus
2557 4179 2774 4234 homini.
3357 4248 3360 4249 ν

2235 4267 2286 4322 5.
2306 4266 2602 4322 Judworum
2624 4271 2923 4326 abstinentia
2943 4275 3003 4328 ab
3019 4275 3289 4332 immundis
3304 4281 3604 4336 animalibus
3621 4285 3729 4355 [igu-

2164 4359 2324 4412 rativa
2340 4369 2464 4413 erat.
2485 4361 2652 4417 Judaei
2685 4364 2823 4417 enim
2850 4376 3163 4434 acceperant
3187 4379 3330 4424 certa
3355 4372 3602 4427 animalia
3625 4391 3728 4444 qua

2166 4449 2565 4518 manducarent,
2593 4461 2648 4507 et
2681 4463 2822 4508 certa
2850 4471 2879 4508 a
2904 4457 3092 4526 quibus
3119 4459 3446 4516 abstinerent
3477 4480 3491 4516 :
3523 4466 3655 4533 quod
3680 4467 3724 4519 in

2167 4540 2545 4610 signiﬁcatione
2572 4558 2749 4598 rerum
2771 4543 3065 4602 futurarum
3093 4563 3185 4604 eos
3205 4552 3494 4620 accepisse,
3524 4555 3726 4610 manife-

2165 4633 2549 4700 statapostolus
2575 4634 2786 4700 Paulus,
2811 4637 2993 4693 dicens
3021 4657 3033 4692 :
3059 4638 3224 4695 Nemo
3248 4659 3366 4713 ergo
3383 4646 3724 4714 rosjadicetis

2165 4722 2293 4789 cibo,
2324 4732 2410 4776 aut
2434 4724 2485 4777 in
2514 4734 2656 4795 potu.
2689 4736 2774 4780 aut
2799 4728 2851 4781 in
2877 4737 3017 4799 parte
3035 4730 3134 4783 diei
3159 4733 3292 4801 festi,
3321 4741 3410 4786 aut
3442 4737 3722 4802 neomenie,

2165 4823 2252 4867 aut
2278 4815 2612 4884 sabbatorum,
2643 4818 2778 4887 quod
2804 4828 2874 4874 est
2901 4820 3075 4874 umbra
3100 4827 3388 4893 futurorum
3416 4824 3644 4897 (Coloss.
3673 4844 3725 4891 tt,

2168 4903 2254 4971 l6,
2287 4902 2414 4977 l7).
2457 4904 2635 4978 Itaque
2667 4907 2774 4978 jam
2807 4911 3129 4980 temporibus
3172 4913 3430 4971 Ecclesia:
3467 4915 3594 4972 dicit
3632 4919 3728 4973 alio

2272 5097 2555 5163 Emendatus
2586 5099 2646 5163 ad
2678 5114 2754 5163 gr.
2792 5109 2828 5163 t.
2854 5109 2906 5153 et
2925 5103 2984 5153 ad
3011 5104 3147 5156 vlim.
3172 5114 3272 5157 Par.
3297 5114 3406 5158 ιον.

2249 5160 2301 5282 et;
2323 5157 2459 5218 Alias,
2494 5161 2556 5209 de
2577 5157 2787 5213 Divérsis
2809 5162 2884 5213 26.

2252 5219 2279 5268 b
2300 5220 2396 5282 psic
2416 5218 2583 5271 titulus
2601 5229 2791 5272 notatur
2828 5226 2878 5274 in

2252 5218 2396 5292 b)_sic
2416 5218 2583 5292 titulus
2601 5229 2792 5292 notatur
2825 5226 2878 5292 in
2899 5225 3092 5292 Possidii
3115 5228 3340 5290 tndiculo,
3369 5242 3475 5292 cap.
3506 5229 3564 5280 8.
3597 5239 3648 5283 At
3679 5234 3730 5284 in

2168 5286 2272 5328 Mss.
2285 5281 2585 5341 inscribitur,
2619 5300 2642 5327 ι
2660 5290 2729 5332 De
2749 5287 2935 5335 visione
2954 5289 3095 5336 Petri.
3117 5305 3141 5334 ι

2233 5341 2675 5416 (φνζιᾳᾳερβειρτρ
2703 5345 3216 5416 videturilludinliue
3231 5352 3473 5416 sermonis
3514 5351 3618 5412 ςω.
3651 5359 3732 5416 qui

2166 5402 2406 5477 Dominis?
2425 5402 2623 5477 in‘Albjs
2645 5405 2838 5477 habitus
2847 5406 2962 5477 _f_uit:
2991 5427 3012 5454 ι
3031 5411 3216 5477 Deinde
3241 5402 3731 5477 scripturarum

2173 5478 2194 5505 α
2216 5465 2417 5535 stiones,
2439 5476 2559 5535 quas
2579 5465 2807 5535 hesterna
2822 5468 2910 5535 die
2933 5471 3174 5535 proposui,
3202 5481 3254 5523 et
3271 5465 3491 5535 angustia
3515 5465 3723 5535 temporis

2173 5540 2195 5566 ι
2534 5539 2628 5574 non
2649 5526 2788 5599 solvi,
2818 5523 2970 5579 fateor
2989 5523 3069 5599 me
3086 5523 3275 5599 debere
3296 5548 3308 5582 :
3334 5523 3435 5582 ‘sed

2174 5583 2440 5658 siliginei.
2454 5594 2733 5658 sequuntur
2754 5583 2852 5651 jam
2874 5593 3155 5658 esacﬁones
3190 5596 3338 5644 etiam
3369 5583 3605 5658 pecunia!

2172 5657 2197 5687 ι
2215 5647 2411 5718 ttttnt
2422 5647 2545 5718 iure
2553 5647 2734 5718 forensi
2755 5647 2807 5700 et
2828 5649 3033 5715 publico,
3056 5653 3147 5706 hoc
3173 5666 3202 5705 ι
3223 5667 3302 5706 tne
3333 5647 3494 5718 ρόιῑυδ
3524 5668 3605 5707 V05
3623 5647 3719 5712 'exi-

2175 5719 2196 5749 ι
2217 5708 2322 5766 gito
2336 5708 2449 5768 jure
2466 5708 2737 5760 christiano.
2763 5727 2786 5758 ι
