3910 6184
150 377 252 432 801

152 493 282 546 luco
321 507 333 539 ι
368 479 553 538 Omnia
583 475 769 530 munda
793 471 1012 532 mundis,
1045 467 1130 520 sed
1153 465 1337 520 malum
1357 472 1428 517 est
1453 460 1642 514 homini
1662 457 1747 528 qui

153 598 250 654 per
282 575 613 644 oﬂ’ensionem
637 564 910 620 manducet
934 560 1062 632 (Tit.
1088 575 1125 623 ι,
1156 558 1210 622 5,
1239 564 1284 610 et
1314 554 1466 608 Rom.
1494 567 1602 613 xw,
1631 549 1745 618 ευ).

157 641 341 724 ὲνςιηί
366 665 508 720 enim
538 659 628 730 qui
658 666 897 724 tempore
927 652 1037 716 illo,
1063 664 1170 719 quo
1195 646 1293 700 ista
1323 641 1582 698 scribebat
1611 641 1752 708 Apo-
1800 703 1805 708 ἢ

155 759 358 820 stolus,
382 751 636 809 carnibus
661 744 1028 805 vescebantur,
1055 739 1107 793 in
1134 735 1479 791 oﬁ‘ensionem
1505 743 1752 799 quorum-

155 848 284 904 dam
313 843 666 899 inﬁrmorum.
695 829 1026 890 lmntolatitia
1053 828 1196 882 enim
1232 839 1357 879 caro
1380 835 1562 877 eorum
1591 833 1750 888 pecco

160 954 283 994 rum
314 948 435 1004 qua:
459 929 735 998 aruspices
754 919 1118 983 immolabant,
1142 926 1265 971 tunc
1294 915 1345 969 in
1374 911 1594 967 macello
1618 921 1752 963 ven-

157 997 416 1089 debatur,
458 1028 513 1076 et
553 997 704 1073 multi
745 1013 934 1068 fratres
975 1007 1306 1063 abstinebant
1345 1017 1406 1058 se
1440 1001 1509 1055 ab
1535 997 1755 1054 edendis

161 1117 423 1174 carnibus
443 1155 455 1176 ,
487 1126 556 1166 ne
586 1109 670 1164 vel
711 1104 877 1177 ignari
917 1103 1249 1156 incurrerent
1288 1096 1341 1150 in
1365 1109 1458 1149 eas
1475 1105 1665 1147 carnes
1685 1090 1755 1144 de

164 1210 360 1281 quibus
391 1203 708 1259 sacriﬁcium
740 1197 894 1252 idolis
936 1193 1130 1248 factum
1171 1195 1302 1243 erat.
1332 1184 1486 1241 Unde
1511 1183 1615 1237 alio
1639 1183 1754 1236 loco

166 1273 311 1356 idem
344 1294 638 1366 apostolus,
667 1306 732 1344 ne
755 1289 942 1342 timore
965 1280 1285 1336 conscientia
1317 1275 1621 1345 trepidaret,
1643 1273 1752 1326 ait:

169 1395 336 1447 Omne
363 1365 498 1458 quod
536 1385 588 1437 in
619 1380 826 1435 macello
850 1376 980 1430 renit
1001 1415 1015 1438 ,
1052 1371 1370 1433 manducata,
1398 1365 1525 1420 nihil
1544 1365 1757 1417 interro-

166 1492 352 1554 gantes
379 1456 586 1548 propter
618 1468 991 1525 conscientiam.
1033 1461 1232 1516 Domini
1271 1467 1342 1512 est
1373 1456 1508 1510 enim
1541 1463 1679 1532 terra
1708 1460 1758 1506 et

167 1542 440 1643 plenitudo
467 1542 594 1633 ejus.
623 1562 690 1616 Et
714 1561 901 1612 iterum
934 1572 948 1608 :
982 1553 1043 1608 Si
1071 1553 1181 1622 quis
1201 1557 1367 1602 autem
1398 1562 1484 1599 vos
1515 1542 1758 1596 vocaverit

166 1639 228 1716 ex
260 1657 577 1726 inﬁdelibus,
603 1661 646 1705 et
679 1645 925 1702 volueritis
953 1644 1064 1705 ire;
1093 1639 1261 1694 omnia
1293 1652 1406 1706 qua
1437 1641 1760 1704 apponuntur

167 1751 308 1805 vobis
320 1721 652 1802 manducata,
672 1737 798 1791 nihil
818 1731 1154 1805 dijudicantes
1170 1736 1374 1798 propter
1387 1721 1754 1777 conscientiam.

169 1840 231 1896 Si
255 1839 373 1908 quis
405 1843 568 1886 autem
589 1828 722 1883 vobis
751 1823 952 1888 dixerit,
987 1819 1122 1889 quod
1141 1813 1510 1870 inunolatitium
1534 1819 1640 1872 est;
1669 1823 1760 1862 na-

170 1905 634 1986 lite'mandncare,
671 1925 875 1989 propter
911 1914 1056 1966 illum
1093 1909 1177 1979 qui
1207 1905 1464 1970 indicauit,
1487 1911 1532 1956 et
1561 1909 1762 1970 propter

170 2017 531 2076 conscientiam
560 2011 600 2084 (l
627 2008 748 2064 Cor.
778 2023 832 2071 χ,
851 2002 1065 2074 25-28).
1087 2000 1256 2055 Omne
1275 2010 1402 2066 ergo
1426 1996 1478 2049 in
1501 1994 1580 2045 liis
1602 1991 1761 2045 rebus

171 2113 283 2167 sive
307 2081 702 2162 mundumvsive
727 2093 1076 2157 immundum,
1101 2104 1206 2144 non
1229 2089 1281 2142 in
1303 2093 1547 2141 contactu
1563 2081 1757 2145 carnis,

174 2199 268 2255 sed
298 2199 354 2252 iu
387 2189 727 2249 conscientia:
753 2186 980 2257 puritate
1002 2222 1018 2249 ,
1053 2188 1142 2234 aut
1179 2179 1230 2232 in
1259 2175 1463 2230 macula
1499 2170 1761 2228 constitu-

175 2300 285 2345 tum
309 2294 420 2342 est.

243 2375 479 2434 CAPUT
519 2371 605 2426 Ill.
643 2399 715 2411 -—
740 2369 793 2423 4.
836 2364 1090 2419 Animalia
1112 2360 1308 2415 Iudicis
1330 2357 1600 2428 prohibita,
1620 2354 1765 2424 signa

176 2480 314 2528 sunt.
361 2467 517 2521 Fissa
544 2462 753 2532 ungula.
787 2455 1094 2514 Rnnn‘natio.
1125 2451 1277 2508 Unde
1303 2449 1424 2504 data
1451 2455 1535 2502 est
1558 2444 1764 2500 licentia

176 2558 533 2620 Christianis,
559 2567 677 2624 qute
704 2549 900 2605 Judzeis
941 2560 1047 2600 non
1077 2550 1160 2597 est
1200 2541 1342 2595 data.
1390 2537 1578 2592 Omnia
1623 2534 1766 2589 enim

177 2649 430 2708 animalia
451 2662 571 2718 quae
590 2642 784 2699 iudicis
812 2636 1077 2710 prohibita
1103 2641 1229 2688 sunt
1255 2629 1592 2689 manducare,
1621 2626 1768 2694 signa

179 2752 303 2799 sunt
349 2753 557 2799 rerum,
588 2745 641 2790 et
667 2734 801 2786 sicut
839 2729 1034 2784 dictum
1062 2732 1180 2787 est,
1213 2721 1412 2776 umbra:
1452 2718 1766 2771 futurorum.

184 2833 335 2889 Sicut
357 2829 448 2884 ilia
470 2822 802 2882 circumcisio
823 2816 1079 2886 significat
1096 2809 1551 2868 circnmcisionem
1569 2803 1767 2867 cordis,

178 2936 336 2993 quam
367 2918 444 2974 illi
468 2918 521 2970 in
545 2929 704 2971 carne
721 2909 1017 2982 gestabant,
1036 2903 1162 2959 etin
1177 2898 1340 2957 corde
1368 2895 1716 2966 repudiabant
1737 2908 1757 2948 ,ι

179 2985 256 3068 sic
284 3021 341 3068 et
373 3009 546 3080 epular
569 3007 671 3060 illa:
697 3009 956 3074 praecepta
984 2993 1357 3067 mysteriorum
1381 2997 1523 3050 sunt,
1545 2995 1600 3041 et
1622 2985 1772 3053 signa

181 3079 509 3159 futurorum.
541 3095 714 3151 Veluti
741 3091 879 3162 quod
907 3089 1161 3157 scriptum
1190 3091 1273 3139 est
1292 3081 1391 3146 eis,
1423 3086 1479 3132 ut
1504 3089 1624 3146 qua:
1650 3079 1774 3128 sunt

184 3191 506 3248 rumiuautia
539 3197 594 3242 et
633 3186 755 3240 ﬁssa
796 3181 985 3250 ungula
1006 3218 1020 3243 ,
1058 3178 1168 3246 ipsa
1201 3171 1552 3228 manducent:
1583 3165 1774 3235 quibus

181 3293 363 3350 autem
403 3281 488 3335 vel
533 3287 816 3342 utrumque
846 3271 928 3325 vel
960 3282 1121 3322 unum
1161 3265 1348 3318 horum
1376 3256 1639 3318 defuerit,
1667 3269 1771 3307 non

185 3347 512 3430 manducent
541 3369 557 3435 (
581 3367 727 3420 Deut.
764 3363 888 3430 xw)
920 3378 933 3413 :
964 3359 1206 3414 homines
1233 3353 1446 3424 quidam
1473 3347 1778 3419 signiﬁcau-

182 3474 269 3520 tur
287 3505 303 3529 ,
335 3477 442 3516 non
471 3458 794 3528 pertinentes
833 3452 900 3506 ad
928 3449 1242 3504 societatem
1269 3453 1592 3499 sanctorum.
1624 3438 1774 3492 Fissa

183 3555 326 3610 enim
352 3549 549 3620 ungula
584 3547 648 3600 ad
672 3558 867 3608 mores,
893 3540 1180 3596 ruminatio
1199 3549 1326 3591 vero
1355 3535 1420 3588 ad
1455 3529 1766 3600 sapientiam

188 3647 444 3718 pertinet.
483 3642 656 3707 Quare
684 3637 749 3691 ad
782 3649 955 3689 mores
991 3633 1110 3685 ﬁssa
1141 3628 1331 3696 ungula
1355 3627 1378 3679 ?
1404 3625 1536 3692 Quia
1562 3619 1775 3676 difﬁcile

193 3708 413 3791 labitur.
448 3732 652 3800 Lapsus
675 3726 816 3781 enim
858 3722 1058 3791 peccati
1098 3721 1306 3787 signum
1333 3723 1434 3767 est.
1469 3708 1773 3765 lluu'iinatio

190 3835 375 3879 autem
413 3821 479 3874 ad
520 3798 792 3886 sapientize
829 3809 1159 3866 doetrinam‘
1199 3802 1465 3873 quomodo
1513 3798 1776 3869 pertinet?

189 3914 324 3982 Quia
357 3911 488 3965 dixit
517 3907 810 3974 Scriptura,
828 3901 1116 3955 Thesaurus
1140 3891 1482 3948 desiderabilis
1511 3887 1777 3959 requiescit

190 3976 244 4057 in
281 4017 373 4056 ore
412 3999 674 4068 sapientis,
721 3995 795 4047 vir
831 4000 996 4044 autem
1035 3986 1218 4042 stultus
1249 3981 1397 4054 glutit
1425 3978 1576 4034 illum
1595 3976 1773 4050 (Prov.

191 4109 304 4159 ιιι,
331 4090 426 4155 eo,
456 4066 557 4143 ne:
582 4082 771 4156 LXX).
794 4081 892 4147 Qui
928 4092 1054 4147 ergo
1091 4074 1258 4138 audit,
1292 4080 1349 4128 et
1373 4068 1690 4140 negligentia
1721 4066 1779 4119 lit

193 4157 519 4239 obliviosus,
551 4173 700 4246 quasi
735 4171 888 4241 glutit
923 4166 1068 4237 quod
1091 4162 1328 4224 audivit;
1358 4167 1416 4214 ut
1449 4159 1557 4228 jam
1593 4157 1647 4212 in
1684 4170 1779 4210 ore

195 4289 305 4328 non
334 4267 527 4339 sapiat,
549 4265 868 4319 auditionem
891 4261 1056 4328 ipsam
1084 4253 1348 4311 oblivione
1373 4251 1654 4320 sepeliens.
1679 4247 1776 4315 Qui

194 4373 378 4418 autem
407 4361 461 4414 in
476 4359 596 4426 .lege
618 4354 825 4410 Domini
849 4348 1130 4406 meditatur
1149 4345 1235 4399 die
1253 4352 1307 4398 et
1333 4350 1509 4405 nocte,
1533 4349 1778 4407 tanquam

195 4454 470 4512 ruminat,
497 4457 552 4504 et
587 4448 639 4501 in
665 4443 902 4514 quodam
917 4439 1065 4509 quasi
1097 4437 1270 4506 palato
1307 4431 1481 4488 cordis
1510 4427 1657 4484 verbi
1691 4441 1778 4480 sa-

199 4562 334 4616 pore
363 4543 678 4598 delectatur.
703 4537 812 4589 lloc
823 4547 949 4602 ergo
964 4531 1102 4600 quod
1127 4535 1444 4596 prmceptum
1459 4531 1544 4578 cst
1559 4520 1775 4584 iudicis,

197 4610 470 4706 signiﬁcat
488 4629 626 4700 quod
647 4628 712 4682 ad
740 4624 1051 4685 Ecelesiam,
1075 4620 1126 4674 id
1147 4629 1249 4682 est,
1270 4617 1335 4671 ad
1351 4628 1544 4684 corpus
1563 4610 1773 4675 Christi,

197 4705 269 4782 ad
314 4723 538 4795 gratiam
575 4720 986 4785 societatemque
1029 4718 1330 4766 sanctorum
1369 4723 1474 4762 non
1514 4705 1780 4774 pertinent

197 4821 302 4882 illi,
333 4817 422 4886 qui
443 4823 534 4868 aut
553 4813 874 4882 negligentes
897 4805 1166 4861 auditores
1189 4811 1332 4867 sunt,
1357 4808 1448 4854 aut
1471 4797 1638 4852 malos
1667 4811 1781 4850 mo~

201 4927 294 4966 res
324 4909 542 4971 habent,
563 4914 652 4960 aut
678 4905 730 4957 in
751 4897 975 4969 utroque
1003 4897 1130 4951 vitio
1161 4891 1637 4963 reprehenduntur.

274 4996 508 5055 CAPUT
546 4994 634 5050 IV.
671 5023 741 5034 -—
775 4995 827 5047 5.
869 4988 1204 5042 Judaiearum
1232 4984 1622 5038 obseruationum
1651 4993 1782 5048 prte-

199 5098 360 5160 cepta
381 5104 468 5141 cur
497 5088 724 5156 legantur
743 5079 1057 5137 Christianis.
1079 5077 1166 5131 Sic
1192 5083 1381 5128 cmtcra
1407 5087 1521 5141 qua:
1547 5070 1612 5123 ad
1645 5071 1782 5122 hunc

200 5179 432 5236 modum
470 5183 727 5246 praecepta
768 5181 890 5227 sunt
921 5169 1041 5223 data
1067 5165 1292 5229 .ludaais,
1331 5160 1634 5216 umbratica:
1662 5168 1784 5212 sunt

200 5267 626 5341 signiﬁcationes
651 5264 964 5318 futurorum.
989 5259 1332 5324 Posteaquam
1355 5252 1499 5306 venit
1521 5251 1606 5304 lux
1632 5265 1785 5302 mun-

201 5362 260 5416 di
293 5358 553 5414 Dominus
581 5365 760 5410 noster
778 5353 933 5408 Jesus
954 5349 1216 5410 Christus,
1239 5342 1600 5398 tantummodo
1617 5350 1676 5396 ut
1700 5341 1785 5394 in-

206 5450 544 5518 telligantur,
571 5460 676 5500 non
702 5445 858 5497 etiam
886 5449 944 5494 ut
970 5439 1338 5500 observentur,
1366 5434 1628 5503 leguntur.
1655 5431 1786 5486 Data

203 5551 300 5598 est
325 5555 449 5609 ergo
466 5536 675 5593 limutia
699 5533 1035 5597 Christianis,
1063 5539 1120 5584 ut
1138 5527 1425 5584 secundum
1449 5525 1585 5580 hanc
1599 5539 1788 5579 vanam

208 5631 659 5690 consuetudinem
683 5643 790 5683 non
818 5625 1028 5691 faciant,
1061 5621 1155 5678 sed
1180 5619 1497 5676 manducent
1532 5619 1672 5691 quod
1697 5634 1790 5676 ve-

285 5750 307 5782 ·
335 5745 664 5796 ἀοτωηθηείι
685 5754 788 5805 \ts.,
810 5744 874 5795 ad
889 5740 1167 5806 sumentium
1186 5734 1430 5788 deum.

1533 345 1761 404 δεκΜο
1797 343 2026 400 CXLIX.

1859 455 1979 520 lint,
2006 470 2126 510 cum
2156 454 2547 521 moderatione,
2582 468 2700 508 eum
2731 452 3126 518 benedictione,
3153 467 3274 509 eum
3301 467 3424 524 gra.

1856 546 2045 600 tiarurn
2072 544 2299 600 actione.
2331 543 2592 598 Fortassis
2611 552 2808 612 ergoet
2834 543 2990 597 Petro
3010 543 3077 596 ita
3097 543 3294 596 dictum
3317 554 3422 609 est,

1859 635 2062 703 Occide,
2089 644 2137 688 et
2157 634 2443 700 manduca;
2465 643 2522 687 ut
2547 648 2650 687 non
2675 634 2782 701 jam
2808 641 3009 688 teneret
3029 633 3427 689 observationes

1854 725 2153 781 .lndzeorum
2178 743 2192 779 :
2214 741 2318 780 non
2343 735 2515 780 tamen
2537 725 2585 790 ei
2607 724 2754 794 quasi
2779 739 2967 793 gurges
2989 725 3186 778 ventris
3203 735 3258 779 et
3285 723 3428 780 finds

1855 816 2115 871 voracitas
2143 817 2394 884 imperata
2419 824 2520 869 est.
2875 870 2877 872 .

1925 904 2149 960 CAPUT
2187 904 2252 960 V.
2293 933 2358 944 —
2400 904 2452 958 6.
2496 903 2630 957 Visio
2673 901 2810 956 Petri
2845 903 3126 971 ﬁgurativa.
3182 901 3300 956 Vas.
3335 902 3427 956 Li-

1857 1011 1964 1048 nea:
1989 1003 2224 1066 quatuor.
2261 993 2367 1049 Sed
2405 1002 2579 1048 tamen
2620 1002 2676 1046 ut
2704 993 3006 1062 intelligatis
3041 994 3139 1048 hoc
3177 994 3227 1048 in
3265 994 3428 1064 ﬁgura

1853 1100 1978 1140 esse
2003 1093 2348 1140 monstratum
2369 1123 2386 1150 ,
2427 1095 2579 1139 erant
2607 1085 2659 1139 in
2687 1085 2774 1139 illo
2800 1100 2922 1138 vase
2947 1086 3230 1152 Serpentis.
3267 1087 3431 1140 Num-

1857 1178 2108 1248 quidnam
2130 1185 2335 1246 poterat
2354 1177 2671 1231 manducare
2697 1177 3002 1245 serpentes?
3027 1177 3160 1241 Quid
3183 1192 3310 1247 ergo
3330 1179 3428 1231 sibi

1857 1269 1970 1337 vult
1996 1267 2095 1322 ista
2128 1265 2475 1336 signiﬁcatio?
2505 1265 2610 1321 Vas
2648 1267 2770 1320 illud
2809 1267 3094 1320 Eeclcsiam
3125 1267 3428 1336 signiﬁcat:

1857 1367 2083 1429 quatuor
2111 1359 2264 1412 linea:
2288 1358 2477 1428 quibus
2499 1357 2858 1426 dependebat,
2884 1367 3108 1428 quatuor
3136 1369 3310 1428 partes
3339 1375 3430 1414 or-

1857 1450 1941 1505 bis
1970 1459 2226 1503 terrarum
2248 1488 2264 1512 ,
2306 1464 2399 1516 per
2435 1464 2567 1517 quas
2599 1448 2831 1502 tenditur
2870 1449 3104 1503 Ecclesia
3133 1450 3388 1504 catholica
3411 1491 3427 1514 ,

1859 1555 1978 1610 qua:
2007 1539 2199 1606 ubique
2233 1536 2422 1592 diﬁ'usa
2463 1546 2563 1591 est.
2594 1537 2920 1606 Quicumque
2961 1554 3086 1607 ergo
3125 1538 3349 1593 voluerit
3379 1539 3433 1592 in

1860 1637 2064 1698 partem
2101 1628 2199 1692 ire,
2226 1636 2280 1680 et
2304 1626 2370 1680 ab
2403 1626 2649 1680 universo
2677 1626 2970 1692 conscindi,
2996 1642 3098 1680 non
3123 1627 3346 1696 pertinet
3366 1626 3432 1680 ad

1853 1725 2086 1786 quatuor
2125 1715 2382 1770 linearum
2423 1725 2832 1768 sacramentum.
2867 1715 2922 1768 Si
2962 1726 3135 1770 autem
3165 1717 3229 1770 ad
3269 1718 3432 1772 visio-

1861 1821 1981 1866 nem
2005 1806 2146 1862 Petri
2175 1821 2279 1860 non
2310 1806 2558 1875 pertinet,
2589 1821 2688 1859 nec
2711 1806 2775 1857 ad
2802 1806 2978 1859 claves
3007 1823 3124 1875 qua:
3150 1807 3285 1860 datm
3311 1816 3437 1860 sunt

1863 1897 2040 1950 Petro.
2069 1897 2109 1949 A
2151 1904 2380 1965 quatuor
2413 1895 2554 1946 enim
2592 1894 2764 1949 ventis
2790 1894 2919 1948 dicit
2957 1896 3098 1948 Deus
3129 1896 3436 1965 congregari

1862 1997 2073 2046 sanctos
2095 2002 2222 2044 suos
2249 1988 2298 2042 in
2330 1986 2434 2041 ﬁne
2465 1986 2675 2058 (Matth.
2712 2003 2855 2052 χειν,
2882 1987 2972 2056 Si)
2997 2004 3010 2040 :
3039 1989 3160 2056 quia
3186 2003 3323 2041 nunc
3345 2002 3439 2057 per

1863 2095 2050 2134 omnes
2081 2080 2210 2134 istos
2232 2087 2457 2148 quatuor
2490 2077 2734 2132 cardines
2768 2077 2898 2132 ﬁdes
2923 2079 3222 2146 evangelica
3253 2079 3440 2132 dilata-

1866 2179 1968 2223 tur.
2014 2166 2272 2222 Animalia
2310 2181 2438 2236 ergo
2483 2166 2601 2231 illa,
2642 2164 2840 2220 Gentes
2878 2175 3018 2219 sunt.
3059 2165 3255 2220 Omnes
3296 2165 3438 2219 enim

1865 2259 2064 2314 Gentes
2087 2272 2203 2327 quae
2225 2255 2509 2310 immundae
2535 2264 2705 2321 erant,
2739 2256 2788 2308 in
2820 2256 3088 2309 erroribus
3112 2263 3166 2308 et
3186 2255 3440 2323 supersti-

1869 2351 2100 2406 tionibus
2143 2359 2199 2406 et
2244 2350 2689 2418 concupiscentiis
2737 2349 2874 2414 suis,
2921 2357 3200 2417 antequam
3240 2348 3441 2402 veniret

1867 2442 2127 2506 Christus,
2159 2441 2250 2496 illo
2273 2441 2590 2495 adveniente
2611 2439 2818 2493 donatis
2846 2438 2943 2491 sibi
2976 2439 3202 2507 peccatis
3233 2437 3441 2493 munda)

1868 2542 1993 2588 sunt
2015 2531 2190 2588 factm.
2227 2530 2373 2588 Unde
2393 2530 2502 2600 jam
2534 2540 2651 2599 post
2684 2527 3047 2583 remissionem
3084 2537 3440 2597 peccatorum,

1869 2641 2034 2697 quare
2055 2640 2160 2681 non
2189 2625 2510 2693 recipiantur
2531 2623 2581 2675 in
2612 2635 2803 2690 corpus
2823 2619 3038 2690 Christi,
3065 2618 3205 2688 quod
3232 2627 3315 2673 est
3343 2617 3443 2674 Ec-

1871 2717 2033 2772 clesia
2059 2715 2176 2778 Dei,
2203 2715 2353 2784 cujus
2375 2726 2652 2782 personam
2667 2710 2867 2774 Petrus
2891 2707 3166 2778 gestabat?

1943 2805 2167 2862 CAPUT
2209 2805 2296 2859 Vl.
2334 2834 2406 2846 -—
2430 2804 2483 2857 7.
2519 2801 2698 2854 Petrus
2737 2815 3000 2870 personam
3033 2798 3157 2868 gerit
3190 2797 3444 2851 Ecclesia.

1871 2897 2064 2952 Petrus
2083 2895 2223 2950 enim
2246 2895 2297 2948 in
2320 2892 2498 2946 multis
2518 2891 2647 2945 locis
2665 2889 3050 2958 Scripturarum
3071 2898 3289 2956 apparet
3306 2886 3445 2956 quod

1875 3003 2156 3058 personam
2189 2995 2363 3058 gestet
2401 2982 2687 3046 Ecclesiae;
2717 2981 2946 3035 maxime
2984 2980 3070 3033 illo
3114 2980 3166 3033 in
3207 2979 3323 3034 loco
3360 2979 3445 3034 ubi

1875 3080 2070 3135 dictum
2092 3087 2194 3143 est,
2221 3076 2330 3130 Tibi
2355 3075 2499 3128 trado
2533 3072 2694 3126 claves
2723 3072 2862 3140 regni
2887 3071 3144 3125 caelorum.
3181 3071 3448 3136 Qutecnm-

1874 3187 1971 3242 que
1994 3169 2223 3240 ligaveris
2251 3168 2302 3220 in
2325 3177 2456 3219 terra
2481 3207 2493 3229 ,
2533 3173 2673 3218 erunt
2703 3164 2857 3232 ligata
2882 3172 2927 3216 et
2961 3164 3011 3215 in
3041 3163 3200 3226 coelo;
3234 3172 3278 3214 et
3310 3177 3448 3231 qna:-

1875 3277 2085 3330 cttmque
2126 3259 2327 3312 solveris
2370 3258 2421 3310 in
2463 3267 2595 3310 terra
2613 3295 2629 3322 ,
2656 3265 2801 3308 erunt
2827 3255 2988 3308 soluta
3013 3264 3058 3307 el
3087 3256 3138 3307 in
3175 3255 3296 3307 caelo
3323 3252 3448 3324 (Id.

1877 3366 2002 3414 xu,
2043 3350 2165 3418 l9).
2197 3346 2458 3416 Numquid
2501 3347 2627 3400 istas
2665 3345 2841 3398 claves
2884 3344 3070 3398 Petrus
3120 3344 3355 3412 accepit,
3399 3353 3451 3399 et

1879 3442 2074 3500 Paulus
2099 3455 2204 3494 non
2232 3437 2474 3506 accepit?
2504 3437 2690 3490 Petrus
2714 3435 2936 3502 accepit,
2960 3443 3012 3487 et
3031 3434 3261 3487 Joannes
3281 3442 3334 3486 et
3358 3431 3452 3486 Ja-

1877 3535 2043 3589 cobus
2068 3544 2176 3586 non
2201 3529 2435 3596 accepit,
2469 3536 2520 3579 ct
2545 3524 2720 3578 cmtcri
2751 3523 3025 3592 Apostoli?
3066 3524 3167 3575 Aut
3194 3537 3296 3575 non
3329 3531 3452 3575 sunt

1878 3626 1994 3680 istae
2021 3623 2076 3679 in
2117 3618 2352 3675 Ecclesia
2398 3617 2571 3671 claves
2592 3657 2606 3679 ,
2648 3616 2732 3668 ubi
2766 3624 2975 3683 peccata
3004 3612 3237 3682 quotidie
3273 3612 3453 3666 dimit-

1880 3713 2100 3774 tuntur?
2125 3711 2234 3767 Sed
2261 3709 2509 3780 quoniam
2539 3707 2590 3760 in
2621 3705 3003 3774 signiﬁcatione
3044 3719 3322 3774 personam
3353 3703 3452 3757 Pe-

1879 3813 1992 3860 trus
2013 3801 2252 3875 gestabat
2281 3798 2556 3862 Ecclesiae,
2578 3795 2716 3866 quod
2743 3795 2814 3848 illi
2838 3795 2924 3846 uni
2946 3793 3121 3847 datum
3147 3801 3248 3852 est.
3275 3792 3454 3847 Eccle-

1879 3897 1974 3952 siae
1990 3894 2171 3950 datum
2193 3901 2291 3946 est.
2313 3891 2453 3960 Ergo
2477 3889 2666 3943 Petrus
2687 3886 2901 3957 ﬁguram
2920 3883 3452 3954 gestabatEcclesim;

1884 3987 2116 4046 Ecclesia
2142 3999 2334 4054 corpus
2370 3992 2452 4038 est
2474 3981 2689 4036 Christi.
2721 3978 2961 4047 Recipiat
2989 3977 3143 4046 igitur
3162 3977 3270 4045 jam
3299 3991 3453 4028 mun-

1881 4083 2032 4137 datas
2059 4079 2278 4138 Gentes.
2306 4077 2495 4146 quibus
2529 4080 2740 4142 peceata
2778 4070 2968 4123 donata
3007 4077 3157 4132 sunt;
3192 4066 3328 4120 unde
3357 4065 3442 4119 mi-

1881 4181 2025 4228 serat
2052 4171 2114 4225 ad
2164 4169 2310 4224 illum
2336 4165 2617 4222 Cornelius
2654 4160 2865 4232 gentilis
2903 4159 3090 4221 homo,
3121 4168 3172 4213 et
3200 4157 3287 4226 qui
3329 4171 3450 4210 cunt

1885 4265 1976 4320 illo
2001 4263 2226 4334 gentiles
2261 4270 2432 4314 erant.
2478 4255 2642 4324 Hujus
2671 4254 3020 4320 clcemosyurc
3044 4256 3272 4316 acceptze
3302 4262 3453 4299 mun-

1885 4356 2138 4411 daverant
2167 4366 2288 4406 eum
2308 4347 2373 4402 ad
2402 4345 2680 4416 quemdam
2709 4341 2921 4397 modum
2948 4358 2960 4395 :
2995 4338 3226 4394 restabat
3251 4347 3307 4391 ut
3333 4345 3452 4390 tan-

1882 4463 2039 4518 quam
2064 4445 2213 4500 cibus
2237 4439 2462 4496 mundus
2489 4440 2910 4505 incorporarctur
2937 4416 3203 4492 Ecclesim,
3232 4429 3330 4482 hoc
3351 4435 3450 4491 est,

1883 4536 2092 4606 corpori
2126 4531 2351 4588 Domini.
2381 4530 2567 4583 Petrus
2583 4535 2756 4580 autem
2777 4521 3069 4592 trepidabat
3087 4519 3294 4575 tradere
3313 4519 3458 4573 Cen-

1887 4629 2024 4684 tibus
2049 4622 2390 4692 Evangelium
2417 4638 2428 4672 :
2451 4619 2570 4688 quia
2593 4617 2665 4669 illi
2684 4614 2769 4683 qui
2791 4612 3123 4667 crediderant
3141 4627 3206 4664 ex
3226 4610 3455 4662 cireum-

1885 4718 2117 4777 cisionc,
2169 4710 2518 4782 prohibebant
2566 4705 2848 4775 Apostolos
2882 4703 3088 4756 tradere
3131 4699 3457 4755 incircumci—

1887 4810 1959 4864 sis
2005 4805 2344 4862 cbristiauam
2389 4801 2581 4862 ﬁdem;
2624 4806 2677 4851 et
2715 4796 2956 4849 dicebant
2995 4808 3097 4846 non
3140 4808 3231 4846 eos
3267 4791 3458 4845 debere

1890 4899 2144 4955 accedere
2191 4895 2258 4948 ad
2305 4889 2755 4961 participalitnmm
2806 4883 3095 4951 Evangelii,
3141 4882 3457 4946 uisisusce-

1888 4993 2091 5062 pissent
2135 4983 2626 5042 circumcisionem,
2667 4993 2782 5046 qua:
2825 4973 3010 5026 tradita
3062 4962 3174 5026 erat
3224 4969 3459 5038 patribus

1886 5096 2182 5227 εοὲΙᾸηὶξυΤ
2227 5159 2484 5216 \'ll.—8.
2521 5155 2752 5210 Gentium
2777 5151 2987 5222 receptio
3006 5151 3143 5203 intra
3163 5147 3457 5201 Ecclesium.

1893 5265 2000 5320 Vas
2029 5275 2156 5329 ergo
2193 5255 2316 5311 illud
2346 5250 2726 5306 dubitationem
2769 5246 2918 5299 istam
2953 5241 3160 5296 sustulit
3200 5257 3212 5292 :
3254 5248 3306 5292 ct
3343 5238 3464 5293 ideo

1892 5364 2014 5427 post
2041 5351 2185 5406 illam
2211 5345 2465 5400 visionem
2499 5337 2799 5392 admonitus
2824 5344 2906 5389 est
2931 5333 2996 5386 ab
3021 5331 3216 5400 Spiritu
3249 5336 3463 5392 sancto,

1897 5418 1954 5502 ut
1973 5439 2320 5500 descenderet
2337 5445 2391 5490 et
2413 5435 2512 5488 iret
2529 5446 2648 5486 cum
2669 5429 2747 5483 eis
2767 5427 2855 5495 qui
2875 5418 3124 5479 venerant
3146 5438 3172 5472 τι
3195 5418 3462 5481 Cornelio,

1897 5548 1952 5596 et
1969 5534 2222 5608 perrexit.
2246 5527 2523 5586 Cornelius
2549 5521 2689 5577 enim
2715 5527 2765 5573 et
2786 5516 2874 5586 qui
2898 5530 3015 5569 cum
3043 5512 3131 5568 illo
3155 5517 3326 5574 erant,
3353 5516 3467 5561 tan-

1897 5596 2054 5700 quam
2075 5640 2141 5680 ex
2167 5621 2275 5677 illis
2293 5615 2606 5674 animalibus
2633 5608 2974 5670 habebantur,
3004 5618 3120 5673 qua:
3141 5602 3192 5656 in
3215 5615 3337 5653 vase
3359 5596 3458 5651 fue-

1901 5689 2022 5779 rant
2039 5715 2398 5774 demonstrata
2425 5723 2442 5763 :
2471 5716 2605 5777 quos
2625 5709 2798 5755 tamen
2819 5711 2923 5768 1am
2941 5691 3280 5749 mundaverat
3308 5689 3466 5753 Deus,

3319 341 3505 396 809-
