3850 6188
443 350 550 406 803

443 466 565 537 quia
589 463 955 529 eleemosynas
971 465 1162 509 eorum
1185 449 1308 506 inde
1325 453 1714 518 aceeptaverat.
1737 438 2024 498 Occidendi

444 529 574 625 ergo
597 559 750 607 erant
775 557 830 603 et
849 542 1228 609 manducandi,
1261 540 1313 596 id
1339 547 1442 603 est,
1474 546 1534 593 nt
1561 533 1948 590 interﬁceretur
1976 529 2029 585 in

443 650 524 704 eis
545 647 653 699 vita
689 641 980 712 praeterita,
1024 652 1127 707 qua
1171 649 1278 690 non
1323 638 1586 687 noverant
1627 627 1934 689 Christum;
1979 630 2033 677 et

445 736 736 793 transirent
778 733 831 787 in
873 743 1069 800 corpus
1105 727 1250 796 ejus,
1291 733 1538 793 tanquam
1567 720 1622 775 in
1649 732 1840 773 novam
1869 715 2033 769 vitam

444 829 715 885 societatis
741 823 1015 880 Ecclesiae.
1052 819 1182 874 Nam
1227 827 1282 872 et
1317 816 1433 886 ipse
1463 814 1650 867 Petrus
1677 824 1798 864 cum
1835 805 1901 860 ad
1939 818 2033 860 eos

446 921 715 985 venisset,
745 913 1182 973 commemoravit
1211 909 1442 964 breviter
1474 904 1598 975 quid
1628 902 1729 957 sibi
1757 901 1810 954 in
1841 899 1930 953 illa
1957 897 2035 951 vi-

448 1015 601 1070 sione
643 1016 995 1064 monstratum
1037 1004 1126 1058 sit.
1157 1002 1246 1055 Ait
1269 1000 1414 1055 enim
1445 1015 1458 1050 :
1491 995 1558 1050 Et
1591 1009 1676 1048 eos
1711 993 1846 1047 scitis
1881 1004 2034 1061 quam

447 1105 681 1161 illicitum
709 1103 772 1156 sit
795 1101 902 1154 viro
930 1097 1113 1152 Indico
1129 1094 1387 1163 conjungi,
1411 1100 1498 1144 aut
1518 1088 1751 1142 accedere
1767 1085 1834 1138 ad
1855 1081 2036 1136 alieni-

448 1211 629 1268 genam
654 1210 673 1247 :
702 1192 790 1247 sed
816 1191 938 1244 mihi
973 1187 1111 1241 Deus
1153 1183 1396 1247 ostendit,
1441 1181 1688 1235 neminem
1723 1187 2037 1230 communem

451 1295 537 1342 aut
577 1283 896 1340 immundum
943 1279 1192 1333 hominem
1239 1271 1420 1328 dicere.
1477 1269 1629 1338 Quod
1686 1268 1868 1335 utique
1912 1273 2038 1318 tunc

451 1376 684 1433 ostendit
707 1375 867 1439 Deus,
898 1385 1018 1426 cunt
1055 1384 1158 1422 vox
1187 1367 1275 1420 illa
1305 1363 1480 1418 sonuit
1515 1378 1527 1414 :
1563 1360 1688 1426 Quae
1719 1357 1856 1410 Deus
1887 1371 2037 1408 mun-

451 1469 620 1533 davit,
653 1475 707 1518 tu
744 1480 808 1517 ne
847 1459 1110 1516 immunda
1147 1457 1353 1510 dixeris.
1396 1455 1463 1508 Et
1499 1460 1686 1522 postea
1719 1448 1941 1503 veniens
1967 1445 2036 1500 ad

453 1559 645 1613 fratres
675 1556 728 1610 in
753 1553 1160 1622 Jerosolymam,
1183 1561 1304 1601 etun
1327 1543 1539 1615 quidam
1567 1540 2030 1602 tumultuarentur,

452 1650 594 1722 quod
623 1647 882 1705 Gentibus
907 1642 1247 1714 Evangelium
1277 1638 1596 1702 traderetur,
1628 1637 1924 1705 reprimens
1946 1645 2038 1686 eo-

453 1757 571 1797 rum
599 1737 1032 1800 commotionem,
1061 1732 1222 1788 etiam
1251 1731 1424 1800 ipsum
1451 1727 1624 1781 visum
1652 1734 2039 1777 commemora-

454 1832 532 1886 vit
558 1829 692 1903 (Act.
719 1825 794 1898 ιι)
821 1843 833 1878 :
855 1825 996 1896 quod
1007 1823 1120 1917 .nisi
1142 1821 1209 1876 ad
1229 1819 1473 1875 eamdem
1497 1813 1895 1884 intelligentiam
1918 1825 2072 1918 per)

457 1922 669 1982 tineret,
699 1905 1223 1972 commemorandum
1253 1925 1359 1964 non
1389 1916 1553 1964 esset.

523 2009 750 2068 CAPUT
791 2007 926 2063 VIII.
964 2033 1038 2046 --
1079 2005 1134 2059 9.
1172 2002 1424 2056 Linteum.
1468 1995 1734 2052 Fortassis
1773 2001 2041 2064 qumratur

457 2105 615 2160 etiam
643 2101 794 2164 illud,
823 2114 988 2170 quare
1017 2097 1238 2152 linteum
1260 2101 1397 2159 erat,
1427 2091 1478 2146 in
1501 2104 1608 2160 quo
1626 2097 1779 2144 erant
1805 2087 1890 2140 illa
1919 2086 2038 2140 ani~

457 2193 634 2248 malia.
674 2190 792 2244 Non
835 2189 1015 2258 utique
1053 2186 1170 2240 sine
1203 2196 1383 2238 causa.
1426 2178 1682 2235 Novimus
1720 2177 1860 2231 enim
1899 2173 2040 2245 quod

352 2306 353 2309 η
457 2284 678 2339 linteum
704 2281 845 2335 tinea
868 2293 970 2333 non
993 2273 1277 2337 consumit,
1305 2287 1426 2342 qum
1446 2277 1620 2324 vestes
1648 2269 1778 2321 alias
1801 2281 2042 2321 corrum-

456 2375 555 2445 pit.
587 2370 847 2427 Excludat
869 2366 1232 2437 unusquisque
1259 2362 1328 2418 de
1354 2360 1516 2417 corde
1543 2373 1644 2414 suo
1672 2357 2043 2426 corruptiones

456 2465 716 2521 malarum
745 2460 1313 2530 concupiscentiarum,
1346 2465 1504 2524 atque
1529 2453 1601 2507 ita
1630 2449 2042 2520 incorruptibili-

457 2565 541 2611 ter
570 2556 808 2610 tlrmetur
829 2554 884 2606 in
907 2551 1039 2615 ﬁde,
1061 2559 1121 2603 ut
1149 2547 1325 2618 pravis
1359 2544 1764 2614 cogitationibus
1792 2551 2042 2610 tanquam

459 2648 617 2703 tineis
642 2661 749 2700 non
789 2651 1122 2714 pcnetretur,
1155 2639 1200 2694 si
1226 2637 1350 2692 'vult
1389 2636 1455 2691 ad
1488 2641 1876 2690 sacramentum
1903 2633 2044 2688 illius

458 2737 607 2792 lintei
638 2734 936 2805 pertinere,
967 2745 1074 2802 quo
1105 2730 1361 2800 ﬁguratur
1389 2726 1650 2782 Ecclesia.

500 2825 753 2883 'CAPUT
787 2823 878 2879 IX.
906 2854 978 2866 —
1005 2823 1093 2878 IO.
1129 2820 1290 2875 Trina
1325 2819 1608 2875 submissio.
1658 2818 1832 2886 Quare
1873 2825 1952 2873 ter
1978 2817 2046 2874 de

459 2921 597 2978 celo
635 2918 957 2975 submissum
983 2915 1098 2971 est?
1125 2913 1260 2982 Quia
1297 2914 1427 2983 ipsae
1458 2926 1648 2966 omnes
1674 2911 1897 2977 Gentes,
1926 2926 2046 2981 quae

460 3013 729 3085 pertinent
752 3010 817 3064 ad
843 3017 1070 3080 quatuor
1093 3015 1273 3076 partes
1302 3005 1448 3060 orbis
1475 3013 1649 3070 teme,
1679 3019 1784 3074 qua
1803 3004 2048 3060 dissemi-

460 3112 618 3159 natur
657 3101 916 3166 Ecclesia,
966 3111 1123 3168 quam
1166 3094 1534 3166 signiﬁcabant
1580 3104 1806 3164 quatuor
1852 3094 2042 3162 lineae,

460 3195 656 3265 quibus
677 3207 773 3247 vas
808 3189 938 3244 illud
965 3187 1413 3254 connectebatur,
1442 3187 1494 3240 in
1524 3187 1740 3241 nomine
1771 3185 2046 3242 Trinitatis

465 3286 816 3356 baptizantur.
845 3283 900 3336 In
931 3281 1147 3336 nomine
1169 3278 1342 3333 Patris
1366 3289 1419 3334 et
1447 3277 1566 3332 Filii
1593 3285 1648 3333 et
1666 3277 1895 3347 Spiritus
1918 3293 2045 3333 san-

465 3377 537 3432 cti
565 3373 843 3430 credentes
871 3372 1210 3435 innovantur,
1243 3376 1299 3422 ut
1325 3367 1624 3437 pertineant
1646 3367 1713 3421 ad
1737 3367 2045 3422 societatem

466 3465 1000 3531 communionemque
1024 3467 1350 3515 sanctorum.
1376 3457 1617 3524 Quatuor
1647 3471 1777 3526 ergo
1810 3457 1964 3510 linea:
1991 3465 2047 3511 et

465 3557 604 3614 trina
629 3555 936 3619 submissio,
957 3553 1116 3608 etiam
1141 3549 1527 3606 duodenarium
1551 3548 1924 3618 Apostolorum
1951 3564 2049 3602 nu-

465 3663 672 3705 merum
695 3643 962 3702 ostendit:
991 3652 1239 3713 tanquam
1267 3640 1434 3695 temis
1461 3653 1554 3708 per
1571 3647 1800 3708 quatuor
1820 3638 2047 3707 deputa-

465 3739 554 3794 tis.
586 3738 783 3806 Quater
806 3734 951 3790 enim
991 3733 1111 3797 tria,
1143 3730 1425 3786 duodecim
1453 3728 1606 3784 ﬁunt.
1628 3727 1792 3794 Satis,
1820 3737 1880 3782 ut
1901 3726 2047 3782 arbiv

467 3837 600 3894 tror,
622 3827 690 3883 de
708 3828 810 3882 ista
833 3825 1036 3880 visione
1066 3829 1345 3877 tractatum
1376 3827 1477 3876 est.

536 3917 764 3975 CAPUT
799 3916 869 3972 Χ.
900 3945 964 3958 --
998 3915 1085 3970 Η.
1118 3912 1342 3980 Quaestio
1368 3910 1619 3976 secunda,
1653 3926 1716 3965 ex
1748 3907 2044 3981 Evangelia.

466 4011 583 4068 Alia
610 4009 833 4080 quaestio
875 4022 906 4061 a
947 4004 1104 4062 nobis
1133 4004 1290 4059 dilata
1326 4011 1466 4066 erat,
1506 4015 1672 4071 quare
1712 4000 1969 4055 Dominus
1996 3999 2049 4054 in

466 4103 585 4174 ipso
617 4114 866 4156 sermone
899 4111 1057 4168 quem
1088 4095 1140 4150 in
1172 4102 1354 4150 monte
1378 4092 1595 4158 habuit,
1621 4090 1755 4146 dixit
1777 4089 2050 4160 discipulis

467 4194 618 4249 suis:
640 4190 1036 4260 Luceanwpera
1063 4195 1224 4242 vestra
1249 4201 1418 4238 coram
1442 4183 1746 4248 hominibus,
1777 4189 1831 4233 ut
1850 4179 2052 4234 uideant

469 4285 600 4339 bona
623 4287 759 4354 facta
779 4290 963 4346 vestra,
995 4287 1042 4332 et
1071 4277 1352 4350 gloriﬁcent
1383 4273 1592 4328 Patrem
1617 4283 1854 4336 vestrum,
1883 4271 1970 4341 qui
1997 4271 2051 4325 in

469 4373 606 4429 cretis
625 4381 716 4426 est.
741 4370 811 4424 Et
837 4369 991 4440 paqu
1018 4377 1138 4437 post
1168 4367 1219 4420 in
1246 4381 1311 4422 eo
1337 4367 1453 4435 ipso
1476 4378 1725 4419 sermone
1753 4363 1846 4428 ait,
1875 4361 2052 4416 Cauete

470 4464 637 4532 facere
656 4460 910 4530 justitiam
938 4467 1152 4512 vestram
1176 4473 1346 4510 coram
1371 4455 1683 4520 hominibus,
1711 4463 1765 4508 ut
1784 4453 2052 4507 videamini

469 4551 534 4605 ab
569 4550 674 4613 eis;
708 4557 790 4614 et,
839 4547 921 4601 Sit
945 4545 1256 4614 eleemosyna
1290 4553 1375 4597 tua
1398 4544 1451 4597 in
1480 4543 1791 4610 abscondito,
1822 4551 1869 4596 et
1898 4541 2053 4596 Pater

472 4653 589 4696 tuus
621 4640 707 4711 qui
725 4640 855 4694 videt
883 4639 937 4693 in
971 4637 1262 4690 abscondito
1281 4677 1296 4702 ,
1332 4635 1507 4689 reddet
1533 4635 1638 4688 tibi.
1667 4635 1910 4690 Fluctuat
1934 4635 2052 4704 ple-

473 4745 697 4803 rumque
719 4737 971 4800 operator
994 4729 1136 4784 inter
1172 4726 1287 4781 hate
1321 4725 1428 4780 duo
1453 4732 1738 4793 praecepta,
1769 4732 1827 4779 et
1851 4725 1938 4780 cui
1959 4725 2055 4781 ob-

471 4829 736 4894 temperet
759 4820 929 4876 nescit
954 4836 969 4875 :
1001 4818 1213 4889 quando
1239 4817 1422 4887 utique
1463 4815 1688 4871 Domino
1711 4816 1826 4871 vult
1848 4816 2056 4872 obtem-

473 4929 679 4988 perare,
698 4913 790 4983 qui
809 4923 1089 4982 utrumque
1109 4908 1362 4980 pra-cepit
1382 4908 1476 4979 (a).
1500 4907 1779 4975 Quomodo
1805 4907 2058 4962 lucebunt

467 5029 627 5084 opera
657 5014 841 5067 nostra
869 5020 1047 5061 coram
1075 5002 1398 5069 hominibus,
1427 5010 1485 5056 ut
1511 5001 1726 5056 videant
1750 4999 1888 5054 bona
1915 4999 2054 5056 facta

470 5113 681 5170 nostra;
705 5113 759 5160 et
778 5097 1048 5173 quomodo
1069 5111 1254 5150 rursus
1282 5095 1386 5151 erit
1413 5094 1753 5164 eleemosyna
1785 5101 1965 5146 nostra
1995 5090 2052 5146 in

467 5193 825 5251 abscondito?
853 5192 908 5248 Si
939 5192 1038 5247 hoc
1065 5187 1353 5248 observare
1377 5184 1619 5252 voluero,
1648 5183 1699 5238 in
1726 5182 1854 5237 illud
1887 5181 2056 5237 oﬁ‘en-

468 5286 577 5340 do:
614 5286 659 5340 si
689 5283 818 5339 illud
848 5283 1233 5350 observavero,
1263 5276 1389 5336 hinc
1432 5291 1612 5346 pecco.
1658 5275 1796 5344 Ergo
1833 5283 2056 5344 uterque

469 5374 757 5445 Scriptura:
796 5374 941 5428 locus
981 5373 1052 5427 ita
1079 5366 1458 5441 temperandus
1486 5375 1589 5432 est,
1621 5374 1678 5420 ut
1705 5364 2056 5421 ostendantur

468 5465 646 5521 divina
672 5474 934 5536 pmcepta
955 5463 1175 5519 adversa
1201 5461 1299 5517 sibi
1325 5477 1446 5518 esse
1467 5472 1574 5517 non
1603 5461 1780 5531 posse}
1802 5455 1933 5510 Nam
1956 5456 2053 5511 ista

469 5571 588 5627 quae
616 5554 828 5612 videtur
858 5570 1028 5625 pugna
1061 5553 1113 5608 in
1149 5552 1348 5621 verbis,
1383 5567 1564 5623 pacem
1589 5543 1940 5608 intellecturis
1969 5547 2053 5601 in-

531 5731 604 5792 (ᾳ)
627 5729 740 5780 vide
759 5741 923 5792 supra,
939 5743 1085 5781 serat.
1119 5729 1189 5791 ιτ,
1212 5741 1258 5778 n.
1291 5728 1362 5793 13,
1387 5737 1437 5780 et
1455 5742 1603 5781 serm.
1626 5729 1706 5787 δι.
1729 5743 1777 5778 n.
1805 5733 1848 5782 I.

1695 333 1755 388 Β.
1797 324 2159 388 AUGUSTINI
2197 319 2504 380 EPISCOPI

3620 323 3727 379 805

2138 436 2320 506 quirit.
2344 434 2545 489 Habeat
2572 431 2796 504 quisque
2829 445 2952 486 cum
2990 431 3088 487 Dei
3127 430 3288 488 verbo
3317 431 3372 486 in
3393 429 3559 486 corde
3589 445 3727 487 con-

2135 527 2477 592 cordiam,‘et
2496 525 2782 596 Scriptura:
2807 524 2948 580 nulla
2976 522 3241 580 discordia
3265 533 3366 579 est.

2207 616 2432 672 CAPUT
2471 616 2759 672 XL—IS.
2808 613 3061 669 Locorum
3110 631 3266 687 prava
3307 616 3728 686 interpretatione

2137 708 2413 763 discordia.
2452 707 2681 779 Virgines
2718 709 2882 762 oleum
2914 724 3016 761 non
3058 712 3291 778 ferentes.
3324 707 3576 777 Propone
3600 723 3731 778 ergo

2139 799 2412 856 hominem
2438 801 2831 871 eleemosynam
2853 798 3158 863 facientem,
3183 800 3262 854 sic
3291 808 3349 854 ut
3383 799 3610 854 omnino
3637 815 3731 852 ne-

2138 891 2274 947 sciat
2295 890 2506 961 aliquis,
2533 891 2578 945 si
2601 890 2714 946 ﬁeri
2738 898 2935 960 potest,
2968 903 3066 944 nec
3087 889 3177 943 ille
3197 888 3283 943 cui
3309 887 3505 953 datur;
3531 898 3592 943 ut
3612 889 3730 958 ejus

2139 987 2302 1042 etiam
2329 985 2514 1042 oculos
2543 984 2716 1039 vitans
2744 995 2905 1052 ponat
2927 984 3102 1052 potius
3119 981 3259 1051 quod
3277 981 3541 1047 inveniat,
3568 997 3728 1052 quam

2139 1079 2376 1149 porrigat
2399 1076 2542 1147 quod
2571 1077 2817 1144 accipiat.
2847 1075 2984 1143 Quid
3029 1083 3205 1144 potest
3251 1075 3428 1130 facere
3469 1075 3728 1144 amplius,

2140 1180 2199 1226 ut
2225 1170 2517 1226 abscondat
2535 1170 2929 1238 eleemosynam
2957 1168 3142 1221 suam?
3165 1166 3267 1220 Iste
3288 1167 3472 1239 utique
3497 1165 3726 1221 incurrit

2142 1261 2194 1315 in
2217 1261 2361 1315 illam
2399 1258 2754 1324 sententiam,
2783 1267 2839 1312 et
2863 1273 2968 1312 non
2997 1257 3124 1312 facit
3155 1257 3299 1327 quod
3329 1256 3593 1312 Dominus
3619 1258 3727 1322 ait,

2140 1352 2362 1406 aneant
2386 1368 2542 1423 opera
2567 1361 2734 1406 vestra
2755 1366 2932 1404 coram
2961 1349 3266 1413 hominibus,
3291 1359 3343 1401 ut
3369 1349 3577 1402 uideant
3596 1348 3732 1402 bona

2141 1446 2277 1515 facta
2301 1453 2482 1497 uestra.
2514 1442 2684 1497 Nemo
2704 1441 2849 1496 videt
2874 1440 3013 1495 facta
3044 1439 3164 1509 ejus
3194 1439 3356 1507 bona,
3398 1453 3510 1495 non
3542 1440 3734 1495 invitat

2139 1536 2208 1590 ad
2236 1535 2572 1591 imitandum.
2591 1535 2759 1589 Erunt
2785 1532 2963 1588 caeteri
2987 1532 3218 1599 steriles,
3250 1540 3510 1601 quantum
3533 1531 3588 1584 in
3615 1531 3731 1600 ipso

2141 1636 2258 1690 est,
2279 1626 2406 1680 dum
2429 1634 2613 1694 putant
2635 1640 2666 1678 a
2696 1624 2909 1678 nemine
2929 1623 3043 1678 ﬁeri
3067 1622 3210 1692 quod
3252 1621 3510 1692 pnecepit
3540 1621 3686 1676 Deus
3706 1661 3722 1687 ,

2141 1715 2189 1770 si
2210 1715 2311 1770 hoc
2325 1713 2570 1770 homines
2593 1722 2771 1785 agant,
2793 1721 2975 1768 utnon
2995 1712 3274 1767 videantur
3295 1711 3432 1767 bona
3455 1726 3629 1781 opera
3642 1726 3731 1766 α)-

2142 1821 2260 1861 rum
2285 1822 2299 1861 :
2324 1821 2448 1860 cum
2469 1805 2642 1874 major
2663 1803 3029 1860 misericordia
3071 1804 3128 1858 in
3169 1817 3292 1858 eum
3328 1803 3440 1868 ﬁat,
3469 1802 3561 1857 cui
3609 1818 3731 1873 pro-

2142 1895 2363 1967 ponitur
2381 1897 2536 1951 bonae
2555 1894 2865 1950 imitationis
2891 1892 3219 1964 exemplum,
3253 1907 3413 1963 quam
3439 1893 3531 1947 cui
3553 1895 3727 1963 porri.

2142 1987 2283 2056 gitur
2306 1984 2580 2041 reﬁciendi
2598 1983 2841 2054 corporis
2857 1984 3187 2039 alimentum.
3217 1982 3465 2052 Propone
3493 1983 3721 2045 alterum

2143 2077 2508 2148 eleemosynas
2546 2089 2671 2130 suas
2701 2074 2843 2144 apud
2886 2075 3140 2144 populum
3183 2074 3532 2130 ventilantem
3569 2084 3730 2145 atque

2139 2169 2428 2238 jactantem
2448 2210 2462 2231 ,
2486 2165 2617 2221 nihil
2641 2165 2784 2220 aliud
2810 2166 2863 2220 in
2883 2166 2962 2220 eis
2995 2179 3156 2236 quam
3183 2164 3325 2220 velle
3353 2164 3564 2220 laudari
3596 2183 3611 2218 :
3646 2165 3728 2218 lu-

2143 2269 2302 2318 ceant
2327 2276 2487 2331 opera
2515 2261 2630 2331 eius
2665 2274 2845 2314 coram
2882 2259 3207 2314 hominibus.
3236 2258 3434 2314 Videtis
3461 2259 3595 2328 quia
3629 2275 3730 2314 non

2145 2351 2364 2407 oﬂ'endi't
2394 2352 2448 2405 in
2489 2351 2617 2404 illud
2658 2359 2978 2419 prmceptum
3011 2366 3027 2404 :
3057 2348 3152 2405 sed
3173 2349 3393 2404 oﬁ‘endit
3421 2349 3476 2404 iu
3501 2349 3729 2405 alterum

2145 2440 2372 2496 dicentis
2408 2439 2653 2504 Domini,
2685 2437 2767 2494 Sit
2815 2438 3134 2508 eleemosgna
3174 2447 3263 2492 tua
3306 2438 3361 2492 in
3411 2437 3729 2492 abscondito.

2145 2530 2292 2584 Talis
2319 2529 2408 2600 qui
2435 2529 2620 2594 fuerit,
2661 2529 2823 2582 etiam
2871 2527 3155 2597 pigrescit,
3201 2527 3248 2581 si
3289 2525 3524 2581 existant
3566 2527 3732 2597 aliqui

2148 2621 2316 2689 impii,
2345 2619 2434 2689 qui
2464 2618 2600 2672 forte
2628 2615 3022 2687 reprehendant
3063 2614 3204 2685 quod
3253 2615 3398 2669 facit.
3434 2614 3642 2670 Pendet
3669 2630 3732 2670 ex

2149 2712 2324 2781 lingua
2349 2709 2677 2764 laudantium
2709 2726 2722 2762 :
2747 2707 2939 2762 similis
2957 2716 3050 2761 cst
3075 2714 3257 2761 autem
3287 2705 3582 2775 virginibus
3614 2721 3734 2777 qua:

2149 2815 2254 2855 non
2282 2799 2686 2870 portantoleum
2716 2811 2919 2852 secum.
2953 2795 3132 2850 Nostis
3156 2795 3300 2850 enim
3346 2796 3582 2866 quinque
3627 2795 3735 2850 vir-

2146 2893 2298 2962 gines
2340 2890 2549 2955 stultas,
2587 2905 2707 2958 qua:
2757 2888 2933 2943 oleum
2977 2901 3160 2941 secum
3203 2901 3308 2939 non
3345 2894 3730 2955 portaverunt;

2147 2983 2280 3036 alias
2303 2989 2480 3035 autem
2498 2982 2786 3049 sapientes,
2810 2991 2928 3046 qua:
2956 2976 3136 3032 oleum
3156 2991 3335 3031 secum
3359 2985 3728 3045 portarerunt.

2149 3073 2396 3130 Omnium
2424 3071 2697 3140 lampades
2715 3069 2960 3124 Iacebant
2989 3086 3000 3120 :
3029 3067 3127 3122 sed
3166 3067 3286 3122 alia:
3315 3082 3422 3122 non
3464 3067 3734 3123 habebant

2149 3179 2329 3220 secum
2359 3162 2499 3218 unde
2525 3161 2671 3216 illam
2701 3168 2980 3230 pascerent
3000 3158 3196 3225 lucem,
3220 3170 3275 3214 et
3299 3159 3367 3213 ab
3386 3160 3466 3215 eis
3490 3176 3617 3230 qua:
3645 3161 3733 3215 ha-

2149 3256 2348 3311 bebant
2377 3254 2451 3308 ita
2501 3252 2982 3322 distinguebantur,
3027 3260 3088 3305 ut
3134 3251 3240 3305 illa:
3276 3251 3474 3316 stultae,
3517 3252 3626 3308 illa:
3649 3269 3730 3308 sa-

2151 3346 2358 3415 pientes
2377 3343 2682 3397 dicerentur
2707 3341 2920 3412 (Mattlt.
2946 3355 3073 3405 xxv,
3103 3339 3276 3411 l-I'5).
3301 3340 3438 3407 Quid
3476 3353 3562 3396 est
3585 3357 3729 3414 ergo,

2149 3436 2291 3490 ferre
2313 3434 2494 3488 oleum
2533 3447 2751 3499 secum,
2805 3431 2909 3486 nisi
2954 3430 3154 3486 habere
3193 3431 3582 3486 conscientiam
3629 3433 3732 3502 pla-

2149 3525 2305 3581 cendi
2330 3525 2440 3580 Deo
2471 3523 2540 3579 de
2567 3524 2722 3579 bonis
2749 3521 3023 3594 operibus,
3048 3532 3102 3577 et
3123 3537 3230 3578 non
3257 3523 3328 3576 ibi
3375 3525 3540 3580 tinem
3558 3525 3731 3594 gaudii

2149 3620 2232 3673 sui
2260 3631 2479 3689 ponere,
2509 3618 2556 3670 si
2576 3616 2823 3670 homines
2863 3614 3101 3681 laudent,
3129 3615 3217 3685 qui
3239 3617 3626 3670 conscientiam
3655 3618 3732 3669 vi-

2125 3710 2280 3764 ‘dere
2302 3723 2409 3762 non
2434 3707 2688 3777 possunt?
2718 3706 2850 3772 Quia
2876 3704 3190 3771 faciseuim,
3221 3715 3396 3774 potest
3421 3706 3608 3764 ridere
3642 3706 3730 3761 bo-

2152 3813 2242 3854 mo
2274 3815 2288 3852 :
2315 3812 2422 3868 quo
2441 3807 2618 3851 autem
2639 3797 2819 3850 animo
2845 3795 3024 3861 faciat,
3049 3797 3188 3850 Deus
3218 3796 3380 3850 videt.

2223 3886 2448 3943 CAPUT
2491 3884 2812 3940 XII.—-I3.
2859 3884 3208 3940 Conciliantur
3260 3884 3374 3938 loca
3422 3886 3477 3938 in
3524 3889 3728 3957 speciem

2153 3978 2427 4033 contraria.
2489 3977 2858 4046 Proponamus
2919 3991 3050 4046 ergo
3117 3977 3348 4047 aliquem
3413 3987 3727 4049 praeceptae:

2153 4081 2439 4140 utrumque
2483 4078 2805 4133 servantem,
2862 4069 3072 4138 utrique
3115 4069 3481 4126 obedientem.
3507 4073 3726 4143 Porrigit

2155 4175 2346 4231 panem
2382 4159 2659 4224 esurienti,
2691 4167 2748 4213 et
2771 4158 2989 4227 porrigit
3017 4173 3195 4213 coram
3225 4161 3330 4215 illis
3352 4177 3490 4230 quos
3521 4162 3630 4217 vult
3657 4161 3728 4216 [ι-

2156 4267 2282 4306 cere
2308 4251 2604 4305 imitatores
2645 4265 2806 4313 suos;
2840 4250 3074 4305 imitatus
3101 4251 3262 4305 etiam
3298 4253 3618 4322 Apostulum
3650 4254 3726 4308 di-

2155 4351 2394 4406 centem,
2439 4340 2730 4395 Imitatores
2754 4343 2848 4395 mei
2874 4349 3048 4409 estote,
3077 4342 3205 4396 sicut
3251 4355 3298 4397 et
3340 4361 3434 4416 ego
3469 4343 3725 4416 Christi“

2157 4431 2277 4486 Cor.
2309 4445 2387 4496 tv,
2417 4431 2506 4494 I6,
2537 4440 2585 4484 et
2620 4445 2700 4497 ιι,
2734 4431 2806 4501 I).
2833 4431 3066 4502 Porrigit
3103 4447 3231 4501 ergo
3272 4436 3493 4503 pauperi
3526 4451 3722 4506 panetn,

2157 4520 2468 4578 manifestus
2493 4522 2544 4576 in
2570 4537 2754 4591 opere,
2775 4522 3000 4578 devotus
3018 4523 3071 4576 in
3100 4525 3280 4578 corde.
3315 4524 3508 4581 Utrum
3531 4527 3723 4582 laudem

2156 4628 2306 4668 suam
2335 4614 2406 4668 ibi
2434 4623 2637 4683 quierat
2656 4655 2671 4680 ,
2694 4629 2762 4667 an
2781 4613 3005 4683 gloriam
3033 4615 3126 4670 Dei
3157 4616 3334 4672 nullus
3357 4616 3634 4674 hominum
3656 4618 3722 4672 vi-

2159 4705 2268 4773 det,
2300 4705 2476 4761 uullus
2503 4704 2778 4759 hominum
2803 4704 3006 4773 judieat
3037 4723 3052 4759 :
3082 4705 3176 4760 sed
3205 4717 3384 4762 tamen
3407 4709 3482 4762 illi
3513 4710 3600 4780 qui
3620 4718 3722 4762 stu-

2159 4798 2248 4854 dio
2272 4797 2532 4853 benevolo
2559 4799 2625 4851 ad
2651 4797 2962 4852 imitandum
2992 4799 3160 4867 parati
3193 4809 3340 4866 sunt,
3367 4802 3516 4869 quod
3543 4803 3725 4858 bonum

2161 4890 2276 4946 ﬁeri
2313 4889 2512 4952 vident,
2537 4889 2696 4944 etiam
2721 4889 2806 4958 pio
2820 4889 2999 4943 animo
3020 4888 3133 4942 ﬁeri
3162 4889 3389 4946 credunt
3410 4909 3426 4955 ;
3450 4902 3507 4946 et
3523 4891 3723 4946 laudant

2161 4981 2352 5046 Deum,
2381 4979 2532 5048 cujus
2554 4989 2826 5048 pris-cepto
2852 4978 3066 5033 etdono
3102 4979 3226 5033 talia
3247 4977 3366 5034 ﬁeri
3397 4981 3596 5036 vident.
3625 4983 3724 5047 Ap-

2161 5079 2313 5142 paret
2338 5085 2468 5139 ergo
2495 5083 2628 5138 opus
2651 5068 2786 5138 ejus,
2828 5079 2885 5122 ut
2912 5068 3129 5123 videant
3155 5068 3425 5136 homines,
3456 5083 3512 5126 et
3543 5069 3725 5141 gloriﬁ-

2161 5170 2286 5216 cent
2311 5161 2520 5215 Patrem
2541 5160 2630 5229 qui
2656 5160 2709 5213 in
2725 5159 2875 5214 caelis
2898 5167 3016 5214 est:
3044 5158 3159 5228 ipse
3185 5169 3366 5214 autem
3384 5160 3599 5216 eﬁ'ectus
3616 5159 3728 5226 ejus

2163 5255 2217 5309 in
2245 5253 2407 5309 corde
2427 5261 2538 5319 est,
2570 5261 2627 5305 ut
2652 5252 2722 5306 sit
2749 5251 3088 5322 eleemosyna
3113 5251 3230 5319 ejus
3247 5253 3302 5306 in
3331 5252 3651 5312 abscondito,
3671 5261 3728 5303 et

2162 5346 2320 5400 Pater
2345 5343 2435 5413 qui
2455 5341 2598 5396 videt
2623 5341 2675 5395 in
2701 5340 3012 5396 abscondito
3027 5380 3043 5405 ,
3063 5339 3252 5394 reddat
3279 5342 3350 5396 ei.
3372 5339 3605 5396 Servavit
3624 5339 3722 5392 iste

2162 5435 2379 5491 modum
2417 5447 2576 5504 quem
2611 5431 2831 5499 debuit,
2867 5430 3062 5486 nullius
3097 5431 3354 5501 prmeepti
3378 5437 3722 5498 contemptor,

2162 5527 2256 5584 sed
2284 5527 2561 5597 utriusque
2586 5523 2874 5597 perfector.
2893 5521 3050 5579 Cavit
3073 5521 3214 5578 enim
3255 5539 3325 5579 ne
3365 5521 3513 5578 ﬁeret
3529 5517 3727 5590 justiti:

2162 5624 2279 5692 ejus
2297 5635 2479 5678 coram
2509 5619 2837 5685 hominibus,
2860 5617 2913 5674 id
2941 5625 3044 5684 est,
3075 5631 3146 5672 ne
3187 5616 3262 5672 ibi
3297 5616 3512 5673 haberet
3541 5613 3726 5677 ﬁnem,

2165 5724 2222 5769 ut
2248 5715 2315 5770 ab
2341 5711 2644 5769 hominibus
2664 5709 3002 5774 laudaretur,
3045 5708 3259 5778 quando
3300 5723 3406 5764 non
3432 5721 3488 5762 se
3526 5706 3722 5774 ipsum.
