3850 6188
185 339 294 396 805

191 459 294 512 sed
314 455 484 509 Deum
509 445 746 505 voluitin
769 462 930 518 opere
968 460 1065 501 suo
1092 445 1230 499 bono
1273 439 1494 496 laudari.
1530 439 1600 493 Ea
1636 453 1766 494 vero

187 549 441 604 voluntas
469 544 591 614 quia
618 542 762 596 intus
786 548 867 594 est
905 539 956 592 in
985 537 1098 606 ipsa
1127 531 1471 597 conscientia,
1519 530 1656 585 facta
1681 539 1765 585 est

188 640 529 706 elecmosyna
571 633 656 686 illa
684 631 735 684 in
783 627 1110 692 abscondito,
1147 635 1204 680 ut
1248 624 1338 678 ille
1377 622 1652 688 retribuat,
1680 621 1767 675 cui

192 728 327 784 nihil
347 724 708 780 absconditur.
737 721 866 788 Quis
892 719 1032 775 enim
1058 726 1231 788 potest
1252 730 1346 770 cor
1361 729 1512 769 suum
1542 712 1769 767 homini-

194 820 296 874 bus
315 817 684 872 demonstrare
727 827 850 865 cum
897 809 1042 864 facit.
1095 818 1150 862 ut
1176 805 1420 862 ostendat
1464 820 1565 874 qua
1595 803 1771 858 inten-

193 911 338 963 tione
362 905 526 960 animi
557 902 748 959 faciat?

264 995 495 1053 CAPUT
532 993 674 1048 XIII.
693 1023 762 1033 —
787 992 872 1046 I4.
905 991 1094 1045 Sensus
1123 987 1372 1059 legitimus
1397 985 1652 1055 utriusque
1676 985 1772 1038 loci

194 1105 256 1144 ea:
278 1089 405 1159 ipsis
433 1086 621 1144 Christi
647 1083 803 1137 verbis
827 1081 1034 1136 eruitur.
1058 1078 1190 1133 Nam
1220 1089 1272 1132 et
1298 1079 1408 1148 ipsa
1437 1077 1616 1140 verba,
1669 1075 1773 1128 fra-

196 1191 324 1244 tres,
357 1179 488 1233 satis
516 1189 778 1247 perpense
807 1189 836 1226 a
879 1172 1104 1226 Domino
1146 1170 1284 1223 dicta
1315 1176 1456 1223 sunt.
1502 1165 1795 1234 Attendite,

195 1267 468 1339 quomodo
491 1265 631 1321 dicat
659 1281 670 1315 :
697 1260 877 1317 Cavete
902 1265 1068 1332 facere
1081 1259 1336 1329 justitiam
1361 1267 1575 1310 vestram
1598 1272 1768 1309 coram

195 1359 505 1420 hominibus,
533 1366 586 1408 ut
614 1353 902 1416 videamini,
937 1351 1126 1420 inquit,
1169 1350 1231 1402 ab
1260 1349 1348 1402 eis.
1379 1346 1436 1402 Si
1482 1347 1552 1401 ibi
1596 1346 1774 1416 posuit

196 1450 383 1515 linem,
418 1448 502 1502 ubi
528 1446 682 1509 dixit,
715 1452 769 1497 ut
807 1441 1076 1496 videamini
1123 1439 1184 1493 ab
1235 1440 1344 1513 eis;
1383 1439 1482 1492 iste
1531 1438 1652 1491 ﬁnis
1691 1445 1776 1491 est

195 1535 635 1607 reprehensibilis
671 1541 830 1602 atque
854 1529 1153 1601 eulpabilis,
1199 1543 1365 1598 usque
1395 1527 1461 1581 ad
1500 1526 1774 1580 hominum

199 1629 412 1683 Iaudem
455 1626 590 1681 velle
634 1624 970 1688 benefacere,
1027 1619 1158 1675 nihil
1206 1618 1433 1688 amplius
1482 1617 1603 1672 inde
1631 1632 1777 1687 qua:-

197 1736 340 1774 rere.
385 1713 634 1785 Quisquis
679 1729 805 1783 ergo
849 1712 970 1766 ideo
1016 1719 1218 1764 tantum
1268 1708 1416 1773 facit,
1447 1717 1510 1762 ut
1537 1708 1778 1762 videatur

195 1807 263 1861 ab
285 1805 628 1870 hominibus,
660 1799 1066 1871 reprehenditur
1090 1813 1120 1852 a
1145 1797 1367 1851 Domino
1406 1797 1460 1850 in
1507 1797 1604 1850 ista
1651 1809 1776 1850 sen-

198 1899 384 1954 tentia.
413 1895 524 1950 Illic
545 1908 672 1949 vero
698 1892 786 1947 ubi
821 1891 971 1961 jubet
1012 1888 1178 1944 videri
1207 1889 1342 1942 bona
1390 1887 1525 1941 facta
1570 1895 1772 1952 nostra,

199 2003 307 2044 non
338 1987 410 2041 ibi
441 1985 598 2040 ﬁnem
626 1983 822 2054 posuit,
866 1989 922 2034 ut
969 1977 1337 2034 tantummodo
1382 1975 1623 2030 homines
1671 1973 1775 2028 ho-

199 2079 398 2136 minem
425 2075 660 2139 videant,
692 2083 746 2128 et
767 2071 1043 2127 hominem
1070 2068 1323 2122 laudent:
1355 2065 1449 2121 sed
1480 2065 1669 2120 transit
1709 2063 1777 2119 ad

199 2171 424 2244 gloriam
455 2168 570 2233 Dei,
598 2175 656 2220 ut
680 2179 848 2236 usque
873 2161 939 2216 ad
965 2161 1111 2216 illam
1140 2158 1456 2230 perducatur
1502 2155 1778 2224 operantis

200 2260 446 2316 intentio.
474 2256 719 2320 Luceant,
752 2251 942 2322 inquit,
972 2266 1124 2319 opera
1148 2258 1311 2303 vestra
1358 2263 1527 2301 coram
1555 2245 1778 2299 homini-

201 2350 308 2412 bus,
337 2357 392 2401 ut
419 2346 618 2399 rideant
647 2345 774 2397 bona
793 2346 932 2412 facta
955 2349 1120 2393 vestra
1149 2336 1282 2391 :sed
1333 2351 1438 2390 non
1486 2335 1588 2389 hoc
1615 2333 1780 2388 debes

198 2452 461 2512 quaerere.
501 2434 640 2502 Quid
694 2431 860 2501 ergo?
903 2429 1064 2484 Addit
1103 2436 1158 2483 et
1201 2426 1360 2482 dicit:
1387 2435 1436 2480 et
1474 2425 1776 2496 gloriﬁcent,

200 2528 392 2597 inquit,
421 2524 626 2579 Patrem
653 2531 866 2576 vestrum
890 2519 975 2588 qui
1003 2519 1054 2571 in
1081 2517 1216 2571 cretis
1245 2525 1334 2569 est.
1365 2513 1477 2569 Hoc
1492 2515 1536 2568 si
1563 2515 1776 2584 qumris,

200 2628 252 2674 ut
277 2617 610 2688 gloriﬁcetur
637 2614 796 2679 Deus,
827 2611 935 2665 noli
976 2609 1163 2664 timere
1211 2623 1277 2662 ne
1317 2607 1542 2660 videaris
1591 2607 1657 2660 ab
1682 2607 1781 2660 ho-

199 2709 454 2765 minibus.
482 2707 660 2761 Etiam
712 2704 789 2758 sic
827 2703 967 2756 intus
997 2709 1078 2755 est
1104 2702 1443 2770 elcemosyna
1470 2706 1556 2752 tua
1605 2698 1658 2751 in
1682 2697 1779 2752 ab-

197 2799 478 2863 scondito;
506 2796 596 2850 ubi
624 2795 770 2850 solus
801 2793 887 2847 ille
921 2791 1074 2860 cujus
1098 2789 1319 2860 gloriam
1351 2787 1544 2857 qumris
1566 2827 1584 2854 ,
1616 2795 1667 2841 te
1693 2785 1779 2840 vi-

194 2891 286 2947 det
314 2889 420 2944 hoc
445 2900 705 2958 quaerere.
739 2882 888 2939 Unde
911 2881 1185 2951 apostolus
1208 2879 1405 2933 Paulus
1432 2888 1777 2949 posteaquam

199 2979 477 3050 Evangelii
499 2983 808 3052 persecutor
856 2980 1150 3042 prostratus
1196 2977 1298 3035 est,
1347 2976 1402 3022 et
1441 2975 1650 3022 erectus
1697 2975 1782 3022 est

195 3072 537 3143 praedicator,
569 3065 699 3121 dicit
729 3082 742 3118 :
777 3083 796 3117 ‹
827 3064 980 3118 Eram
1003 3070 1179 3114 autem
1207 3059 1417 3129 ignotus
1445 3057 1577 3112 facie
1603 3055 1782 3112 Eccle-

198 3165 292 3219 siis
313 3161 535 3225 .Iudznte,
569 3174 688 3228 quae
710 3165 862 3211 erant
891 3154 945 3208 in
970 3151 1204 3208 Christo.
1227 3151 1457 3206 Tantum
1478 3158 1656 3204 autem
1681 3165 1780 3205 au-

198 3256 408 3310 dientes
435 3261 608 3316 erant,
637 3248 761 3321 quia
791 3249 879 3319 qui
900 3244 1184 3314 aliquando
1213 3259 1312 3297 nos
1335 3241 1776 3311 persequebatur,

201 3360 342 3400 nunc
370 3341 700 3411 evangelizat
731 3337 887 3393 ﬁdem
918 3351 1074 3406 quam
1105 3331 1388 3403 aliquando
1414 3331 1654 3385 vastabat
1679 3345 1694 3396 ;
1723 3335 1779 3385 et

202 3439 252 3491 in
273 3452 381 3499 me,
411 3433 603 3503 inquit,
649 3427 1059 3500 magniﬁcabant
1086 3426 1270 3480 Deum.
1309 3442 1328 3476 ι
1357 3422 1470 3477 Νοη
1514 3420 1781 3492 gaudebat

200 3530 320 3599 quia
352 3528 517 3580 homo
545 3523 632 3592 qui
681 3528 984 3588 acceperat,
1017 3514 1468 3586 cognoscebatur;
1519 3511 1615 3566 sed
1654 3510 1778 3580 quia

200 3620 339 3672 Deus
386 3616 479 3685 qui
532 3611 769 3675 dederat,
821 3607 1148 3662 laudabatur.
1195 3603 1314 3675 Ipse
1342 3604 1483 3659 enim
1513 3602 1645 3656 dixit
1677 3618 1690 3655 :
1719 3600 1781 3655 Si

199 3707 365 3759 adhuc
394 3699 679 3756 hominibus
724 3698 993 3769 placerem,
1039 3692 1227 3749 Christi
1277 3707 1446 3744 servus
1491 3706 1594 3743 non
1623 3704 1780 3742 essem

203 3795 399 3866 (Colat.
442 3807 484 3857 ι,
506 3789 599 3857 22,
640 3787 732 3853 25,
761 3787 851 3852 24,
881 3785 989 3855 I0).
1015 3783 1082 3836 Et
1119 3791 1296 3836 tamen
1325 3779 1430 3833 alio
1461 3778 1580 3833 loco
1607 3777 1776 3866 dicit:

202 3865 346 3940 Sicut
377 3891 424 3937 et
453 3896 546 3950 ego
572 3876 796 3932 omnibus
823 3891 910 3945 per
939 3872 1108 3926 omnia
1135 3870 1324 3940 placeo.
1357 3868 1424 3922 Et
1452 3867 1550 3921 ista
1587 3865 1780 3920 similis

198 3974 425 4045 quaestio
451 3980 552 4026 est.
585 3968 692 4024 Sed
718 3965 843 4037 quid
866 3961 1137 4032 adjungit?
1159 3959 1280 4014 Non
1300 3973 1549 4026 qurerens,
1583 3955 1775 4026 inquit,

198 4066 332 4136 quod
360 4063 490 4115 mihi
516 4059 733 4131 prodest,
757 4058 844 4111 sed
867 4054 1001 4124 quod
1021 4051 1208 4116 multis,
1225 4061 1280 4104 ut
1305 4049 1431 4104 salvi
1446 4050 1574 4119 [iant
1593 4049 1638 4118 (I
1659 4047 1778 4103 Cor.

201 4173 250 4220 ι,
282 4156 403 4225 55).
433 4153 550 4207 Hoc
572 4159 674 4214 est,
700 4147 842 4218 quod
869 4146 962 4200 illo
984 4145 1104 4199 loco
1144 4143 1238 4208 ait,
1271 4140 1341 4194 Et
1380 4141 1435 4194 in
1477 4155 1556 4192 me
1577 4138 1780 4210 magni-

199 4244 424 4316 ﬁeabant
450 4239 653 4293 Deum:
683 4235 823 4308 quod
849 4235 1009 4289 etiam
1041 4231 1296 4285 Dominus
1330 4229 1480 4292 dicit,
1514 4227 1583 4282 Ut
1621 4227 1781 4298 glori—

202 4335 351 4402 ﬁcent
378 4329 588 4384 Patrem
614 4337 828 4381 oestrum
855 4324 941 4394 qui
964 4323 1017 4376 in
1042 4320 1179 4375 caelis
1204 4329 1296 4374 est.
1314 4319 1465 4374 Tunc
1484 4319 1625 4374 enim
1648 4319 1782 4374 salvi

201 4424 355 4486 ﬁunt,
385 4434 510 4474 cum
539 4421 593 4471 in
620 4413 868 4485 cperibus
896 4425 1015 4481 qua:
1041 4410 1154 4464 ﬁeri
1184 4424 1281 4478 per
1318 4408 1560 4465 homines
1579 4408 1776 4475 vident,

199 4526 320 4566 eum
350 4508 652 4580 gloriﬁcant
677 4520 709 4559 a
736 4517 842 4574 quo
865 4501 982 4556 hazc
1006 4499 1252 4554 homines
1280 4507 1618 4567 acceperunt.
1768 4487 1776 4494 ’

291 4595 527 4654 CAPUT
560 4592 700 4648 XIV.
725 4619 797 4632 —-
825 4590 912 4645 I5.
945 4588 1167 4655 Questio
1193 4589 1358 4652 tertia,
1388 4587 1453 4640 de
1482 4586 1778 4656 Evangelia,

199 4700 253 4743 ut
281 4687 492 4742 sinistra
518 4683 707 4738 nesciat
730 4696 859 4749 opus
897 4679 1105 4732 dextra.
1133 4675 1357 4731 Restant
1377 4675 1498 4730 dum
1523 4676 1779 4744 quazstio-

199 4793 296 4834 nes
325 4795 343 4831 :
370 4774 468 4831 sed
490 4787 682 4829 vereor
704 4786 774 4826 ne
802 4769 952 4824 oneri
974 4766 1195 4835 simjam
1214 4763 1632 4828 fastidientibus,
1653 4765 1779 4820 item

201 4871 366 4924 timeo
388 4879 462 4920 ne
497 4862 736 4918 fraudem
782 4859 956 4914 adhuc
985 4859 1301 4912 esurientes.
1347 4853 1566 4908 Memini
1603 4864 1780 4910 tamen

201 4956 330 5028 quid
361 4952 631 5016 solverim,
674 4959 730 5006 et
775 4947 903 5020 quid
945 4945 1189 5001 debeam.
1224 4943 1408 4996 Restat
1434 4943 1578 4996 enim
1598 4941 1782 4998 videre

199 5047 330 5119 quid
354 5049 445 5110 sit,
496 5042 706 5098 Nesciat
731 5043 933 5095 sinistra
963 5048 1049 5093 tua
1077 5035 1196 5107 quid
1223 5034 1381 5104 faciat
1414 5031 1619 5087 dextera
1645 5043 1731 5086 tua
1760 5049 1781 5090 :

200 5148 256 5195 et
280 5138 351 5194 de
369 5136 656 5193 dilectione
696 5132 917 5196 inimici,
946 5145 1042 5185 cur
1081 5125 1318 5196 antiquis
1354 5124 1635 5180 videbatur
1659 5124 1781 5180 data

201 5228 418 5284 licentia
448 5234 507 5280 ut
531 5223 770 5280 odissent
799 5221 1068 5285 inimicos,
1097 5231 1323 5288 quorum
1365 5215 1517 5271 nobis
1547 5215 1778 5284 impera-

205 5329 291 5374 tur
314 5317 551 5372 dilectio.
579 5313 687 5369 Scd
715 5311 842 5383 quid
869 5310 1042 5366 iacio?
1063 5309 1120 5365 Si
1144 5308 1375 5363 breviter
1399 5306 1466 5362 de
1493 5305 1579 5360 his
1609 5304 1782 5360 disse-

204 5422 340 5472 ram,
367 5405 610 5461 fortassis
637 5419 745 5458 non
769 5403 839 5458 ita
867 5412 924 5456 ut
943 5397 1430 5470 oportetintelligar
1459 5414 1472 5450 :
1497 5395 1543 5450 si
1559 5395 1776 5460 diutius,

205 5499 371 5552 timeo
392 5511 459 5551 ne
484 5501 604 5564 plus
628 5507 843 5565 gravem
875 5506 974 5546 vos
992 5504 1155 5545 onere
1175 5486 1457 5552 sermonis,
1495 5500 1652 5555 quam
1677 5485 1781 5540 tru-

203 5600 293 5644 «τω
319 5587 668 5656 expositionis
707 5585 1003 5640 sublevem.
1033 5581 1139 5638 Sed
1167 5589 1312 5636 certe
1341 5579 1384 5634 si
1412 5577 1590 5632 minus
1619 5591 1778 5647 quam

207 5682 335 5739 satis
358 5686 465 5744 cst,
496 5673 900 5742 intellexeritis;
931 5670 1103 5728 adhuc
1127 5685 1213 5726 me
1239 5679 1418 5726 tenete
1449 5665 1774 5737 debitorem,

1575 322 1803 380 διὶΜο
1837 322 2066 380 CXIJX.

1874 447 1932 494 ut
1954 440 2059 494 alio
2081 449 2318 510 tempore
2344 441 2441 496 ista
2464 441 2672 512 plenius
2691 443 3038 501 disserantur.
3066 446 3264 504 Tamen
3293 465 3440 505 nunc

1877 544 1983 585 non
2011 539 2224 600 oportet
2246 546 2308 585 ea
2337 532 2414 587 sic
2441 534 2688 603 relinqui,
2722 544 2774 590 ut
2803 536 3021 592 omnino
3048 539 3178 592 nihil
3201 539 3328 594 inde
3363 540 3445 595 di-

1874 628 2044 674 catur.
2077 620 2304 676 Sinistra
2329 631 2410 677 est
2437 625 2598 677 animi
2636 626 2893 695 cupiditas
2931 629 3177 693 carnalis,
3219 629 3436 686 dextera

1873 710 2132 765 estanimi
2174 711 2404 767 Charitas
2443 714 2744 782 spiritualis.
2789 716 2842 772 Si
2893 733 3019 786 ergo
3057 733 3177 772 cum
3221 720 3444 790 quisque

1875 800 2002 856 facit
2029 803 2444 874 cleemosynam,
2479 806 2668 861 miscet
2704 807 3044 875 cupiditatem
3078 810 3441 879 temporalium

1874 892 2294 959 commodorum,
2324 895 2462 948 ut'in
2486 910 2649 964 opere
2671 896 2764 951 illo
2788 897 2984 965 aliquid
3007 897 3111 952 tale
3130 900 3442 968 conquirat;

1877 983 2067 1039 miscet
2095 984 2325 1039 sinistrae
2367 987 2744 1042 conscientiam
2795 989 3046 1057 operibus
3082 989 3342 1045 dexteras.
3390 991 3444 1046 Si

1875 1082 2051 1127 autem
2078 1075 2301 1143 simplici
2330 1075 2585 1131 charitate
2613 1086 2666 1131 et
2694 1093 2821 1146 pura
2836 1093 3015 1134 coram
3049 1079 3155 1133 Deo
3173 1081 3449 1135 conscien-

1877 1165 1948 1219 tia
1975 1164 2174 1220 homini
2206 1167 2483 1235 subvenit,
2511 1170 2641 1223 nihil
2679 1170 2822 1224 aliud
2865 1171 3113 1238 intuens,
3165 1172 3264 1228 nisi
3295 1183 3350 1228 ut
3374 1174 3447 1227 illi

1875 1256 2083 1326 placeat
2109 1259 2199 1327 qui
2223 1257 2338 1313 haec
2363 1260 2552 1329 jubet,
2582 1263 2747 1317 nescit
2772 1262 2985 1318 sinistra
3015 1262 3138 1332 quid
3165 1263 3291 1318 facit
3313 1264 3447 1318 dex-

1878 1356 1989 1403 tera
1997 1384 2016 1400 .

1948 1435 2175 1493 CAPUT
2215 1439 2408 1492 XV.—-
2432 1440 2517 1494 16.
2547 1441 2771 1508 Quazstio
2794 1453 2992 1513 quarta,
3034 1444 3096 1496 de
3140 1445 3332 1498 inimici
3369 1446 3452 1499 di-

1879 1528 2089 1581 lectione
2105 1539 2153 1581 et
2178 1529 2310 1582 odio.
2345 1531 2418 1584 De
2434 1531 2717 1586 dilectione
2751 1542 2928 1588 autem
2968 1534 3164 1589 inimici
3190 1535 3454 1590 difﬁcilior

1880 1629 1962 1674 est
1990 1621 2232 1689 quaestio,
2259 1636 2358 1676 nec
2383 1637 2447 1676 ea
2494 1623 2753 1678 brevitate
2799 1625 2931 1678 solvi
2963 1633 3154 1694 potest.
3183 1625 3287 1680 Sed
3331 1642 3450 1680 cum

1879 1710 2076 1764 auditis
2095 1751 2110 1776 ,
2141 1721 2290 1766 orate
2318 1728 2414 1782 pro
2443 1713 2626 1778 nobis;
2658 1725 2710 1769 et
2731 1713 2870 1770 forte
2901 1716 3158 1770 Dominus
3184 1717 3324 1771 Deus
3347 1718 3454 1772 cito

1879 1798 2026 1854 dabit
2049 1803 2188 1871 quod
2215 1813 2462 1872 putamus
2479 1819 2600 1859 esse
2628 1805 2860 1860 difﬁcile.
2893 1805 2975 1860 Ex
3005 1822 3110 1862 uno
3139 1807 3279 1860 enim
3321 1807 3450 1860 hor-

1880 1903 1976 1944 reo
2000 1889 2255 1955 vivimus;
2284 1892 2403 1960 quia
2433 1893 2484 1946 in
2512 1908 2616 1947 una
2655 1894 2852 1948 familia
2891 1908 3095 1948 sumus.
3123 1895 3274 1962 Quod
3323 1911 3451 1963 ergo

1882 1995 1979 2034 nos
1999 1989 2243 2050 putamus
2266 1997 2383 2036 esse
2407 1983 2562 2037 valde
2581 1984 2722 2037 intus
2741 1982 2794 2036 in
2822 1983 3022 2046 abdito,
3051 1986 3186 2040 lortc
3223 1987 3337 2054 ipse
3364 1986 3453 2054 qui

1883 2071 2140 2140 promittit
2171 2073 2319 2142 ponit
2345 2073 2394 2125 in
2427 2073 2630 2136 limine,
2673 2082 2730 2126 ut
2756 2071 3008 2128 facillime
3027 2074 3139 2128 dari
3163 2077 3328 2144 possit
3357 2091 3457 2145 pc-

1882 2161 2135 2215 tentibus.
2183 2161 2376 2215 Dilexit
2423 2162 2667 2216 inimicos
2713 2163 2828 2230 ipse
2874 2163 3128 2218 Dominus
3169 2164 3456 2222 Christus:

1885 2250 2118 2320 pendens
2155 2251 2297 2304 enim
2334 2250 2386 2304 in
2415 2264 2574 2304 cruce
2602 2250 2696 2316 ait,
2742 2250 2915 2316 Pater,
2959 2249 3158 2322 ignosce
3197 2253 3299 2306 illis
3339 2255 3459 2324 quia

1885 2341 2106 2393 nesciunt
2133 2341 2252 2410 quid
2277 2341 2472 2411 faciunt
2503 2339 2651 2410 (Luc.
2677 2355 2833 2405 χχιιι,
2853 2342 2968 2411 54).
2988 2340 3214 2396 Secutus
3237 2351 3320 2396 est
3337 2343 3457 2412 ejus

1885 2432 2181 2499 exemplum
2211 2431 2530 2500 Stephanus,
2558 2447 2679 2485 cum
2721 2432 2922 2501 lapides
2941 2433 3002 2500 in
3049 2447 3172 2488 eum
3207 2433 3454 2502 jaceren-

1885 2528 2002 2585 tur;
2031 2528 2083 2574 et
2108 2521 2212 2574 ait:
2248 2519 2478 2586 Domine,
2510 2537 2572 2573 ne
2597 2529 2788 2575 statuas
2811 2522 2912 2575 illis
2939 2522 3034 2575 hoc
3059 2523 3295 2578 delictum
3317 2523 3452 2594 (Act.

1883 2625 1975 2675 vn,
2005 2609 2115 2682 59).
2142 2611 2420 2665 Dominum
2447 2612 2682 2666 imitatus
2707 2621 2792 2666 est
2815 2627 3024 2678 servus,
3053 2623 3114 2668 ut
3135 2629 3294 2670 nemo
3339 2630 3454 2674 sero

1885 2713 2070 2754 vorum
2089 2700 2158 2754 sit
2181 2701 2350 2769 piger,
2373 2709 2426 2755 et
2448 2708 2595 2769 putet
2621 2700 2722 2756 hoc
2745 2716 2866 2756 esse
2895 2701 3091 2756 factum
3115 2703 3256 2772 quod
3284 2719 3316 2757 a
3343 2705 3460 2760 solo

1885 2787 2114 2843 Domino
2163 2789 2275 2843 ﬁeri
2330 2798 2558 2858 poterat.
2604 2789 2661 2844 Si
2702 2805 2830 2860 ergo
2868 2791 3091 2848 multum
3120 2801 3203 2846 est
3247 2791 3315 2846 ad
3357 2808 3455 2858 nos

1883 2879 2078 2934 imitari
2109 2879 2408 2945 Dominum,
2437 2880 2704 2934 imitemur
2727 2895 3066 2936 conservum.
3100 2882 3181 2938 Ad
3212 2883 3453 2944 eamdem

1885 2971 2078 3040 quippe
2104 2971 2324 3040 gratiam
2348 2971 2519 3024 vocati
2545 2985 2732 3026 omnes
2759 2985 2961 3026 sumus.
2993 2974 3166 3039 Quare
3189 2988 3318 3042 ergo
3355 2989 3451 3030 an-

1887 3061 2045 3128 tiquis
2081 3059 2278 3114 dictum
2307 3069 2420 3125 est,
2463 3060 2658 3130 Diliges
2697 3062 2984 3130 proximum
3013 3072 3176 3130 tuum,
3219 3071 3266 3118 et
3293 3062 3463 3118 oderis

1883 3152 2141 3206 inimicam
2169 3153 2347 3206 suum?
2368 3153 2500 3220 Quia
2525 3153 2765 3208 fortassis
2783 3163 2837 3208 et
2859 3154 2988 3223 ipsis
3015 3169 3198 3208 verum
3219 3155 3234 3185 ⁸
3261 3154 3459 3208 dictum

1883 3248 1998 3306 est;
2025 3240 2120 3296 sed
2143 3241 2298 3296 nobis
2325 3243 2560 3311 apertius
2593 3257 2690 3311 pro
2722 3251 3022 3312 temporum
3050 3243 3456 3309 distributione,

1886 3345 1982 3401 per
2005 3330 2121 3399 ejus
2148 3331 2486 3401 prmsentiam
2529 3332 2618 3401 qui
2651 3331 2861 3387 videbat
2886 3333 3010 3403 quid
3054 3333 3242 3402 tlutlltls
3268 3333 3350 3388 vel
3382 3342 3462 3387 te-

1884 3421 2116 3492 gendum
2147 3430 2288 3476 esset
2307 3421 2390 3476 vel
2413 3422 2777 3490 aperiendum.
2809 3422 2866 3479 Si
2897 3424 3038 3480 enim
3067 3424 3324 3479 habemus
3351 3426 3454 3478 iui-

1885 3511 2102 3575 micum,
2137 3525 2298 3579 quem
2326 3525 2594 3578 nunquam
2621 3509 2844 3579 diligere
2862 3511 3144 3580 juhemur;
3178 3522 3261 3566 est
3283 3520 3460 3568 autem

1885 3599 2125 3655 diabolus
2149 3617 2162 3653 :
2185 3599 2378 3668 Diliges
2398 3600 2684 3666 proximum
2705 3608 2863 3662 tuum,
2885 3599 3153 3654 hominem
3179 3617 3194 3664 ;
3221 3609 3267 3654 et
3290 3599 3456 3654 oderis

1885 3689 2144 3742 inimicum
2169 3696 2331 3750 tuum,
2358 3688 2645 3742 diabolum.
2677 3687 2784 3743 Sed
2809 3688 2931 3758 quia
2975 3689 3030 3741 in
3061 3688 3190 3757 ipsis
3229 3689 3462 3744 homini-

1883 3777 1985 3833 bus
2021 3792 2166 3848 stcpe
2204 3777 2438 3831 existunt
2481 3776 2788 3842 inimicitiae,
2841 3777 2894 3831 in
2923 3777 3116 3831 animis
3154 3793 3336 3832 eorum
3367 3778 3460 3846 qui

1890 3883 1986 3939 per
2027 3866 2392 3922 inﬁdelitatem
2441 3867 2568 3920 dant
2612 3866 2786 3922 locum
2828 3865 3064 3930 diabolo,
3095 3875 3150 3922 et
3190 3867 3308 3936 ejus
3335 3881 3457 3920 vasa

1886 3959 2053 4025 ﬁunt,
2081 3965 2138 4013 ut
2165 3965 2414 4026 operetur
2440 3956 2492 4010 in
2535 3956 2658 4011 ﬁliis
2680 3954 3024 4022 difﬁdentiae;
3073 3965 3246 4025 potest
3283 3964 3460 4011 autem

1887 4049 2004 4104 ﬁeri
2033 4057 2088 4102 ut
2136 4049 2396 4117 relinquat
2430 4047 2591 4102 homo
2620 4047 2874 4102 malitiam
2905 4061 3076 4113 suam,
3105 4058 3160 4102 et
3181 4058 3460 4104 converta-

1887 4147 1973 4194 tur
2000 4138 2066 4193 ad
2099 4137 2376 4193 Dominum
2402 4155 2417 4202 ;
2446 4145 2501 4192 et
2543 4137 2668 4196 dum
2713 4136 2888 4191 adhuc
2912 4138 3086 4202 saevit,
3129 4137 3256 4192 dum
3283 4137 3460 4208 adhuc

1887 4231 2242 4304 persequitur,
2284 4229 2586 4298 diligendus
2611 4240 2714 4295 est,
2743 4237 2799 4284 et
2846 4229 3107 4284 orandum
3150 4245 3245 4300 pro
3271 4232 3381 4295 illo,
3407 4240 3458 4286 ct

1888 4325 2026 4379 bene
2045 4323 2120 4376 illi
2147 4320 2442 4377 faciendum
2468 4338 2480 4374 :
2507 4319 2578 4374 ita
2605 4329 2658 4374 et
2678 4320 2904 4390 primum
2928 4329 3249 4390 prmeeptum
3271 4321 3458 4390 imple-

1887 4415 1992 4480 bis,
2009 4423 2066 4469 ut
2079 4413 2268 4482 diligas
2280 4412 2574 4480 proximum
2590 4419 2740 4467 tuum
2755 4410 3046 4476 hominem,
3073 4419 3127 4466 et
3151 4411 3326 4468 oderis
3352 4412 3455 4468 ini-

1887 4503 2084 4559 [uicum
2107 4510 2253 4557 tuum
2275 4500 2543 4556 diabolum
2564 4516 2579 4564 ;
2596 4509 2650 4554 et
2665 4499 2977 4563 secundum,
2995 4508 3052 4553 ut
3067 4499 3256 4569 diligas
3273 4500 3456 4560 inimi—

1886 4607 1980 4648 cos
2001 4601 2119 4648 tuos
2143 4591 2485 4656 homines,~et
2508 4605 2632 4645 ores
2648 4604 2745 4659 pro
2761 4591 2840 4646 eis
2863 4591 2952 4659 qui
2975 4599 3025 4646 te
3054 4602 3456 4661 persequuntur.

1955 4680 2180 4737 CAPUT
2220 4679 2361 4734 XVI.
2383 4709 2455 4720 —
2476 4681 2562 4734 I7.
2595 4678 2860 4733 Orandum
2903 4697 2995 4751 pro
3039 4681 3458 4751 persequentibus.

1885 4771 1995 4827 Nisi
2018 4772 2161 4830 forte
2190 4783 2342 4841 putas
2369 4785 2474 4826 non
2503 4784 2685 4825 orasse
2726 4769 3055 4825 Christianos
3092 4771 3183 4825 illo
3227 4781 3461 4840 tempore

1887 4877 1983 4933 pro
2011 4863 2174 4919 Saulo
2211 4870 2548 4932 persecutore
2591 4861 3034 4922 Christianorum.
3079 4862 3344 4917 Fortassis
3391 4864 3459 4917 ad

1885 4955 2002 5020 ejus
2021 4954 2422 5010 conversionem
2453 4966 2554 5006 vos
2591 4951 2682 5006 illa
2730 4950 2983 5020 Stephani
3024 4953 3273 5022 martyris
3295 4967 3460 5008 exau-

1886 5043 1992 5098 dita
2014 5052 2117 5098 est.
2140 5041 2200 5096 In
2229 5042 2322 5095 illo
2348 5042 2488 5096 enim
2520 5049 2914 5108 persecutorum
2946 5040 3061 5109 ejus
3081 5056 3308 5095 numero
3328 5041 3456 5107 luit,

1886 5144 1942 5191 et
1967 5133 2309 5204 Iapidantium
2338 5131 2653 5186 vestimenta
2696 5131 2926 5185 servavit
2957 5129 3139 5202 (Ibid.,
3170 5131 3284 5200 57).
3316 5130 3459 5186 Idem

1885 5223 2046 5279 etiam
2069 5221 2137 5276 ad
2164 5219 2502 5276 Timotheum
2523 5219 2764 5274 scribens
2785 5219 2892 5274 ait:
2923 5238 2944 5272 ι
2969 5218 3206 5274 Obsecro
3229 5223 3457 5288 primum

1885 5313 2122 5367 omnium
2175 5311 2290 5365 ﬁeri
2326 5310 2748 5380 deprecationes,
2775 5310 3170 5375 adhorationes,
3198 5308 3458 5381 interpel-

1887 5403 2131 5467 lationes,
2153 5403 2438 5472 gratiarum
2461 5403 2716 5467 actiones,
2745 5417 2840 5472 pro
2863 5402 3110 5458 omnibus
3135 5402 3458 5466 hominibus,

1885 5508 1982 5563 pro
2010 5493 2222 5562 regibus
2249 5501 2302 5546 et
2325 5492 2570 5547 omnibus
2615 5493 2706 5563 qui
2748 5492 2803 5546 in
2847 5492 3167 5547 sublimitate
3206 5501 3363 5556 sunt,
3401 5502 3459 5547 ut

1884 5582 2118 5653 quietam
2164 5591 2218 5636 et
2248 5582 2582 5651 tranquillam
2621 5583 2780 5636 vitam
2817 5595 3032 5651 agamus
3059 5599 3079 5635 ι
3128 5581 3181 5655 (Ι
3206 5581 3334 5637 Tim.
3373 5598 3452 5652 tt,

1949 5673 1966 5704 ⁸
1992 5678 2058 5722 ιω
2076 5672 2128 5722 in
2144 5679 2248 5722 Mss.
2273 5679 2328 5722 At
2342 5672 2391 5721 in
2415 5671 2556 5722 editis
2575 5671 2738 5734 deest,
2760 5685 2941 5724 verum.
