3850 6188
449 336 551 392 8οῗ

453 455 503 510 1,
541 448 618 516 2).
671 444 892 502 Jubcbat
931 454 1055 511 ergo
1083 436 1220 492 orari
1245 449 1339 506 pro
1364 431 1610 504 regibus:
1637 437 1832 484 ettuuc
1860 438 2012 496 reges

453 536 898 611 persequebantur
919 528 1196 584 Ecclesias.
1218 523 1321 582 Sed
1349 539 1478 595 quas
1505 529 1629 576 tunc
1653 535 1750 589 pro
1773 533 1832 573 se
1843 531 2016 611 oran-

452 605 534 682 ies
580 605 1050 695 persequebantur,
1100 631 1242 672 nunc
1279 631 1376 686 pro
1415 629 1474 668 se
1502 609 1776 666 exauditos
1825 605 2010 662 defen-

449 719 602 861 dugt‘i
614 805 742 860 PUT
778 801 939 858 XVII.
960 831 1030 842 σ-
1046 799 1129 855 I8.
1162 795 1390 852 Proximi
1410 790 1847 847 nomineinimicus
1867 785 2014 839 etiam

448 897 734 968 diligendus
759 893 1066 966 prwcipitur.
1095 890 1185 943 Vis
1209 902 1332 957 ergo
1349 895 1402 941 et
1417 881 1541 938 illud
1573 881 1905 968 antiquorum
1922 889 2015 928 cu-

448 966 646 1044 stodire
681 983 1032 1056 praiceptum?
1062 981 1229 1048 Dilige
1259 976 1552 1048 proximum
1581 981 1748 1032 tuum,
1795 966 1907 1056 hoc,
1931 970 2015 1018 est

447 1096 659 1135 omnem
684 1055 972 1132 hominem.
1001 1075 1080 1127 Ex
1104 1072 1312 1126 duobus
1336 1069 1473 1121 enim
1500 1063 1684 1135 primis
1707 1055 2014 1130 parentibus

449 1187 635 1228 omnes
663 1171 792 1235 nati,
821 1181 1005 1222 omnes
1030 1165 1208 1232 utique
1235 1158 1456 1230 proximi
1483 1168 1680 1209 sumus.
1701 1152 1856 1206 Certe
1871 1146 2014 1203 enim

450 1266 562 1334 ipSe
591 1263 843 1316 Dominus
863 1259 1016 1313 Jesus
1041 1255 1280 1310 Christus
1299 1251 1386 1320 qui
1417 1248 1557 1317 diligi
1592 1244 1823 1315 praecipit
1843 1241 2018 1334 inimi-

450 1332 560 1421 c—os,
585 1356 635 1408 iu
658 1353 859 1406 duobus
881 1350 982 1402 illis
1011 1345 1458 1416 przcceptistotam
1482 1339 1674 1406 Legem
1696 1344 1748 1388 et
1778 1332 2015 1401 Prophe-

452 1455 531 1499 tas
562 1443 790 1514 pendere
812 1448 1029 1494 testatus
1054 1445 1132 1490 est
1153 1452 1165 1486 :
1187 1433 1376 1502 Diliges
1405 1428 1670 1482 Dominum
1692 1424 1853 1476 Deum
1876 1431 2015 1474 tuum

453 1551 513 1587 ca:
548 1543 648 1585 toto
677 1531 826 1584 corde
849 1539 952 1590 tuo,
978 1535 1021 1580 et
1047 1541 1107 1579 ea:
1127 1532 1228 1576 tota
1247 1522 1419 1573 animo
1448 1527 1552 1580 tua,
1578 1524 1624 1568 et
1651 1529 1713 1567 ea:
1733 1521 1835 1564 tota
1854 1518 2017 1562 mente

451 1634 537 1676 tua
551 1638 570 1685 ;
586 1631 634 1675 et
645 1659 660 1685 ,
677 1620 864 1688 Diliges
882 1617 1162 1686 proximum
1175 1623 1310 1664 tuum
1325 1619 1556 1673 tauquam
1570 1614 1616 1658 te
1627 1604 1790 1671 ipsum
1806 1597 2012 1670 (Matth.

449 1731 585 1778 xxu,
610 1711 820 1775 37-40).
859 1708 996 1764 Nihil
1026 1705 1097 1759 ibi
1124 1702 1373 1773 prmccpit
1397 1699 1462 1752 de
1488 1695 1770 1750 dilectione
1796 1688 2013 1778 inimici.

452 1776 718 1870 Non-ergo
750 1808 912 1852 totum
950 1797 1063 1848 haec
1090 1795 1193 1848 duo
1222 1798 1482 1862 praecepta
1509 1782 1812 1840 continent?
1843 1776 2028 1838 Absitl.

450 1892 581 1958 Quia
605 1904 722 1942 cum
740 1887 887 1949 dicit,
915 1885 1104 1953 Diliges
1123 1883 1406 1952 proximum
1426 1888 1583 1938 tuum,
1604 1876 1673 1928 ibi
1691 1881 1814 1927 sunt
1833 1883 2017 1925 omnes

453 1981 710 2042 homines,
741 1977 946 2031 etiamsi
977 1974 1171 2028 fuerint
1207 1969 1435 2025 inimici:
1465 1967 1586 2036 quia
1624 1965 1781 2019 etiam
1827 1975 2019 2016 secun-

450 2072 574 2126 dum
603 2069 923 2138 spiritualem
957 2063 1394 2134 propinquitatem
1438 2056 1608 2111 nescis
1647 2051 1772 2123 quid
1814 2051 1906 2105 tibi
1947 2049 2018 2103 sit

446 2166 506 2221 in
535 2156 862 2229 prmscientia
891 2154 980 2208 Dei
1009 2154 1187 2215 homo,
1217 2150 1302 2217 qui
1335 2147 1426 2200 tibi
1469 2144 1535 2198 ad
1577 2152 1784 2210 tempus
1813 2138 2018 2192 videtur

451 2228 712 2306 inimicus.
733 2228 864 2314 Quia
885 2244 1027 2299 enim
1050 2239 1299 2312 patientia
1323 2236 1414 2290 Dei
1433 2234 1498 2289 ad
1519 2230 1880 2302 paenitentiam
1897 2241 2018 2280 eum

449 2339 683 2399 adducit,
709 2334 948 2391 fortassis
973 2338 1257 2402 cognoscet
1283 2337 1336 2382 et
1359 2333 1608 2396 sequetur
1635 2321 1934 2376 ducentem.
1959 2315 2016 2371 Si

451 2432 592 2487 enim
623 2429 762 2484 Deus
791 2427 904 2495 ipse
930 2424 1018 2493 qui
1047 2421 1194 2476 novit
1221 2419 1308 2488 qui
1335 2417 1443 2471 sint
1480 2415 1533 2468 in
1578 2410 1809 2484 peccatis
1837 2423 2019 2478 perse-

452 2518 703 2581 veraturi,
733 2517 821 2585 qui
860 2511 1094 2568 relicturi
1127 2509 1382 2576 justitiam
1422 2512 1476 2559 et
1515 2500 1929 2557 irrevocabiliter
1951 2496 2019 2551 ad

453 2609 777 2678 iniquitatem
804 2603 1021 2672 lapsuri,
1047 2609 1219 2654 tamen
1242 2597 1366 2652 facit
1389 2596 1554 2650 solem
1588 2607 1740 2647 suum
1770 2590 1895 2644 oriri
1925 2604 2019 2642 su-

454 2714 549 2769 per
577 2698 744 2752 bonos
765 2703 820 2749 et
845 2695 1031 2758 malos,
1063 2700 1118 2746 et
1145 2689 1276 2758 pluit
1300 2702 1459 2757 super
1484 2686 1655 2754 justos
1695 2693 1750 2736 et
1775 2681 2016 2752 injustas,

456 2787 682 2842 invitans
711 2784 891 2852 utique
919 2781 984 2835 ad
1012 2778 1374 2850 paenitentiam
1395 2791 1488 2845 per
1505 2773 1830 2845 patientiam,
1860 2769 2020 2840 utqui

456 2877 781 2948 neglexerint
811 2876 922 2942 ejus
950 2871 1256 2936 bonitatem,
1288 2868 1626 2938 experiantur
1659 2865 1712 2919 in
1739 2864 1840 2917 line
1867 2875 2020 2925 sevee-

457 2970 702 3031 ritatem;
731 2972 924 3034 quanta
950 2961 1302 3016 sollicitudine
1322 2957 1632 3029 placabilem
1664 2961 1874 3024 oportet
1903 2964 2023 3006 esse

458 3057 744 3121 hominem,
776 3070 844 3109 ne
882 3054 1016 3107 forte
1057 3052 1301 3106 nesciens
1339 3050 1509 3120 qualis
1548 3048 1752 3102 futurus
1780 3047 1868 3112 sit,
1900 3059 2022 3098 cum

457 3158 748 3218 praesentes
773 3146 888 3215 ejus
908 3145 1209 3200 inimicitias
1232 3143 1534 3208 attenderit,
1563 3140 1736 3195 oderit
1759 3154 1880 3194 eum
1900 3153 2022 3193 eum

455 3256 562 3310 quo
589 3241 640 3294 in
679 3247 874 3294 aeterna
905 3237 1152 3292 felicitate
1181 3234 1450 3305 regnabit?
1479 3234 1642 3302 Imple
1667 3247 1793 3304 ergo
1821 3245 2021 3302 pmice-

457 3340 603 3401 ptum
631 3331 879 3400 primum,
911 3331 1077 3400 Dilige
1103 3330 1396 3399 proximum
1421 3337 1589 3392 tuum,
1621 3341 1832 3380 omnem
1857 3324 2025 3378 homi-

459 3438 610 3487 nem;
639 3430 693 3478 et
720 3422 895 3477 oderis
926 3421 1192 3476 inimicum
1239 3430 1406 3484 tuum,
1451 3419 1738 3474 diabolum.
1783 3415 1946 3485 Imple
1971 3422 2024 3469 et

457 3513 766 3567 secundum.
799 3513 963 3582 Dilige
983 3513 1221 3566 inimicos
1244 3521 1378 3576 tuos,
1413 3510 1506 3565 sed
1527 3511 1908 3564 homineszora
1929 3522 2024 3576 pro

457 3601 536 3656 eis
561 3603 647 3671 qui
679 3612 729 3655 te
760 3610 1163 3671 persequuntur,
1195 3600 1288 3655 sed
1315 3615 1411 3670 pro
1437 3599 1735 3654 hominibus
1755 3615 1770 3654 :
1793 3598 1928 3653 bene
1945 3597 2026 3652 fac

459 3693 536 3747 eis
565 3692 652 3761 qui
680 3701 732 3746 te
755 3691 998 3756 oderunt,
1025 3691 1120 3746 sed
1147 3691 1464 3744 hominibus.

529 3783 750 3838 CAPUT
787 3782 970 3836 XVIII.
999 3813 1070 3822 —
1101 3783 1184 3837 l9.
1227 3782 1521 3846 Explicatur
1547 3781 1770 3848 Apostoli
1787 3779 1944 3842 locus,
1963 3778 2027 3831 de

458 3873 754 3928 carbonibus
775 3874 1095 3942 congerendis
1121 3888 1268 3942 super
1296 3881 1442 3942 caput
1479 3873 1686 3925 inimici.
1716 3872 1778 3926 Si
1803 3871 2026 3924 esurierit

457 3958 688 4017 inimicus
705 3972 837 4029 tuus,
855 3964 964 4016 ciba
983 3964 1158 4026 illum;
1177 3964 1221 4016 si
1236 3963 1357 4028 sitit,
1384 3971 1554 4033 potum
1575 3962 1640 4014 da
1659 3963 1736 4015 illi
1753 3975 1770 4015 :
1785 3963 1878 4015 hoc
1893 3961 2025 4014 enim

460 4053 668 4120 faciens,
697 4052 933 4107 carbones
956 4053 1087 4124 ignis
1110 4069 1343 4124 congeres
1369 4069 1521 4121 super
1546 4062 1696 4121 caput
1719 4053 1827 4122 ejus
1848 4051 2022 4119 (Rom.

461 4157 554 4210 xu,
583 4143 698 4214 20).
727 4143 793 4197 Et
833 4143 918 4197 hic
939 4144 1159 4213 quaestio
1186 4154 1286 4198 est.
1319 4142 1593 4211 Quomodo
1635 4143 1776 4196 enim
1803 4143 2026 4210 quisque

459 4233 646 4303 diligit,
678 4249 832 4304 quem
863 4237 972 4288 vult
994 4235 1180 4290 ardere
1201 4235 1550 4288 carbonibus?
1568 4233 1671 4288 Sed
1698 4233 1742 4287 si
1771 4225 2026 4303 intelliga-

461 4330 563 4387 tur,
588 4324 728 4376 nulla
756 4325 1024 4378 contentio
1043 4333 1143 4378 est.
1165 4324 1241 4377 De
1263 4323 1364 4376 illis
1385 4324 1523 4377 enim
1546 4323 1896 4376 vastatoribus
1909 4337 2027 4376 car-

459 4410 683 4466 bonibus
709 4412 918 4476 dicitur,
949 4413 1037 4481 qui
1063 4413 1256 4466 dantur
1289 4413 1484 4465 homini
1515 4412 1769 4467 adversus
1795 4414 2024 4482 linguam

461 4502 735 4556 subdolam
779 4501 948 4570 (Psal.
980 4518 1122 4567 CXIX,
1156 4503 1209 4566 5,
1258 4504 1332 4572 ι).
1363 4502 1493 4556 Cum
1523 4504 1662 4556 enim
1689 4504 1910 4572 quisque
1935 4505 2028 4560 bc-

460 4589 715 4643 nefecerit
739 4590 969 4662 inimico,
999 4600 1051 4644 et
1079 4605 1182 4644 non
1214 4591 1381 4645 victus
1420 4593 1557 4646 malo
1595 4594 1730 4662 ejus,
1768 4597 1951 4652 vicerit
1974 4597 2025 4651 in

463 4681 604 4735 bono
630 4681 855 4744 malum;
879 4681 1193 4751 plerumque
1218 4682 1361 4736 illum
1397 4683 1782 4738 inimicitiarum
1811 4701 2024 4742 suarum

461 4772 756 4841 paenitebit,
793 4783 846 4828 et
877 4771 1130 4826 irascetur
1155 4774 1276 4841 sibi,
1315 4774 1453 4843 quod
1485 4784 1586 4828 tam
1616 4775 1807 4830 bonum
1852 4778 2026 4832 homi-

455 4877 584 4916 nem
616 4862 828 4917 Iatserit.
855 4863 969 4933 Ipsa
994 4878 1121 4917 vero
1149 4864 1305 4928 ustio,
1337 4865 1642 4933 pmnitentia
1662 4876 1761 4930 est,
1780 4883 1896 4937 quae
1915 4878 2027 4923 tzin-

459 4965 616 5022 quam
647 4953 905 5009 carbones
928 4953 1060 5024 ignis
1089 4953 1388 5009 inimicitias
1409 4955 1524 5025 ejus
1551 4958 1877 5028 malitiasque
1895 4974 2024 5014 con-

985 5113 1214 5168 smnio
1250 5113 1332 5169 CL
1365 5114 1500 5184 ·(α).

464 5225 542 5280 De
561 5227 717 5280 verbis
745 5227 956 5280 Actnmn
989 5229 1356 5294 Apostolorum,
1385 5229 1606 5296 Quidam
1635 5242 1808 5286 autem
1835 5231 2028 5302 Epicu-

533 5317 608 5369 rei
637 5325 687 5370 et
729 5315 888 5370 Stoici
940 5315 1236 5386 philosophi
1283 5317 1612 5374 disserebant
1653 5335 1771 5374 cum
1798 5337 1883 5387 eo,
1929 5332 2024 5376 etc.

530 5421 645 5476 cap.
686 5421 814 5472 xvii,
864 5406 1117 5476 ’.I8v34
1142 5407 1236 5480 (li).

529 5554 545 5623 ς
581 5553 868 5623 βιηριιάεψε
888 5557 948 5607 ad
970 5556 1038 5623 cI1
1057 5571 1122 5608 ιιι.
1148 5566 1201 5609 et
1230 5567 1328 5609 Am.
1352 5567 1423 5610 Er.
1449 5560 1581 5612 Elim.
1600 5570 1708 5612 Par.
1733 5570 1840 5616 Iov.

527 5615 599 5671 (α)
623 5615 759 5671 Alias,
783 5618 832 5664 in
853 5629 982 5667 tonio
1010 5619 1057 5668 6.

514 5671 600 5756 ¹(ὁ)
619 5681 827 5726 Censura
846 5679 955 5727 huic
997 5682 1214 5731 tractatui
1271 5682 1318 5730 in
1369 5691 1498 5734 tomo
1526 5684 1559 5733 6
1592 5686 1695 5737 inec
1742 5687 1804 5736 ab
1842 5693 2028 5737 Erasmo

1678 315 1739 372 s.
1778 309 2139 370 mensum
2181 307 2477 367 EPISCOPI
3547 321 3630 374 808

2661 418 2857 467 Habitus
2877 417 3166 483 Cartlmginl.

2188 509 2411 566 CAPUT
2454 509 2731 566 PRIMUM.
2781 540 2851 549 —
2892 511 2940 564 i.
2987 507 3182 565 Paulus
3219 514 3349 582 apud
3404 515 3625 571 Athenien-

2118 619 2194 656 ses
2235 601 2535 670 praedicans.
2593 600 2830 655 Advertit
2872 599 3141 654 nobiscum
3182 601 3410 657 Charitas
3455 618 3628 676 vestra,

2119 705 2240 742 cum
2284 690 2546 760 legeretur
2590 689 2719 744 liber
2762 691 2984 742 Actuum
3038 691 3415 758 Apostolorum,
3449 694 3628 753 Paulum

2119 776 2351 831 locutum
2373 793 2492 832 esse
2519 778 2948 845 Atheniensibus,
2976 787 3029 832 et
3051 779 3117 832 ab
3141 780 3218 834 eis
3236 781 3320 850 qui
3349 782 3633 850 prtedicatio-

2120 882 2240 921 nem
2266 868 2508 921 veritatis
2538 866 2844 934 irridebant,
2873 867 3069 921 dictum
3101 868 3258 923 fuisse
3286 870 3540 926 verborum
3562 891 3633 930 se-

2125 954 2458 1010 niinatorem.
2479 956 2684 1010 Dictum
2702 966 2784 1010 est
2797 957 3006 1026 quidem
3024 959 3090 1012 ab
3107 957 3447 1027 irridentibus,
3459 963 3538 1017 sed
3553 981 3633 1020 non

2119 1045 2471 1114 respuendum
2494 1056 2576 1100 est
2597 1062 2628 1100 a
2653 1047 3006 1102 credentibus.
3041 1045 3170 1101 Erat
3192 1051 3330 1104 enim
3367 1067 3530 1107 revera
3570 1055 3636 1110 ille

2122 1134 2414 1188 seminator
2443 1135 2746 1201 verborum,
2777 1135 2872 1190 sed
2920 1150 3125 1191 messor
3151 1152 3374 1192 morum.
3402 1141 3458 1194 Et
3485 1157 3566 1196 nos
3584 1145 3631 1198 li-

2120 1235 2204 1280 cet
2232 1227 2416 1279 tantilli
2457 1234 2510 1280 ct
2540 1242 2867 1296 nequaquam
2915 1227 3059 1281 illius
3109 1229 3423 1283 excellentia:
3461 1247 3636 1302 Cﬂnlp:l-

2119 1317 2291 1382 randi,
2323 1319 2375 1370 in
2409 1333 2536 1387 agro
2576 1319 2690 1384 Dei,
2729 1318 2870 1387 quod
2898 1330 2979 1374 est
3005 1335 3098 1373 cor
3128 1329 3378 1387 vestrum,
3403 1325 3540 1377 verba
3565 1326 3634 1380 llei

2120 1407 2464 1472 seininamus,
2491 1415 2546 1461 et
2582 1408 2799 1462 uberem
2841 1423 3073 1462 messem
3123 1409 3190 1464 de
3232 1412 3412 1465 vestris
3448 1415 3636 1468 moribus

2119 1506 2508 1566 exspectamus.
2543 1497 2920 1553 Verumtamen
2967 1499 3107 1553 unde
3160 1499 3488 1555 admonemur
3523 1503 3633 1573 loqui

2119 1584 2372 1640 Charitati
2398 1597 2608 1654 vestrm,
2635 1587 2772 1656 quod
2801 1589 2911 1658 ipsa
2939 1589 3168 1644 lectione
3205 1591 3504 1657 continetur,
3537 1591 3633 1646 hor-

2123 1684 2294 1730 tamur
2315 1677 2565 1731 attentius
2587 1675 2895 1742 advertatis,
2927 1679 2974 1733 si
2995 1679 3266 1748 quomodo
3289 1680 3539 1749 adjuvante
3557 1683 3636 1734 Do-

2121 1767 2267 1821 mino
2314 1768 2422 1822 Deo
2461 1777 2642 1822 nostro
2680 1769 2904 1824 dicimus
2933 1770 3158 1839 aliquid,
3204 1771 3338 1840 quod
3382 1788 3469 1827 uec
3502 1773 3635 1836 facile,

2121 1855 2222 1910 nisi
2255 1856 2480 1921 dicatur,
2511 1858 2578 1911 ab
2604 1859 2854 1914 omnibus
2900 1860 3070 1928 possit
3101 1861 3344 1931 intelligi;
3375 1877 3525 1932 neque
3547 1879 3638 1918 cum

2122 1946 2447 2002 intellectum
2473 1946 2647 2012 fuerit,
2675 1947 2866 2002 debeat
2889 1949 2954 2002 ab
2981 1950 3096 2003 ullo
3123 1950 3400 2005 contemni.

2189 2034 2244 2087 2.
2286 2033 2441 2087 Fides
2461 2034 2881 2088 Christianarum.
2915 2037 3073 2104 Apud
3102 2037 3332 2091 Athenas
3361 2032 3635 2108 loquebatur.

2122 2123 2472 2180 Athenienses
2517 2126 2566 2180 in
2611 2127 2754 2179 omni
2801 2127 3100 2181 litteratura
3143 2138 3298 2198 atque
3325 2129 3534 2184 doctrina
3569 2145 3638 2199 per

2122 2215 2254 2269 alios
2283 2215 2503 2285 populos
2531 2231 2717 2286 magna
2750 2215 2883 2269 fama
2916 2218 3214 2286 pollebant.
3259 2218 3365 2288 Ipsa
3390 2227 3488 2273 erat
3510 2221 3636 2288 patrii

2122 2321 2432 2377 magnorum
2458 2307 2910 2377 philosophorum.
2941 2308 3077 2363 Inde
3104 2325 3165 2364 se
3194 2326 3286 2379 per
3311 2319 3506 2364 ca-teras
3530 2309 3639 2365 Grai.-

2236 2406 2391 2464 atque
2414 2397 2545 2450 alias
2574 2397 2717 2450 orbis
2744 2407 2910 2452 terras
2931 2399 3087 2451 varia
3104 2408 3156 2452 et
3173 2399 3425 2469 multiplex
3450 2399 3636 2452 doetrina

2123 2482 2420 2538 dill'uderat.
2448 2484 2523 2538 Ibi
2566 2482 2854 2552 Apostolus
2881 2487 3226 2556 loquebatur,
3257 2488 3323 2542 ibi
3360 2488 3639 2541 annuntiabat

2124 2572 2377 2626 Christum
2404 2575 2735 2641 cruciﬁxum:
2758 2574 2954 2630 luditis
2980 2577 3191 2647 quidem
3227 2577 3512 2644 scandalum,
3537 2576 3638 2632 Cen-

2123 2665 2252 2718 tibus
2275 2674 2438 2719 autem
2466 2667 2759 2733 stultitiam;
2785 2668 2906 2736 ipsis
2927 2685 3053 2722 vero
3077 2672 3258 2723 vocatis
3277 2669 3454 2724 luditis
3469 2683 3507 2723 et
3529 2667 3638 2723 Gra-

2123 2755 2195 2808 cis
2218 2753 2468 2808 Christum
2497 2753 2593 2808 Dei
2629 2754 2870 2809 Virtutem
2907 2767 2952 2810 et
2984 2757 3094 2811 Dei
3131 2759 3411 2831 sapientiam
3439 2758 3474 2829 (I
3495 2757 3586 2812 Cor.
3609 2771 3637 2824 t,

2123 2846 2228 2914 23,
2275 2847 2390 2918 24).
2437 2849 2548 2906 lloc
2591 2852 2908 2906 annuntiare
2948 2853 3101 2908 inter
3143 2855 3387 2923 superbos
3420 2864 3465 2908 et
3497 2853 3640 2908 doctos

2126 2938 2308 3006 quanti
2339 2937 2553 3006 periculi
2592 2939 2770 3006 fuerit,
2801 2952 3044 3022 vestrum
3095 2953 3174 2998 est
3199 2944 3432 3014 cogitare.
3455 2943 3640 3011 Denique

2126 3039 2371 3082 sermone
2399 3029 2566 3092 linito,
2598 3029 2775 3084 audita
2820 3031 2894 3084 illi
2933 3034 3330 3088 resurrectione
3356 3044 3638 3097 mortuorum,

2126 3130 2242 3185 quae
2263 3118 2522 3186 praecipua
2548 3119 2678 3173 tides
2706 3129 2787 3174 est
2805 3119 3036 3175 Christia
3052 3139 3256 3190 norum,
3284 3123 3365 3178 alii
3385 3121 3638 3185 irridebant;

2126 3206 2370 3260 dicebant
2395 3216 2569 3262 autem
2613 3209 2722 3274 alii,
2751 3211 3024 3264 Audiamus
3077 3223 3123 3266 te
3163 3214 3224 3268 de
3263 3214 3350 3267 hoc
3373 3213 3539 3267 iterum.
3560 3209 3640 3264 Nec

2127 3293 2409 3348 defuerunt
2438 3297 2525 3366 qni
2567 3298 2928 3365 crediderunt,
2975 3311 3147 3372 atque
3195 3305 3244 3357 in
3288 3304 3361 3358 eis
3401 3303 3641 3356 nominatur

2128 3382 2340 3452 quidam
2385 3385 2664 3455 Dionysius
2702 3389 3080 3459 Areopagitcs,
3125 3393 3174 3446 id
3200 3403 3278 3447 est
3304 3392 3637 3447 Atheniensium

2129 3473 2432 3542 principalis
2462 3473 2787 3546 (Areopagos
2815 3481 2954 3533 enim
2991 3482 3397 3539 Atheniensium
3423 3483 3543 3537 curia
3567 3496 3637 3534 vo-

2128 3565 2396 3634 cabatur);
2421 3577 2473 3620 et
2503 3567 2692 3622 mulier
2711 3569 2950 3638 quaedam
2974 3573 3198 3641 nobilis,
3226 3585 3276 3630 et
3296 3576 3395 3628 alii.
3424 3574 3556 3628 Facta
3580 3581 3640 3625 cst

2129 3670 2255 3725 ergo
2280 3656 2525 3725 loquente
2553 3661 2806 3727 Apostolo
2846 3662 3114 3730 tripartita
3158 3665 3241 3718 illa
3273 3665 3534 3728 multitudo,
3573 3675 3640 3730 per

2129 3745 2383 3812 quosdam
2413 3746 2606 3815 gradus
2634 3749 2765 3802 mira
2792 3749 3142 3808 distinctione
3170 3754 3441 3822 disposita;
3470 3751 3641 3806 irriden-

2131 3835 2281 3899 tiuni,
2337 3835 2712 3904 dubitantium,
2771 3841 3129 3897 credentium.
3179 3845 3384 3909 Quidam
3426 3845 3558 3906 enim,
3600 3849 3640 3893 ut

2130 3927 2379 3994 scriptum
2405 3943 2522 3982 esse
2547 3930 2866 3997 audivimus,
2903 3934 3218 4003 irridebant,
3245 3939 3434 4007 quidam
3447 3935 3637 3995 dicebam,

2129 4014 2399 4069 Audiemus
2421 4028 2466 4069 te
2498 4017 2560 4070 de
2589 4021 2682 4071 lioc
2715 4021 2931 4084 iterum;
2957 4023 3048 4077 isti
3079 4026 3372 4080 dubitantes
3397 4036 3552 4079 crzuit:
3574 4021 3638 4074 ali-

2129 4107 2217 4176 qui
2259 4107 2617 4163 crcdiderunt.
2660 4112 2801 4166 Inter
2849 4113 3132 4170 irridentes
3159 4127 3211 4176 et
3234 4119 3503 4181 credentes,
3521 4112 3638 4169 medii

2129 4205 2252 4250 sunt
2279 4195 2608 4270 dubitantes,
2632 4199 2728 4265 Qui
2764 4203 2963 4267 irridet,
2997 4207 3171 4261 cadit:
3203 4211 3287 4277 qni
3331 4209 3498 4270 credit,
3535 4212 3635 4277 stat;

2129 4286 2217 4355 qui
2247 4285 2469 4351 dubitat,
2503 4287 2733 4344 fluctuat.
2765 4291 3039 4349 Audientus
3084 4308 3131 4349 te
3160 4275 3232 4352 de
3256 4300 3347 4353 ltoc
3383 4301 3549 4356 iterum,
3577 4275 3642 4345 in:

2129 4373 2627 4443 quiuntzincertum
2665 4394 2731 4431 an
2766 4381 2938 4434 casuri
2975 4394 3158 4439 essent
3186 4402 3304 4440 cum
3343 4383 3636 4442 irridentibus,

2129 4478 2194 4516 an
2222 4465 2403 4519 staturi
2431 4483 2548 4520 cum
2584 4469 2940 4526 credentibus.

2201 4553 2424 4607 CAPUT
2469 4552 2912 4628 lL—Numquid
2956 4570 3136 4618 tamen
3185 4565 3402 4621 inaniter
3438 4559 3640 4619 laboravit

2132 4640 2420 4695 seminator
2449 4643 2537 4698 ille
2566 4646 2879 4702 verborum?
2905 4647 2997 4702 llle
3028 4667 3157 4706 vero
3183 4655 3227 4707 si
3253 4653 3531 4708 formidaret
3551 4646 3641 4715 irri-

2131 4729 2338 4796 dentes,
2369 4749 2471 4787 non
2502 4738 2798 4804 perveniret
2827 4738 2893 4792 ad
2919 4741 3232 4799 credentes:
3256 4744 3500 4814 quomodo
3520 4735 3640 4795 semi-

2133 4831 2286 4877 nator
2313 4825 2399 4879 ille
2439 4829 2790 4896 evangelicus,
2831 4847 2988 4901 quem
3027 4847 3406 4892 commemorat
3441 4833 3640 4890 Dominus

2134 4914 2276 4988 (nam
2308 4917 2486 4985 utique
2531 4918 2630 4972 hoc
2671 4933 2784 4974 erat
2813 4923 3045 4996 Paulus),
3089 4927 3138 4981 si
3178 4928 3454 4997 trepidaret
3477 4926 3640 4980 mittere

2132 5008 2353 5073 semina,
2397 5025 2465 5063 ne
2513 5010 2655 5065 aliud
2699 5013 2910 5070 caderet
2937 5017 2990 5070 in
3031 5016 3135 5083 via,
3167 5019 3306 5073 aliud
3337 5021 3462 5072 inter
3483 5011 3638 5084 spinis.

2132 5097 2272 5151 aliud
2299 5099 2348 5151 in
2379 5099 2494 5154 loca
2538 5113 2776 5170 petrosa;
2809 5122 3074 5177 nunquam
3107 5125 3288 5165 semen
3333 5116 3494 5179 posset
3515 5105 3638 5159 etiam

2132 5188 2197 5243 ad
2238 5197 2429 5243 terram
2459 5193 2709 5260 optimam
2756 5199 3049 5264 pervenire.
3107 5199 3174 5252 Et
3218 5216 3311 5253 nos
3351 5198 3637 5252 seminemus.

2133 5291 2471 5347 Spargamus:
2500 5281 2658 5336 corda
2680 5296 2990 5354 praeparate,
3018 5288 3244 5343 fructum
3273 5290 3407 5344 date.

2133 5387 2472 5459 preﬁxa_es_t,s
2485 5397 2581 5440 Non
2601 5395 2794 5459 omnino
2827 5394 2995 5456 malus,
3028 5398 3120 5446 sed
3142 5399 3258 5448 nihil
3275 5405 3356 5447 aut
3377 5407 3511 5459 quant
3533 5387 3641 5459 ιιιίηίέ

2142 5450 2520 5521 cuiumliabens
2550 5456 2810 5516 Augustini.
2829 5474 2851 5501 »
2877 5450 3061 5521 contra,
3094 5472 3181 5521 nos
3210 5450 3407 5521 quidem'
3423 5454 3640 5521 judiwlllls

2137 5519 2193 5581 et.
2209 5513 2400 5581 omnino
2417 5511 2905 5581 bonumsermonem,
2933 5526 2982 5567 et
3002 5517 3114 5581 nihil
3139 5511 3490 5581 hab-cutem
3516 5520 3639 5581 Αιξὲἷιξῖ

2136 5572 2404 5644 sti_ui._F.jus
2419 5576 2637 5644 meminit
2659 5571 2956 5644 Possidius'in
2974 5578 3202 5644 lodicula,
3221 5593 3322 5644 cap.
3339 5581 3382 5636 1,
3399 5578 3466 5644 his

2147 5649 2169 5676 ι
2191 5639 2256 5679 De
2280 5631 2498 5704 lectione
2514 5642 2708 5704 Actutum
2735 5639 3085 5704 Apostolorum,
3114 5631 3200 5689 ubi
3227 5631 3428 5704 Epicurei
3462 5641 3505 5684 et
3529 5631 3639 5680 stola

2117 5760 2120 5762 γ
2148 5708 2171 5737 ι
2191 5705 2300 5740 eum
2320 5691 2532 5754 apostolo
2553 5697 2690 5748 raulo
2709 5691 3027 5752 contulerunt.
3041 5713 3067 5745 Iv

2161 5835 2234 5848 ’,κ
