3850 6188
206 309 311 364 809

276 427 330 479 5.
372 423 616 493 Epicurei
635 435 679 477 et
707 423 864 476 Stoici
890 439 1004 476 cum
1030 424 1267 492 Apostolo
1294 426 1624 490 conferentes.
1673 421 1783 496 lloc

204 530 440 585 quoque,
459 515 503 567 si
521 514 760 568 meminit
783 515 1026 567 Charitas
1050 522 1244 577 vestra,
1271 528 1390 565 cum
1421 512 1684 582 legeretur
1701 528 1795 564 au-

203 607 456 670 divimus,
493 605 635 674 quod
677 605 889 674 quidam
933 621 998 660 ex
1044 605 1370 674 philosophis
1420 603 1693 674 Epicureis
1743 613 1799 658 et

203 698 397 754 Stoicis
421 697 773 751 conterebant
797 711 917 752 cum
946 697 1222 766 Apostolo.
1271 697 1371 762 Qui
1416 697 1523 750 sint
1567 697 1646 750 vel
1679 695 1795 750 fne-

205 791 312 844 rint
337 788 640 859 philosophi
671 788 917 858 Epicurei
948 797 1002 842 et
1030 787 1217 853 Stoici,
1248 787 1296 841 id
1325 796 1425 850 est,
1457 787 1579 856 quid
1607 801 1793 841 sense-

204 884 329 944 rint,
356 881 486 950 quid
514 897 699 934 verum
727 896 846 935 esse
876 881 1197 948 putaverint,
1222 880 1346 947 quid
1371 879 1794 948 phiIOsnphando

204 971 390 1024 sectati
417 971 545 1029 sint.
573 971 753 1038 procul
780 969 941 1024 dubio
969 970 1118 1023 multi
1148 980 1382 1023 vestrum
1412 970 1680 1024 nesciunt:
1701 969 1794 1023 sed

202 1062 454 1130 quoniam
473 1060 788 1129 Carthagini
804 1060 1089 1130 loquimur,
1108 1060 1257 1114 multi
1277 1061 1471 1114 sciunt.
1497 1060 1788 1128 Adjuvent‘

199 1167 330 1221 ergo
355 1151 522 1206 modo
545 1166 644 1204 nos
670 1151 906 1205 dicturos
950 1151 1120 1206 vobis.
1149 1150 1229 1205 Ad
1271 1166 1383 1205 rem
1412 1151 1608 1221 quippe
1639 1149 1795 1204 valde

206 1243 457 1314 pertinet,
500 1243 642 1312 quod
673 1252 800 1309 puto
827 1257 948 1296 esse
976 1241 1279 1296 dicendum.
1328 1241 1558 1296 Audiam
1602 1255 1699 1294 nos
1739 1249 1796 1295 et

202 1334 508 1388 nescientes
533 1341 586 1388 et
615 1331 883 1386 scientes:
915 1331 1214 1387 nescientes
1241 1332 1590 1396 instruantur,
1620 1333 1795 1386 scien-

201 1432 286 1478 tes
311 1432 782 1485 commoueantur;
819 1423 890 1476 illi
919 1431 1258 1491 Cognoscant,
1284 1422 1356 1475 illi
1385 1431 1790 1491 recognoscant.

271 1515 501 1570 CAPUT
543 1514 627 1569 111.
647 1545 715 1554 --
742 1516 795 1568 4.
839 1513 996 1567 Beata
1028 1515 1129 1568 vita
1165 1514 1228 1567 ab
1257 1513 1490 1568 omnibus
1517 1515 1789 1585 appetitur.

202 1607 384 1662 Primo
409 1605 732 1676 generaliter
746 1604 926 1659 audite
941 1605 1178 1658 omnium
1196 1604 1629 1674 philosophorum
1650 1620 1794 1659 com-

200 1713 364 1752 mune
409 1695 669 1760 studium,
717 1695 770 1748 in
811 1709 918 1766 quo
961 1693 1138 1748 studio
1179 1695 1448 1750 communi
1495 1696 1792 1750 habuerunt

195 1789 439 1858 quinque
469 1787 756 1842 divisiones
785 1794 842 1841 et
878 1785 1204 1841 diﬁ‘erentias
1248 1787 1632 1841 sententiarum
1664 1802 1790 1858 pro-

197 1881 463 1950 priarum.
520 1879 888 1935 Communiter
929 1893 1116 1934 omnes
1160 1878 1456 1948 pbilomphi
1507 1879 1786 1943 stttdendo,

197 1972 517 2044 qumrendo,
562 1971 900 2040 disputando,
947 1969 1172 2025 vivendo
1201 1970 1568 2039 appetiverunt
1595 1985 1787 2039 apprc-

195 2063 434 2118 bendere
477 2065 643 2117 vitam
680 2063 911 2118 beatam.
941 2061 1064 2116 lltec
1104 2076 1206 2114 una
1231 2061 1328 2115 fuit
1351 2077 1509 2116 causa
1550 2061 1785 2130 phil0so-

195 2153 394 2224 pbandi
416 2171 430 2206 :
454 2154 550 2208 sed
576 2161 700 2223 puto
715 2151 859 2222 quod
882 2151 1041 2206 etiam
1061 2151 1159 2204 hoc
1181 2141 1477 2220 philos0phi
1509 2151 1781 2205 nobiscum

195 2260 490 2300 commune
519 2245 735 2298 habent.
769 2243 824 2298 Si
854 2243 995 2298 enim
1035 2257 1065 2296 a
1097 2242 1246 2296 vobis
1282 2257 1515 2312 quieram
1543 2258 1706 2310 quare
1733 2243 1784 2296 in

194 2337 467 2391 Christum
497 2335 854 2401 credideritis,
893 2350 1062 2403 quare
1088 2333 1361 2388 christiani
1389 2333 1510 2386 facti
1543 2332 1780 2397 fueritis;

194 2428 464 2484 veraciter
497 2427 628 2482 mihi
657 2425 832 2480 munis
874 2427 1034 2478 homo
1071 2423 1359 2494 respondet
1390 2441 1402 2476 :
1437 2423 1661 2493 Propter
1706 2425 1784 2476 vi-

193 2528 301 2573 tam
332 2519 572 2574 beatam.
603 2516 874 2586 Appetitio
915 2515 1074 2586 igitur
1109 2515 1280 2570 beatae
1309 2515 1431 2569 vita:
1453 2514 1783 2584 philoSOphis

194 2610 623 2678 Christianisque
651 2607 953 2664 communis
981 2616 1081 2661 est.
1121 2606 1226 2663 Sed
1271 2621 1360 2661 res
1399 2615 1504 2660 tam
1549 2621 1780 2660 eonsona

193 2699 280 2753 ubi
305 2699 537 2754 inveniri
567 2698 755 2768 possit,
775 2697 900 2752 inde
916 2697 1139 2767 quaestio
1163 2707 1264 2761 est,
1290 2695 1484 2751 deinde
1507 2695 1778 2750 discretio.

193 2789 321 2844 Nam
351 2790 522 2842 vitam
553 2789 760 2843 beatam
786 2798 1058 2858 appetere,
1087 2789 1247 2842 vitam
1279 2788 1485 2842 beatam
1513 2787 1668 2851 velle,
1696 2789 1780 2840 vi-

194 2891 296 2935 tam
319 2880 535 2935 beatam
553 2880 950 2948 concupiscere,
970 2877 1294 2941 desiderare,
1315 2878 1525 2943 sectari,
1545 2877 1780 2930 omnium

193 2969 474 3027 hominum
500 2983 619 3022 esse
639 2968 887 3022 arbitror.
919 2966 1072 3023 Unde
1093 2983 1177 3020 me
1201 2968 1352 3022 video
1373 2981 1558 3037 parum
1581 2966 1781 3020 dixisse

194 3061 331 3117 hunc
352 3060 656 3131 appetitum
683 3060 852 3114 beattc
875 3059 994 3113 vita:
1015 3059 1344 3128 philosophis
1364 3058 1783 3127 Christianisque

192 3168 539 3210 communem
567 3170 579 3205 :
610 3151 766 3206 debui
793 3152 939 3206 enim
981 3149 1180 3215 dicere,
1208 3151 1444 3204 omnium
1485 3149 1780 3214 hominum,

193 3261 412 3315 prorsus
441 3244 686 3299 omnium
724 3243 987 3298 bonorum
1029 3251 1083 3295 et
1113 3241 1393 3294 malorum.
1425 3240 1555 3295 Nam
1601 3250 1655 3296 et
1692 3241 1782 3312 qui

192 3335 366 3391 honos
389 3344 500 3400 est,
529 3333 648 3388 ideo
672 3333 843 3388 bonus
871 3341 955 3388 est
983 3340 1040 3386 ut
1069 3330 1253 3385 beatus
1279 3333 1375 3396 sit;
1407 3340 1459 3386 et
1488 3331 1576 3400 qui
1614 3333 1785 3386 malus

192 3436 290 3491 est,
319 3428 500 3481 malus
525 3440 630 3480 non
659 3435 821 3489 esset,
853 3425 952 3478 nisi
985 3423 1107 3478 inde
1150 3437 1207 3477 se
1247 3423 1457 3478 beatum
1485 3439 1604 3478 esse
1629 3437 1784 3492 posse

191 3529 458 3587 speraret.
491 3517 566 3572 De
592 3516 746 3571 bonis
781 3515 948 3569 facilis
974 3515 1200 3584 quaestio
1241 3523 1343 3580 est,
1389 3514 1528 3583 quod
1578 3515 1784 3568 beatam

195 3609 358 3662 vitam
401 3615 672 3678 quaerant,
719 3604 842 3658 inde
867 3605 989 3660 boni
1019 3604 1144 3658 sint.
1181 3605 1257 3658 De
1288 3605 1438 3658 malis
1465 3603 1598 3657 forte
1625 3605 1785 3673 aliqui

191 3699 463 3764 dubiant,
499 3708 674 3752 utrum
707 3705 762 3751 et
787 3697 884 3766 ipsi
913 3697 1120 3750 beatam
1147 3697 1308 3749 vitam
1337 3704 1597 3764 qu:crant.
1622 3693 1726 3749 Sed
1742 3695 1786 3748 si

191 3801 474 3861 separatos
501 3789 672 3843 malos
701 3796 754 3842 et
777 3804 805 3840 a
833 3787 988 3842 bonis
1011 3786 1274 3840 discretos
1301 3785 1631 3854 interrogare
1664 3800 1782 3853 pos-

194 3898 306 3937 sem
335 3890 392 3938 et
415 3880 623 3943 dicere,
652 3878 820 3932 Vultis
850 3877 992 3932 beati
1017 3876 1174 3930 esse?
1201 3889 1359 3929 nemo
1383 3874 1604 3939 diceret,
1627 3874 1778 3930 Nolo.

195 3974 352 4030 Verbi
403 3971 598 4042 gratia,
646 3984 782 4037 pone
821 3958 1053 4037 aliquem
1095 3965 1301 4020 furem:
1327 3979 1510 4035 quzcro
1554 3965 1623 4020 ab
1667 3964 1778 4030 illo,

121 4085 124 4087 λ
191 4066 370 4131 Quare
391 4062 593 4117 fnrttun
623 4060 784 4113 facis?
807 4058 872 4114 Ut
897 4057 1144 4123 habeam,
1173 4055 1362 4124 inquit,
1389 4055 1531 4126 quod
1562 4071 1668 4110 non
1694 4055 1790 4110 ha-

194 4158 408 4212 bebam.
453 4155 632 4219 Quare
669 4167 752 4205 vis
780 4150 975 4204 habere
1020 4147 1159 4218 quod
1209 4162 1312 4201 non
1365 4147 1787 4214 habebas?Quia

193 4250 452 4303 miserum
486 4252 571 4300 est
599 4257 703 4298 non
736 4241 949 4296 habere.
992 4241 1047 4294 Si
1093 4252 1222 4309 ergo
1269 4239 1522 4293 miserum
1564 4247 1644 4294 est
1683 4255 1788 4295 non

193 4339 416 4400 habere,
451 4334 666 4389 beatum
695 4339 843 4401 putat
869 4330 1088 4385 habere.
1115 4328 1221 4384 Sed
1247 4329 1299 4382 in
1325 4344 1390 4383 eo
1415 4327 1692 4398 impudens
1707 4339 1790 4384 est

191 4440 239 4484 et
270 4437 444 4492 errat,
475 4426 596 4497 quia
636 4425 704 4480 de
739 4423 878 4478 malo
905 4423 1018 4476 vult
1063 4423 1249 4476 beatus
1294 4421 1428 4474 fieri.
1460 4421 1661 4475 Bonum
1707 4431 1792 4476 est

191 4524 335 4576 enim
365 4517 618 4572 omnibus
633 4515 844 4570 beatum
873 4527 1011 4568 esse.
1042 4511 1197 4567 Unde
1221 4527 1350 4581 ergo
1367 4513 1452 4566 ille
1471 4513 1788 4582 pervorsus?

191 4613 325 4678 Quia
356 4611 558 4665 bonum
579 4606 771 4678 qutcrit
797 4615 851 4661 et
881 4604 1075 4659 malum
1095 4604 1235 4658 facit.
1257 4604 1393 4671 Quid
1419 4605 1607 4674 qumrit
1630 4604 1782 4674 ergo?

191 4703 333 4771 Quid
359 4701 564 4770 aspirat
589 4699 848 4769 cupiditas
877 4697 1137 4752 malorum
1177 4694 1243 4748 ad
1285 4693 1586 4750 mercedem
1619 4696 1786 4750 bono-

192 4793 360 4849 nim?
381 4793 542 4848 Beata
583 4791 687 4845 vita
733 4803 938 4843 merces
974 4786 1233 4840 bonorum
1261 4785 1609 4839 cst:bonitas
1651 4799 1788 4853 Opus

191 4894 295 4951 est,
330 4883 606 4940 beatitudo
633 4896 836 4936 merces
856 4889 954 4934 est.
980 4879 1121 4932 Dens
1139 4891 1273 4946 Opus
1294 4877 1464 4944 jubet,
1487 4875 1786 4932 mercedem

193 4975 453 5046 proponit
481 4989 496 5026 :
521 4972 668 5033 dicit,
694 4971 806 5024 Hoc
837 4970 945 5032 fac,
977 4977 1029 5023 et
1064 4967 1162 5021 hoc
1196 4966 1442 5034 accipies.
1488 4967 1582 5021 llle
1611 4975 1786 5021 autem

193 5068 376 5123 malus
402 5063 690 5134 reSpondet
716 5061 902 5116 nobis:
931 5059 1042 5114 Nisi
1078 5058 1213 5112 male
1243 5057 1438 5122 fecero,
1467 5057 1652 5112 beatus
1681 5072 1786 5111 non

191 5175 315 5213 eno.
341 5157 615 5224 Tanquam
642 5154 786 5208 dicat
803 5151 1025 5222 aliquis:
1052 5149 1130 5203 Ad
1156 5149 1348 5203 bonum
1375 5163 1478 5203 non
1511 5149 1785 5218 pervenio,

192 5249 303 5304 nisi
355 5245 526 5302 malus
571 5243 739 5298 fuero.
773 5242 887 5297 Non
918 5239 1067 5294 vides
1111 5239 1230 5309 quia
1283 5238 1477 5292 bonum
1507 5248 1562 5292 et
1592 5239 1788 5292 malum

191 5337 468 5395 contraria
511 5336 671 5389 sunt?
717 5334 918 5388 Bonum
948 5329 1163 5400 qumris,
1195 5337 1250 5382 et
1279 5329 1470 5382 malum
1513 5327 1679 5382 facis?
1732 5329 1786 5382 ln

190 5429 529 5486 mntrariunt
558 5426 760 5486 curris;
784 5421 995 5492 quando
1017 5418 1300 5492 pervenis?

268 5517 500 5574 CAPUT
543 5516 629 5570 IV.
663 5545 730 5556 ——
756 5515 808 5568 ὃ.
844 5513 1198 5583 Fpicurcorum
1219 5520 1263 5564 et
1295 5510 1580 5565 Stoicorum
1621 5510 1792 5578 Opinio

189 5612 257 5666 de
304 5610 452 5663 beata
492 5609 612 5661 vita.
655 5606 1038 5673 Relinquannts
1071 5617 1198 5670 ergo
1235 5601 1396 5663 istos;
1441 5599 1571 5653 forte
1597 5607 1790 5669 oppor-

263 5723 284 5754 ⁸
302 5719 611 5769 Ουὼυινιίιιιιδ
631 5723 735 5775 ωδ..
759 5715 981 5764 Atidium.

470 5799 741 5857 ΡΑτιιοι.
778 5797 1134 5860 XXXVIII.

1695 309 1920 364 SERMO
1957 308 2061 364 CL.

3366 326 3470 380 UO

1900 432 2081 476 tunum
2116 426 2217 478 erit
2245 434 2302 480 ut
2332 426 2397 481 ad
2430 441 2528 484 eos
2556 428 2830 486 mleamus
2849 470 2864 495 ,
2901 446 3021 487 cum
3051 433 3116 488 de
3144 435 3470 507 philosophis

1897 514 2037 583 quod
2062 516 2384 570 instituimus
2407 520 2782 590 percgerimus.
2811 522 2923 575 Non
2948 525 3088 578 enim
3109 527 3337 580 arbitror
3358 531 3472 583 sine

1897 620 2080 671 causa,
2102 621 2197 677 per
2227 609 2527 665 nescientes
2551 622 2724 667 actum
2752 629 2869 669 esse
2897 616 3094 686 aliquid
3123 635 3364 689 tttagnum
3387 623 3470 677 di-

1897 708 2180 765 speusante
2207 701 2384 754 divina
2417 703 2527 772 ipsa
2557 707 2902 773 providentia,
2930 721 2985 762 ut
3007 725 3128 764 cum
3151 723 3330 766 essent
3351 717 3471 782 plu-

1899 788 2046 841 ritum
2074 788 2507 860 philosophorum
2525 804 2683 848 secta:
2707 795 2755 847 in
2777 797 2987 850 civitate
3003 799 3336 866 Atheniensi,
3367 820 3470 857 non

1896 879 2219 934 contulerint
2249 897 2367 934 cum
2410 885 2662 951 Apostolo
2692 887 2854 940 Paulo
2880 889 2979 942 nisi
3006 889 3164 944 Stoici
3195 901 3249 944 et
3281 894 3470 962 Ερίοιιο

1899 971 1975 1024 rei
1991 969 2123 1040 (Act.
2144 987 2272 1035 χιιι,
2294 973 2404 1036 l8).
2423 975 2553 1027 Cum
2574 977 2714 1029 enim
2736 978 3006 1034 audieritis
3025 981 3148 1048 quid
3169 983 3398 1037 sentiant
3421 985 3471 1040 in

1898 1062 2057 1114 sectis
2079 1063 2211 1126 suis,
2230 1065 2475 1118 videbitis
2496 1083 2651 1136 quam
2674 1085 2776 1124 non
2802 1069 2993 1124 frustra
3017 1071 3209 1128 factum
3234 1076 3321 1139 sit,
3339 1089 3388 1129 ut
3407 1093 3471 1132 ex

1897 1151 2145 1206 omnibus
2165 1153 2488 1222 philnsOphis
2509 1157 2608 1210 soli
2627 1174 2747 1212 cum
2767 1160 2929 1214 Paulo
2945 1163 3270 1218 conferrent.
3294 1165 3471 1236 Neque

1898 1243 2038 1292 enim
2066 1241 2156 1295 ille
2184 1243 2377 1312 eligere
2405 1246 2502 1298 sibi
2531 1249 2701 1314 potuit
2733 1250 2922 1318 quibus
2950 1253 3325 1308 altercantibus
3359 1274 3472 1311 res.-

1897 1332 2171 1400 ponderet;
2195 1336 2285 1388 sed
2307 1336 2484 1390 divina
2507 1340 2760 1416 sapientia
2784 1345 2958 1398 omnia
2980 1347 3281 1414 gubernans
3306 1348 3402 1402 hos
3423 1349 3472 1402 ei

1895 1423 2174 1490 apposuit,
2205 1425 2253 1477 in
2281 1426 2472 1494 quibus
2507 1427 2856 1485 dissensionis
2895 1434 3329 1505 pltilomphorum
3364 1449 3470 1494 tota

1899 1530 2063 1581 prope
2099 1531 2258 1570 causa
2285 1520 2627 1575 consisteret.
2657 1523 2898 1580 Breviter
2925 1541 3051 1595 ergo
3079 1528 3200 1582 dico
3233 1547 3244 1580 :
3278 1529 3422 1585 ind0(
3435 1533 3470 1585 ti

1897 1604 2116 1658 credant
2157 1607 2310 1660 nobis
2335 1650 2349 1671 ,
2397 1609 2538 1664 docti
2579 1613 2817 1680 judicent
2863 1615 2930 1670 de
2958 1617 3131 1672 nobis.
3182 1620 3314 1674 Puto
3350 1624 3470 1692 quia

1898 1695 2108 1748 mentiri
2135 1711 2238 1751 non
2269 1699 2442 1754 audeo
2463 1701 2709 1766 indoctis,
2730 1704 3000 1773 judicibus
3025 1707 3216 1768 doctis;
3243 1713 3474 1767 maxime

1894 1786 2015 1853 quia
2047 1787 2166 1840 dico
2198 1790 2430 1859 aliquid,
2459 1793 2548 1847 ubi
2579 1796 2775 1862 pariter
2803 1807 2854 1851 ct
2878 1799 3018 1853 docti
3047 1811 3101 1855 et
3124 1803 3315 1858 indocti
3347 1820 3474 1875 pos.

1895 1875 2002 1930 sint
2030 1881 2562 1950 veraciterjndieare.
2587 1885 2698 1940 Hoc
2719 1903 2845 1956 ergo
2873 1891 3015 1958 prius
3037 1892 3176 1958 dico,
3202 1894 3470 1952 hominem

1893 1977 2142 2024 constare
2183 1987 2248 2024 ex
2290 1973 2464 2026 anima
2497 1984 2550 2028 et
2590 1992 2832 2046 corpore.
2864 1979 2957 2035 llic
2990 1998 3092 2037 non
3121 1996 3245 2053 peto
3275 1997 3331 2041 nt
3357 2003 3475 2044 cre-

1893 2057 2052 2122 datis,
2081 2061 2172 2116 sed
2203 2073 2256 2116 et
2289 2079 2383 2117 vos
2410 2075 2532 2136 peto
2561 2078 2616 2120 ut
2651 2069 2915 2136 jndicetis.
2956 2073 3070 2128 Non
3108 2079 3247 2130 enim
3279 2079 3473 2143 timeo,

1893 2165 1958 2203 ne
1988 2151 2036 2203 iu
2071 2152 2172 2206 hoc
2201 2153 2344 2207 dicto
2377 2157 2514 2210 male
2551 2158 2828 2228 quisquam
2868 2161 3071 2230 jndieet
3112 2165 3180 2219 de
3220 2182 3338 2229 me.
3383 2171 3475 2238 qui

1889 2242 2128 2307 agnoscit
2148 2258 2224 2296 se.
2261 2243 2429 2298 llomo
2457 2261 2604 2315 ergo,
2631 2249 2772 2316 quod
2799 2265 2956 2303 nemo
2979 2253 3197 2322 ambigit
3214 2297 3230 2318 ,
3261 2268 3472 2312 constat

1891 2347 1954 2385 ex
1986 2333 2160 2386 anima
2199 2343 2252 2388 et
2285 2350 2527 2405 corpore.
2571 2338 2874 2393 Substantia
2904 2341 3001 2394 ista
3021 2383 3036 2405 ,
3072 2359 3160 2398 res
3187 2344 3286 2399 ista
3307 2388 3321 2409 ,
3354 2363 3475 2416 per-

1893 2435 2021 2477 sona
2051 2423 2146 2477 ista
2179 2427 2482 2500 qure‘homo
2507 2429 2719 2495 dicitur,
2751 2429 2958 2484 beatam
2989 2433 3148 2486 vitam
3173 2437 3363 2502 quaerit
3385 2455 3402 2492 :
3423 2449 3477 2493 et

1894 2512 1996 2567 hoc
2023 2516 2220 2580 nostis;
2253 2532 2351 2572 nec
2382 2518 2518 2572 insto
2569 2529 2625 2573 ut
2670 2519 2938 2586 credatis,
2981 2522 3074 2577 sed
3112 2524 3376 2580 admoneo
3419 2537 3476 2582 ut

1890 2606 2206 2671 agnoscatis.
2228 2605 2418 2671 "orno,
2441 2607 2678 2676 inquam,
2704 2609 2753 2662 id
2787 2618 2888 2674 est,
2920 2626 3007 2664 res
3029 2612 3123 2665 ista
3155 2629 3258 2668 non
3291 2629 3471 2684 parva,

1893 2695 2198 2763 prtccedcns
2228 2697 2406 2750 omnia
2435 2713 2623 2767 pecora
2642 2740 2657 2762 ,
2698 2700 2875 2754 omnia
2913 2702 3180 2768 volatilia,
3212 2705 3390 2760 omnia
3418 2716 3475 2760 et

1891 2785 2151 2851 natatilia,
2182 2797 2233 2840 et
2263 2787 2516 2857 quidquid
2539 2804 2753 2844 carnem
2779 2791 2915 2860 gerit
2943 2802 2998 2846 et
3030 2794 3191 2848 homo
3216 2811 3320 2850 non
3348 2807 3428 2851 est
3457 2815 3472 2849 :

1892 2878 2053 2931 homo
2082 2894 2210 2948 ergo
2239 2889 2489 2934 constans
2527 2895 2594 2936 ex
2633 2881 2807 2935 anima
2850 2892 2904 2936 et
2943 2897 3202 2953 corpore;
3235 2887 3328 2942 sed
3369 2903 3474 2946 nan

1890 2970 2264 3040 qualicumque
2300 2972 2474 3027 anima
2498 3013 2512 3038 ,
2545 2987 2664 3026 nam
2692 2982 2745 3027 et
2776 2988 2935 3042 pecus
2962 2984 3172 3029 constat
3203 2992 3269 3032 ex
3298 2978 3474 3035 anima

1889 3068 1946 3114 et
1969 3075 2195 3130 corpore
2219 3079 2231 3114 :
2260 3062 2419 3117 homo
2444 3078 2571 3133 ergo
2590 3072 2842 3118 constans
2869 3079 2934 3120 ex
2955 3066 3132 3121 anima
3157 3069 3400 3126 rationali
3421 3081 3477 3126 et

1889 3164 2054 3206 carne
2079 3153 2324 3218 mortali,
2365 3153 2556 3219 quarrit
2596 3152 2804 3208 beatam
2841 3155 3020 3210 vitam.
3051 3156 3179 3226 Qua:
3208 3173 3294 3213 res
3319 3159 3476 3216 faciat

1898 3243 2106 3300 beatam
2134 3245 2293 3299 vitam
2313 3260 2431 3299 cum
2455 3246 2763 3314 cognoverit
2783 3247 2963 3314 homo,
2987 3248 3091 3303 nisi
3114 3249 3250 3305 hanc
3271 3260 3468 3318 teneat,

1892 3335 2028 3390 hanc
2053 3343 2325 3406 sequatur,
2350 3335 2485 3390 hanc
2509 3336 2608 3390 sibi
2635 3336 2884 3396 vindicet.
2912 3349 3149 3394 assumat
3166 3341 3210 3394 si
3235 3351 3476 3410 potestas

1890 3434 1992 3490 est,
2025 3435 2169 3493 petat
2201 3425 2245 3478 si
2273 3423 2558 3479 difﬁcultas
2581 3433 2697 3490 est,
2742 3427 2925 3480 beatus
2960 3442 3080 3482 esse
3125 3445 3229 3482 non
3271 3440 3470 3499 potest.

1892 3515 2023 3570 Tota
2063 3515 2221 3584 igitur
2257 3515 2480 3584 qumstio
2521 3524 2635 3578 est,
2681 3515 2805 3584 quid
2851 3516 3005 3571 faciat
3047 3516 3256 3572 beatam
3287 3520 3472 3574 vitam.

1890 3607 2205 3664 Constituite
2232 3622 2371 3661 nunc
2395 3615 2517 3660 ante
2546 3606 2730 3661 oculos
2757 3615 2964 3661 vestros
2992 3609 3305 3678 Epicureos,
3333 3610 3477 3666 Stoi-

1891 3714 2004 3761 cos,
2036 3709 2089 3753 et
2116 3698 2426 3768 Apostolum
2451 3714 2464 3748 :
2495 3696 2633 3766 quod
2663 3696 2821 3750 etiam
2852 3699 2929 3752 sic
2953 3698 3134 3754 dicere
3162 3701 3326 3768 potui,
3355 3703 3475 3770 Epi-

1891 3803 2101 3850 cureos,
2132 3787 2358 3849 Stoicos,
2383 3785 2730 3840 Christianos.
2756 3783 3147 3857 lnterrogemus
3171 3790 3317 3859 prius
3349 3793 3474 3862 Epi-

1892 3895 2083 3936 cureos
2103 3921 2120 3945 ,
2152 3894 2270 3949 qua:
2297 3894 2385 3934 res
2413 3879 2568 3932 faciat
2604 3879 2764 3933 vitam
2807 3879 3037 3934 beatam.
3083 3880 3426 3951 Respondent
3453 3903 3470 3939 :

1895 3973 2151 4042 Voluptas
2169 3972 2430 4040 corporis.
2459 3971 2554 4025 Hie
2576 3971 2684 4040 jam
2711 3972 2938 4026 credatis
2961 3983 3102 4042 peto,
3125 3976 3248 4044 quia
3266 3976 3475 4046 judice:

1896 4065 2087 4120 habeo.
2122 4063 2309 4120 Utrum
2340 4063 2482 4118 enim
2515 4063 2616 4116 hoc
2637 4062 2844 4128 dicant,
2875 4063 2976 4118 hoc
3013 4065 3246 4119 sentiant
3279 4066 3473 4136 Epicu-

1894 4157 1994 4221 rei,
2029 4155 2244 4210 nescitis
2263 4195 2277 4218 ,
2308 4153 2429 4224 quia
2453 4154 2566 4206 illas
2595 4153 2797 4208 litteras
2827 4171 2932 4208 non
2962 4154 3194 4224 legistis;
3223 4157 3318 4212 sed
3347 4168 3468 4213 sunt

1895 4245 2098 4316 hic-qni
2134 4245 2393 4314 legerunt.
2439 4243 2738 4298 Redeamus
2776 4243 2843 4298 ad
2884 4245 3305 4316 interrogandos.
3333 4246 3466 4317 Quid

1893 4334 2087 4396 dicitis,
2113 4333 2380 4403 Epicurei,
2400 4349 2517 4403 qnze
2541 4347 2627 4387 res
2648 4331 2772 4388 facit
2790 4333 2998 4388 beatam
3019 4336 3204 4390 vitam?
3224 4337 3465 4408 Respon-
3486 4331 3506 4409 ί

1895 4427 2024 4479 dent
2050 4445 2062 4480 :
2096 4425 2348 4494 Voluptas
2373 4426 2632 4493 corporis.
2656 4423 2790 4492 Quid
2817 4425 3013 4490 dicitis,
3035 4427 3220 4494 Stoici,
3243 4445 3361 4500 qua:
3386 4447 3472 4486 res
3499 4428 3504 4439 '

1897 4518 2018 4570 facit
2046 4516 2206 4568 vitam
2241 4514 2488 4568 beatam?
2518 4513 2859 4583 Respondent
2891 4532 2906 4568 :
2935 4515 3116 4571 Virtus
3156 4519 3340 4573 animi.
3383 4519 3470 4574 ln-

1896 4609 2077 4664 tendat
2105 4611 2310 4662 m'ecnm
2340 4605 2584 4660 Charitas
2615 4616 2810 4672 vestra,
2837 4605 3123 4664 Christiani
3152 4625 3354 4675 sumus,
3387 4613 3472 4667 in-

1895 4710 1976 4756 ter
1997 4698 2341 4768 philosophos
2356 4698 2732 4767 disceptamus.
2752 4697 2942 4753 Videte
2960 4714 3125 4769 quare
3146 4701 3249 4755 illa:
3271 4710 3472 4758 tantum

1894 4792 2014 4846 (huc
2041 4799 2200 4844 secta:
2244 4798 2538 4858 procurata:
2563 4798 2688 4842 sunt
2722 4803 2844 4842 cum
2881 4790 3137 4856 Apostolo
3177 4790 3472 4848 collatum.

1895 4882 2034 4937 Nihil
2059 4892 2142 4938 est
2171 4882 2221 4936 in
2250 4881 2482 4941 homine.
2516 4879 2656 4950 quod
2683 4879 2748 4932 ad
2789 4879 2905 4947 ejus
2931 4880 3277 4934 substantiam
3307 4883 3477 4949 perti-

1897 4983 2019 5029 neat
2039 4982 2194 5043 atque
2216 4980 2478 5029 naturam,
2503 4977 2695 5036 pra-ter
2717 4982 2910 5036 corpus
2929 4978 2980 5022 et
3001 4970 3252 5022 animam.
3271 4969 3474 5025 ﬂorum

1897 5067 2120 5121 duorum
2150 5063 2202 5117 in
2233 5077 2338 5116 uno
2357 5101 2371 5125 ,
2401 5060 2502 5112 hoc
2529 5069 2610 5113 est
2635 5058 2686 5112 in
2711 5073 2970 5125 corpore,
3005 5059 3253 5127 Epicurei
3279 5077 3476 5130 posue-

1898 5164 2020 5209 runt
2047 5153 2252 5209 beatam
2280 5149 2439 5204 vitam
2473 5166 2485 5201 :
2519 5150 2569 5204 in
2596 5147 2702 5202 alio
2720 5188 2737 5213 ,
2763 5147 2813 5201 id
2836 5157 2918 5202 est
2941 5149 3115 5204 anima
3139 5189 3156 5214 ,
3184 5148 3348 5206 Stoici
3382 5167 3476 5222 po-

1897 5255 2118 5303 suerunt
2138 5246 2344 5298 beatam
2363 5244 2542 5296 vitam.
2557 5243 2821 5311 Quantum
2844 5241 2909 5295 ad
2929 5241 3198 5300 hominem
3219 5245 3476 5316 pertinet.

1897 5340 1941 5392 si
1963 5339 2030 5392 ab
2052 5337 2142 5391 illo
2163 5335 2262 5390 sibi
2283 5345 2366 5388 est
2387 5335 2488 5388 vita
2515 5334 2687 5396 beata,
2719 5334 2846 5386 nihil
2875 5343 3038 5388 restat
3063 5343 3258 5403 przeter
3281 5349 3478 5404 corpus

1897 5441 1950 5484 et
1970 5429 2222 5482 animam.
2250 5427 2353 5481 Aut
2379 5441 2572 5494 corpus
2597 5436 2680 5480 est
2705 5439 2861 5477 causa
2890 5425 3056 5479 beata-
3079 5424 3216 5484 viae.
3245 5434 3333 5478 aut
3359 5426 3478 5478 ani-

1901 5535 1982 5575 tua
2013 5530 2093 5574 est
2124 5533 2283 5572 causa
2315 5516 2482 5568 beatae
2513 5515 2632 5568 vitm
2659 5532 2670 5566 :
2700 5513 2742 5566 si
2778 5513 2894 5580 plus
2921 5512 3137 5582 quaeris,
3168 5511 3234 5565 ab
3265 5512 3478 5580 homine

1899 5612 2126 5667 ret-edis.
2159 5609 2220 5662 ili
2251 5624 2376 5677 ergo
2401 5609 2488 5675 qui
2515 5607 2723 5659 beatam
2748 5607 2906 5659 vitam
2931 5605 3158 5658 hominis
3189 5605 3240 5660 in
3263 5605 3478 5661 lumine

1902 5711 2189 5776 pesuerunt
2212 5745 2226 5770 ,
2259 5701 2381 5753 alibi
2410 5715 2604 5769 ponere
2647 5697 2862 5750 omrino
2899 5713 3001 5750 non
3035 5707 3338 5766 ῃιιιιιριιιιιι,
3371 5689 3474 5748 nisi

2717 5789 3152 5867 {Hum-Sir.)
