3910 6184
268 346 275 353 κ
350 314 466 369 ³811

366 433 464 481 aut
499 423 550 478 in
580 435 821 491 corpore,
844 425 944 471 aut
976 416 1029 469 in
1057 412 1256 470 anima.
1285 408 1484 467 Uerum
1511 406 1601 477 qui
1636 404 1687 459 in
1716 416 1945 473 corpore

369 523 700 589 posuerunt,
729 510 1081 582 principatum
1121 503 1371 576 Epicurei
1397 494 1683 557 tenuerunt
1712 516 1727 553 :
1751 496 1947 552 horum

370 610 460 681 qui
485 605 729 664 inanima
754 608 1065 671 mstterunt,
1088 596 1439 669 principatum
1458 590 1621 649 Stoici
1645 595 1945 681 tenuerunt.

440 695 666 755 CAPUT
706 694 772 751 γ.
802 722 874 734 -
902 691 954 748 ti.
1003 691 1370 762 Epicureorum
1407 684 1581 756 opinio
1611 682 1675 736 ab
1705 679 1949 751 Apostolo

368 789 671 860 improbata.
701 785 778 841 De
798 786 971 840 anima
1005 782 1127 855 quid
1156 779 1393 849 Epicurei
1417 776 1653 832 sentiunt.
1674 770 1951 828 Christiani

368 883 575 952 quidam
613 879 835 933 moribus
877 874 1116 947 epicurei.
1158 872 1297 927 Ecce
1331 877 1490 933 sunt,
1522 863 1800 922 confertmt
1827 876 1950 917 cum

372 967 666 1040 Apostolo;
697 965 966 1037 aliquidue
995 964 1114 1033 plus
1151 961 1346 1016 habeat
1371 956 1695 1028 Apostolus;
1727 968 1795 1007 an
1820 966 1950 1007 vero

370 1066 463 1119 uni
495 1063 685 1117 harum
710 1059 933 1115 duarum
956 1067 1113 1112 sectae
1140 1053 1443 1110 necessario
1471 1048 1774 1106 consentire
1791 1045 1950 1101 debe-

370 1163 474 1218 ret,
506 1162 566 1207 ut
590 1152 748 1207 etiam
777 1150 890 1220 ipse
916 1161 1131 1203 causam
1152 1145 1322 1200 beatae
1350 1144 1491 1208 vitae,
1514 1149 1605 1196 aut
1630 1139 1683 1194 in
1704 1150 1948 1207 corpore,

369 1255 461 1300 aut
501 1245 553 1298 in
593 1242 769 1298 anima
811 1246 1054 1309 poneret.
1085 1236 1363 1305 Nunquam
1412 1238 1633 1303 poneret
1676 1228 1870 1283 Paulus
1899 1225 1952 1280 in

371 1348 599 1405 corpore
621 1331 756 1389 :hoc
772 1331 915 1385 enim
942 1341 1190 1398 magnum
1211 1341 1318 1381 non
1340 1332 1441 1389 est;
1462 1337 1583 1381 cum
1614 1320 1712 1390 ipsi
1734 1317 1954 1375 minime

376 1435 577 1494 ponant
613 1436 829 1478 causam
873 1416 1215 1475 beatitudinis
1257 1416 1311 1470 in
1352 1427 1614 1483 corpore,
1642 1410 1735 1481 qui
1765 1406 1955 1463 melius

373 1516 612 1571 sentiunt
640 1514 707 1570 de
742 1527 988 1584 corpore.
1019 1509 1154 1566 Nam
1191 1507 1436 1579 Epicurei
1465 1514 1520 1560 et
1547 1504 1614 1560 de
1643 1516 1870 1572 corpore
1903 1508 1957 1554 et

374 1609 444 1664 de
467 1608 642 1662 anima
674 1606 774 1661 hoc
803 1604 943 1660 idem
970 1600 1228 1664 sentiunt,
1255 1596 1398 1669 quod
1424 1604 1707 1665 utrumque
1731 1592 1956 1647 mortale

375 1706 478 1755 est.
506 1697 574 1752 Et
596 1695 740 1766 quod
760 1704 846 1749 est
870 1692 1088 1764 gravius
1111 1700 1167 1746 et
1187 1686 1573 1750 detestabilius,
1600 1683 1751 1755 prius
1772 1681 1955 1736 dicunt

372 1791 610 1845 animam
628 1796 985 1858 postmortem
1008 1783 1227 1839 dissolvi
1248 1795 1406 1851 quam
1432 1792 1647 1849 corpus.
1678 1772 1915 1838 «Adhuc,
1931 1789 1950 1822 ι

375 1880 639 1952 inquiunt,
676 1897 694 1930 ι
733 1885 853 1947 post
875 1875 1109 1932 eﬂlatum
1135 1873 1381 1943 spiritum
1405 1878 1654 1925 manente
1672 1866 1953 1930 cadavere,

383 1992 403 2024 s
435 1980 493 2029 et
539 1969 760 2043 integris
815 1965 1176 2023 membrorum
1237 1960 1570 2018 lineamentis
1628 1959 1955 2030 aliquantum

375 2082 402 2130 ,ι
440 2061 788 2124 (intrantibus,
835 2058 1011 2114 anima
1050 2071 1174 2111 mox
1216 2063 1269 2109 ut
1312 2053 1532 2117 exierit,
1577 2050 1740 2106 veluti
1781 2049 1959 2104 fumus

376 2173 402 2208 ι
437 2163 596 2210 vento
620 2151 954 2207 diverberata
985 2146 1310 2203 dissolvitur.
1349 2164 1368 2197 ι
1402 2143 1516 2198 Non
1545 2158 1674 2213 ergo
1701 2142 1959 2197 miremur

377 2245 519 2317 quod
543 2241 1052 2303 struuntumbonum,
1083 2236 1137 2293 id
1160 2245 1264 2303 est,
1292 2233 1636 2291 beatitudinis
1662 2246 1879 2288 causam
1905 2231 1958 2286 in

284 2380 287 2381 ν
377 2350 602 2407 corpore
639 2342 967 2406 posuerunt,
1016 2328 1158 2400 quod
1199 2342 1260 2383 se
1302 2325 1493 2381 melius
1530 2338 1688 2394 quam
1726 2323 1958 2376 animam

380 2428 579 2485 habere
615 2431 917 2480 senserunt.
955 2418 1221 2489 Numquid
1265 2417 1367 2472 hoc
1412 2416 1611 2470 fureret
1635 2411 1960 2482 Apostolus?

378 2519 534 2575 Absit
542 2525 601 2572 ut
611 2522 833 2587 poneret
846 2514 898 2569 in
915 2525 1143 2581 corpore
1162 2522 1430 2565 summum
1447 2507 1665 2562 bonum.
1679 2504 1957 2561 Summum

376 2609 521 2668 enim
546 2608 744 2663 bonum
770 2613 854 2660 est
884 2617 1043 2658 causa
1073 2598 1415 2656 beatitudinis
1441 2615 1455 2652 :
1486 2597 1598 2652 imo
1634 2612 1765 2652 vero
1787 2595 1961 2651 deluit

377 2697 689 2772 Apostolus,
701 2695 960 2766 quosdam
979 2709 1012 2749 e
1029 2707 1254 2749 numero
1275 2688 1698 2747 Christianorum
1730 2689 1955 2761 elegisse

377 2789 695 2847 sententiam
721 2784 1131 2858 Epicureorum,
1159 2796 1266 2837 non
1302 2782 1575 2837 hominum
1596 2819 1609 2845 ,
1639 2778 1734 2835 sed
1765 2793 1957 2850 porco-

377 2898 498 2939 rum
528 2882 567 2936 ι.
596 2880 674 2937 Ex
712 2879 815 2935 hoc
853 2878 996 2935 enim
1033 2890 1257 2932 numero
1289 2882 1443 2931 erant
1462 2874 1536 2931 illi
1555 2882 1961 2943 corrumpentes

378 2988 557 3030 mores
572 2973 743 3029 bonos
754 2969 1035 3040 colloquiis
1048 2967 1223 3033 malis,
1235 2974 1293 3022 et
1310 2965 1549 3022 dicentes
1565 2983 1578 3019 :
1598 2963 1963 3018 lancinamus

378 3076 432 3120 et
478 3064 743 3129 bibamus;
793 3076 908 3115 cras
957 3059 1090 3113 enim
1137 3058 1408 3111 morientur
1459 3052 1661 3126 (lCor.
1699 3068 1806 3119 xv,
1835 3052 1961 3126 52).

280 3140 285 3149 ’
382 3155 632 3227 Epicurei
648 3152 985 3209 contulerunt
999 3164 1119 3205 eum
1137 3148 1303 3204 Paulo
1321 3147 1561 3216 apostolo
1578 3161 1593 3197 :
1610 3144 1964 3200 suutetChri—

384 3245 545 3303 stisni
562 3243 817 3315 epicurei.
844 3240 981 3310 Quid
1001 3240 1142 3294 enim
1157 3249 1281 3294 sunt
1292 3237 1436 3292 aliud
1451 3235 1691 3292 dicentes
1703 3234 1963 3306 quotidie,

378 3335 755 3391 laudatam
799 3341 846 3386 et
891 3331 1158 3394 bibamus;
1193 3344 1308 3383 cras
1333 3327 1468 3381 enim
1500 3327 1771 3401 moriemur
1785 3326 1812 3380 ἵ
1848 3323 1965 3394 Quo

258 3416 270 3426 ’
386 3426 637 3499 pertinet,
648 3423 792 3479 Nihil
809 3422 912 3479 erit
929 3430 1048 3492 post
1061 3427 1312 3486 mortem,
1331 3418 1532 3472 umbra
1551 3418 1697 3472 enim
1712 3416 1966 3472 transitus

386 3527 472 3575 est
495 3516 605 3572 vita
629 3524 830 3572 nostra.
853 3513 1109 3567 Dixerunt
1134 3511 1277 3566 enim
1299 3506 1440 3579 apud
1463 3522 1524 3563 se
1542 3508 1840 3578 cogitantes
1859 3521 1964 3561 non

389 3617 535 3666 recte
576 3610 716 3664 inter
754 3615 946 3661 ca'tera
982 3620 995 3657 :
1028 3601 1333 3660 Coronemus
1362 3617 1456 3656 nos
1495 3601 1624 3655 rosis
1643 3641 1659 3666 ,
1699 3609 1968 3670 antequam

388 3704 745 3760 marcescant:
778 3698 977 3752 uultum
1008 3704 1207 3765 pratum
1246 3694 1310 3748 sit
1345 3692 1481 3763 quod
1519 3707 1619 3745 non
1658 3698 1969 3763 pertranseat

389 3794 594 3851 luxuria
606 3800 795 3857 nostra,
809 3790 989 3859 ubique
996 3785 1340 3855 relinquamus
1351 3784 1497 3854 signa
1508 3782 1718 3848 latitia',
1731 3783 1970 3852 quoniam

390 3887 500 3942 hac
523 3895 595 3940 est
619 3899 739 3955 pars
767 3888 968 3943 nostra,
994 3885 1045 3933 et
1069 3877 1177 3931 hac
1199 3885 1274 3931 est
1301 3891 1458 3929 sors..
1536 3910 1545 3917 .

460 3971 685 4030 CAPUT
719 3970 805 4025 VI.
833 3996 900 4009 --
922 3968 976 4022 7.
1001 3965 1264 4039 Jejtutium
1296 3980 1408 4017 cum
1430 3963 1657 4017 oratione
1681 3972 1728 4017 et
1756 3962 1971 4016 elerum-

392 4083 541 4140 sgtra.
561 4064 678 4121 Hoc
699 4063 746 4118 si
772 4060 1006 4116 atrocius
1030 4058 1391 4128 objurgemns,
1416 4055 1462 4110 si
1490 4055 1575 4110 his
1595 4053 1973 4125 cupiditatibus

394 4156 761 4216 vehementius
802 4152 1134 4216 resistamus,
1187 4148 1369 4204 dicent
1412 4155 1468 4201 et
1505 4146 1647 4217 quod
1691 4145 1970 4215 sequitur:

397 4247 759 4322 Oppritnauuts
791 4256 1065 4313 pauperem
1087 4240 1289 4311 justum
1321 4237 1477 4311 (Sap.
1500 4253 1565 4302 tt,
1596 4235 1772 4307 8-10).
1797 4234 1871 4290 Et
1891 4246 1974 4288 ta-

395 4355 521 4397 men
545 4338 726 4394 dicere
750 4334 833 4389 vel
860 4334 912 4387 in
942 4332 1044 4387 hoc
1060 4331 1181 4386 loco
1205 4330 1360 4400 positi
1381 4344 1488 4385 non
1512 4329 1780 4391 timemus,
1803 4326 1977 4381 Nolite

393 4447 518 4489 esse
541 4425 1065 4500 epicurei..Cogitate
1086 4421 1300 4492 quidem
1330 4420 1478 4485 illud,
1508 4419 1648 4490 quod
1669 4420 1867 4474 dictum
1893 4425 1976 4472 est

393 4523 462 4577 ab
481 4520 569 4574 his
586 4533 691 4572 non
715 4523 860 4571 recte
879 4510 1237 4584 loquentibus,
1254 4508 1381 4566 Cras
1400 4512 1531 4564 eiii»:
1553 4511 1822 4565 moriemur
1841 4523 1859 4562 :
1879 4507 1972 4563 sed

397 4626 502 4666 non
522 4607 668 4665 omni
699 4605 861 4661 modo
883 4604 1207 4668 moriemur;
1236 4612 1414 4657 manet
1440 4602 1582 4657 enim
1605 4610 1726 4671 post
1749 4610 1976 4656 mortem

395 4700 539 4773 quod
563 4698 802 4769 sequitur
819 4702 1068 4750 mortem.
1089 4693 1282 4748 Comes
1309 4691 1558 4747 morienti
1584 4700 1675 4745 aut
1706 4692 1811 4745 vita
1836 4692 1973 4761 erit,

392 4800 488 4847 ant
515 4802 693 4862 pana.
723 4787 891 4842 Nemo
914 4785 1056 4843 dicat
1086 4802 1102 4840 :
1129 4783 1260 4853 Quis
1287 4784 1391 4839 hnc
1433 4783 1556 4839 inde
1589 4797 1838 4839 reversus
1863 4784 1981 4839 est?

400 4886 557 4941 Dives
574 4883 661 4939 ille
679 4888 1001 4952 purpuratus
1019 4890 1141 4934 sero
1155 4876 1331 4934 redire
1348 4876 1535 4943 voluit,
1548 4886 1603 4933 et
1622 4877 1853 4946 permitti
1872 4892 1978 4932 non

400 4976 591 5046 potuit.
622 4973 829 5030 Stillam
854 4971 1042 5029 sitiens
1070 4969 1359 5040 inquisivit,
1377 4969 1470 5038 qui
1492 4968 1812 5023 esurientem
1841 4982 1976 5039 pan-

403 5084 583 5138 pet-ent
624 5063 878 5121 bstidivit
904 5061 1058 5135 (an.
1089 5075 1199 5128 avt,
1224 5059 1437 5132 19-24).
1472 5059 1638 5117 Nemo
1664 5074 1793 5131 ergo
1816 5061 1977 5127 dicat,

366 5148 367 5151 η
404 5160 773 5215 Hauducemas
804 5166 849 5211 et
870 5156 1117 5219 bibamus,
1138 5170 1252 5208 crus
1271 5153 1403 5208 enim
1423 5154 1712 5207 moriemur.
1737 5151 1794 5208 Si
1825 5152 1981 5209 vultis

398 5251 602 5315 dicere,
622 5246 751 5306 Cras
768 5246 901 5300 enim
930 5245 1202 5299 moriemur
1227 5259 1245 5296 :
1276 5259 1379 5299 non
1408 5243 1682 5313 prohibeo;
1715 5243 1807 5298 sed
1837 5244 1978 5298 aliud

394 5351 523 5396 ante
532 5339 713 5395 dicite.
732 5337 976 5407 Epicurei
998 5334 1191 5405 quippe
1210 5335 1354 5389 velut
1375 5348 1478 5388 non
1491 5333 1676 5388 victuri
1700 5342 1818 5403 post
1837 5349 1981 5388 mor-

401 5442 527 5496 tem,
545 5430 696 5501 quasi
728 5427 872 5483 aliud
908 5427 1036 5481 nihil
1058 5426 1315 5481 habentes
1339 5425 1437 5481 nisi
1460 5426 1599 5496 quod
1620 5426 1844 5482 delectat
1866 5442 1982 5481 car-

402 5538 549 5587 nem,
566 5522 766 5585 dicunt,
798 5519 1165 5575 Manduccmns
1184 5527 1230 5572 et
1253 5516 1500 5581 bibamus;
1513 5534 1625 5571 cras
1645 5518 1777 5571 enim
1797 5519 1979 5573 morie-

404 5626 537 5665 ntur.
569 5610 853 5667 Christiani
895 5623 1024 5664 vero
1060 5618 1179 5678 post
1221 5597 1443 5662 mortem
1474 5608 1690 5666 victuri.
1721 5619 1771 5663 et
1802 5604 1984 5662 felices

476 5721 494 5751 '
508 5718 805 5774 (libertinus
823 5727 926 5780 iis...
944 5731 1185 5783 ροισι-ωτι.

1601 294 1659 348 S.
1699 285 2066 348 Αυευδτιιιι
2105 285 2407 342 EPISCOPI

3539 284 3651 341 8h".

2057 398 2232 469 potius
2258 398 2444 452 victuri
2476 406 2594 467 post
2620 406 2869 463 mortem,
2902 413 3010 451 non
3038 397 3239 461 dicam,
3273 398 3651 453 laud-tremas

2052 500 2100 545 et
2121 488 2386 552 bibamus;
2405 505 2519 543 cras
2537 490 2669 542 enim
2693 490 2965 543 morientur
2986 504 3007 543 :
3026 488 3119 543 sed
3151 497 3327 545 tenete
3345 489 3489 560 quod
3508 491 3650 545 dici-

2054 588 2141 634 tur
2163 620 2178 641 ,
2219 578 2344 634 Cras
2379 579 2513 633 enim
2558 578 2868 644 morientia;
2908 589 2964 633 et
2999 578 3193 639 dicite,
3235 578 3550 648 Jejunetuus
3594 591 3651 635 et

2046 686 2301 735 oremus;
2329 687 2443 724 cras
2467 671 2600 725 enim
2629 670 2920 724 moriantur.
2949 670 3104 726 Addo
3135 671 3289 740 plane
3308 672 3479 737 aliud,
3505 672 3651 727 addo

2056 760 2301 827 tertium,
2327 775 2426 815 nec
2444 760 2585 831 quod
2611 761 2877 831 praecipue
2899 761 3291 817 observandum
3315 771 3401 818 est
3424 773 3649 833 prseter-

2055 852 2245 920 mitto,
2273 861 2332 908 ut
2357 852 2425 909 de
2444 851 2648 923 jejunio
2680 862 2770 908 tuo
2799 853 2966 908 fames
2996 854 3245 922 pauperis
3270 854 3529 920 satietur,
3558 866 3650 911 aut

2055 946 2100 1000 si
2125 943 2369 1015 ieiunare
2396 959 2503 1001 non
2532 954 2685 1014 potes
2702 984 2719 1009 ,
2748 946 2919 1015 magis
2946 959 3130 1014 pascas
3148 983 3163 1010 ,
3190 945 3345 1015 cujus
3370 946 3652 1001 saturitate

2057 1036 2152 1092 tibi
2180 1037 2332 1093 venia
2351 1037 2693 1093 concedatur.
2723 1037 2910 1092 Dicant
2936 1053 3069 1109 ergo
3090 1038 3396 1099 Christiani,
3426 1038 3653 1109 itione-

2059 1143 2178 1183 mus
2205 1138 2260 1183 et
2285 1143 2503 1184 oremus
2530 1137 2585 1184 et
2606 1128 2900 1194 donetnus;
2928 1144 3042 1182 cras
3059 1129 3190 1182 enim
3220 1129 3513 1183 moriemur.
3542 1131 3652 1184 Aut

2057 1219 2104 1274 si
2131 1219 2263 1275 duas
2287 1234 2375 1275 res
2393 1219 2579 1274 volunt
2597 1217 2779 1274 dicere
2796 1258 2814 1285 ,
2840 1234 2943 1289 ego
2968 1219 3110 1288 eligo
3139 1229 3196 1273 ut
3220 1219 3435 1285 dicant,
3471 1219 3654 1275 Done-

2062 1327 2179 1366 mus
2206 1319 2263 1367 et
2287 1327 2533 1375 oremus,
2559 1325 2753 1381 quam,
2778 1309 3087 1380 Jejnnemus
3122 1319 3179 1366 et
3218 1325 3324 1365 non
3360 1311 3649 1367 donemus.
3764 1351 3772 1357 -

2056 1403 2211 1457 Absit
2235 1417 2365 1473 ergo
2389 1412 2449 1457 ut
2473 1402 2764 1471 Apostolus
2793 1402 2847 1457 in
2873 1416 3101 1472 corpore
3128 1411 3349 1472 poneret
3370 1418 3649 1459 summum

2058 1493 2255 1548 bonum
2285 1492 2545 1560 hominis,
2576 1492 2631 1548 id
2653 1503 2766 1559 est,
2795 1492 3137 1548 beatitudinis
3161 1506 3399 1549 causam.

2128 1583 2354 1641 CAPUT
2398 1583 2507 1639 ΥΠ.
2548 1614 2620 1625 -
2656 1584 2709 1640 8.
2745 1584 3039 1640 Stoicorum
3074 1585 3247 1655 Opinio
3274 1584 3519 1656 Apostolo
3546 1604 3651 1641 non

2060 1675 2287 1745 probata.
2354 1674 2459 1731 Sed
2512 1690 2635 1730 cum
2682 1675 2879 1731 Stoicis
2938 1690 3048 1732 non
3117 1676 3374 1732 indecens
3420 1679 3653 1735 fortasse

2060 1765 2325 1821 luctamen
2348 1773 2454 1822 est.
2486 1767 2625 1822 Ecce
2646 1766 2791 1822 enim
2822 1766 3171 1836 interroganti
3197 1766 3287 1822 ubi
3313 1778 3517 1838 ponant
3534 1768 3654 1824 em-

2059 1856 2206 1910 ciens
2231 1855 2402 1911 beatae
2429 1856 2552 1911 vita:
2571 1897 2586 1924 ,
2624 1854 2677 1911 id
2717 1865 2799 1912 est
2818 1896 2836 1923 ,
2864 1855 3009 1926 quod
3037 1855 3161 1912 facit
3189 1857 3242 1912 in
3272 1856 3491 1913 homine
3520 1859 3651 1914 hea-

2060 1953 2167 1999 tam
2190 1945 2352 2000 vitam
2396 1964 2411 2000 :
2452 1945 2810 2016 respondent,
2850 1960 2957 2000 non
2992 1946 3238 2016 corporis
3282 1947 3652 2017 voluptatem,

2060 2036 2154 2092 sed
2181 2036 2347 2092 animi
2370 2051 2494 2093 esse
2520 2038 2795 2094 virtutem.
2820 2035 2963 2106 αιίά
2985 2036 3313 2108 Apostolus?
3336 2038 3571 2093 Annuit!
3594 2040 3653 2094 Si
3734 2090 3739 2097 .

2060 2127 2280 2192 annuit,
2323 2143 2641 2183 aunuamns.
2685 2127 2793 2184 Sed
2832 2143 2939 2184 non
2976 2128 3168 2185 antiit
3205 2146 3223 2185 :
3258 2136 3481 2185 revocas
3503 2131 3653 2187 enim

2061 2218 2333 2288 Scriptura
2349 2232 2445 2274 eos
2461 2219 2552 2289 qui
2570 2217 2843 2273 conﬁdunt
2864 2219 2918 2274 in
2933 2218 3131 2275 virtute
3144 2233 3242 2275 sua
3263 2218 3438 2292 (Psat.
3458 2235 3652 2286 anno,

2063 2310 2140 2381 7).
2166 2310 2458 2381 Epicureus
2484 2313 2663 2382 itaque
2692 2311 2744 2366 in
2774 2325 3001 2380 corpore
3024 2324 3229 2381 ponens
3246 2325 3516 2366 summurn
3549 2311 3653 2365 ho.

2061 2402 2221 2457 minis
2250 2403 2449 2457 bonum
2471 2442 2486 2466 ,
2517 2402 2570 2456 in
2596 2416 2655 2456 se
2680 2416 2830 2473 spem
2861 2400 3028 2471 ponit.
3057 2398 3164 2458 Sed
3186 2402 3332 2456 enim
3360 2401 3575 2457 Stoicus
3601 2403 3653 2457 in

2063 2492 2245 2546 animo
2272 2507 2477 2563 ponens
2497 2507 2765 2547 summum
2788 2491 3023 2548 hominis
3048 2490 3271 2558 bonum,
3286 2492 3339 2546 in
3355 2507 3415 2547 re
3435 2493 3655 2564 quidem

2063 2583 2274 2639 meliori
2306 2583 2538 2639 hominis
2568 2584 2777 2654 posuit;
2818 2583 2912 2639 sed
2948 2582 3110 2639 etiam
3151 2584 3267 2653 ipse
3304 2584 3357 2638 in
3397 2597 3460 2640 se
3498 2600 3656 2653 spem

2065 2674 2259 2744 posuit.
2282 2673 2453 2729 Homo
2478 2684 2560 2730 est
2580 2684 2757 2730 autent
2784 2683 2840 2730 et
2862 2673 3161 2745 Epicureus
3183 2683 3240 2731 et
3267 2673 3504 2731 Stoicus.
3536 2675 3657 2730 Ma—

2064 2765 2289 2822 lcdictus
2319 2767 2477 2837 igitur
2499 2767 2675 2821 omnis
2700 2767 2787 2837 qui
2813 2781 2966 2837 spem
2996 2781 3146 2821 suam
3177 2766 3327 2835 ponit
3356 2766 3409 2819 in
3436 2765 3661 2822 homine

2068 2855 2279 2927 (larem.
2311 2873 2441 2921 xvtt,
2467 2858 2547 2927 5).
2569 2856 2706 2925 Quid
2727 2856 2882 2927 ergo?
2903 2855 3020 2912 Jum
3043 2857 3347 2911 constitutis
3370 2867 3498 2912 ante
3518 2871 3661 2911 ocu-

2064 2944 2147 3000 los
2187 2955 2399 3001 nostros
2445 2947 2646 3012 tribus,
2691 2946 2987 3017 Epicureo,
3040 2946 3258 3013 Stoico,
3305 2944 3661 3013 Christiano,

2069 3040 2459 3111 interrogemus
2498 3040 2757 3110 singulos.
2787 3039 2902 3105 Dic,
2932 3039 3210 3109 Epicureo,
3234 3053 3356 3109 qua
3385 3054 3474 3093 res
3498 3037 3667 3094 faciat

2068 3132 2305 3191 beatum.
2335 3132 2642 3204 Respondet
2674 3150 2689 3186 :
2717 3132 2973 3202 Voluptas
3001 3132 3263 3201 corporis.
3292 3132 3420 3198 Dic,
3450 3131 3663 3188 Stoice.

2069 3215 2250 3280 Virtus
2274 3224 2457 3277 anitni.
2491 3225 2619 3291 Dic,
2645 3223 2962 3279 Christiane.
2995 3224 3200 3279 Donum
3231 3223 3346 3278 Dei.

2140 3315 2367 3372 CAPUT
2407 3315 2542 3372 VIII.
2588 3345 2660 3356 -—
2690 3316 2768 3369 ~9.
2818 3315 3129 3388 Rtjicicnda
3177 3314 3558 3387 Epicureorum
3616 3325 3669 3370 α

2069 3407 2361 3463 Stoicorum
2413 3408 2478 3461 de
2528 3407 2765 3478 feticitate
2813 3407 3090 3461 sententia.
3149 3406 3331 3476 Itaque
3350 3445 3367 3470 ,
3429 3405 3666 3471 fratres,

2070 3500 2222 3558 velut
2268 3509 2395 3555 ante
2443 3500 2631 3556 oculos
2675 3506 2889 3553 nostros
2940 3498 3186 3569 Epicurei
3230 3507 3286 3551 et
3326 3496 3495 3553 Stoici
3534 3513 3670 3553 cum

2070 3589 2330 3661 Apostolo
2353 3589 2714 3655 contulerunt,
2739 3597 2794 3644 et
2819 3589 3105 3643 collatione
3130 3602 3225 3643 sua
3254 3601 3356 3642 nos
3378 3587 3505 3656 quid
3532 3584 3671 3657 reji-

2071 3695 2197 3736 cere
2219 3691 2274 3735 et
2297 3680 2422 3751 quid
2449 3670 2770 3735 deberemus
2794 3679 2994 3748 eligere
3018 3679 3333 3735 docuerunt.
3368 3679 3464 3733 Est
3490 3679 3671 3735 virtus

2073 3772 2236 3824 animi
2261 3786 2348 3826 res
2373 3771 2689 3834 laudabilis,
2720 3770 3000 3839 prudentia
3039 3770 3177 3823 mala
3211 3778 3266 3824 et
3292 3769 3430 3823 bona
3454 3769 3670 3826 discer-

2076 3878 2238 3927 nens,
2286 3863 2492 3934 justitia
2536 3875 2632 3918 sua
2673 3865 2865 3933 cuique
2911 3862 3265 3929 distribuens,
3307 3865 3669 3933 temperantia

2077 3957 2323 4012 libidines
2365 3955 2654 4023 cohibens,
2697 3955 2948 4011 fortitudo
2991 3957 3267 4012 molestias
3294 3957 3671 4027 mquanimitcr

2073 4047 2371 4102 sustinens.
2402 4046 2588 4118 Magna
2617 4061 2725 4112 res,
2759 4046 3037 4101 laudabilis
3065 4061 3151 4102 res
3179 4064 3193 4100 :
3227 4047 3382 4102 lauda
3400 4088 3416 4114 ,
3445 4046 3665 4109 Stoice.

2077 4147 2336 4209 quantum
2378 4148 2562 4208 petes;
2614 4138 2708 4193 sed
2754 4137 2877 4205 die,
2922 4137 3077 4195 Unde
3105 4138 3309 4194 babes?
3339 4138 3458 4193 Non
3495 4139 3668 4195 virtus

2077 4229 2242 4284 animi
2269 4230 2341 4284 tui
2372 4240 2424 4285 te
2451 4229 2578 4284 facit
2605 4229 2838 4296 beatum,
2870 4229 2963 4283 sed
2983 4229 3073 4299 qtti
3096 4229 3190 4284 tibi
3213 4229 3466 4284 virtutem
3496 4230 3663 4294 dedit,

2079 4323 2173 4389 qui
2203 4323 2294 4377 tibi
2325 4322 2463 4377 velle
2487 4322 2786 4393 inspiravit,
2811 4330 2866 4377 et
2885 4336 3043 4391 posse
3067 4321 3285 4377 donavit
3308 4321 3569 4393 (Philipp.
3605 4339 3659 4387 ιι,

2083 4412 2195 4486 i5).
2226 4413 2350 4470 Scio
2377 4415 2496 4484 quia
2527 4413 2770 4469 fortassis
2792 4414 3047 4468 irrisurus
3066 4416 3126 4468 es
3152 4429 3258 4476 me,
3290 4425 3345 4468 et
3373 4415 3482 4470 eris
3512 4416 3564 4468 in
3587 4416 3662 4468 cis

2083 4505 2151 4561 de
2178 4506 2372 4576 quibus
2399 4506 2653 4574 scriptum
2681 4516 2764 4559 est
2788 4506 2909 4575 quia
2939 4505 3157 4560 Paulum
3184 4505 3499 4561 irridebant.
3525 4506 3582 4562 Si
3608 4515 3659 4560 tu

2083 4599 2166 4652 via
2197 4613 2289 4662 es,
2317 4613 2416 4668 ego
2442 4597 2682 4664 semine,
2714 4598 3006 4653 seminator
3040 4599 3182 4651 enim
3218 4598 3503 4653 verborum
3546 4615 3658 4653 sunt

2085 4700 2182 4761 pro
2210 4689 2427 4745 modulo
2449 4704 2590 4743 meo.
2612 4689 2765 4758 Quod
2795 4690 2890 4742 fttit
2908 4689 3202 4744 convicium
3230 4698 3399 4757 tuum,
3426 4690 3657 4745 ofﬁcium

2085 4790 2169 4836 est
2193 4796 2388 4836 meum.
2414 4781 2524 4851 Ego
2542 4780 2747 4835 semine
2774 4798 2787 4832 :
2816 4779 2957 4835 cadit
2977 4781 3028 4835 in
3057 4789 3107 4835 te
3126 4781 3271 4851 quod
3295 4782 3528 4849 semine,
3546 4792 3657 4836 tan-

2082 4886 2243 4943 quam
2272 4871 2325 4925 in
2352 4880 2545 4926 terram
2563 4871 2769 4925 duram.
2797 4869 2909 4940 Ego
2939 4886 3043 4924 non
3075 4884 3192 4924 sum
3220 4871 3370 4941 piger
3388 4874 3496 4936 ;'et
3518 4866 3660 4926 inve-

2087 4963 2179 5019 nio
2197 4972 2391 5018 terram
2419 4961 2632 5017 bonam.
2659 4960 2794 5028 Quid
2828 4962 2919 5015 tibi
2945 4962 3162 5016 faciam?
3185 4962 3564 5032 Reprehensos
3584 4977 3660 5028 es,

2084 5066 2143 5124 et
2169 5054 2388 5109 oraculo
2418 5053 2599 5108 divino
2628 5053 2983 5124 reprehensus
3006 5068 3084 5107 es.
3113 5052 3256 5109 Inter
3291 5055 3413 5110 illos
3449 5070 3543 5120 es,
3578 5055 3663 5125 qui

2086 5147 2359 5201 confidunt
2390 5148 2441 5200 in
2468 5148 2660 5201 virtute
2691 5160 2783 5200 sua
2817 5164 2831 5200 :
2859 5147 2997 5201 inter
3026 5146 3145 5201 illos
3169 5160 3249 5213 es,
3276 5147 3365 5217 qui
3393 5161 3545 5217 Spem
3570 5161 3663 5217 po-

2088 5248 2220 5293 nunt
2264 5238 2316 5293 in
2365 5237 2598 5293 homine.
2631 5236 2833 5291 Virtus.
2851 5246 2903 5291 te
2935 5237 3196 5304 delectat;
3239 5236 3377 5292 bona
3407 5253 3500 5293 res
3526 5238 3663 5293 dele-

2088 5340 2197 5385 ctat
2229 5348 2242 5384 :
2274 5330 2409 5394 scio,
2439 5329 2577 5395 sitis;
2605 5329 2696 5383 sed
2727 5329 2975 5382 virtutem
3005 5327 3097 5382 tibi
3120 5342 3338 5383 manare
3362 5344 3475 5384 non
3498 5337 3657 5398 potes.

2088 5423 2273 5479 Siccus
2300 5437 2389 5488 es;
2419 5422 2463 5476 si
2490 5420 2582 5476 tibi
2611 5419 2898 5476 ostendero
2922 5418 3120 5475 fontem
3143 5419 3268 5475 vita:
3298 5421 3339 5487 ³,
3364 5418 3507 5475 forte
3528 5419 3660 5475 deri—

2088 5512 2261 5569 debis.
2306 5512 2446 5567 Dicis
2491 5511 2635 5567 enim
2676 5509 2815 5581 apud
2861 5519 2914 5566 te
2954 5527 2968 5563 :
3013 5509 3088 5565 De
3126 5510 3223 5564 ista
3251 5525 3386 5577 rupe
3409 5509 3658 5564 bibitur-us

2090 5604 2247 5660 sum?
2291 5601 2509 5658 Accedit
2547 5603 2725 5673 virga,
2768 5610 2823 5659 et
2863 5602 3097 5657 manavit
3132 5616 3287 5670 aqua.
3316 5599 3494 5656 Jadci
3524 5599 3654 5657 enim

2157 5720 2174 5750 ί
2197 5718 2267 5768 sic
2287 5723 2395 5767 uss.
2414 5725 2466 5767 At
2489 5716 2626 5778 editi,
2649 5715 2694 5765 si
2718 5727 2852 5766 certe
2870 5712 2931 5767 sit
2949 5710 3036 5766 tibi
3052 5711 3320 5774 ostendam,
3342 5718 3439 5764 etc.
