3850 6188
254 312 358 369 813

253 427 408 494 signa
431 435 635 496 petunt,-
673 425 766 482 sed
802 435 893 491 tu‘,
939 427 1118 483 Stoice
1137 470 1149 492 .
1184 445 1289 484 non
1317 447 1372 484 es
1398 429 1616 484 Judmus
1644 447 1655 480 :
1684 444 1794 481 suo
1815 471 1830 495 ,

254 517 472 572 Grmcus
499 531 560 570 es
580 534 595 581 ;
619 527 668 569 et
703 515 868 570 στωιὲ
890 519 1188 588 sapientiam
1223 533 1473 590 quaerunt.
1520 522 1632 578 Nos
1669 534 1834 578 autem

255 605 596 674 praedicamus
635 604 889 660 Christum
930 610 1247 678 cruciﬁxum.
1291 610 1692 670 Scandalizatur
1736 615 1833 670 Ju-

251 697 437 757 da-us.
470 697 762 751 subsannat
799 697 1034 753 Gnecus.
1076 699 1274 755 ludatis
1315 703 1454 756 enim
1497 705 1826 770 scandalum,

252 784 498 840 Gentibus
537 796 703 840 autem
731 789 995 842 stultitiam
1025 805 1044 842 :
1068 791 1157 843 sed
1194 793 1319 860 ipsis
1349 796 1533 847 vocatis
1569 793 1764 850 Judteis
1789 805 1834 850 et

251 875 464 941 Graecis,
517 877 621 932 hoc
661 888 764 944 est,
813 880 910 947 ipsi
955 879 1118 936 Paulo
1165 898 1230 938 es
1277 884 1457 950 Sunio,
1493 897 1545 940 et
1585 888 1835 959 Dionysio

248 969 591 1038 Areopagum
610 1009 626 1032 ,
657 978 709 1023 et
737 969 928 1024 talibus
968 971 1050 1025 his
1070 1013 1086 1039 ,
1126 973 1318 1028 talibus
1342 984 1396 1028 et
1423 977 1522 1029 illis
1542 1019 1555 1040 ,
1582 977 1834 1034 Christum

245 1059 348 1111 Dei
382 1056 630 1112 Virtutem
658 1067 704 1112 et
731 1059 827 1114 Dei
848 1060 1164 1130 Sapientiam
1186 1063 1231 1136 (l
1257 1065 1371 1118 Cor.
1405 1082 1441 1128 ι.
1469 1067 1688 1137 ΞΞ-ἳι.)
1716 1069 1834 1124 lam

245 1162 356 1202 non
374 1147 568 1202 irrides
588 1165 773 1218 rupem
799 1169 815 1206 :
837 1166 1064 1221 agnosce
1086 1155 1281 1224 virgam
1304 1171 1536 1224 crucem,
1564 1158 1832 1216 Christum

244 1240 472 1304 fontem;
497 1250 550 1296 et
571 1241 617 1296 si
637 1243 771 1308 sitis,
799 1243 918 1300 bibe
938 1245 1206 1300 virtutem.
1231 1249 1356 1302 Esto
1379 1249 1520 1306 fonte
1541 1255 1832 1321 saginatus,

240 1333 539 1398 gratiarum
577 1336 816 1391 actiones
854 1335 1080 1393 fortasse
1121 1341 1388 1396 ructuabis
1419 1361 1433 1398 :
1462 1346 1600 1414 quod
1641 1347 1708 1400 ab
1745 1348 1834 1403 illo

245 1422 415 1477 habes
433 1464 446 1485 ,
477 1423 586 1489 jam
624 1441 728 1478 non
761 1425 852 1479 tibi
881 1425 1033 1481 dabis
1055 1470 1070 1493 ,
1097 1429 1190 1484 sed
1216 1431 1266 1484 in
1298 1436 1627 1490 ructuatione
1653 1439 1832 1492 excla-

243 1511 438 1573 mabis,
469 1511 691 1583 Diligam
720 1523 785 1579 te,
819 1513 1052 1584 Domine,
1079 1520 1236 1574 uirtus
1255 1539 1365 1575 mea
1386 1522 1554 1594 (Paul.
1580 1543 1704 1592 xvn,
1728 1527 1764 1580 ’Ξ
1790 1528 1832 1599 ),

241 1598 361 1654 .lam
403 1618 513 1655 non
542 1602 688 1656 dices
721 1623 733 1659 :
768 1605 943 1661 Virtus
968 1609 1129 1662 animi
1158 1612 1260 1665 mei
1289 1628 1373 1667 me
1402 1613 1527 1670 facit
1548 1616 1758 1672 beatum
1791 1621 1829 1676 ¹.

242 1689 359 1742 Non
391 1693 506 1745 eris
535 1692 624 1745 iltlt
645 1710 671 1747 ι’
700 1694 816 1748 illos
841 1698 930 1766 qui
957 1710 1343 1768 cognoscemus
1366 1705 1548 1768 Deum,
1583 1725 1680 1762 non
1705 1711 1834 1765 sicut

242 1780 410 1836 Deum
439 1783 881 1852 glori/tenuatum,
915 1798 1003 1842 aut
1031 1791 1220 1859 gratias
1241 1805 1476 1863 egerunt;
1503 1800 1598 1851 sed
1616 1815 1830 1855 evanue-

240 1885 362 1927 runt
389 1875 441 1928 in
474 1878 856 1946 cogitationibus
880 1881 1016 1946 suis,
1055 1893 1100 1934 et
1131 1883 1449 1940 obscuratum
1490 1901 1560 1943 est
1593 1891 1833 1962 insipiens

241 1981 326 2018 tor
344 1967 581 2034 ipsorum
611 1984 628 2020 :
658 1969 874 2023 dicentes
899 1973 1030 2025 enim
1061 1989 1114 2026 se
1142 1991 1246 2028 esse
1273 1979 1520 2046 sapientes
1540 1984 1681 2036 stulti
1709 1987 1832 2055 facti

239 2067 357 2111 sunt
383 2055 563 2129 (Rom.
595 2076 630 2122 ι,
661 2060 725 2115 ﬁt
749 2071 796 2115 et
821 2061 936 2131 ‘22).
959 2063 1092 2129 Quid
1119 2075 1198 2119 est
1227 2069 1388 2134 enim,
1413 2071 1626 2126 dicentes
1653 2091 1704 2128 se
1727 2092 1834 2130 esse

238 2150 498 2218 sapientes
517 2191 533 2216 ,
566 2153 665 2206 nisi
691 2170 720 2208 a
747 2168 805 2210 se
835 2153 1030 2210 habere
1049 2198 1064 2222 ,
1097 2158 1194 2212 sibi
1220 2162 1500 2217 sufﬁcere?
1527 2165 1685 2220 Stulti
1709 2168 1832 2235 [acti

239 2252 358 2301 sunt
391 2256 411 2294 .'
443 2243 637 2296 merito
656 2244 814 2298 stulti.
839 2245 1072 2303 Stultitia
1103 2266 1249 2315 vera,
1279 2261 1364 2307 est
1388 2253 1520 2308 falsa
1546 2258 1826 2331 sapientia.

239 2333 348 2388 Sed
375 2335 488 2388 eris
516 2335 652 2390 inter
677 2334 918 2404 illos,'de
941 2340 1130 2410 quibus
1155 2343 1348 2397 dicitur
1372 2363 1385 2396 :
1408 2345 1637 2412 Domine,
1669 2350 1721 2403 in
1747 2351 1828 2403 lu-

241 2425 381 2478 mine
398 2426 568 2479 uultus
588 2428 664 2480 tui
681 2428 1029 2498 ambulabunt,
1049 2443 1094 2486 et
1119 2435 1170 2487 in
1192 2436 1391 2489 nomine
1406 2446 1493 2491 tuo
1514 2440 1830 2495 exsultabant

241 2523 345 2568 tota
368 2515 476 2580 die,
507 2525 553 2570 et
579 2518 632 2569 in
656 2519 857 2587 justitiu
881 2529 968 2574 tua
995 2523 1381 2591 cxaltabnntur;
1405 2529 1642 2597 quoniam
1667 2531 1830 2602 gloria

239 2607 442 2660 virtutis
470 2624 642 2661 eorum
673 2619 724 2662 tu
751 2627 802 2664 es
832 2610 999 2682 (Psal.
1031 2629 1288 2679 Lxxxvnt,
1323 2617 1533 2689 16-18).
1570 2620 1826 2678 Virtutem

239 2699 561 2764 quaerebas;
602 2699 720 2766 dic,
755 2701 988 2770 Domine,
1025 2706 1180 2758 virtus
1207 2724 1315 2760 mea
1341 2707 1512 2778 (Psal.
1546 2724 1687 2776 scut,
1713 2714 1822 2780 12).

241 2789 660 2864 Beatam_vitam
699 2794 1005 2863 quati-chap;
1046 2797 1164 2863 dic,
1199 2797 1382 2853 Beatus
1409 2802 1558 2856 homo
1594 2821 1737 2874 quem
1776 2816 1830 2860 tu

238 2883 527 2948 «mlieris,
564 2882 798 2939 Domine.
836 2886 1027 2942 Beatus
1064 2891 1203 2944 enim
1249 2893 1505 2960 populus,
1537 2897 1688 2963 cujus
1721 2913 1826 2952 non

240 2975 494 3043 voluptas
517 2976 714 3041 carnis,
737 2977 894 3046 cujus
919 2994 1021 3033 non
1049 2981 1212 3036 virtus
1243 2985 1450 3052 propria
1473 3001 1486 3047 ;
1517 2987 1630 3050 sed,
1655 2987 1828 3043 beatus

239 3065 468 3136 populus
506 3067 654 3137 cujus
679 3077 753 3121 est
780 3067 1026 3124 Dominus
1071 3063 1204 3126 Deus
1236 3075 1394 3141 ipsius
1424 3075 1592 3147 (Psal.
1629 3094 1790 3134 cxuu
1809 3123 1824 3144 ,

241 3157 359 3227 15).
389 3157 513 3212 Haec
539 3167 618 3211 est
645 3160 811 3228 patria
840 3160 1199 3229 beatitudinis,
1231 3181 1388 3235 quam
1415 3182 1602 3223 omnes
1621 3170 1823 3236 volunt;

239 3249 339 3303 sed
386 3263 492 3304 non
521 3265 709 3304 omnes
735 3261 881 3306 recte
909 3263 1171 3323 qumrunt.
1210 3256 1316 3310 Nos
1354 3267 1528 3312 autem
1563 3259 1627 3314 ad
1667 3261 1824 3316 talem

239 3340 474 3408 patriam
506 3355 610 3393 non
639 3342 794 3396 nobis
816 3343 950 3398 viam
981 3345 1128 3414 quasi
1153 3347 1318 3402 corde
1348 3357 1533 3404 nostro
1557 3353 1826 3408 machine—

241 3445 390 3494 mur,
415 3440 469 3485 et
493 3432 744 3486 erraticas
765 3434 984 3489 semitas
1004 3435 1282 3492 molianmr
1304 3458 1316 3493 :
1341 3442 1482 3494 venit
1507 3443 1626 3498 inde
1647 3453 1700 3499 et
1720 3444 1824 3499 via.

315 3521 406 3575 10.
447 3519 717 3576 Beatitutlo
742 3534 790 3576 et
819 3525 888 3577 ad
910 3525 1267 3583 beatitudinem
1295 3533 1375 3584 via
1402 3531 1652 3588 Christus.
1683 3538 1823 3604 Quid

237 3613 355 3664 vult
391 3612 534 3667 enim
564 3612 769 3676 beatus,
797 3615 918 3684 quid
952 3618 1077 3682 vult,
1110 3620 1208 3674 nisi
1240 3637 1343 3674 non
1372 3623 1497 3682 falli.
1531 3641 1633 3679 non
1665 3631 1822 3694 mori,

238 3720 356 3759 non
386 3705 604 3760 dolere?
653 3705 717 3758 Et
758 3695 882 3775 quid
914 3711 1140 3777 quaerit?
1183 3713 1307 3766 Plus
1351 3716 1578 3777 esurire.
1627 3728 1680 3773 et
1708 3721 1826 3789 plus

239 3795 606 3848 manducare?
634 3795 789 3862 Quid,
831 3799 872 3850 si
912 3800 1099 3854 melius
1139 3812 1222 3856 est
1258 3818 1362 3858 non
1389 3808 1634 3861 esurire?
1661 3809 1826 3866 Nemo

239 3883 434 3938 beatus
462 3892 562 3946 est,
595 3885 694 3939 nisi
718 3887 805 3955 qui
831 3887 954 3941 vivit
982 3890 1032 3942 in
1053 3899 1307 3946 aeternum
1336 3894 1450 3949 sine
1481 3897 1587 3951 ullo
1613 3898 1821 3965 timore,

237 3974 365 4026 sine
389 3974 493 4027 ulla
525 3973 749 4028 fallacia.
775 3977 901 4030 Nam
927 3977 1034 4034 falli
1064 3981 1176 4035 odit
1200 3983 1394 4038 anima.
1422 3985 1686 4052 Quantum
1717 3991 1824 4045 falli

237 4064 421 4117 oderit
441 4065 615 4118 anima
636 4070 962 4134 naturaliter,
985 4069 1108 4126 hinc
1127 4073 1342 4144 intelligi
1364 4087 1553 4145 potest,
1577 4083 1824 4148 quoniam

179 4153 186 4161 '
234 4153 334 4220 qui
369 4162 547 4209 mente
585 4156 812 4211 alienata
843 4159 1035 4223 rident,
1068 4162 1344 4230 plorantur
1366 4180 1394 4218 a
1426 4168 1570 4223 sanis
1601 4186 1615 4220 :
1646 4181 1699 4224 et
1725 4172 1826 4225 eli-

235 4245 318 4314 git
353 4245 514 4301 homo
541 4247 722 4316 utique
749 4249 938 4314 ridere,
973 4267 1130 4322 quam
1173 4253 1320 4308 ﬂere.
1358 4255 1413 4311 Si
1438 4257 1544 4313 duo
1569 4259 1665 4313 ista
1698 4277 1823 4330 pro-

237 4347 534 4406 ponantur,
574 4339 766 4395 Ridere
793 4342 888 4404 ris,
921 4358 986 4396 an
1026 4343 1193 4399 flere?
1222 4347 1337 4415 quis
1361 4357 1443 4402 est
1468 4351 1554 4419 qui
1601 4368 1822 4422 respon-

237 4428 391 4492 deat,
442 4429 564 4493 nisi,
599 4429 830 4484 Ridere?
862 4431 1054 4486 lterum
1089 4434 1134 4486 si
1167 4449 1527 4505 proponantur
1557 4441 1652 4494 ista
1693 4442 1820 4510 duo,

241 4517 380 4570 Falli
411 4519 511 4583 vis,
551 4535 616 4571 an
644 4537 825 4576 verum
857 4523 1075 4577 tenere?
1101 4526 1274 4579 omnis
1315 4529 1474 4582 homo
1515 4535 1819 4600 respondet,

241 4608 446 4662 Verum
475 4617 676 4664 tenere.
721 4611 785 4665 Et
821 4612 994 4667 ridere
1019 4614 1184 4683 eligit,
1214 4627 1264 4670 et
1290 4633 1468 4672 vermn
1502 4629 1683 4678 tenere
1717 4625 1823 4680 :de

237 4699 455 4754 duobus
485 4702 608 4763 illis,
657 4703 764 4757 risu
805 4715 856 4758 et
895 4704 1040 4770 ﬂetu,
1075 4706 1302 4770 Ridere;
1343 4709 1409 4763 de
1449 4713 1652 4767 duobus
1685 4717 1816 4781 istis,

240 4789 451 4843 fallacia
485 4802 539 4846 et
570 4793 811 4856 veritate,
846 4794 1036 4849 Verum
1076 4806 1273 4852 tenere.
1317 4799 1418 4853 Sed
1451 4811 1648 4856 tantum
1681 4821 1818 4873 prte-

235 4880 384 4934 valet
413 4880 757 4936 invictissittta
785 4885 998 4950 Veritas,
1027 4895 1083 4938 ut
1104 4887 1262 4956 eligat
1291 4888 1446 4942 hoino
1486 4905 1610 4945 sana
1644 4905 1819 4951 incute

236 4971 393 5033 ﬂere,
423 4986 580 5040 quam
628 4983 806 5027 mente
844 4976 1070 5029 alia-nata
1104 4978 1296 5033 ridere.
1348 4980 1422 5034 lbi
1466 4997 1593 5051 ergo
1636 4984 1686 5037 in
1732 4988 1816 5041 illa

237 5063 412 5132 patria
447 5064 639 5118 veritas
662 5065 783 5131 erit,
818 5065 1112 5122 fallacia‘et
1139 5085 1290 5124 error
1319 5057 1594 5139 nusquam.
1632 5077 1737 5132 Sed
1764 5089 1818 5134 et

235 5154 440 5207 veritas
468 5156 587 5219 erit,
619 5165 670 5210 et
699 5156 825 5211 σετο
865 5175 967 5212 non
995 5161 1112 5213 erit.
1145 5161 1257 5215 Erit
1281 5163 1421 5216 enim
1448 5176 1503 5219 et
1531 5183 1710 5222 verum
1742 5170 1815 5223 ri—

231 5243 369 5298 dere
386 5246 428 5304 ².
459 5254 513 5298 et
538 5244 603 5298 de
626 5247 844 5302 veritate
869 5249 1120 5316 gaudere,
1143 5252 1264 5321 quia
1309 5253 1376 5308 ibi
1401 5257 1503 5308 vita
1531 5259 1651 5310 erit.
1685 5259 1812 5314 Nam
1847 5284 1856 5292 -

229 5337 276 5385 si
311 5335 465 5390 dolor
491 5339 612 5399 erit,
644 5340 749 5393 vita
780 5355 880 5394 non
914 5342 1011 5396 erit
1047 5361 1058 5393 :
1091 5360 1262 5414 neque
1291 5347 1430 5400 enim
1462 5348 1564 5403 vita
1593 5350 1812 5406 dicenda
1859 5357 1872 5378 ‘
1904 5371 1936 5403 κ

230 5434 324 5477 est
353 5428 708 5493 sempiternus
738 5430 1156 5502 immortalisqu
1181 5437 1462 5491 cruciatus.
1489 5437 1610 5493 ldeo
1634 5441 1811 5495 Domi-

230 5530 340 5567 nus
370 5531 474 5569 non
519 5520 795 5588 appellans
824 5521 981 5576 \itam
1018 5539 1176 5593 quam
1221 5525 1448 5582 habituri
1492 5541 1612 5584 sunt
1644 5531 1808 5600 impii,

307 5625 329 5704 ί
339 5626 723 5704 ξὶοροιξδςιιμηιιξ
730 5638 810 5704 its.
846 5631 922 5704 [di
929 5636 962 5683 ti
979 5649 1116 5698 vero,
1133 5636 1321 5691 mimus
1335 5653 1465 5692 meus
1474 5641 1590 5704 facit
1604 5642 1806 5696 beatum.

303 5686 329 5716 θ
345 5692 394 5735 tu
411 5690 688 5740 tttclnclino
711 5701 810 5752 .\ts.,
836 5693 1014 5746 uidere.

1710 315 1934 369 δεςιυιυ
1974 318 2102 374 CLI.

3408 349 3508 403 8H

1942 431 2182 498 quamvis
2227 434 2279 490 in
2309 437 2426 506 igne
2457 441 2638 496 victuri
2687 443 2791 500 sint
2818 464 2832 502 :
2863 449 3020 507 vitam
3060 470 3163 508 non
3195 458 3321 514 {iniu
3346 470 3400 518 λι.
3448 482 3510 513 ιτα

1914 540 2150 595 pernam
2179 527 2367 586 ﬁniant
2396 550 2408 584 :
2448 531 2640 589 Vermis
2669 537 2808 592 enim
2844 557 3013 596 eorum
3049 561 3146 599 non
3180 551 3434 614 morietur,
3468 567 3512 606 rt

1939 619 2071 690 ignis
2110 637 2282 676 eorum
2323 639 2424 678 non
2466 625 2782 697 extinguetur
2809 629 2959 701 (Isai.
3001 651 3144 702 Lm,
3167 637 3258 710 2t)
3292 659 3304 693 :
3336 653 3511 699 tamen

1939 723 2056 764 eam
2079 712 2247 767 noluit
2267 716 2536 783 appellare
2557 717 2738 785 vitam,
2769 722 2861 776 sed
2894 723 3026 780 hanc
3053 729 3333 794 appellavit
3354 734 3513 788 vitam

1937 814 2058 868 qua:
2085 801 2234 856 beata
2273 812 2326 858 et
2357 815 2554 860 mtcrna
2583 819 2659 862 est
2688 809 2896 882 (Matth.
2938 831 3062 877 xxv,
3091 817 3180 884 tl,
3220 821 3331 891 46).
3362 822 3511 880 Unde

1941 891 2301 963 interrogante
2332 899 2422 952 illo‘
2463 900 2624 956 divite
2655 904 2955 971 Dominum,
2990 908 3124 975 Quid
3163 912 3277 967 boui
3300 915 3504 984 faciam.

1941 991 1994 1033 ut
2037 984 2186 1036 vitam
2230 995 2469 1042 (sternam
2519 995 2830 1063 consequar?
2865 1005 2918 1050 et
2960 997 3070 1068 ipse
3107 1001 3316 1070 quidem
3355 1006 3514 1060 vitam

1939 1078 2189 1126 mternam
2221 1091 2325 1128 non
2351 1079 2673 1145 nominabat,
2703 1085 2798 1137 nisi
2827 1085 3052 1141 beatam.
3083 1088 3212 1144 Nam
3244 1092 3517 1150 habebunt

1939 1161 2085 1232 impii
2115 1173 2390 1231 aeternam,
2418 1169 2510 1223 sed
2538 1186 2643 1226 non
2666 1173 2869 1229 beatam
2896 1177 3079 1244 vitam,
3113 1183 3233 1247 quia
3263 1186 3514 1240 cruciati-

1939 1249 2035 1304 bus
2063 1252 2292 1318 plenam.
2327 1257 2464 1328 Ergo
2504 1260 2592 1314 ille
2620 1262 2712 1328 ait,
2745 1263 2972 1334 Domine,
3002 1270 3127 1340 quid
3150 1270 3269 1325 boni
3303 1277 3511 1344 faciam,

1937 1350 1990 1392 ut
2014 1341 2163 1396 vitam
2203 1355 2438 1400 aeternam
2466 1355 2774 1423 consequar?
2805 1355 3098 1426 Respondit
3139 1361 3215 1417 illi
3261 1341 3513 1420 Dominus

1936 1430 2003 1486 de
2038 1435 2318 1489 mandatis.
2363 1439 2449 1492 Ait
2479 1440 2585 1506 ille,
2637 1443 2760 1499 l-lzec
2800 1449 2974 1502 omnia
3018 1450 3133 1505 feci.
3169 1451 3273 1508 Sed
3299 1458 3511 1526 quando

1937 1523 2209 1590 respondit
2235 1526 2300 1581 de
2337 1530 2616 1595 mandatis,
2645 1535 2772 1602 quid
2811 1537 2922 1591 ait?
2962 1539 3024 1595 Si
3049 1542 3119 1594 vis
3145 1523 3412 1600 venire—ad
3436 1549 3511 1602 ui-

1937 1619 2038 1663 tam
2068 1612 2176 1682 (ltl.
2207 1631 2319 1682 ius,
2355 1618 2440 1684 16,
2478 1621 2585 1690 17).
2615 1623 2728 1678 Non
2759 1626 2806 1679 ei
2837 1626 2971 1682 dixit
2996 1629 3234 1697 beatam;
3263 1637 3385 1704 quia
3407 1638 3509 1691 mi-

1935 1714 2053 1754 sera
2100 1719 2198 1758 nec
2224 1706 2330 1760 vita
2371 1707 2592 1764 (licenda
2639 1722 2741 1767 est.
2792 1715 2905 1770 Non
2944 1719 2994 1772 ei
3043 1720 3172 1775 dixit
3219 1732 3506 1789 aeternam;

1935 1792 2053 1859 quia
2083 1793 2168 1847 ubi
2193 1797 2377 1852 mortis
2404 1799 2562 1865 timor
2589 1811 2690 1867 est,
2725 1819 2822 1859 nec
2850 1807 2954 1860 vita
2981 1809 3209 1885 dicenda
3232 1822 3334 1866 est.
3366 1814 3507 1885 Ergo

1936 1880 2057 1946 vita,
2090 1899 2208 1951 qum
2239 1885 2340 1940 hoc
2375 1889 2588 1944 nomine
2615 1892 2772 1962 digna
2801 1903 2904 1961 est,
2936 1883 2997 1950 ui
3017 1898 3121 1954 vita
3150 1901 3376 1970 dicatur,
3401 1880 3506 1960 non

1934 1981 2016 2026 est
2045 1976 2146 2028 nisi
2176 1976 2361 2042 beata;
2405 1988 2451 2034 et
2483 1981 2635 2036 beata
2677 1999 2782 2039 non
2827 1995 2927 2052 est,
2973 1990 3074 2045 nisi
3113 2001 3329 2049 aeterna.
3364 1996 3509 2054 Hanc

1936 2064 2118 2118 volunt
2146 2082 2354 2134 omnes,
2387 2069 2522 2126 hanc
2551 2075 2792 2130 volumus
2816 2091 3023 2146 omnes,
3055 2084 3330 2141 veritatem
3361 2098 3414 2143 et
3433 2091 3515 2146 vi-

1938 2157 2202 2211 tam:sed
2247 2159 2312 2214 ad
2356 2169 2460 2216 tam
2508 2179 2750 2233 magnam
2808 2174 3229 2241 possessionem,
3287 2178 3354 2232 ad
3402 2189 3506 2234 tam

1931 2246 2188 2315 grandem
2219 2251 2520 2307 felicitatem
2547 2271 2648 2323 qua
2679 2257 2822 2312 itur?
2863 2260 3230 2320 lnstruxeruut
3271 2268 3371 2323 sibi
3396 2272 3509 2328 vias

1934 2338 2134 2392 erroris
2164 2339 2464 2411 philosophi
2494 2345 2618 2399 :alii
2647 2345 2914 2414 dixerunt;
2945 2350 3087 2417 Hae;
3112 2355 3220 2419 alii,
3250 2356 3362 2412 Non
3388 2359 3504 2423 hac.

1934 2426 2026 2480 sed
2069 2427 2182 2484 hac.
2213 2429 2389 2486 Latuit
2425 2448 2520 2488 eos
2548 2435 2652 2500 via,
2693 2438 2816 2508 quia
2857 2439 2997 2496 Deus
3039 2446 3282 2514 superbis
3311 2450 3509 2506 resistit

1934 2517 2137 2586 (Jacobi
2170 2537 2243 2585 tv,
2277 2523 2354 2591 6).
2389 2525 2600 2581 Lateret
2631 2537 2684 2582 et
2713 2545 2830 2594 nos,
2875 2532 2977 2587 nisi
3004 2537 3239 2592 venisset
3278 2540 3346 2594 ad
3387 2556 3506 2597 nos.

1935 2608 2060 2664 ldeo
2106 2611 2360 2668 Dominus
2389 2632 2402 2668 :
2428 2615 2558 2686 Ego,
2606 2618 2799 2688 inquit,
2845 2637 2956 2674 sum
2997 2626 3098 2678 uia.
3137 2627 3291 2698 Piger
3318 2631 3506 2694 viator.

1937 2701 2114 2754 venire
2146 2703 2365 2759 uolebas
2394 2705 2458 2760 ad
2500 2708 2672 2774 viam;
2721 2709 2788 2765 ad
2827 2720 2878 2766 te
2905 2715 3051 2769 venit
3091 2717 3192 2771 via.
3223 2719 3508 2786 Quarebas

1932 2806 2033 2859 qua
2065 2792 2170 2846 ires
2195 2810 2209 2844 :
2239 2791 2351 2864 Ego
2378 2811 2490 2848 sum
2516 2798 2616 2853 via.
2647 2797 2933 2867 Quarrebas
2957 2819 3064 2875 quo
3094 2807 3200 2863 ires
3225 2826 3240 2864 :
3266 2808 3379 2880 Ego
3399 2828 3505 2866 sunt

1932 2884 2115 2938 veritas
2137 2893 2182 2937 et
2223 2887 2322 2940 vita
2352 2885 2532 2955 (Joan.
2576 2905 2692 2956 xiv,
2722 2891 2801 2962 6).
2832 2893 2946 2950 Non
2984 2899 3185 2954 errabis
3225 2889 3438 2971 quando
3463 2904 3508 2958 is

1930 2973 1995 3027 ad
2025 2973 2192 3040 illum,
2226 2991 2319 3044 per
2343 2977 2511 3031 illum.
2543 2978 2665 3034 llaec
2693 2989 2775 3036 est
2799 2983 3036 3041 doctrina
3062 2988 3504 3060 Christianorum,

1932 3078 2034 3132 non
2068 3064 2222 3132 plane
2258 3066 2605 3134 conferenda,
2658 3071 2753 3126 sed
2799 3073 3281 3145 incomparabiliter
3314 3082 3507 3151 prmleo

1932 3155 2092 3210 renda
2134 3155 2391 3213 doctrinis
2420 3159 2877 3231 philosophorum,
2925 3166 3270 3226 ἱωηιιιιιάἰιίεε
3316 3173 3506 3243 Epicu-

1931 3262 2164 3313 reorum,
2186 3250 2449 3320 superbia:
2475 3251 2794 3308 Stoicorum.

2455 3342 2682 3398 SERMO
2719 3344 2858 3400 cui
2881 3346 2977 3418 (a).

1934 3425 2011 3482 De
2036 3428 2196 3483 verbis
2224 3431 2498 3504 Apostolis,
2544 3432 2659 3486 Non
2701 3436 2843 3488 enim
2882 3437 3022 3504 quod
3061 3440 3199 3504 volo,
3241 3449 3378 3495 laeto
3412 3443 3506 3497 bo-

2000 3515 2158 3563 num;
2200 3501 2291 3578 sed
2320 3501 2612 3578 quodnam
2652 3505 2869 3570 malum,
2899 3501 2999 3561 hoc
3038 3523 3158 3578 ago,
3185 3501 3316 3575 Vetc.,
3350 3510 3503 3566 Itoni.

1999 3583 2112 3638 cap.
2141 3583 2236 3633 vn,
2257 3569 2289 3638 ἲ
2311 3606 2330 3623 .
2354 3569 2506 3624 15-25
2529 3570 2622 3641 (li).

2001 3669 2222 3724 CAPUT
2262 3670 2544 3727 PRIMUM.
2566 3702 2637 3712 —-
2663 3674 2714 3728 1.
2754 3673 2922 3729 Locus
2949 3676 3178 3746 Apostoli
3206 3681 3334 3735 male
3358 3683 3505 3738 intel-

1931 3759 2190 3828 ligentibns
2229 3761 2557 3828 periculosus.
2603 3762 2783 3818 Lectio
2811 3766 2984 3821 divina
3023 3785 3141 3838 quas
3175 3771 3242 3828 de
3281 3778 3503 3844 apostoli

1931 3847 2077 3902 Pauli
2115 3848 2349 3917 Epistula
2399 3853 2617 3906 recitata
2665 3863 2766 3919 est,
2813 3858 3248 3931 quotiescumque
3293 3864 3500 3934 legitur.

1930 3941 2218 3994 timendum
2249 3951 2331 3996 est
2366 3958 2432 3999 ne
2478 3945 2614 3998 male
2654 3946 2918 4003 intellecta
2957 3949 3046 4006 det
3084 3951 3384 4011 hominibus
3411 3973 3502 4012 oe-

1929 4031 2200 4086 casionem
2252 4036 2612 4102 qumrcutibus
2665 4039 3018 4095 occasionem.
3070 4043 3334 4100 Proclives
3383 4060 3505 4104 sunt

1929 4122 2120 4191 quippe
2145 4122 2388 4178 homines
2417 4124 2482 4178 ad
2515 4128 2856 4195 peccandum,
2886 4140 2939 4184 et
2969 4131 3049 4199 vix
3079 4148 3138 4187 se
3174 4142 3370 4190 tenent.
3406 4136 3500 4193 Ubi

1928 4225 2055 4280 ergo
2094 4212 2356 4267 audierint
2387 4216 2697 4284 Apostolum
2737 4217 3019 4284 dicentem,
3051 4220 3171 4276 Non
3204 4225 3333 4277 enim
3370 4229 3502 4294 quod

1928 4304 2059 4368 volo,
2087 4303 2220 4371 facio
2242 4305 2422 4357 bonum
2441 4323 2458 4364 ;
2482 4307 2570 4361 sed
2597 4309 2730 4378 quod
2749 4311 2834 4362 odi
2855 4312 3062 4376 malum,
3084 4313 3177 4370 Itoc
3195 4332 3323 4387 ago;
3341 4329 3502 4390 agunt

1929 4391 2146 4456 malum,
2179 4404 2228 4448 et
2257 4394 2404 4463 quasi
2436 4395 2775 4464 diSpliceutcs
2801 4400 2898 4453 sibi
2927 4402 3049 4470 quia
3085 4411 3248 4472 agunt
3282 4393 3498 4471 malum,

1929 4493 2111 4550 putant
2137 4498 2195 4539 se
2235 4487 2487 4554 Apostolo
2521 4501 2639 4541 esse
2664 4489 2880 4553 similes,
2907 4492 2995 4561 qui
3021 4493 3153 4548 dixit
3181 4513 3194 4548 :
3228 4495 3345 4550 Non
3371 4500 3500 4552 enim

1927 4575 2061 4643 quod
2083 4576 2211 4636 volo,
2231 4575 2364 4646 facio
2384 4576 2570 4631 bonum
2588 4595 2607 4642 ;
2626 4579 2715 4632 sed
2735 4583 2867 4662 quod
2896 4585 3010 4638 uolo
3037 4587 3242 4652 malum,
3266 4589 3359 4642 ltoc
3383 4609 3498 4662 ago.

1927 4665 2307 4737 Neonunquaut
2338 4685 2465 4740 ergo
2492 4672 2698 4740 legitur,
2729 4661 2968 4732 ettunc'
2998 4679 3150 4733 nobis
3189 4681 3376 4750 ingerit
3404 4661 3499 4738 ue-

1925 4759 2222 4813 ccssitatem
2257 4760 2578 4830 disputandi.
2606 4780 2670 4816 ne
2694 4763 2934 4822 homines
2960 4769 3094 4832 male
3121 4784 3388 4826 suun-otes
3415 4788 3496 4824 sa-

1926 4849 2125 4903 lubretn
2156 4850 2329 4904 cibum
2370 4859 2578 4905 vertant
2610 4854 2659 4905 iu
2699 4869 2978 4907 venenum.
3022 4856 3101 4910 Sit
3127 4874 3253 4928 ergo
3297 4861 3492 4913 intenta

1923 4941 2168 4995 Charitas
2185 4953 2378 5004 vestra,
2398 4942 2566 4996 donec
2581 4943 2716 5011 quod
2740 4944 2992 5000 Dominus
3012 4942 3302 5009 donaverit.
3321 4949 3493 5003 dicam

1922 5032 2072 5086 vobis
2095 5048 2104 5060 '
2143 5042 2198 5086 ut
2225 5033 2308 5087 ubi
2335 5049 2415 5085 me
2435 5033 2566 5087 forte
2591 5035 2830 5090 laborare
2858 5037 3090 5092 videritis
3121 5040 3170 5092 in
3190 5039 3496 5096 difficultate

1922 5124 2142 5192 aliCujus
2171 5123 2524 5195 obscuritatis,
2549 5125 2810 5193 adjuvetis
2841 5145 2923 5181 me
2957 5129 3144 5184 aﬁ'ectu
3173 5132 3398 5200 pietatis.

1988 5212 2042 5266 9..
2082 5212 2222 5265 Justi
2258 5213 2355 5264 vita
2393 5213 2473 5266 hic
2515 5215 2717 5282 bellum,
2765 5221 2987 5272 nondum
3024 5221 3323 5292 triumphus.
3387 5223 3498 5296 νας

1982 5324 1997 5386 ἦ
2025 5329 2070 5370 In
2086 5323 2518 5386 quibusdamit‘ttss"
2534 5332 2578 5377 el
2593 5339 2734 5378 nunc.
2829 5382 2833 5386 ,

1986 5384 2002 5400 '
2025 5383 2310 5434 Emendatus
2329 5385 2386 5433 ad
2407 5386 2526 5437 duos
2547 5387 2606 5438 cl.
2630 5389 2688 5438 ad
2707 5389 2788 5440 bu.
2817 5383 2848 5439 Γ.
2867 5405 2943 5462 gr.
2960 5403 3057 5451 Am.
3079 5401 3151 5444 Er.
3175 5401 3276 5445 Γπ.
3302 5404 3409 5446 Lor.

2000 5467 2051 5532 ᾳ)
2072 5467 2208 5524 Alias,
2242 5467 2306 5532 de
2327 5476 2562 5532 Tempore
2581 5471 2656 5521 45.

2000 5481 2028 5515 a
2072 5467 2208 5524 Alias,
2242 5467 2306 5517 de
2327 5476 2562 5532 Tempore
2581 5471 2656 5521 45.

1977 5466 2051 5588 ibi
2072 5535 2209 5600 ttune
2232 5527 2396 5600 rimus
2428 5538 2580 5581 totum
2602 5532 2710 5584 fere
2733 5537 2991 5600 exscripsit
3009 5538 3068 5588 ad
3100 5547 3227 5591 nom.
3263 5555 3361 5599 vni,
3403 5543 3494 5590 sub

1917 5587 2066 5659 hocce
2104 5589 2244 5659 titulo
2274 5598 2284 5632 :
2323 5609 2343 5635 α
2365 5599 2430 5642 Ex
2463 5605 2691 5659 sermone
2735 5587 2912 5659 prith
2926 5587 2948 5643 si
2992 5587 3485 5659 uiridante-subst;

1913 5657 2146 5758 queipltem
2170 5651 2326 5699 dictus
2345 5661 2437 5712 est,
2461 5655 2630 5704 eadem
2655 5657 2700 5705 in
2723 5651 2862 5718 urbe,
2885 5661 3011 5723 quod
3031 5651 3206 5726 postea
3223 5651 3486 5728 intelliges,

1935 5722 1997 5758 .ar
2052 5724 2287 5758 senticosa.

1935 5722 2287 5772 :artnagtucnst.
