3850 6188
389 287 509 345 815

394 397 663 467 triumphi.
711 395 865 450 Prius
927 405 1053 462 ergo
1102 388 1357 453 rccolite,
1405 384 1545 456 quod
1587 385 1696 440 Deo
1741 382 1970 454 propitio

390 492 576 548 soletis
610 483 1147 554 audire,—vitamtjusti
1188 482 1244 536 in
1287 481 1390 537 isto
1417 492 1643 548 corpore
1669 475 1842 530 adhuc
1869 474 1972 529 bel-

394 590 499 638 lum
549 596 689 645 esse,
730 576 965 633 nondum
1012 568 1355 644 triumphum.
1412 570 1579 640 llujus
1626 578 1801 623 autem
1848 567 1969 623 belli

390 669 673 743 aliquando
699 668 804 724 erit
829 665 1144 734 triumphus.
1170 663 1293 718 ldeo
1314 660 1602 731 Apostolus
1631 659 1783 724 dixit,
1807 666 1861 711 et
1882 673 1974 711 vo-

389 783 479 823 ces
512 765 656 829 belli,
689 772 740 819 et
770 776 929 817 voces
970 759 1242 831 triumphi.
1280 758 1449 814 Voces
1479 754 1605 811 belli
1635 753 1794 809 modo
1818 751 1971 806 andi-

387 860 563 915 vimus
594 875 608 912 :
638 854 761 910 Non
787 854 919 909 enim
946 852 1080 925 quod
1110 852 1241 917 voto,
1279 864 1411 921 ago;
1439 847 1528 903 sed
1547 846 1681 915 quod
1706 845 1814 911 odi,
1842 841 1973 898 illud

390 949 543 1021 facio.
578 947 640 1003 Si
672 955 840 1001 autent
875 943 1012 1016 quod
1047 942 1152 1008 odi,
1180 941 1310 995 illud
1345 940 1510 1012 facio,
1539 937 1799 994 consentio
1825 933 1969 1006 Legi,

388 1042 627 1112 quoniam
655 1038 786 1093 bona
819 1044 912 1089 est.
961 1033 1098 1088 Velie
1126 1032 1325 1103 adjacet
1356 1031 1500 1094 mihi,
1540 1032 1779 1099 perﬁcere
1804 1036 1974 1081 autem

392 1136 576 1188 bonum
597 1147 698 1183 non
721 1128 939 1183 invenio.
954 1124 1109 1180 Video
1132 1133 1297 1178 autent
1325 1124 1479 1177 aliam
1504 1122 1661 1193 legem
1678 1121 1729 1175 in
1742 1117 1973 1173 membris

392 1227 534 1292 meis,
564 1228 925 1294 repugnantem
945 1218 1042 1289 legi
1067 1217 1245 1271 mentis
1262 1231 1403 1281 utea,
1419 1222 1463 1269 et
1478 1214 1812 1282 captivantem
1829 1226 1906 1264 me
1920 1210 1974 1263 in

389 1317 498 1387 lege
545 1313 754 1384 peccati,
781 1325 893 1382 qua:
925 1318 996 1364 est
1022 1309 1076 1363 in
1102 1307 1336 1363 membris
1383 1305 1526 1359 meis.
1557 1303 1783 1372 Quando
1820 1299 1974 1356 audis

390 1415 793 1480 repugnantem,
822 1400 1035 1473 quando
1053 1399 1205 1454 audis
1231 1398 1608 1468 captivantem,
1637 1395 1837 1451 bellum
1868 1406 1971 1446 non

388 1501 635 1573 agnoscis
648 1501 672 1555 ἲ
1426 1488 1445 1495 “

460 1595 685 1652 CAPUT
727 1593 790 1649 ll.
815 1624 883 1637 -—
905 1592 1020 1647 Vox
1046 1603 1173 1660 ergo
1199 1583 1448 1655 triumphi
1478 1580 1711 1638 nondum
1738 1587 1851 1635 est:
1880 1576 1974 1633 sed

389 1690 513 1760 quia
552 1688 730 1745 futura
771 1693 874 1752 est,
923 1684 1080 1740 docet
1122 1690 1174 1737 te
1221 1679 1363 1734 idem
1410 1674 1701 1745 apostolus,
1741 1671 1970 1727 dicens:

394 1782 603 1852 Oportet
622 1778 943 1849 corruptibile
962 1778 1055 1829 hoc
1078 1774 1288 1828 induere
1310 1769 1756 1839 incorruptionem,
1777 1775 1825 1819 et
1841 1778 1976 1817 mor-

391 1873 492 1927 tale
516 1873 610 1926 hoc
637 1869 844 1923 induere
872 1865 1319 1920 immortalitatem.
1355 1860 1483 1915 Cum
1521 1867 1687 1912 autem
1715 1856 1972 1920 corrupti-

391 1964 490 2019 bile
512 1964 606 2015 hoc
630 1944 847 2014 induerit
860 1955 1312 2025 incorruptionem,
1342 1962 1389 2005 et
1407 1948 1616 2004 mortale
1636 1948 1730 2001 ltoc
1757 1946 1975 1999 induerit

389 2054 821 2110 immortalitatem
850 2049 958 2104 :ibi
984 2054 1077 2117 est
1103 2060 1202 2100 vox
1247 2042 1499 2112 triumphi
1525 2060 1537 2094 :
1561 2050 1676 2095 tunc
1700 2041 1785 2108 ﬁet
1810 2055 1973 2094 sermo

393 2149 480 2219 qui
508 2147 725 2215 scriptus
755 2151 846 2209 est,
875 2140 1123 2209 Abeorpta
1152 2147 1223 2191 est
1250 2152 1384 2191 mors
1411 2136 1463 2188 in
1485 2133 1763 2187 uictoriam.
1788 2132 1975 2185 Dicant

395 2238 788 2308 triumphantes
818 2254 831 2289 :
861 2233 955 2289 tibi
979 2241 1073 2298 est,
1107 2246 1260 2294 mors,
1292 2228 1543 2282 contentio
1569 2236 1655 2280 tua
1675 2224 1716 2298 (l
1736 2220 1856 2279 Cor.
1881 2238 1970 2289 xv,

392 2331 595 2402 5555).
621 2330 870 2385 Dicemus
895 2340 1057 2396 ergo;
1085 2322 1402 2393 quandoque
1428 2320 1700 2383 dicemus;
1724 2326 1778 2371 et
1802 2318 1974 2387 ipsum

391 2424 708 2493 quandoque
729 2436 833 2476 non
864 2420 965 2473 erit
987 2418 1164 2485 longe.
1195 2413 1310 2471 Non
1334 2414 1476 2469 enim
1510 2421 1711 2468 tantum
1732 2418 1976 2466 remanet

392 2515 462 2571 de
488 2513 716 2576 sarculo,
748 2518 1005 2580 quantum
1033 2508 1142 2576 jam
1178 2513 1481 2573 exemptum
1522 2511 1623 2558 est.
1669 2502 1779 2557 Hoc
1820 2501 1977 2570 igitur

394 2619 520 2663 tunc
547 2605 804 2660 dicemus.
836 2600 993 2655 Modo
1018 2607 1194 2653 autem
1225 2597 1278 2650 in
1305 2597 1407 2650 isto
1434 2594 1692 2661 belloyne
1721 2593 1869 2647 male
1896 2593 1977 2645 in-

391 2694 751 2767 telligentibus
794 2691 954 2747 lectio
990 2691 1088 2744 ista
1134 2687 1260 2744 tuba
1288 2687 1360 2743 sit
1394 2687 1581 2751 hostis,
1622 2701 1729 2740 non
1770 2693 1973 2751 nostra,

391 2787 532 2844 unde
571 2786 665 2842 ille
711 2784 985 2845 incitetur,
1034 2794 1142 2834 non
1185 2778 1328 2835 unde
1367 2778 1641 2842 vincatur;
1692 2776 1970 2842 advertite,

391 2880 636 2945 obsecro,
665 2875 858 2931 fratres
878 2873 1003 2939 mei,
1031 2880 1085 2926 et
1110 2871 1200 2941 qui
1227 2869 1444 2926 certatis
1461 2877 1683 2924 certate.
1711 2867 1810 2934 Qui
1831 2867 1973 2921 enim

392 2969 627 3026 nondum
672 2965 910 3025 certatis,
956 2978 1061 3017 non
1099 2962 1229 3016 estis
1279 2957 1597 3014 intellecturi
1626 2957 1766 3027 quod
1809 2955 1971 3010 dico:

392 3061 483 3132 qui
504 3060 614 3130 jam
632 3056 870 3120 certatis,
896 3052 1215 3108 intellecturi
1228 3050 1388 3105 estis.
1409 3048 1524 3104 Vox
1545 3062 1662 3104 mea
1683 3048 1736 3102 in
1765 3055 1971 3117 aperto,

393 3157 571 3205 vestra
597 3149 699 3204 erit
723 3147 777 3201 in
804 3144 1040 3200 silentio.
1076 3142 1229 3197 Prius
1256 3141 1384 3195 illud
1422 3138 1644 3194 recolite
1667 3137 1809 3208 quod
1836 3138 1973 3192 scri-

395 3240 501 3309 psit
540 3238 606 3292 ad
648 3236 884 3301 Galatas,
933 3232 1074 3289 unde
1123 3231 1222 3285 hoc
1251 3231 1385 3286 bene
1428 3229 1597 3298 possit
1633 3229 1844 3299 exponi.
1887 3228 1976 3283 Ait

394 3331 560 3397 enim,
607 3327 851 3383 fidelibus
886 3326 1131 3395 loquens,
1179 3321 1458 3391 baptizatis
1496 3320 1739 3390 loquens,
1783 3320 1976 3391 quibus

397 3422 579 3491 utique
607 3419 658 3473 in
686 3424 871 3473 sancto
898 3417 1110 3470 lavacro
1151 3414 1328 3468 omnia
1356 3411 1806 3467 fuerant-dimissa
1847 3425 1974 3480 pec-

395 3520 513 3569 cata
538 3530 552 3565 :
580 3511 664 3567 his
709 3520 883 3564 tamen
925 3508 1169 3574 loquens,
1215 3504 1310 3561 sed
1344 3504 1697 3575 pugnantibus
1734 3505 1975 3575 loquens,

395 3606 467 3659 ait
495 3621 510 3657 :
542 3601 670 3656 Dico
705 3610 893 3665 autem,
925 3597 1127 3668 Spiritu
1163 3595 1436 3661 ambulate,
1480 3604 1526 3648 et
1551 3592 1977 3665 concupiscentiae

396 3696 563 3748 carnis
589 3709 651 3746 ne
680 3690 1005 3764 perfeceritis.
1049 3686 1164 3742 Non
1191 3684 1344 3751 dixit,
1376 3700 1445 3741 ne
1472 3684 1731 3749 feceritis;
1759 3684 1875 3751 sed,
1917 3701 1978 3739 ne

397 3784 728 3856 perfeceritis.
758 3781 937 3849 Quare
975 3779 1109 3833 hoc?
1140 3777 1389 3847 Sequitur
1417 3785 1469 3831 et
1488 3775 1617 3831 dicit
1647 3793 1659 3828 :
1690 3774 1821 3832 Caro
1846 3777 1978 3830 enim

395 3873 701 3941 concupiscit
738 3868 974 3925 adversus
1009 3869 1260 3940 spiritum,
1302 3867 1509 3937 spiritus
1541 3875 1706 3919 autem
1741 3866 1979 3920 adversus

397 3983 614 4021 carnem.
650 3963 772 4018 Hcce
795 3964 927 4017 enim
953 3961 1162 4014 invicem
1191 3959 1553 4020 adversantur;
1582 3968 1639 4010 ut
1666 3973 1765 4010 non
1794 3973 1851 4010 ea
1869 3972 1981 4025 qua:

399 4062 547 4115 ruitis
586 4057 809 4131 faciatis.
853 4053 1002 4122 Quod
1049 4053 1094 4107 si
1139 4051 1335 4122 Spiritu
1376 4050 1640 4115 ducimini,
1684 4066 1783 4103 non
1813 4049 1979 4102 adhuc

397 4153 514 4207 estis
543 4152 632 4207 sub
659 4148 792 4220 Lege
820 4145 1012 4219 (Galat.
1042 4160 1096 4212 v,
1122 4141 1308 4215 ili-18)
1333 4161 1345 4197 :
1374 4143 1573 4212 utique,
1606 4142 1699 4196 sed
1739 4140 1838 4195 sub
1858 4155 1980 4211 gra-

397 4247 486 4299 tia.
520 4242 583 4299 Si
611 4242 810 4313 Spiritu
841 4238 1120 4293 ducimini:
1153 4236 1276 4307 quid
1305 4236 1559 4306 est,,duci
1590 4233 1830 4305 Spiritu?
1860 4234 1980 4303 Spi-

397 4335 521 4389 ritui
549 4333 640 4388 Dei
665 4331 969 4387 consentire
999 4326 1229 4398 iubenti,
1260 4340 1363 4379 non
1390 4324 1536 4379 carni
1561 4323 1977 4393 concupiscenti.

408 4428 600 4482 Tamen
650 4422 980 4490 concupiscit
1025 4428 1080 4474 et
1120 4416 1384 4479 resistit';
1437 4426 1492 4471 ct
1528 4416 1641 4471 vult
1682 4415 1898 4485 aliquid,
1928 4426 1980 4470 et

402 4535 507 4573 non
536 4519 615 4569 vis
636 4526 688 4569 tu
725 4532 738 4569 :
768 4525 1067 4581 persevera,
1101 4518 1158 4562 ut
1184 4508 1319 4561 nolis
1342 4516 1415 4560 tu.

470 4606 695 4663 CAPUT
718 4603 932 4659 ιιι-δ.
965 4599 1391 4669 Concupiscentite
1408 4598 1637 4651 interitus
1652 4598 1704 4651 in
1726 4600 1851 4652 uotis
1880 4614 1983 4652 esse

399 4699 559 4757 debet.
594 4694 997 4752 Manio/uvarum
1034 4690 1254 4744 insania.
1286 4687 1615 4743 Desiderium
1636 4699 1811 4742 tamen
1836 4698 1982 4742 tuum

397 4797 499 4852 tale
524 4806 645 4850 esse
668 4789 825 4845 debet
853 4786 918 4843 ad
948 4786 1138 4848 Deum,
1170 4790 1229 4838 ut
1247 4796 1347 4837 nec
1373 4782 1440 4835 sit
1471 4782 1580 4851 ipsa
1602 4781 1983 4851 concupiscen-

401 4889 469 4943 tia
496 4886 580 4943 cui
625 4882 864 4940 resistas.
906 4875 1097 4935 Videte
1148 4873 1272 4945 quid
1302 4873 1525 4928 dixerim
1558 4889 1571 4927 :
1619 4871 1979 4939 Desiderium,

402 4984 651 5052 inquam,
686 4988 832 5033 tuum
864 4972 967 5027 tale
996 4984 1115 5045 esse
1143 4967 1303 5022 debet
1343 4967 1408 5019 ad
1456 4965 1617 5018 Deum
1638 5006 1653 5030 ,
1688 4974 1741 5017 ut
1767 4965 1983 5018 oniaino

402 5089 509 5129 non
529 5074 599 5128 sit
624 5072 735 5141 ipsa
755 5064 1181 5141 concupiscentia
1203 5060 1285 5115 cui
1313 5058 1561 5115 resistere
1580 5068 1839 5128 oporteat.
1891 5058 1986 5112 lie-

398 5166 545 5223 sistis
573 5165 714 5219 enim
735 5204 750 5229 ,
780 5171 835 5216 et
883 5173 988 5213 non
1012 5151 1392 5211 consentiendo
1432 5152 1599 5206 vincis
1632 5170 1644 5206 :
1676 5152 1768 5205 sed
1800 5153 1986 5207 melius

395 5270 479 5315 est
521 5259 728 5313 hostem
778 5269 884 5307 non
915 5249 1149 5313 habere,
1191 5259 1350 5316 quam
1378 5244 1614 5297 vincere.
1663 5242 1839 5296 Hostis
1889 5244 1986 5297 istc

395 5347 680 5420 aliquando
705 5359 807 5398 non
832 5342 951 5397 erit.
978 5336 1136 5393 Refer
1158 5337 1391 5390 animum
1411 5332 1478 5387 ad
1499 5348 1681 5387 vocem
1711 5332 1980 5404 triumphi,

396 5446 452 5494 et
479 5438 600 5493 vide
626 5436 669 5491 si
690 5435 813 5489 erit.
850 5430 947 5487 Ubi
973 5437 1075 5495 est,
1106 5443 1242 5480 mors
1261 5467 1276 5490 ,
1301 5424 1549 5480 contentio
1574 5423 1700 5476 tua?
1724 5423 1837 5477 Non
1863 5424 1984 5477 erit.

409 5529 505 5583 Ubi
548 5536 621 5581 est
644 5566 659 5588 ,
691 5540 857 5586 more,
882 5520 1090 5575 audeas
1121 5517 1282 5571 tuus?
1310 5515 1527 5581 Quaeres
1552 5512 1725 5566 locum
1757 5513 1873 5583 ejus
1891 5555 1905 5577 ,
1936 5524 1992 5568 et

398 5631 507 5674 non
550 5614 811 5669 invenies.
843 5610 958 5667 Non
989 5609 1130 5667 enim
1157 5608 1270 5663 haec
1291 5649 1306 5674 ,
1358 5603 1500 5676 quod
1529 5602 1759 5659 maxime
1784 5604 1991 5661 debetis

466 5708 483 5739 ⁸
513 5712 671 5763 rma.
698 5703 895 5755 renatis.

798 5956 823 5991 9

1626 271 1681 328 s.
1724 267 2088 327 auousnm
2128 266 2429 323 ΗΡΙὃεῦΡί
3515 281 3602 340 α(

2082 383 2263 443 audire
2296 401 2308 436 :
2342 396 2449 438 non
2501 383 2641 441 enim
2686 382 2801 438 lucc
2825 384 2984 454 quasi
3011 385 3109 442 alia
3139 397 3312 447 natura
3352 402 3455 463 est,
3495 400 3610 460 sicut

2079 474 2350 530 insaniunt
2372 473 2667 529 Manichmi.
2699 474 2946 545 Languor
2980 486 3157 535 noster
3192 492 3297 548 est,
3337 486 3497 543 vitium
3523 508 3600 546 nec

2078 575 2248 619 stram
2280 572 2390 620 est.
2419 564 2536 620 Non
2576 574 2882 636 separatum
2925 569 3050 624 alibi
3091 571 3222 637 erit,
3267 575 3354 630 sed
3399 590 3603 637 sanantur

2081 671 2340 726 nusquam
2372 657 2491 712 erit.
2524 658 2663 727 Ergo
2690 656 3133 730 Concupiscentias
3154 666 3316 721 carnis
3338 684 3394 722 ne
3417 676 3608 742 parm.

2080 746 2211 799 ritis.
2253 745 2442 800 Melius
2463 745 2676 816 quidem
2704 758 2815 802 erat
2839 748 3059 820 implere
3094 752 3226 822 quod
3255 754 3352 808 Lex
3376 756 3519 824 dixit,
3541 760 3610 815 Ne

2078 838 2407 907 concupiscas
2428 834 2604 910 (Rom.
2635 853 2729 902 vn,
2764 838 2842 908 7).
2883 838 3160 896 Plenitudo
3176 852 3266 898 est
3282 844 3375 899 ista
3398 847 3603 917 virtutis,

2080 927 2341 997 perfectio
2365 928 2618 998 iustitiae,
2671 930 2847 1000 palma
2891 930 3162 1000 victoriae,
3207 934 3287 990 Ne
3307 941 3604 1010 concupisces.

2080 1019 2194 1076 Hoc
2210 1020 2331 1091 quia
2370 1020 2529 1075 modo
2561 1021 2768 1091 impleri
2793 1039 2896 1078 non
2914 1034 3128 1093 potest,
3155 1027 3237 1082 vel
3269 1016 3388 1084 illud
3423 1033 3607 1104 implea-

2080 1119 2166 1167 tur
2190 1112 2331 1182 quod
2378 1122 2562 1169 sancta
2592 1113 2865 1185 Scriptura
2896 1117 3021 1173 item
3061 1117 3191 1173 dicit
3216 1135 3235 1174 :
3263 1119 3383 1176 Post
3402 1129 3607 1197 concupi-

2077 1204 2292 1258 scentia:
2313 1214 2426 1259 tuas
2453 1221 2555 1260 non
2593 1222 2679 1261 eas
2720 1205 2907 1279 (Eccli.
2935 1225 3080 1274 xvnt,
3113 1211 3225 1281 50).
3254 1213 3426 1272 Melius
3446 1226 3517 1272 est
3536 1235 3610 1275 eas

2079 1308 2184 1348 non
2213 1294 2411 1352 habere
2439 1314 2452 1349 :
2482 1297 2578 1353 sed
2606 1297 2731 1367 quia
2758 1308 2879 1354 sunt
2904 1339 2924 1367 ,
2952 1302 3059 1357 noli
3085 1312 3204 1372 post
3222 1319 3311 1360 cas
3337 1306 3425 1362 ire.
3452 1309 3607 1367 Nolunt

2081 1398 2200 1458 post
2224 1397 2276 1444 te
2302 1389 2382 1445 ire
2414 1406 2428 1445 :
2462 1390 2570 1444 noli
2595 1401 2718 1462 post
2740 1407 2832 1447 cas
2861 1393 2957 1448 ire.
2990 1393 3046 1449 Si
3080 1395 3241 1450 velint
3267 1408 3377 1467 post
3420 1408 3465 1455 te
3496 1402 3560 1457 ire
3575 1405 3606 1467 ι,

2080 1494 2186 1535 non
2235 1490 2424 1547 erunt;
2472 1481 2597 1552 quia
2643 1491 2829 1541 contra
2876 1493 3111 1540 mentem
3138 1494 3278 1541 tuam
3302 1503 3399 1543 non
3427 1490 3608 1547 rebella-

2080 1569 2229 1625 bunt.
2280 1570 2595 1639 Rebellant,
2651 1573 2882 1637 rebello;
2932 1584 3196 1645 pugnant,
3245 1593 3435 1647 pugna;
3472 1596 3609 1652 expu-

2077 1671 2241 1732 gnant
2260 1705 2274 1729 ,
2306 1678 2551 1733 expugna
2581 1681 2594 1715 :
2626 1663 2729 1719 hoc
2756 1665 2928 1721 solum
2959 1666 3110 1733 vide,
3147 1684 3212 1722 ne
3240 1669 3456 1725 vincant.

2151 1752 2373 1808 CAPUT
2412 1752 2501 1807 IV.
2526 1784 2597 1795 —-
2632 1755 2687 1809 4.
2719 1754 2985 1821 Quomodo
3035 1759 3433 1829 concupiscentiae
3455 1773 3495 1816 et
3516 1780 3614 1818 con-

2078 1845 2331 1900 suetudini
2352 1847 2502 1901 malta
2520 1847 2874 1902 resistendum.
2905 1850 3048 1906 Ecce
3073 1851 3268 1921 aliquid
3292 1853 3404 1909 inde
3429 1871 3608 1927 ponam,

2083 1936 2218 1989 unde
2247 1946 2436 1992 cetera
2465 1937 2786 2008 intelligatis.
2816 1939 3000 1996 Nostis
3025 1957 3145 1997 esse
3165 1942 3393 2000 homines
3410 1948 3611 2003 sobrios:

2082 2025 2356 2095 pauciores
2404 2035 2561 2094 sunt,
2614 2028 2710 2083 sed
2756 2038 2901 2084 sunt.
2954 2030 3138 2089 Nostis
3163 2048 3279 2090 esse
3306 2044 3355 2090 et
3379 2037 3610 2092 ebriosos:

2079 2116 2367 2171 abundant.
2415 2118 2716 2188 Baptizatus
2744 2130 2829 2175 est
2868 2122 3085 2179 sobrius
3113 2142 3127 2178 :
3159 2136 3399 2196 quantum
3425 2129 3613 2198 pertinet

2078 2209 2144 2264 ad
2189 2210 2535 2276 ebrietatem,
2585 2228 2693 2267 non
2733 2212 2891 2269 habet
2937 2230 3064 2270 cum
3107 2233 3209 2288 qua
3238 2230 3421 2289 pugnet
3447 2238 3460 2274 :
3487 2220 3613 2275 habet

2079 2300 2210 2354 alias
2228 2302 2688 2370 concupiscentias
2708 2345 2721 2369 ,
2764 2318 2885 2358 cum
2913 2306 3113 2375 quibus
3141 2319 3346 2379 pugnet.
3371 2309 3464 2365 Sed
3487 2320 3535 2365 ut
3560 2310 3613 2366 de

2079 2392 2286 2447 caeteris
2313 2392 2655 2465 intelligatis,
2701 2396 2859 2451 unius
2886 2400 3255 2455 tantummodo
3296 2404 3451 2458 hostis
3473 2412 3613 2457 certa-

2081 2498 2202 2538 men
2246 2484 2298 2538 in
2327 2484 2503 2540 medio
2531 2486 2936 2542 constituamus.
2968 2489 3273 2559 Baptizatus
3309 2501 3450 2548 estet
3470 2493 3612 2548 ebrio-

2080 2587 2170 2627 sus
2199 2590 2212 2627 :
2243 2574 2481 2641 audivit,
2530 2585 2586 2631 et
2622 2590 2742 2631 cum
2788 2578 2986 2634 timore
3027 2580 3256 2649 audivit,
3297 2583 3424 2638 inter
3459 2592 3613 2638 cetera

2080 2665 2242 2730 mala,
2265 2665 2457 2735 quibus
2486 2667 2788 2722 hominibus
2819 2670 2959 2725 male
2986 2671 3286 2728 viventibus
3305 2673 3614 2728 intercluditur

2080 2773 2302 2828 regnum
2348 2759 2478 2824 Dei,
2522 2772 3006 2832 commemoratam
3053 2779 3177 2821 esse
3224 2775 3278 2822 et
3314 2766 3611 2821 ebrietatem:

2079 2851 2202 2919 quia
2230 2850 2319 2905 ubi
2343 2850 2543 2906 dictum
2568 2862 2650 2907 est
2668 2893 2683 2918 ,
2718 2851 2897 2923 Neque
2921 2857 3256 2926 fornicatores
3272 2898 3288 2923 ,
3340 2873 3478 2927 neque
3497 2855 3615 2909 idola

2079 2940 2344 2995 servientes
2364 2982 2381 3009 ,
2410 2959 2568 3012 neque
2593 2943 2809 2997 adulteri
2826 2984 2841 3008 ,
2873 2960 3039 3015 neque
3058 2947 3261 3014 ntoiles,
3292 2963 3436 3018 neque
3458 2962 3617 3000 mascu-

2081 3028 2244 3083 lorum
2264 3032 2636 3099 concubitores,
2668 3040 2824 3099 neque
2850 3039 3033 3105 fures;
3054 3036 3124 3091 ibi
3150 3037 3377 3092 additum
3404 3046 3503 3101 est,
3528 3033 3616 3089 Ne-

2078 3137 2173 3189 que
2199 3121 2400 3189 ebriosi,
2426 3132 2554 3189 etc.,
2583 3140 2792 3194 regnum
2817 3124 2913 3179 Dei
2941 3128 3266 3197 possidebunt
3292 3128 3334 3201 (Ι
3361 3128 3466 3184 Cor.
3489 3144 3547 3191 vt,
3571 3127 3613 3187 9.

2082 3215 2193 3286 10).
2225 3216 2447 3271 Audivit
2468 3258 2481 3281 ,
2512 3227 2565 3271 et
2588 3218 2780 3273 titnuit.
2814 3220 3126 3289 Baptizatus
3152 3234 3259 3288 est,
3289 3223 3486 3277 dimissa
3520 3230 3616 3274 sunt

2081 3306 2155 3360 illi
2181 3308 2357 3361 omnia
2406 3308 2599 3379 quibus
2639 3310 2932 3366 inebriatus
2981 3321 3068 3368 est
3103 3332 3118 3369 :
3165 3323 3325 3369 restat
3363 3312 3616 3368 adversaria

2081 3399 2428 3453 consuetudo.
2476 3399 2619 3469 Ergo
2666 3399 2827 3455 habet
2870 3417 2999 3458 cum
3040 3419 3142 3475 qua
3193 3413 3379 3476 pugnet
3418 3412 3612 3458 renatus.

2079 3490 2359 3546 Prmterita
2386 3490 2501 3560 ejus
2529 3493 2652 3546 vitia
2670 3493 2854 3547 omnia
2880 3493 3103 3551 dimissa
3131 3508 3255 3550 sunt
3276 3497 3325 3551 ei
3354 3512 3367 3549 :
3391 3494 3614 3552 observet.

2081 3582 2297 3653 vigilet,
2332 3593 2652 3654 pugnemus
2681 3585 2967 3655 aliquando
2991 3588 3296 3644 inebrietur.
3339 3588 3497 3657 Surgit
3516 3598 3617 3653 ergo

2083 3675 2170 3731 illa
2199 3675 2625 3744 concupiscentia
2669 3676 2916 3747 potandi,
2944 3678 3136 3733 titillat
3179 3680 3400 3733 animum
3423 3718 3438 3743 ,
3466 3674 3617 3745 ingerit

2084 3765 2324 3822 faucibus
2348 3767 2639 3833 siccitatem
2661 3808 2675 3833 ,
2726 3768 3009 3822 insidiatur
3047 3770 3292 3825 sensibus
3324 3788 3337 3825 :
3364 3768 3466 3823 vult
3484 3767 3614 3820 etiam

2085 3858 2289 3928 ipsum,
2338 3860 2384 3914 si
2412 3868 2585 3928 potest
2612 3858 2760 3925 fieri,
2812 3870 3095 3928 penetrare
3121 3877 3357 3928 murum,
3400 3857 3615 3914 adircin-

2083 3953 2287 4006 clusum
2309 3992 2323 4015 ,
2358 3952 2571 4011 trahere
2598 3954 2885 4021 Captivum.
2920 3952 3158 4024 Pugnat,
3190 3966 3435 4024 repugna.’
3458 3949 3498 4006 0
3519 3948 3555 4003 si
3576 3955 3619 4002 ct

2086 4044 2197 4114 ipsa
2227 4059 2330 4096 non
2357 4045 2535 4099 esset!
2560 4044 2619 4098 Si
2649 4045 3036 4107 consuetudine
3063 4047 3200 4101 mala
3229 4045 3469 4108 accessit,
3510 4042 3615 4096 hom

2085 4134 2469 4188 consuetudine
2508 4134 2763 4190 morietur
2787 4137 2808 4168 ³
2835 4152 2855 4188 :
2885 4142 2939 4189 tu
2970 4144 3175 4191 tantum
3219 4136 3324 4191 noli
3364 4135 3410 4189 ei
3448 4127 3616 4187 satisfa-

2085 4242 2228 4292 cere,
2252 4226 2360 4281 noli
2384 4242 2501 4282 eam
2525 4227 2762 4282 cedendo
2776 4229 2997 4293 satiare,
3024 4229 3118 4285 sed
3144 4227 3429 4284 resistendo
3445 4235 3614 4280 necare.

2088 4316 2287 4372 Tamen
2315 4316 2565 4386 quamdiu
2593 4326 2673 4371 est
2687 4357 2702 4383 ,
2720 4302 2904 4372 .hostis
2922 4329 3027 4373 est.
3061 4320 3115 4375 Si
3143 4321 3193 4375 ei
3216 4334 3319 4374 non
3341 4314 3616 4374 consentias,

2087 4418 2141 4462 et
2169 4422 2433 4476 nunquam
2468 4406 2775 4469 incbrieris,
2806 4410 2982 4463 anor
3008 4419 3063 4463 et
3085 4411 3258 4463 minor
3283 4409 3379 4464 erit
3404 4402 3614 4477 quotidie.

2088 4499 2217 4554 Nam
2261 4508 2386 4553 sunt
2411 4500 2547 4553 vires
2577 4500 2716 4554 illius
2755 4500 3013 4569 subjectio
3042 4510 3153 4556 tua.
3199 4500 3253 4556 Si
3278 4501 3412 4555 etaim
3451 4496 3494 4553 ei
3524 4506 3619 4549 ces-

2088 4589 2251 4654 seris,
2283 4598 2335 4644 et
2383 4588 2672 4643 inebriatus
2717 4587 2911 4648 fueris.
2968 4590 3063 4643 das
3107 4590 3157 4644 ei
3200 4592 3353 4644 vires.
3400 4577 3618 4653 Numquid

2088 4690 2273 4735 contra
2303 4695 2417 4742 me,
2448 4690 2502 4733 et
2531 4695 2634 4733 non
2678 4690 2860 4734 contra
2893 4682 2984 4735 te?
3012 4681 3122 4752 Ego
3152 4681 3220 4735 de
3258 4681 3371 4736 loco
3394 4676 3620 4748 superiore

2092 4786 2283 4827 moneo
2303 4813 2316 4833 ,
2347 4771 2466 4827 dico
2486 4813 2499 4836 ,
2531 4770 2761 4839 praedico
2793 4789 2806 4825 :
2835 4771 2958 4841 quid
2989 4772 3113 4825 mali
3146 4771 3373 4826 futurum
3395 4769 3459 4823 sit
3482 4764 3622 4821 ebrio-

2090 4865 2193 4930 sis,
2227 4871 2350 4918 ante
2368 4862 2644 4917 denuntio.
2673 4861 2788 4916 Non
2813 4871 2896 4916 est
2924 4862 3062 4930 quod
3093 4861 3242 4918 dicas
3260 4903 3276 4928 ,
3303 4860 3412 4916 Non
3446 4853 3619 4913 audivi:

2092 4969 2196 5010 non
2225 4962 2310 5010 est
2345 4953 2487 5023 quod
2533 4951 2681 5006 dicas
2701 4992 2716 5013 ,
2747 4952 2917 5019 Exigit
2960 4950 3105 5006 Deus
3129 4953 3355 5006 animam
3399 4961 3546 5002 meam
3570 4940 3623 4994 de

2093 5065 2250 5105 manu
2293 5048 2433 5102 illius
2454 5089 2469 5113 ,
2500 5047 2588 5116 qui
2617 5045 2744 5099 mihi
2775 5046 2952 5099 tacuit.
2977 5044 3082 5099 Sed
3129 5045 3369 5109 laboras,
3409 5040 3517 5110 quia
3550 5032 3620 5088 tibi

2094 5140 2323 5197 validum
2363 5139 2721 5194 adversarium
2749 5137 2884 5191 mala
2928 5125 3311 5192 conSuetd'dine
3339 5135 3442 5204 ipse
3466 5123 3620 5183 fecisti-

2095 5233 2207 5288 Non
2250 5232 2496 5288 laborasti
2516 5272 2532 5296 ,
2573 5241 2631 5284 ut
2658 5230 2889 5283 nutrires
2912 5245 3031 5284 eum
3055 5228 3077 5259 ³
3104 5245 3118 5281 :
3149 5229 3354 5291 labora,
3381 5232 3452 5278 ut
3476 5219 3621 5274 vincas

2095 5341 2238 5380 emo.
2276 5324 2341 5378 Et
2381 5323 2426 5377 si
2474 5322 2650 5377 minus
2703 5320 2925 5374 idoneus
2950 5334 3008 5374 es
3049 5318 3304 5374 adversus
3345 5328 3480 5376 eum,
3523 5317 3620 5372 rogi

2098 5420 2284 5472 Deum.
2313 5415 2516 5471 Tamen
2560 5412 2607 5467 si
2648 5422 2699 5466 te
2730 5426 2834 5465 non
2878 5411 3094 5473 vicerit,
3144 5407 3378 5479 quamvis
3416 5406 3512 5473 ipsa
3553 5404 3627 5447 llm

2160 5510 2327 5580 ’μην
2359 5505 2650 5580 nomen“
2666 5498 3109 5580 tetram“???
3125 5512 3209 5551 εαε
3226 5497 3316 5580 ire;
3396 5488 3621 5580 9οὲίὲίέἳὲ

2097 5577 2142 5622 te
2182 5556 2272 5619 ire.
2308 5556 2400 5617 sed
2439 5556 2616 5616 melius
2652 5556 3147 5614 czeterieditieinss.
3172 5560 3376 5624 quosbic
3395 5556 3619 5617 sequimur.

2162 5634 2182 5665 ³
2201 5633 2271 5680 sic
2282 5637 2387 5680 tum.
2410 5634 2462 5677 at
2485 5628 2619 5687 editi,
2642 5624 2974 5687 nwrigerctur.

2164 5695 2184 5727 ³
2198 5692 2527 5745 uistcrcieusis
2548 5683 2714 5748 habet,
2732 5683 2782 5738 ut
2795 5700 2887 5735 non
2901 5683 3107 5737 nutrire:
3121 5696 3244 5734 eum.
