3850 6188
217 407 329 467 817

218 526 360 581 mala
389 520 720 577 consuetudo
746 520 940 577 luctata
965 521 1034 574 sit
1058 531 1229 574 tecum
1252 560 1267 584 ,
1301 518 1345 573 si
1374 528 1426 573 te
1448 535 1552 571 non
1580 515 1774 571 vicerit
1795 558 1809 580 ,

216 615 392 671 fecisti
446 613 587 683 quod
652 613 725 666 ait
773 612 1047 681 apostolus
1097 610 1323 676 Paulus,
1370 608 1812 678 Coucupiscentias

214 708 388 762 carnis
417 722 481 759 ne
523 703 846 775 perfeceritis.
894 701 1054 755 Facta
1102 711 1184 754 est
1213 698 1639 769 concupiscentia
1688 698 1812 752 titil-

216 796 377 851 Iando
406 813 421 860 ;
449 796 545 849 sed
568 811 672 848 non
701 803 783 848 est
813 792 1037 861 perlecta
1071 791 1303 861 potando
1333 792 1368 843 ι.

284 884 516 941 CAPUT
556 884 622 938 γ.
664 913 735 923 -—-
767 884 820 938 5.
854 881 1269 954 Concupisceutia
1297 882 1439 935 nobis
1466 881 1643 935 innata
1668 890 1715 933 et
1749 897 1812 935 ea:

214 980 384 1049 primo
408 984 612 1046 peccato
636 984 768 1027 orta.
802 971 1063 1044 Originale
1091 983 1349 1043 peccatum
1378 989 1442 1028 ea:
1463 972 1810 1043 concupiscen-

212 1073 303 1124 tia.
330 1068 565 1125 Christus
594 1069 702 1121 sine
726 1076 928 1150 peccato
958 1075 1255 1135 conceptus,
1301 1075 1354 1119 ut
1379 1064 1585 1120 solveret
1630 1081 1810 1135 pecca-

212 1175 341 1217 tu'n.
367 1161 524 1230 Quod
550 1159 657 1214 dixi
687 1158 754 1214 de
783 1158 1039 1213 ebrii-tate
1061 1199 1077 1222 ,
1119 1158 1218 1211 hoc
1257 1157 1324 1212 de
1351 1156 1600 1211 omnibus
1625 1157 1768 1210 vitiis
1791 1201 1806 1222 ,

212 1253 314 1308 hoc
358 1253 429 1307 de
455 1250 704 1306 omnibus
730 1249 1126 1317 cupiditatibus.
1176 1249 1305 1302 Cum
1353 1247 1618 1317 aliquibus
1665 1247 1806 1301 enim

210 1344 321 1397 nati
352 1357 572 1406 smnus,
602 1341 806 1409 aliquas
830 1339 1215 1393 consuetudine
1243 1339 1484 1392 fecimus.
1519 1337 1652 1393 Nam
1678 1352 1806 1408 pro-

210 1446 335 1506 pter
355 1434 475 1489 illas
498 1449 621 1488 cum
649 1431 841 1501 quibus
866 1432 974 1487 nati
1004 1446 1187 1486 sumus
1206 1472 1222 1498 ,
1266 1430 1601 1499 baptizantur
1629 1430 1807 1484 infan-

210 1539 311 1593 tes,
342 1534 402 1581 ut
429 1526 707 1579 solvantur
726 1538 755 1575 a
787 1532 934 1577 reatu
958 1522 1286 1593 prepaginis,
1319 1537 1424 1576 non
1446 1521 1619 1587 malm,
1647 1537 1806 1592 quam

209 1634 313 1672 non
338 1617 641 1671 habuerunt
661 1658 676 1681 ,
708 1614 1129 1669 consuetudinis.
1163 1615 1303 1683 Ergo
1330 1628 1544 1683 semper
1570 1629 1807 1684 pugnan-

205 1712 332 1765 dttm
385 1718 472 1765 est
491 1712 535 1774 ³,
580 1710 700 1779 quia
748 1708 858 1776 ipsa
886 1706 1352 1775 concupiscentia,
1382 1720 1503 1759 cum
1551 1720 1653 1775 qua
1698 1704 1805 1757 nati

206 1816 433 1865 sumus,
483 1800 625 1855 finiri
649 1815 755 1853 non
788 1807 964 1869 potest
986 1797 1235 1866 quamdiu
1277 1797 1541 1850 vivimus:
1572 1796 1807 1869 quotidie

208 1894 378 1950 minui
412 1902 611 1964 potest,
664 1892 799 1948 ﬁniri
826 1905 930 1945 non
957 1898 1142 1958 potest.
1180 1889 1281 1943 Per
1309 1888 1452 1941 illam
1499 1889 1697 1943 dictum
1725 1897 1807 1941 est

209 1987 309 2040 hoc
341 1994 590 2038 nostrum
615 1982 802 2036 mortis
825 1995 1036 2049 corpus.
1069 1980 1140 2034 De
1170 1980 1281 2048 ipsa
1320 1977 1446 2032 dicit
1477 1978 1761 2047 Apostolus
1790 1994 1804 2031 :

208 2074 547 2129 Condelector
587 2073 721 2126 enim
749 2071 846 2140 legi
873 2068 969 2123 Dei
1012 2069 1285 2123 secundum
1315 2068 1599 2121 interiorem
1639 2066 1803 2120 Itami-

208 2183 342 2220 nem.
390 2162 553 2217 Video
590 2172 757 2215 autem
783 2160 939 2214 aliam
983 2160 1143 2230 legem
1167 2161 1219 2212 in
1248 2157 1481 2213 membris
1510 2158 1631 2213 meis
1648 2174 1806 2228 repu-

208 2266 451 2329 gnantem
497 2256 595 2325 legi
632 2254 813 2308 mentis
859 2268 1009 2313 metu.
1042 2262 1089 2307 et
1118 2252 1449 2323 captivantem
1478 2268 1556 2305 me
1599 2252 1652 2305 in
1701 2249 1808 2321 lege

209 2350 438 2421 peccati,
470 2362 589 2416 quia
607 2354 681 2401 est
707 2347 760 2400 in
796 2345 1026 2399 membris
1048 2346 1194 2398 meis.
1241 2343 1393 2399 Tunc
1432 2352 1553 2398 nata
1588 2353 1671 2399 est
1706 2343 1804 2397 ista

209 2443 322 2509 lex,
353 2439 581 2512 quando
609 2447 937 2508 transgressa
977 2448 1061 2493 est
1110 2437 1278 2506 prima
1329 2436 1435 2490 lex.
1486 2436 1637 2491 Tunc
1684 2444 1805 2490 nata

208 2542 321 2598 est,
354 2532 612 2599 inquam,
661 2529 761 2583 ista
788 2529 869 2583 lex
893 2571 908 2593 ,
938 2527 1152 2598 quando
1199 2533 1501 2595 contempta
1546 2534 1603 2579 et
1630 2535 1805 2579 trans-

208 2638 395 2694 gressa
427 2631 517 2677 est
544 2620 713 2690 prima
755 2620 859 2674 lex.
887 2620 1021 2688 Qua:
1058 2627 1143 2674 est
1181 2618 1350 2689 prima
1379 2618 1503 2673 lex?
1531 2618 1700 2687 Quam
1753 2618 1804 2671 in

211 2713 466 2782 inradiso
514 2711 720 2781 accepit
774 2711 952 2764 homo.
1000 2708 1190 2764 Nonne
1228 2708 1356 2763 nudi
1384 2717 1567 2774 erant,
1614 2717 1671 2763 ct
1701 2723 1804 2763 non

207 2802 719 2860 confundebantur?
764 2801 937 2870 Quare
965 2800 1091 2855 nudi
1122 2809 1311 2866 erant,
1367 2809 1547 2854 etnon
1583 2799 1809 2853 confun-

209 2896 514 2959 debantur,
560 2893 660 2948 nisi
707 2893 830 2963 quia
880 2890 1113 2946 nondum
1155 2900 1271 2947 erat
1309 2891 1393 2945 lex
1450 2891 1502 2945 in
1554 2890 1807 2945 membris

210 3000 531 3056 repugnans
553 2984 658 3054 legi
702 2983 935 3038 mentis?
966 2980 1116 3036 Fecit
1156 2981 1319 3037 homo
1347 2980 1542 3035 factum
1581 2980 1805 3049 punien-

210 3079 375 3139 dum,
433 3087 493 3131 et
547 3076 754 3131 invenit
811 3084 1013 3130 motum
1070 3074 1394 3145 pudendum.
1452 3072 1806 3128 Mnuducave-

213 3179 332 3223 runt
356 3175 555 3223 contra
581 3165 920 3222 interdictum
943 3205 957 3230 ,
998 3174 1051 3220 et
1080 3166 1247 3234 aperti
1278 3173 1403 3219 sunt
1433 3164 1571 3219 oculi
1596 3178 1805 3220 eorum.

212 3260 348 3325 Quid
380 3257 569 3312 enim?
598 3258 743 3327 prius
772 3257 823 3311 in
855 3256 1319 3325 paradisoclausis
1341 3255 1425 3310 vel
1459 3256 1615 3310 cteris
1639 3255 1809 3314 oculis

211 3352 580 3407 oberrabant?
605 3350 773 3404 Absit.
798 3349 927 3403 Nam
958 3348 1126 3403 Adam
1156 3349 1296 3403 unde
1325 3351 1536 3404 nomina
1560 3351 1811 3420 imposuit

213 3444 528 3498 volatilibus
548 3452 604 3497 et
625 3443 807 3497 bestiis
828 3483 842 3507 ,
875 3440 1090 3511 quando
1115 3442 1178 3495 ad
1205 3457 1325 3495 cum
1351 3452 1539 3497 cuncta
1560 3443 1807 3498 animalia

211 3534 449 3589 adducta
491 3541 617 3586 sunt
668 3531 818 3602 (Gen.
847 3548 907 3595 ιι,
935 3531 1006 3585 25
1031 3572 1047 3597 ,
1076 3531 1163 3597 i9,
1189 3530 1309 3603 20)?
1353 3531 1556 3598 Quibus
1594 3535 1807 3586 nomina

212 3623 564 3692 imponebat,
597 3622 640 3676 si
669 3636 773 3676 non
802 3621 1051 3675 videbat?
1077 3621 1279 3676 Deinde
1305 3621 1504 3675 dictum
1530 3630 1638 3687 est,
1674 3621 1811 3675 Vidit

211 3716 402 3767 mulier
422 3714 638 3784 lignum,
659 3713 778 3782 quia
808 3713 1025 3783 placeret
1046 3713 1207 3776 oculis
1231 3713 1299 3765 ad
1329 3713 1619 3766 videndum.
1667 3713 1808 3783 Ergo

215 3808 412 3861 oculos
449 3814 665 3875 apertos
697 3805 987 3867 habebant;
1028 3815 1083 3860 et
1106 3805 1230 3860 nttdl
1259 3815 1440 3871 erant,
1468 3815 1525 3862 et
1553 3822 1655 3861 non
1682 3822 1808 3863 con-

214 3896 600 3951 fundebantur.
628 3896 807 3965 Aperti
830 3904 954 3950 sunt
969 3905 1142 3950 autem
1162 3897 1301 3951 oculi
1323 3912 1505 3952 eorum
1524 3898 1589 3952 ad
1611 3898 1807 3969 aliquid

208 3987 357 4058 quod
386 4002 657 4057 nunquam
677 3995 983 4053 senserant,
1038 3988 1177 4057 quod
1202 3987 1254 4040 in
1275 3995 1421 4042 motu
1460 3988 1540 4042 sui
1568 3988 1809 4058 corporis

210 4094 490 4149 umquam
511 4087 852 4147 expaverant.
880 4079 1061 4147 Aperti
1086 4089 1210 4133 sunt
1224 4079 1360 4133 oculi
1386 4079 1451 4133 ad
1474 4080 1804 4143 intuendum,

209 4185 316 4224 non
347 4168 417 4223 ad
436 4168 719 4224 videndum
753 4188 766 4224 :
794 4178 849 4224 et
874 4171 995 4240 quia
1025 4179 1309 4225 senserunt
1346 4170 1646 4240 pudendum
1672 4213 1685 4235 ,
1715 4186 1808 4226 cu-

209 4272 468 4317 raverunt
499 4263 800 4332 tegendum.
825 4263 1160 4329 (Iomuerunt,
1192 4263 1382 4333 inquit,
1414 4263 1538 4335 folia
1566 4263 1803 4333 ﬁculnea,

208 4359 520 4426 rt-{ecmnt
542 4352 638 4407 sibi
664 4354 996 4408 succinctoria
1046 4353 1157 4424 (Id.
1183 4369 1259 4419 ιιι,
1309 4356 1329 4409 l
1354 4355 1448 4425 -7)a
1481 4354 1632 4421 Quod
1657 4364 1805 4411 texe-

211 4452 364 4506 runt,
393 4443 794 4498 ibi‘senserunt.
828 4444 961 4498 Ecce
980 4444 1122 4499 unde
1153 4444 1378 4498 trahitur
1399 4445 1659 4515 originale
1684 4460 1807 4515 pec-

128 4583 137 4591 .
209 4548 396 4591 ratum
419 4573 449 4599 ,ν
487 4550 613 4591 ecce
650 4534 976 4590 undenetno
999 4537 1233 4590 nascitur
1257 4536 1371 4590 sine
1396 4545 1635 4608 peccato.
1669 4538 1806 4594 Ecce

210 4634 439 4696 propter
468 4625 611 4695 quod
638 4625 889 4680 Dominus
920 4640 1025 4681 non
1050 4626 1127 4679 sic
1172 4626 1377 4697 concipi
1410 4628 1606 4694 voluit,
1646 4643 1803 4699 quem

212 4717 383 4786 virgo
398 4716 663 4786 concepit.
689 4716 861 4771 Solvit
885 4716 1045 4781 illud,
1071 4717 1161 4788 qui
1189 4718 1327 4772 venit
1358 4721 1474 4773 sine
1506 4719 1598 4774 illo
1635 4734 1650 4772 :
1693 4722 1805 4775 sol-

208 4810 289 4863 vit
318 4806 482 4874 illud,
512 4809 601 4878 qui
646 4824 751 4863 non
780 4810 921 4864 venit
950 4826 1013 4865 ex
1045 4810 1153 4864 illo.
1187 4810 1339 4866 Unde
1366 4827 1504 4867 unus
1530 4820 1585 4867 et
1625 4828 1761 4868 unus
1787 4832 1801 4868 :

210 4915 360 4956 unus
406 4900 473 4955 ad
502 4910 766 4965 mortem,
799 4916 940 4957 unus
966 4902 1031 4957 ad
1079 4903 1262 4956 vitam.
1297 4903 1468 4957 llomo
1506 4905 1709 4974 primus
1737 4907 1825 4977 ad_

208 5001 470 5055 mortem,
500 4990 661 5047 homo
679 4992 944 5048 secundus
961 4992 1025 5047 ad
1051 4994 1232 5048 vitam.
1262 4992 1364 5049 Sed
1381 5010 1547 5065 quare
1572 4997 1635 5051 ad
1664 5013 1810 5053 mor-

209 5091 327 5139 tem
360 5083 452 5137 ille
478 5083 681 5139 homo?
705 5083 839 5150 Quia
869 5092 1072 5139 tantum
1115 5086 1295 5141 homo.
1325 5085 1500 5152 Quare
1532 5087 1596 5140 ad
1646 5090 1804 5143 vitam

208 5175 320 5230 iste
349 5175 544 5229 homo?
566 5175 702 5244 Quia
732 5177 876 5231 Deus
899 5185 956 5232 et
984 5178 1178 5231 ltomo.‘

285 5266 522 5322 CAPUT
547 5267 766 5322 Vl.—6.
796 5269 1026 5339 Apostoli
1055 5285 1227 5340 pugna
1253 5278 1429 5324 contra
1447 5272 1805 5341 concupiscen-

204 5358 341 5410 ιὶαιιι
366 5357 511 5411 nobis
557 5359 862 5427 proponitur
898 5375 962 5413 ne
1002 5360 1337 5429 desperatius.
1370 5360 1642 5433 Non‘ergo
1665 5362 1804 5432 quod

207 5449 332 5503 vult
358 5448 467 5518 agit
492 5450 780 5520 Apostolus
807 5467 820 5513 ;
860 5451 983 5521 quia
1022 5451 1135 5506 vult
1174 5465 1279 5506 non
1309 5454 1686 5523 concupiscere
1711 5496 1723 5516 .
1754 5464 1808 5508 et

277 5562 297 5593 ¹
329 5560 464 5632 miti,
483 5559 570 5632 sed
582 5573 678 5612 non
697 5567 769 5612 est
789 5563 1002 5632 perfecta
1012 5562 1360 5625 catsentieudo,
1392 5564 1617 5628 potatdo.
1642 5567 1805 5626 Abest,

204 5621 573 5686 emiseritiendo,
593 5636 621 5672 a
642 5621 991 5686 manuscri'ptis.

280 5686 303 5713 ι
328 5684 399 5732 sic
413 5686 768 5747 optinaenotze
790 5684 953 5747 codex,
970 5685 1282 5736 l-‘luriaccnsis
1302 5695 1348 5738 et
1372 5688 1568 5737 Cistcrc.
1594 5695 1649 5737 At
1670 5690 1804 5747 editi,

208 5742 496 5805 propaginis
526 5744 690 5804 malm,
710 5759 855 5810 quant
874 5746 1157 5798 habuerunt.
1180 5747 1517 5800 (misttetudini
1553 5762 1668 5813 ergo
1686 5742 1806 5799 sem;

210 5819 304 5856 ver
333 5815 687 5869 tqrtlgtzamttmt
702 5820 786 5862 eat.

1636 399 1870 456 Sl-.liMO
1909 401 2041 456 CLI.

3394 414 3506 470 διε

1922 524 2099 570 tamen
2121 517 2475 587 concupiscit;
2496 518 2617 575 ideo
2645 533 2745 574 non
2773 519 2914 591 quod
2941 519 3204 592 vult‘agit.
3233 522 3503 595 Numquid

1919 606 2003 659 illa
2030 608 2457 676 concupiscentia
2485 609 2621 664 mala
2666 611 2915 666 trahebat
2957 613 3268 681 Apostolum
3307 615 3493 685 subju-

1915 708 2094 767 gatutn
2139 701 2208 754 ad
2259 702 2663 757 fornicationem
2707 712 2760 757 et
2806 704 3097 759 adulteria?
3150 706 3321 761 Absit.
3377 707 3493 763 Non

1915 790 2213 846 ascendant
2248 793 2381 847 tales
2407 794 2755 863 cogitationes
2793 795 2844 848 in
2870 809 2965 850 cor
2988 805 3251 850 nostrum.
3298 797 3495 851 Lucta-

1918 883 2100 951 batur,
2129 901 2235 939 non
2263 886 2664 957 subjugabalur.
2712 887 2814 942 Sed
2844 888 2967 957 quia
3013 888 3226 943 nolebat
3255 904 3354 944 nec
3392 889 3496 945 hoc

1915 974 2112 1030 habere
2140 978 2155 1008 ¹
2184 987 2369 1032 contra
2411 978 2557 1048 quod
2579 979 2896 1041 luctaretur,
2930 979 3049 1035 ideo
3077 980 3287 1035 dicebat
3320 999 3335 1035 :
3370 980 3493 1036 Non

1912 1066 2047 1135 quod
2072 1067 2211 1130 uolo,
2260 1085 2376 1137 ago.
2428 1068 2821 1138 Concupisccre
2866 1070 3023 1135 nolo,
3066 1078 3123 1126 et
3149 1071 3489 1141 concupisco.

1908 1155 2025 1211 Non
2052 1172 2181 1228 ergo
2208 1159 2347 1229 quod
2377 1160 2526 1221 volo,
2553 1175 2688 1229 ago;
2723 1159 2815 1214 scd
2840 1168 3014 1215 tamen
3040 1160 3490 1230 concupiscentia:

1912 1268 2015 1303 non
2046 1252 2339 1306 consentio.
2365 1252 2478 1305 Non
2507 1252 2648 1307 enim
2676 1252 2831 1307 aliter
2856 1253 3058 1308 diceret
3082 1294 3096 1317 ,
3122 1252 3491 1323 Concupiscet:-

1911 1342 2005 1393 tias
2028 1343 2195 1394 carnis
2221 1358 2282 1395 ne
2310 1343 2646 1413 perfeceritis:
2692 1344 2735 1395 si
2765 1359 2856 1397 cas
2884 1343 2997 1414 ipse
3043 1343 3339 1413 perﬁceret.
3385 1343 3490 1399 Sed

1910 1435 2185 1488 constituit
2227 1434 2320 1488 tibi
2350 1444 2473 1488 ante
2502 1435 2686 1489 oculos
2713 1449 2938 1504 pugnam
2970 1450 3116 1489 suam
3137 1476 3153 1502 ,
3184 1450 3250 1490 ne
3277 1435 3492 1491 timeres

1912 1532 2075 1576 tuam.
2107 1524 2162 1578 Si
2213 1524 2353 1579 enim
2387 1523 2488 1578 hoc
2532 1540 2638 1579 non
2682 1524 2903 1580 dixisset
2945 1524 3131 1581 beatus
3168 1525 3489 1596 Apostolus,

1909 1613 2121 1683 quando
2145 1613 2359 1669 videres
2401 1615 2604 1670 moveri
2631 1615 3115 1685 concupiscentiam
3143 1616 3197 1670 in
3237 1616 3489 1671 membris

1911 1706 2043 1772 tuis,
2092 1707 2178 1761 cui
2212 1715 2265 1760 tu
2296 1721 2401 1760 non
2432 1708 2806 1773 eoi-sentires;
2836 1718 3012 1762 tamen
3041 1722 3162 1763 cum
3208 1721 3326 1762 eam
3375 1722 3485 1762 mo-

1910 1797 2019 1849 veri
2051 1797 2256 1851 videres
2281 1838 2296 1863 ,
2337 1796 2557 1852 forsitan
2587 1798 2655 1851 de
2692 1808 2740 1851 te
2766 1797 3078 1866 desperares
3139 1807 3195 1852 et
3240 1797 3444 1865 diceres
3473 1813 3488 1851 :

1909 1888 1964 1941 Si
1995 1887 2058 1941 ad
2090 1888 2255 1943 Deum
2285 1890 2604 1957 pcrtinerem
2628 1929 2645 1955 ,
2665 1889 2742 1943 sic
2766 1903 2871 1943 non
2900 1876 3161 1943 moverer.
3190 1887 3323 1943 Vide
3349 1890 3491 1959 Apo-

1908 1981 2102 2033 stoftnn
2148 1988 2497 2049 pugnantem,
2549 1990 2603 2033 et
2631 1980 2737 2034 noli
2778 1989 2829 2034 te
2871 1979 3048 2036 facere
3092 1979 3486 2049 desperantem.

1918 2070 2073 2125 Video
2086 2074 2239 2125 aliam
2260 2074 2437 2144 legem,
2453 2073 2639 2142 inquit,
2658 2074 2712 2126 in
2732 2073 2963 2127 membris
2985 2073 3107 2127 meis
3129 2083 3489 2144 repugnantem

1908 2164 2005 2234 legi
2020 2166 2196 2217 mentis
2210 2180 2353 2218 mete.
2398 2165 2461 2219 Et
2480 2165 2601 2235 quia
2626 2165 2752 2219 nolo
2777 2173 2832 2219 ιιι
2860 2173 3122 2235 repugnet
3147 2182 3160 2218 :
3194 2180 3319 2220 caro
3342 2166 3485 2221 enim

1916 2271 2032 2311 mea
2053 2265 2156 2321 est,
2187 2272 2285 2327 ego
2314 2256 2427 2326 ipse
2455 2270 2571 2310 sum
2593 2297 2606 2320 ,
2634 2271 2756 2325 pars
2777 2271 2893 2309 mea
2919 2263 3000 2312 est
3029 2274 3041 2309 :
3077 2254 3197 2309 Non
3219 2257 3353 2326 quod
3377 2256 3491 2310 volo

1909 2363 2040 2418 ago;
2069 2347 2155 2400 sed
2178 2346 2314 2415 quod
2334 2346 2418 2400 odi
2445 2344 2651 2407 malum.
2677 2346 2772 2399 hoc
2793 2362 2920 2417 ago,-
2942 2347 3065 2416 quia
3086 2346 3430 2415 concupisco.

1980 2438 2202 2495 CAPUT
2240 2440 2444 2495 Vll.—-
2484 2440 2538 2493 7.
2576 2441 2736 2505 Agere
2779 2455 2869 2493 nec
2914 2439 3153 2508 perﬁcere
3193 2455 3281 2494 seu
3307 2437 3492 2493 bonum

1908 2547 1995 2584 seu
2043 2524 2263 2595 malum,
2293 2532 2414 2601 quid
2459 2530 2544 2583 sit.
2594 2529 2746 2596 Quod
2788 2544 2919 2599 ergo
2949 2530 3145 2585 bonum
3194 2529 3334 2599 ago?
3360 2527 3491 2595 Quia

1909 2614 2353 2688 concupisceniite
2377 2619 2529 2673 mala:
2550 2631 2653 2673 non
2682 2619 2997 2674 consentio:
3028 2620 3144 2689 Ago
3173 2618 3371 2675 bonum
3390 2660 3405 2683 ,
3437 2629 3493 2675 et

1909 2727 2017 2766 non
2060 2712 2277 2782 perficio
2321 2713 2517 2766 bonum
2552 2728 2565 2765 :
2596 2720 2651 2767 et
2691 2712 3116 2781 concupiscentia
3165 2710 3338 2767 hostis
3374 2726 3493 2767 mea

1909 2805 2018 2872 agit
2051 2802 2277 2868 malum,
2335 2810 2521 2857 etnon
2580 2801 2789 2871 perlicit
2830 2802 3048 2857 malum.
3087 2800 3365 2868 Quomodo
3392 2815 3495 2871 ago

1909 2893 2103 2948 bonum
2142 2904 2197 2948 et
2240 2909 2346 2946 non
2398 2892 2611 2962 periit-io
2661 2891 2895 2948 bonum?
2945 2893 3060 2963 Ago
3095 2891 3322 2957 bonum,
3370 2904 3492 2946 cum

1911 2984 2064 3038 malae
2108 2983 2550 3053 concupiscentia:
2582 2998 2688 3039 non
2718 2982 2996 3039 consentio
3025 3001 3040 3038 :
3072 2982 3167 3039 sed
3197 2997 3302 3038 non
3331 2982 3494 3052 perﬂ-

1910 3075 1992 3129 cio
2016 3074 2235 3140 bonum,
2260 3085 2313 3128 ut
2330 3075 2551 3129 omnino
2581 3089 2686 3129 non
2713 3074 3108 3144 concupiscam.
3134 3060 3345 3128 Rursus
3362 3086 3492 3143 ergo

1910 3175 1963 3220 et
1988 3163 2158 3220 hostis
2185 3179 2302 3219 mea
2328 3163 2598 3236 quomodo
2622 3165 2732 3235 agit
2756 3164 2957 3219 malum
2977 3204 2993 3230 ,
3045 3171 3101 3219 ct
3127 3176 3233 3218 non
3285 3161 3496 3232 perﬁcit

1910 3253 2147 3310 malum?
2176 3255 2298 3325 Agit
2324 3256 2540 3321 malum,
2566 3255 2690 3325 quia
2716 3261 2895 3309 movet
2912 3252 3232 3309 desiderium
3258 3251 3492 3306 malum:

1912 3361 2016 3400 non
2047 3344 2251 3416 perlicit
2279 3344 2510 3411 malum,
2536 3345 2659 3415 quia
2699 3360 2786 3399 me
2827 3358 2932 3399 non
2963 3338 3133 3398 trahit'
3159 3341 3228 3398 ad
3272 3342 3489 3397 malum.

1910 3438 1976 3491 Et
2000 3440 2050 3490 in
2079 3437 2180 3490 isto
2202 3436 2343 3490 bello
2363 3445 2446 3491 est
2474 3444 2580 3490 tota
2610 3437 2718 3489 vita
2740 3444 3064 3491 sanctorum.
3095 3434 3212 3489 Jam
3241 3432 3369 3503 quid
3407 3431 3495 3486 di-

1910 3543 2025 3583 cam
2050 3528 2117 3583 de
2150 3526 2434 3580 immundis
2458 3568 2472 3591 ,
2511 3526 2599 3595 qui
2645 3538 2743 3579 nec
2768 3524 3035 3595 pugnant?
3063 3522 3337 3592 Sttbjugati
3365 3536 3492 3591 per-

1911 3619 2190 3673 trahuntur
2223 3635 2235 3670 :
2270 3633 2368 3672 nec
2411 3616 2819 3687 pertrahuntur,
2850 3616 2972 3687 quia
2995 3616 3223 3670 libenter
3255 3629 3486 3685 sequun-

1913 3719 2015 3762 tur.
2044 3706 2169 3763 llarc
2188 3748 2204 3773 ,
2237 3707 2450 3776 inquam
2478 3749 2493 3774 ,
2537 3716 2618 3762 est
2640 3721 2811 3776 pugna
2839 3715 3179 3773 sanctorum;
3227 3714 3282 3760 et
3307 3705 3361 3760 in
3389 3704 3493 3760 hoc

1910 3800 2051 3855 bello
2071 3814 2283 3868 semper
2311 3798 2472 3853 homo
2501 3797 2829 3868 periclitatur
2846 3835 2863 3861 ,
2906 3809 3183 3867 quousque
3210 3794 3486 3853 moriatur.

1909 3889 2014 3945 Sed
2060 3890 2115 3943 in
2143 3888 2273 3953 line,
2306 3888 2357 3942 id
2386 3896 2470 3943 est
2489 3930 2504 3954 ,
2552 3889 2603 3941 in
2646 3884 2918 3956 triumpho
2937 3885 3077 3941 illius
3106 3884 3337 3940 victoria:
3363 3880 3494 3955 quid

1910 3979 2142 4035 dicitur?
2169 3980 2277 4034 imo
2312 3979 2438 4049 quid
2465 3978 2593 4033 dicit
2634 3977 2919 4048 Apostolus
2962 3976 3071 4046 jam
3116 3972 3494 4045 praemeditans

1911 4071 2269 4141 triumphum?
2296 4069 2441 4125 Tunc
2466 4070 2550 4139 ﬁet
2568 4084 2732 4124 sermo
2756 4069 2841 4138 qui
2865 4067 3083 4137 scriptus
3103 4075 3176 4120 est
3196 4107 3213 4127 .
3239 4064 3492 4134 Absorpta

1910 4172 1981 4216 est
2007 4179 2138 4216 mors
2172 4162 2226 4215 in
2248 4160 2528 4214 victoriam.
2584 4158 2681 4215 Ubi
2707 4168 2804 4223 est.
2848 4174 3018 4223 mare,
3065 4156 3315 4210 contentio
3360 4155 3489 4208 tua?

1913 4253 2024 4309 Vox
2070 4252 2525 4325 triumphantium.
2558 4249 2656 4306 Ubi
2698 4259 2806 4318 est,
2861 4265 3023 4312 mors,
3079 4246 3285 4302 aculeus
3333 4245 3495 4300 tuus?

1907 4343 2321 4421 Aculeusautem
2358 4341 2534 4396 mortis
2580 4352 2653 4399 est
2681 4349 2937 4411 peccatum
2964 4355 2983 4394 :
3009 4338 3161 4407 cujus
3207 4337 3493 4409 punctione

1910 4436 2044 4492 facta
2070 4445 2153 4493 est
2179 4450 2343 4490 mors.
2372 4434 2658 4491 Peccatum
2695 4431 2849 4503 quasi
2892 4430 3130 4501 scorpius
3159 4438 3241 4485 est
3271 4446 3284 4482 :
3318 4443 3493 4499 pupu-

1907 4529 1986 4600 git
2014 4536 2232 4594 nos,.et
2259 4527 2453 4584 mortui
2498 4542 2702 4583 sumus.
2743 4523 2853 4580 Sed
2882 4523 3094 4595 quando
3136 4523 3329 4578 dicitur
3348 4562 3364 4589 ,
3394 4519 3493 4576 Ubi

1908 4629 2020 4689 est,
2058 4618 2483 4685 mors,,aculeus
2525 4618 2676 4675 tuus?
2720 4632 2826 4688 quo
2867 4615 3051 4671 aculeo
3090 4613 3226 4669 facta
3254 4628 3347 4678 es,
3387 4625 3495 4669 non

1909 4725 2066 4781 quem
2117 4708 2285 4765 iecisti
2317 4727 2330 4763 :
2361 4708 2573 4780 quando
2599 4723 2728 4779 ergo
2753 4707 2948 4763 dicitur
2969 4748 2986 4773 ,
3022 4705 3118 4761 Ubi
3159 4714 3231 4760 est
3252 4745 3269 4772 ,
3298 4718 3455 4773 ¹ιιιοιέ
3475 4744 3493 4768 ,

1909 4803 2112 4859 aculeus
2160 4804 2319 4857 tuus?
2365 4803 2546 4872 utique
2592 4816 2699 4857 non
2727 4800 2864 4866 erit;
2905 4800 3027 4870 quia
3073 4807 3342 4869 peccatum
3388 4810 3495 4850 non

1909 4892 2030 4947 erit.
2073 4892 2289 4948 Aculeus
2332 4901 2503 4946 autem
2530 4890 2706 4945 mortis
2733 4898 2804 4944 est
2832 4898 3109 4959 peccatum.
3146 4888 3339 4941 Contra
3372 4898 3495 4953 pec-

1909 4994 2086 5039 catum
2141 4983 2262 5037 data
2315 4990 2398 5037 est
2427 4979 2557 5035 Lex.
2595 4978 2700 5035 Sed
2739 4979 2896 5033 virtus
2943 4977 3131 5049 peccati
3174 4975 3282 5029 Lex
3305 4974 3350 5043 (ι
3370 4971 3493 5033 Cat.

1911 5093 1976 5131 xv
2009 5118 2022 5140 ,
2054 5075 2123 5130 Si
2156 5072 2289 5144 56)?
2329 5070 2609 5138 Quomodo
2652 5069 2810 5123 virtus
2861 5066 3052 5140 peccati
3105 5065 3250 5122 Lex?
3305 5063 3495 5121 Subin-

1910 5166 2091 5231 n-avit,
2148 5172 2203 5216 ut
2257 5160 2533 5215 abundaret
2567 5157 2826 5213 delictum.
2874 5155 3150 5227 Quomodo
3180 5155 3315 5217 hoc?
3359 5153 3495 5221 Quia

1911 5259 2009 5312 fuit
2048 5264 2171 5311 ante
2210 5255 2402 5324 Legem
2448 5253 2608 5307 homo
2651 5258 2935 5321 peccator;
2978 5249 3099 5304 data
3144 5249 3287 5319 Lege
3337 5255 3497 5316 atque

1912 5358 2260 5418 transgr-sa,
2293 5345 2460 5400 factus
2487 5355 2566 5399 est
2597 5352 2651 5397 et
2672 5341 3060 5412 praevaricator.
3095 5339 3317 5394 Pet-cato
3346 5345 3496 5391 leuc-

1914 5440 2104 5495 bantur
2134 5438 2373 5511 ltotniqes
2396 5436 2471 5491 rei
2492 5438 2511 5467 ²
2538 5454 2551 5489 :
2584 5435 2725 5516 Lege
2748 5433 2893 5495 data,
2920 5430 3036 5501 plus
3063 5426 3498 5499 pr.cvaric:ttione

1912 5533 2031 5588 facti
2064 5539 2185 5586 sunt
2210 5530 2306 5585 rei.

1976 5626 1990 5657 ι
2019 5631 2092 5685 Er.
2141 5622 2288 5685 Lugd.
2341 5629 2478 5678 \‘en.,
2521 5617 2705 5669 nolebat
2745 5625 2790 5668 et
2821 5616 2909 5668 hoc
2938 5612 3132 5667 habere.
3158 5620 3291 5673 ιον..
3311 5609 3498 5665 nolebat

1912 5685 1998 5812 mf?
2171 5690 2346 5812 Sintiis
2371 5744 2453 5792 rei.
2488 5752 2537 5812 At
2573 5749 2711 5812 iussa,
2737 5738 2946 5791 [tantines
2977 5738 3063 5791 rei.
3091 5736 3331 5804 t‘auioque
3365 5744 3496 5799 rost,

1915 5809 2019 5871 plus
2045 5805 2451 5870 ps‘a't‘urirutiottzs
2486 5805 2587 5856 ἱπεὲ
2608 5809 2712 5853 until
2738 5815 2824 5856 rei.
