3850 6188
394 395 502 452 Di!

468 507 694 565 CAPUT
736 502 869 560 Vili.
908 530 978 541 —
1013 499 1066 554 8.
1109 495 1284 550 Gratia
1320 492 1503 563 Christi
1548 488 1834 561 perimenda
1870 485 1970 541 ali-

399 605 600 671 quando
637 592 1058 664 concupiscentia.
1090 588 1246 644 Modo
1289 585 1409 657 quid
1435 583 1691 654 agendum
1716 581 1965 650 ﬁdelibus.

405 694 501 751 Ubi
542 705 665 760 spes
689 731 705 755 ,
731 686 833 742 nisi
866 684 1006 756 quod
1033 680 1269 752 sequitur
1300 698 1313 731 :
1354 675 1452 733 Ubi
1489 673 1759 729 abundarit
1790 686 1969 760 pecca-

371 781 508 837 'tum
531 823 546 847 ,
574 759 993 850 superabundavit
1032 771 1195 844 gratia
1237 768 1410 840 (Rom.
1436 781 1469 819 ν
1492 807 1507 832 ,
1544 761 1683 833 20)?
1710 761 1832 816 Ideo
1870 759 1971 814 isto

399 874 557 929 miles
580 882 633 925 et
657 868 884 938 quodam
915 863 1071 919 modo
1101 863 1152 915 in
1180 861 1282 915 isto
1300 857 1441 913 bello
1465 853 1931 911 exercitatis-simus
1953 892 1968 914 ,

400 974 509 1022 tam
535 962 853 1020 exercitatus
878 998 894 1023 ,
937 966 996 1012 ut
1018 964 1166 1015 esset
1199 963 1253 1009 et
1278 952 1384 1008 dux
1409 993 1424 1015 ,
1450 965 1571 1006 cum
1612 948 1877 1002 laboraret
1917 945 1970 1000 in

401 1057 504 1112 hoc
527 1055 668 1110 bello
691 1059 877 1108 contra
903 1050 1107 1104 hostem
1129 1089 1144 1113 ,
1173 1056 1227 1101 et
1249 1045 1451 1101 diceret
1481 1060 1495 1096 :
1538 1039 1690 1096 Video
1715 1039 1870 1093 aliam
1895 1029 1970 1091 lé-

399 1162 510 1219 gem
545 1147 599 1200 in
627 1142 859 1202 membris
880 1140 1005 1194 meis
1027 1180 1042 1201 ,
1072 1143 1433 1207 repugnantem
1472 1132 1569 1202 legi
1595 1130 1773 1184 mentis
1810 1141 1933 1181 mea
1953 1167 1969 1192 ,

400 1245 450 1292 ct
472 1238 800 1306 captivantem
839 1248 920 1286 me
940 1232 993 1284 in
1021 1230 1126 1299 lege
1150 1226 1336 1306 peccati
1360 1267 1374 1289 ,
1407 1237 1522 1295 qua:
1544 1232 1612 1276 est
1651 1222 1715 1277 in.
1741 1219 1973 1273 membris

403 1304 545 1391 meis,
573 1329 741 1395 legem
781 1321 993 1387 foedam,
1024 1320 1189 1389 legem
1228 1304 1502 1378 miseram,
1530 1313 1742 1377 vulnus,
1772 1309 1970 1374 tabem,

403 1418 703 1486 languorem
725 1429 740 1478 ;
769 1409 1039 1480 subjumtit
1058 1449 1072 1474 ,
1108 1407 1263 1461 Miser
1286 1422 1374 1476 ego
1396 1405 1543 1457 homo
1566 1444 1581 1469 ,
1608 1402 1719 1472 quis
1748 1415 1827 1486 me
1848 1399 1973 1453 libe-

400 1484 529 1559 rabit
551 1504 616 1558 de
647 1518 855 1571 corpore
882 1499 1057 1554 mortis
1082 1496 1275 1567 hujus?
1304 1497 1366 1549 Et
1406 1494 1635 1563 gementi
1660 1484 1973 1545 subventum

400 1603 501 1651 est.
529 1591 806 1662 Quomodo
844 1590 1160 1646 subventum
1200 1586 1318 1642 est?
1348 1584 1525 1639 Gratia
1556 1581 1649 1637 Dei
1689 1597 1777 1651 per
1800 1580 1976 1634 Iesum

399 1688 654 1742 Christum
679 1684 956 1740 Dominum
980 1692 1226 1736 nostrum.
1256 1677 1525 1732 Liberabit
1551 1685 1601 1730 te
1630 1689 1658 1727 a
1692 1674 1808 1743 lege
1829 1686 1973 1726 mor-

401 1778 470 1832 tis
501 1775 658 1845 hujus
679 1818 693 1841 ,
722 1774 772 1829 id
810 1782 926 1839 est,
955 1787 986 1826 a
1012 1787 1236 1840 cmporc
1262 1768 1447 1823 mortis
1472 1766 1629 1835 hujus
1649 1808 1664 1828 ,
1697 1764 1859 1834 gratia
1878 1761 1976 1816 Dei

401 1882 489 1936 per
511 1863 687 1919 Jesum
722 1860 974 1916 Christum
1013 1860 1287 1914 Dominum
1331 1867 1573 1911 nostrum.
1605 1852 1827 1920 Quando
1851 1866 1973 1907 cor-

400 1970 500 2025 pus
524 1953 763 2020 habebis,
789 1951 877 2007 ubi
904 1951 1041 2005 nulla
1064 1946 1489 2018 concupiscentia
1516 1941 1835 2000 remanebit?
1849 1940 1976 1996 Cum

399 2045 611 2100 mortale
630 2044 725 2097 hoc
747 2041 961 2096 induerit
983 2039 1405 2094 immortalitatem
1426 2077 1442 2100 ,
1469 2044 1516 2090 et
1539 2033 1859 2103 corruptibile
1883 2030 1977 2083 hoc

397 2135 613 2190 induerit
653 2132 1116 2201 incorruptionem,
1148 2138 1202 2183 ct
1247 2127 1454 2181 dicetur
1496 2124 1687 2191 morti,
1727 2121 1823 2177 Ubi
1864 2131 1934 2175 est
1958 2160 1973 2183 ,

399 2240 533 2279 mors
552 2264 567 2288 ,
598 2220 846 2278 contentio
873 2230 958 2273 tua
974 2220 1000 2272 ?
1027 2227 1081 2273 et
1105 2232 1213 2271 non
1238 2216 1376 2270 erit:
1410 2214 1507 2269 Ubi
1533 2222 1604 2268 est
1623 2254 1638 2278 ,
1664 2228 1801 2266 mors
1819 2253 1833 2278 ,
1857 2226 1978 2263 acu-

400 2316 506 2372 leus
541 2324 655 2370 tuus
686 2312 730 2385 (I
748 2311 864 2369 Cor.
898 2327 999 2377 xv,
1029 2307 1264 2377 55-55)?
1290 2316 1344 2363 et
1368 2320 1624 2376 nusquam
1661 2303 1783 2359 erit.
1823 2300 2003 2356 Modo

398 2407 567 2479 quid?
606 2394 741 2461 Audi
777 2424 791 2459 :
824 2403 989 2476 Igitur
1031 2418 1122 2473 ego
1157 2403 1266 2470 ipse
1306 2406 1467 2453 mente
1505 2397 1666 2452 servio
1711 2396 1811 2467 legi
1838 2394 1935 2448 Dei
1958 2437 1973 2459 ,

399 2515 551 2571 carne
573 2506 737 2552 autent
758 2495 855 2566 legi
872 2494 1080 2564 peccati.
1109 2491 1277 2545 Mente
1297 2489 1457 2543 seruio
1478 2488 1575 2558 legi
1596 2486 1710 2553 Dei,
1730 2502 1832 2539 non
1849 2502 1980 2541 cor»

400 2585 678 2642 sentiendo
709 2602 723 2639 :
750 2599 900 2637 carne
927 2590 1097 2636 autem
1134 2580 1234 2650 legi
1278 2577 1501 2648 peccati,
1532 2574 1975 2643 concupiscendo.

403 2677 472 2733 Et
494 2686 659 2732 mente
684 2674 782 2745 legi
807 2672 903 2748 Dei
921 2714 936 2739 ,
964 2679 1020 2727 et
1042 2686 1193 2727 carne
1219 2669 1315 2740 legi
1349 2668 1558 2739 peccati.
1592 2668 1656 2722 Et
1683 2668 1783 2721 hac
1826 2665 1981 2721 delc-

400 2778 550 2834 ctor,
578 2777 635 2822 et
660 2765 731 2822 ibi
760 2762 1111 2834 concupisco;
1139 2759 1233 2816 sed
1261 2773 1367 2815 non
1392 2758 1575 2813 vincor
1606 2776 1621 2811 :
1652 2756 1860 2821 titillat,
1892 2755 1975 2810 in-

402 2860 624 2923 sidiatur
645 2898 660 2923 ,
688 2856 903 2926 pulsat,
932 2853 1145 2911 trahere
1184 2861 1405 2908 conatur
1434 2867 1448 2904 :
1479 2848 1635 2903 Miser
1657 2863 1749 2918 ego
1786 2847 1937 2899 homo
1958 2885 1974 2910 ,

400 2953 511 3022 quis
526 2968 606 3007 ate
630 2948 856 3005 liberabit
875 2947 939 3001 de
960 2960 1171 3015 corpore
1196 2942 1368 2998 mortis
1393 2940 1547 3010 hujus
1562 2940 1589 2992 .9
1610 2937 1745 2992 Nolo
1767 2951 1978 3006 semper

402 3046 615 3101 vincere
642 3061 655 3096 :
686 3040 783 3103 sed
812 3040 933 3095 volo
970 3033 1256 3108 aliquando
1281 3032 1346 3088 ad
1377 3045 1562 3102 pacem
1597 3028 1800 3083 venire.
1827 3027 1977 3082 Nunc

400 3152 563 3208 ergo,
592 3133 784 3195 fratres
804 3172 821 3199 ,
866 3138 1041 3186 tenete
1067 3116 1225 3183 istum
1264 3123 1480 3180 modum
1514 3140 1527 3175 :
1560 3132 1739 3176 mente
1780 3120 1976 3175 servile

402 3227 505 3295 legi
530 3223 643 3290 Dei,
671 3237 833 3279 carne
848 3230 1027 3276 autem
1053 3219 1156 3288 legi
1176 3215 1407 3288 peccati;
1428 3213 1523 3269 sed
1546 3228 1616 3267 ex
1639 3211 1974 3275 necessitate,

403 3316 524 3386 quia
558 3312 936 3383 concupiscitis
959 3351 974 3375 ,
1007 3324 1112 3366 non
1149 3307 1271 3379 quia
1314 3304 1646 3362 consentitis.
1680 3302 1978 3373 Aliquando

403 3409 499 3461 ista
516 3401 942 3474 concupiscentia
962 3400 1041 3457 sic
1063 3398 1343 3454 insidiatur
1368 3395 1586 3458 sanctis,
1604 3403 1664 3449 ut
1686 3393 1842 3449 iaciat
1855 3392 1980 3447 dor-

404 3494 688 3550 unentibus
710 3491 853 3563 quod
892 3506 997 3546 non
1022 3497 1200 3559 potest
1222 3484 1581 3557 vigilantibus.
1615 3483 1764 3538 Unde
1791 3495 1978 3536 omnes

397 3580 757 3648 acclamastis,
774 3580 877 3635 nisi
901 3579 1023 3649 quia
1046 3591 1234 3631 omnes
1256 3574 1569 3647 aguovistis?
1588 3571 1754 3628 Pudet
1778 3570 1863 3626 llic
1880 3571 1978 3625 im-

407 3673 633 3728 morari.
655 3671 749 3728 sed
765 3686 870 3725 non
892 3668 1063 3741 pigeat
1081 3667 1203 3724 inde
1218 3666 1383 3721 Deum
1403 3664 1626 3735 precari.
1643 3661 1894 3718 Conversi
1910 3660 1976 3715 ad

402 3762 707 3829 Dominum,
729 3769 832 3817 etc.

933 3849 1161 3907 SERMO
1195 3847 1325 3903 cur
1365 3846 1463 3918 (α).

410 3970 484 4025 De
502 3969 814 4039 sequentibus
839 3965 998 4023 verbis
1020 3964 1282 4035 Apostoli,
1314 3962 1464 4018 Rom.
1494 3977 1564 4016 ru
1585 4001 1598 4025 ,
1626 3971 1671 4014 et
1697 3976 1785 4014 nu
1805 4003 1820 4025 ,
1853 3962 1974 4024 l4;

478 4074 634 4131 usque
651 4060 740 4124 ad,
768 4058 909 4113 Misit
932 4057 1074 4113 Deus
1095 4055 1286 4110 Filiqu
1311 4069 1465 4109 suum
1498 4053 1551 4107 in
1576 4051 1977 4107 sintilitudmem

469 4152 648 4207 earinis
668 4149 893 4220 peccati,
913 4158 1009 4204 etc.

477 4266 528 4320 Ι.
548 4264 827 4335 Difﬁcultas
846 4278 948 4317 non
982 4270 1051 4315 est
1080 4261 1133 4314 in
1152 4256 1372 4313 obscuris
1388 4258 1631 4322 sensibus,
1650 4255 1850 4326 quando
1881 4255 1976 4308 ad-

396 4358 542 4426 juvat
561 4356 807 4425 Spiritus.
845 4352 1147 4409 Meminisse
1184 4351 1341 4404 debet
1362 4349 1605 4403 Charitas
1625 4357 1796 4410 vestra
1821 4388 1835 4411 ,
1871 4346 1980 4413 dis-

390 4452 621 4519 putasse
645 4459 732 4497 me
755 4443 907 4497 vobis
928 4441 993 4495 de
1018 4441 1309 4510 quastione
1331 4436 1635 4492 difﬁcillima
1663 4454 1726 4492 ex
1753 4437 1977 4507 apostoli

394 4532 551 4613 Pauli
585 4531 817 4602 Epistula
846 4530 938 4600 (In
960 4530 1217 4598 superiore
1233 4527 1481 4595 sermone)
1500 4567 1515 4591 ,
1546 4527 1632 4580 ubi
1654 4527 1781 4581 dicit
1811 4543 1824 4579 :
1859 4526 1980 4581 Non

392 4614 537 4678 enim
561 4622 697 4693 quod
734 4621 847 4675 volo
871 4661 887 4686 ,
917 4635 1013 4690 ago
1037 4636 1056 4684 ;
1082 4620 1169 4673 sed
1207 4619 1341 4688 quod
1380 4617 1503 4681 odi,
1530 4617 1659 4671 illud
1686 4618 1838 4686 facio.
1878 4617 1978 4684 Qui

405 4732 531 4790 ergo
556 4716 798 4772 adfuistis
818 4758 832 4782 ,
861 4712 1177 4769 meministis
1211 4730 1222 4765 :
1255 4711 1493 4766 adestote
1518 4726 1658 4764 nunc
1683 4710 1894 4772 animo,
1924 4718 1981 4763 ut

404 4810 652 4869 astrtta'tis
671 4808 737 4864 ad
759 4808 809 4863 id
829 4805 972 4878 quod
991 4804 1234 4860 audistis.
1253 4802 1502 4873 Sequitur
1524 4801 1664 4857 enim
1687 4800 1843 4855 lectio
1864 4816 1981 4869 quin

394 4904 563 4971 .ltodie
589 4904 802 4957 recitata
844 4908 925 4955 est
949 4940 964 4965 ,
996 4912 1153 4968 quam
1184 4895 1394 4966 quidem
1441 4894 1606 4950 lector
1631 4892 1753 4947 inde
1772 4893 1977 4961 coepit:

409 4988 547 5050 "isi!
574 4988 708 5049 Deus
729 4990 921 5046 Filium
940 5005 1086 5045 suum
1110 4988 1162 5041 in
1181 4985 1557 5041 similitudinem
1584 4983 1749 5038 carnis
1769 4983 1979 5054 peccati,

337 5154 339 5158 Α
381 5086 538 5159 settle
579 5093 780 5155 peccato
810 5080 1065 5136 damnavit
1111 5087 1369 5149 peccatum
1398 5076 1450 5129 in
1477 5090 1628 5130 carne
1658 5090 1676 5128 :
1702 5083 1760 5127 ut
1778 5073 1982 5145 justitia

407 5168 533 5252 legis
557 5177 848 5248 impleretur
871 5173 924 5227 in
948 5173 1110 5236 nobis,
1131 5172 1216 5242 qui
1242 5188 1341 5225 non
1361 5169 1631 5225 sectmdum
1656 5184 1854 5223 carnem
1876 5184 1983 5221 am-

468 5312 539 5382 (a)
572 5318 704 5361 Nunc
740 5304 1139 5382 priipunlne‘ditus
1162 5315 1222 5382 ex
1263 5302 1424 5382 δέδιθι-ἱ
1469 5300 1635 5371 codice
1677 5297 1978 5382 “ﬂag-ensi,

405 5360 695 5422 attie'annos
715 5360 908 5420 circiter
930 5367 1022 5417 800
1042 5366 1237 5428 scripto,
1262 5365 1310 5414 in
1347 5374 1443 5428 quo
1482 5362 1700 5428 Iroxime
1737 5360 1984 5428 subjicitur

404 5421 640 5497 superiori
678 5432 924 5497 sermoni;
970 5436 1025 5479 et
1207 5421 1559 5497 recensitus'jn
1582 5421 1738 5497 altero
1774 5427 1982 5497 Ms._cor.

405 5481 647 5543 tta'ximam
682 5495 790 5552 eius
818 5481 1003 5555 [mrtem
1043 5481 1250 5555 dederat
1288 5486 1426 5555 Beda,
1462 5486 1567 5555 sive
1590 5481 1753 5555 Florus
1773 5482 1831 5532 ad
1856 5491 1981 5555 nom.

450 5571 482 5609 ι,
524 5564 575 5605 et
608 5545 758 5605 (tala't.
779 5545 843 5603 tv'.
868 5553 1087 5602 Habitum
1129 5547 1412 5609 carthagine
1429 5545 1689 5603 credimus,
1712 5545 1873 5609 deque
1896 5545 1987 5595 hoc

408 5608 509 5671 um
529 5627 773 5671 summe,
795 5626 891 5663 non
917 5620 1077 5661 autem
1097 5611 1162 5660 de
1187 5608 1380 5668 13km.
1413 5615 1528 5657 ante
1551 5619 1658 5671 cum
1682 5608 1984 5671 t.ovaui_eusi-

408 5667 497 5720 léns
514 5667 844 5744 opinaliamur,
869 5672 997 5744 imm
1022 5667 1334 5744 Augustinmn
1380 5677 1543 5744 postea
1567 5668 1624 5744 ad
1647 5667 1987 5739 Carthaginem

408 5748 509 5803 ovs
531 5730 574 5803 in
619 5740 851 5803 sermone
877 5730 984 5792 ίὸὗ,
1007 5730 1111 5793 (Ὦιῇ
1136 5732 1167 5779 8
1192 5745 1206 5780 ι
1237 5749 1259 5776 ι
1281 5739 1380 5781 tatu
1402 5730 1655 5793 aliquando
1677 5731 1987 5791 CXI-’OSltltlllts

406 5796 542 5841 vobis
563 5799 673 5843 hoc.
689 5807 710 5833 ι
744 5800 837 5840 etc.

1591 374 1645 429 s.
1689 367 2046 428 iocosum
2088 369 2385 430 EPlSCOPl
3506 398 3593 459 θρα

2079 487 2307 585 bulamus
2327 536 2346 559 ,
2395 496 2485 550 sed
2508 501 2779 554 secundum
2803 502 3053 572 spiritum.
3083 505 3171 563 Illa
3197 524 3316 566 vero
3350 529 3456 585 qua:
3487 528 3594 578 tunc

2077 580 2210 637 lecta
2244 596 2384 677 sunt,
2418 603 2515 643 nec
2545 599 2763 647 tractata
2788 594 2966 661 verba,
2992 597 3088 651 ista
3115 609 3233 655 sunt
3259 580 3592 677 qum-sequun-

2078 682 2164 729 tur
2195 693 2208 729 :
2244 674 2412 746 Igitur
2432 694 2524 751 ego
2546 682 2655 749 ipse
2682 693 2841 738 mente
2880 688 3036 740 servio
3063 688 3159 759 legi
3196 689 3288 744 Dei
3307 734 3320 755 ,
3349 674 3482 749 carne
3515 716 3594 753 as-

2077 774 2173 819 tem
2203 769 2300 838 legi
2337 773 2547 839 peccati.
2578 770 2738 827 Nulla
2766 791 2883 845 ergo
2910 778 3251 835 condemnatio
3293 794 3359 837 est
3399 786 3467 840 his
3489 806 3599 844 nunc

2074 861 2162 930 qui
2182 873 2297 916 sunt
2310 863 2362 916 in
2379 860 2576 919 Christo
2590 866 2624 920 Ι
2628 884 2735 921 esu.
2753 867 2859 922 Lex
2882 871 3012 923 enim
3036 872 3235 940 spiritus
3254 876 3362 929 vita:
3372 877 3419 930 in
3432 877 3597 936 Christo

2075 947 2200 1004 Iesu
2224 950 2446 1007 liberauit
2468 964 2515 1008 te
2542 972 2574 1009 a
2602 957 2709 1027 lege
2730 960 2917 1026 peccati
2939 969 2985 1013 et
3011 964 3199 1016 mortis.
3232 964 3373 1032 Quod
3391 969 3505 1021 enim
3523 972 3600 1024 im-

2076 1042 2310 1096 possibile
2336 1053 2444 1098 erat
2466 1044 2614 1116 Legis
2645 1048 2661 1080 ⁸
2686 1090 2701 1115 ,
2730 1049 2781 1103 in
2809 1065 2908 1120 quo
2937 1052 3283 1120 inﬁrmabatnr
3308 1073 3392 1125 per
3411 1075 3595 1116 carnem.

2078 1129 2143 1185 Et
2169 1135 2404 1202 sequitur
2420 1137 2561 1205 quod
2590 1138 2746 1193 hodie
2775 1140 2964 1195 lectum
2988 1151 3070 1197 est
3093 1160 3106 1196 :
3135 1141 3264 1198 Deus
3293 1144 3465 1201 Filium
3480 1167 3598 1204 suum

2077 1223 2209 1276 misit
2229 1227 2283 1281 in
2310 1226 2686 1282 similitudinem
2705 1232 2872 1286 carnis
2891 1235 3095 1303 peccati.
3127 1234 3407 1292 Difﬁcultas
3428 1255 3515 1294 non
3534 1254 3598 1296 est

2078 1313 2129 1367 in
2160 1314 2400 1370 obscuris
2427 1318 2670 1374 sensibus
2691 1360 2711 1383 ,
2734 1322 2949 1389 quando
2976 1322 3186 1391 adjuvat
3214 1325 3432 1395 spiritus.
3462 1329 3595 1398 Adju-

2078 1413 2164 1459 vet
2187 1420 2313 1477 ergo
2338 1422 2435 1462 nos
2463 1411 2735 1466 orantibus
2762 1413 2910 1468 vobis
2933 1431 2948 1477 ;
2979 1420 3099 1486 quia
3128 1417 3292 1486 ipsum
3322 1418 3597 1475 desiderium

2076 1495 2216 1566 quod
2252 1497 2410 1553 vultis
2436 1499 2730 1570 intelligere
2753 1542 2768 1568 ,
2799 1504 2971 1559 oratio
3007 1514 3089 1561 est
3115 1506 3181 1561 ad
3211 1508 3387 1562 Deum.
3417 1511 3487 1565 Ah
3508 1512 3598 1581 ipso

2077 1602 2204 1657 ergo
2229 1598 2439 1658 oportet
2464 1599 2519 1644 ut
2549 1593 2868 1661 exspectetis
2889 1596 3164 1650 auxilium.
3196 1597 3301 1652 Nos
3327 1601 3472 1661 t'llim,
3493 1617 3601 1671 quo-

2079 1679 2237 1733 modo
2258 1680 2439 1735 rustici
2463 1681 2515 1735 in
2542 1697 2671 1753 agro
2692 1724 2708 1749 ,
2741 1682 3037 1743 forinsecus
3064 1701 3356 1755 operamur.
3380 1687 3431 1743 Si
3454 1701 3597 1745 autem

2079 1770 2255 1825 nullus
2298 1780 2441 1827 esset
2468 1773 2556 1842 qui
2600 1774 2917 1831 intrinsecus
2942 1786 3254 1847 operaretur
3276 1820 3288 1840 .
3318 1794 3409 1832 nec
3450 1795 3597 1835 semen

2026 1924 2039 1928 _
2078 1869 2232 1916 terra:
2275 1862 2523 1930 figeretur
2544 1904 2561 1929 ,
2593 1880 2691 1919 nec
2717 1865 2767 1919 in
2808 1881 2935 1937 agro
2960 1882 3212 1922 cacumen
3251 1879 3525 1939 exsurgeret
3549 1872 3597 1935 ',

2079 1967 2177 2005 nec
2208 1953 2547 2008 roboraretur
2574 1955 2716 2025 virga
2754 1965 2810 2012 et
2851 1958 3155 2026 perveniret
3179 1958 3243 2013 ad
3269 1959 3454 2013 trabem
3484 1977 3496 2014 :
3522 1976 3598 2015 nec

2079 2042 2251 2110 rami,
2282 2058 2380 2098 nec
2406 2044 2608 2100 fruetus
2629 2086 2647 2111 ,
2680 2061 2779 2102 nec
2824 2046 2945 2102 folia
2977 2058 3334 2103 nascerentur.
3360 2048 3470 2102 ideo
3494 2049 3599 2103 dixit

2080 2133 2192 2202 ipse
2217 2134 2499 2202 Apostolus
2522 2176 2536 2198 ,
2568 2135 2876 2192 discernens
2899 2139 3260 2208 operationem
3286 2137 3597 2208 operariorum

2078 2231 2132 2277 et
2158 2224 2425 2279 Creatoris
2454 2243 2469 2278 :
2503 2224 2614 2295 Ego
2653 2226 2878 2296 plantan
2899 2270 2915 2293 ,
2946 2228 3140 2298 Apollo
3162 2230 3335 2300 rigavit
3358 2246 3374 2291 ,'
3399 2229 3475 2283 sed
3498 2228 3603 2282 Dm

2079 2314 2435 2370 incrementum
2459 2318 2614 2373 dedit.
2641 2318 2710 2373 Et
2731 2318 2968 2390 atljunxit
2998 2338 3012 2374 :
3063 2320 3237 2391 Neque
3255 2323 3337 2392 qui
3363 2323 3528 2392 plantat
3549 2332 3602 2375 est

2078 2404 2290 2474 aliquid,
2317 2422 2472 2476 neque
2492 2409 2579 2477 qui
2607 2410 2775 2479 rigat;
2803 2411 2891 2463 sed
2912 2413 2999 2481 qni
3040 2413 3379 2480 incrementum
3402 2414 3477 2465 dat
3498 2411 3602 2464 Das

2084 2494 2124 2565 (Ι
2145 2496 2261 2550 Cor.
2287 2512 2361 2563 tu,
2385 2496 2561 2569 6et7).
2576 2499 2630 2553 Si
2656 2500 3137 2557 Deusintrinsecus
3158 2504 3505 2558 incrementum
3521 2519 3600 2557 non

2078 2586 2186 2653 det,
2207 2588 2376 2644 inaniis
2392 2600 2470 2644 est
2485 2595 2584 2645 iste
2600 2606 2766 2647 sonus
2780 2591 2843 2646 ad
2864 2608 3023 2649 aures
3048 2604 3265 2650 vestras.
3280 2596 3330 2650 Si
3349 2606 3500 2649 autem
3513 2594 3600 2659 det,

2079 2676 2220 2731 valet
2246 2678 2444 2748 aliquid
2472 2679 2611 2750 quod
2642 2680 2944 2749 plantamus
2969 2691 3037 2737 et.
3065 2684 3293 2756 rigamus
3314 2726 3328 2751 ,
3356 2695 3405 2740 et
3428 2700 3515 2739 non
3537 2693 3602 2738 cst

2079 2766 2252 2822 inanis
2272 2768 2421 2824 labor
2442 2780 2640 2826 noster.
2822 2790 2829 2797 ‘

2147 2859 2202 2913 2.
2242 2859 2388 2914 Idem
2414 2871 2660 2917 tractatur
2693 2874 3074 2935 argumentum.
3104 2866 3218 2922 Jam
3247 2868 3349 2923 dixi
3388 2868 3512 2922 vobis
3543 2866 3602 2919 sic

2080 2962 2200 3005 esse
2242 2950 2604 3020 accipiendum
2640 2954 2782 3023 quod
2811 2955 2886 3008 ait
2927 2957 3219 3025 Apostolus
3240 2999 3255 3024 ,
3295 2957 3445 3011 Melite
3475 2956 3603 3010 servio

2082 3041 2181 3113 legi
2208 3041 2338 3107 Dei,
2371 3059 2522 3098 carne
2544 3053 2712 3099 autem
2738 3044 2835 3117 legi
2862 3050 3105 3114 peccati;
3134 3058 3188 3103 ut
3220 3049 3354 3104 carni
3380 3048 3489 3103 nihil
3514 3048 3603 3116 [olus

2083 3134 2419 3202 permittatis,
2438 3135 2537 3190 nisi
2559 3136 2839 3200 desideria,
2857 3138 2973 3193 sine
2986 3140 3189 3208 quibus
3204 3156 3303 3196 non
3324 3150 3476 3211 potest
3491 3154 3599 3195 esse.

2079 3223 2136 3281 Si
2162 3233 2338 3280 autem
2365 3226 2387 3258 ⁸
2411 3226 2688 3282 desideriis
2713 3230 2865 3285 malis
2890 3234 3293 3300 eonsenseritis,
3314 3242 3365 3288 et
3387 3248 3478 3286 non
3498 3246 3602 3286 con-

2082 3323 2159 3368 tra
2191 3315 2275 3368 illa
2306 3316 2480 3371 luctati
2508 3316 2714 3372 fueritis
2736 3360 2752 3384 ,
2782 3320 2910 3374 victi
2937 3321 3023 3390 pla
3035 3324 3207 3393 ngetis
3236 3342 3250 3377 :
3278 3334 3328 3379 et
3363 3322 3602 3393 Optaudum

2082 3413 2163 3458 est
2188 3414 2244 3457 nt
2271 3404 2548 3474 plangatis,
2573 3422 2639 3460 ne
2662 3415 2717 3460 et
2741 3422 2953 3463 sensum
2982 3409 3188 3466 doloris
3214 3412 3445 3482 perdatis.
3463 3410 3603 3479 Quart.

2083 3504 2192 3549 tum
2222 3511 2350 3565 ergo
2374 3504 2457 3552 est
2484 3498 2535 3550 in
2579 3499 2712 3552 votis
2738 3501 2952 3564 nostris,
2985 3502 3043 3557 in
3073 3504 3333 3560 voluntate
3357 3513 3531 3566 nostra,
3563 3502 3604 3555 in

2080 3588 2319 3643 oratione
2363 3598 2540 3643 nostra
2564 3631 2578 3654 ,
2611 3591 2823 3659 quando
2845 3592 3080 3650 dicimus
3099 3637 3114 3661 ,
3150 3594 3233 3650 Ne
3263 3612 3349 3650 nos
3370 3595 3532 3665 inferas
3563 3592 3609 3645 is

2081 3683 2402 3735 tentationem
2425 3725 2442 3748 ,
2473 3683 2560 3736 sed
2603 3684 2757 3738 libera
2800 3700 2893 3739 nos
2917 3702 2952 3739 a
2979 3682 3121 3742 ntalo
3166 3687 3369 3757 (Matth.
3396 3703 3439 3742 vn
3460 3728 3474 3751 ,
3502 3684 3601 3753 13):

2084 3771 2183 3826 hoc
2212 3773 2390 3842 utique
2419 3773 2661 3842 cupimus
2681 3814 2699 3839 ,
2732 3783 2789 3829 ut
2814 3790 2912 3831 nec
2950 3776 3068 3845 ipsa
3095 3779 3229 3833 mala
3256 3778 3491 3833 desideria
3511 3777 3603 3830 exi-

2081 3870 2222 3916 stant
2246 3862 2314 3917 de
2339 3877 2500 3919 carne
2529 3873 2729 3919 nostra.
2761 3864 2865 3920 Sed
2893 3869 3147 3936 quamdiu
3174 3868 3259 3923 hic
3286 3868 3491 3922 vivimus
3509 3908 3521 3929 ,
3542 3862 3604 3918 cl-

2082 3953 2241 4009 licere
2266 3969 2370 4008 non
2401 3955 2656 4010 valemus.
2684 3955 2906 4025 Propter
2930 3956 3037 4012 hoc
3062 3959 3138 4012 ait
3168 3976 3183 4012 :
3216 3957 3454 4026 Per/icere
3474 3964 3606 4008 estalt

2081 4042 2264 4096 bonum
2291 4061 2391 4098 non
2411 4045 2625 4099 inuenio.
2653 4045 2851 4100 Facere
2872 4047 2997 4116 quid
3026 4047 3275 4103 invenio?
3293 4048 3398 4102 Non
3422 4056 3606 4101 consta-

2085 4134 2183 4188 tire
2206 4135 2344 4188 malo
2363 4134 2647 4192 desiderio.
2677 4134 2927 4206 Per/icere
2949 4153 3052 4191 non
3077 4140 3274 4193 invenio
3296 4154 3314 4192 :
3334 4153 3426 4192 non
3446 4135 3605 4189 habere

2082 4226 2274 4279 utalum
2291 4225 2632 4281 desiderium.
2657 4227 2838 4281 llcstat
2852 4243 2979 4299 ergo
2999 4229 3051 4281 in
3077 4229 3175 4284 hac
3194 4243 3384 4298 pugna»,
3394 4234 3452 4280 ut
3466 4231 3606 4278 ments

2084 4332 2187 4370 non
2213 4316 2626 4372 cottsentieute‘
2658 4318 2809 4372 malis
2837 4321 3299 4389 concupiscentiis,
3328 4318 3507 4374 servias
3528 4315 3604 4382 leg:

2086 4409 2176 4464 Dei
2200 4427 2215 4475 ;
2247 4423 2406 4464 carne
2433 4418 2611 4464 autem
2635 4411 3065 4481 concupisconte,
3094 4411 3187 4466 sed
3220 4420 3271 4465 te
3296 4425 3395 4464 non
3417 4418 3603 4463 consoni

2085 4498 2245 4553 tit-nte
2269 4539 2283 4564 ,
2316 4499 2516 4555 servias
2546 4498 2647 4569 legi
2676 4502 2893 4569 peccati.
2925 4502 3046 4571 Agit
3072 4517 3200 4556 caro
3222 4501 3468 4557 desideria
3497 4511 3603 4557 sua.

2082 4606 2180 4661 me
2202 4600 2257 4645 et
2284 4600 2340 4644 tu
2366 4598 2475 4644 tua.
2502 4590 2614 4644 Non
2644 4592 3033 4660 imprimuntur,
3064 4609 3171 4647 non
3196 4593 3564 4662 exstinguuntur
3582 4598 3604 4637 ιι

2086 4692 2135 4737 te
2158 4681 2417 4738 desideria
2440 4682 2582 4751 ejus;
2607 4699 2713 4736 non
2734 4683 3032 4754 exstinguat
3059 4693 3145 4739 tua
3169 4702 3182 4737 :
3213 4694 3269 4739 ut
3291 4683 3342 4739 in
3364 4678 3611 4739 certamine

2084 4773 2311 4835 labores,
2336 4789 2440 4827 non
2463 4774 2629 4828 victus
2651 4774 2900 4827 traharis.
3458 4756 3463 4767 δ

2154 4866 2208 4920 5.
2228 4864 2652 4935 Concupiscentia'
2693 4864 2882 4919 malum
2901 4866 2957 4919 in
2973 4865 3238 4935 baptizatis
3254 4866 3359 4921 ius
3376 4873 3517 4919 reatu.
3533 4840 3615 4914 Si:-

2084 4956 2263 5026 qnitur
2286 4971 2415 5026 ergo
2443 4967 2495 5011 et
2524 4956 2651 5012 dicit
2681 4958 2989 5026 Apostolus,
3021 4956 3182 5012 Nulla
3208 4973 3324 5028 ergo
3347 4954 3610 5009 condemna-

2088 5050 2161 5101 tio
2181 5058 2253 5101 est
2290 5063 2424 5104 nunc
2450 5048 2533 5102 his-
2548 5048 2635 5118 qui
2667 5058 2786 5102 sunt
2810 5051 2863 5103 in
2891 5047 3090 5103 Christo
3113 5048 3257 5103 Iesu.
3290 5047 3355 5102 Et
3385 5045 3425 5099 si
3451 5039 3612 5095 habent

2087 5139 2345 5195 desideria
2373 5141 2572 5206 carnis,
2597 5140 2787 5210 quibus
2814 5157 2925 5197 non
2946 5142 3314 5205 uomentium;
3343 5146 3394 5193 et
3417 5135 3457 5189 si
3478 5133 3545 5185 lc!
3566 5133 3605 5176 ⁸η

2088 5231 2343 5288 membris
2367 5247 2552 5286 eorum
2581 5243 2836 5303 repugnat
2858 5234 2960 5304 legi
2988 5233 3178 5288 mentis
3204 5245 3378 5286 eorum
3401 5270 3415 5292 ,
3443 5234 3490 5278 et
3530 5232 3602 5272 ca-

2090 5321 2292 5391 ptivaro
2320 5322 2429 5376 vult
2453 5332 2683 5377 tuentem
2712 5341 2726 5376 :
2762 5326 3076 5393 tamenquia
3104 5338 3198 5393 per
3221 5322 3430 5392 gratiam
3457 5312 3603 5383 Bapti-

2088 5413 2274 5467 stnatis
2287 5422 2341 5467 et
2358 5412 2550 5468 lavacri
2574 5414 2987 5483 regenerationis
3013 5414 3086 5469 sol
3095 5421 3211 5468 ntus
3233 5420 3311 5467 est
3332 5418 3381 5466 et
3401 5407 3499 5477 ipse
3514 5414 3604 5458 rea-

2155 5547 2172 5577 ι
2188 5550 2247 5609 Διιι
2270 5544 2551 5609 t‘lqﬁacensi
2590 5545 2858 5609 exemplari
2894 5553 3164 5600 cmistaater
3196 5553 3271 5597 cst
3304 5542 3496 5609 genitivo
3513 5544 3604 5585 mli

2092 5605 2239 5677 tegis,
2263 5614 2317 5656 ut
2334 5605 2386 5652 iu
2405 5619 2583 5668 grazeo,
2605 5614 2684 5657 ton
2703 5605 2889 5658 nomon.

2153 5672 2173 5701 ³
2195 5678 2267 5731 ste
2285 5676 2367 5717 its.
2389 5680 2487 5718 cor.
2506 5665 2720 5731 [πίνει]

2196 5693 2267 5716 ﬁll;
2288 5693 2367 5717 .ua.
2389 5693 2487 5717 l5“)
2506 5693 2696 5717 ιταιηί.

2155 5731 2175 5760 ³
2194 5729 2320 5777 ldum
2336 5738 2436 5787 \ts.,
2451 5738 2498 5778 St
2516 5728 2656 5779 enim

2158 5790 2176 5819 ’⁸
2203 5798 2251 5839 tn
2277 5790 2449 5839 eodem
2470 5798 2569 5852 δικ,
2590 5791 2901 5842 consentiens.
