3850 6188
219 505 317 549 tus
340 535 355 558 ,
386 506 510 548 cum
538 506 647 563 quo
669 506 792 548 eras
817 499 970 547 natus
993 534 1007 557 ,
1037 500 1093 546 et
1118 491 1379 562 quidquid
1400 500 1551 545 antea
1580 507 1810 547 consen-

218 586 346 640 sisti
378 586 534 640 malzc
557 585 1017 655 concupiscentizc,
1048 584 1163 641 sive
1191 587 1424 656 qtmlibet
1448 585 1664 655 ﬂagitio,
1697 586 1810 640 sive

213 675 465 746 quolibet
495 675 749 741 metuere,
770 676 882 731 sive
907 675 1141 745 qualibet
1168 675 1309 730 mala
1333 676 1673 746 cogitatione,
1697 676 1810 731 sive

214 766 462 838 qualibet
478 767 616 821 mala
637 767 921 834 locutione,
940 769 1114 822 omnia
1132 768 1305 825 deleta
1322 779 1447 824 sunt
1461 769 1513 823 in
1532 769 1622 824 illo
1640 768 1804 833 fonte,

209 873 325 928 quo
350 871 546 920 servus
576 858 801 923 intrasti,
836 858 974 913 unde
1001 852 1309 914 liber'existi
1343 875 1358 913 :
1387 859 1508 930 quia
1537 873 1663 929 ergo
1693 858 1807 913 bzrc

209 951 284 1003 ita
333 957 504 1015 sunt,
536 946 701 1002 Nulla
738 965 871 1003 nunc
897 950 1244 1004 condemnatio
1270 959 1344 1005 est
1382 951 1460 1004 his
1487 951 1572 1019 qui
1598 959 1713 1004 sunt
1755 952 1807 1005 in

206 1040 427 1097 Christo
445 1039 596 1095 Iesu.
627 1038 778 1094 Nulla
807 1047 890 1098 est
912 1055 1052 1094 nunc
1075 1082 1091 1106 ,
1122 1047 1274 1095 antea
1303 1040 1418 1097 fuit.
1446 1039 1528 1094 Ex
1556 1053 1663 1094 uno
1685 1054 1803 1094 om-

204 1147 309 1186 nes
336 1131 393 1184 in
422 1129 921 1186 condemnationem
948 1128 1121 1203 (Rom.
1149 1145 1199 1196 v,
1226 1128 1338 1201 16).
1363 1129 1475 1184 Hoc
1500 1128 1698 1204 malum
1728 1127 1805 1183 l‘e-

203 1231 361 1279 c-trat
386 1222 685 1292 generatio,
709 1220 803 1275 sed
828 1220 931 1275 ltoe
951 1221 1144 1275 bonum
1172 1220 1295 1277 fecit
1322 1221 1673 1292 regeneratio.
1698 1218 1805 1275 Lea:

203 1314 343 1367 enim
367 1312 601 1382 Spiritus
617 1312 805 1366 vitain
830 1311 1027 1367 Christo
1047 1311 1170 1367 Iesu
1195 1313 1418 1367 liberavit
1443 1321 1491 1367 te
1507 1329 1538 1365 a
1557 1312 1665 1384 lege
1687 1328 1805 1384 pec-

203 1404 311 1457 cati
329 1412 385 1457 et
402 1389 597 1456 mortis.
623 1400 766 1457 Inest
791 1402 846 1457 in
866 1403 1140 1469 membris,
1165 1401 1258 1459 sed
1278 1416 1429 1459 reum
1451 1409 1506 1458 te
1523 1418 1631 1457 non
1651 1402 1797 1458 facit.

202 1494 504 1549 Liberatus
526 1505 586 1547 es
609 1492 677 1547 ab
699 1492 787 1546 illa
812 1506 831 1557 ;
852 1492 995 1548 liber
1020 1507 1194 1563 pugna
1218 1509 1234 1558 ;
1263 1493 1357 1548 sed
1384 1491 1502 1548 vide
1526 1506 1595 1547 ne
1615 1493 1799 1548 vinca-

200 1582 304 1649 rls,
329 1592 388 1637 et
412 1582 608 1636 iterum
629 1580 725 1635 tias
743 1586 950 1636 servus.
969 1579 1203 1636 Laboras
1220 1580 1523 1654 pugnando,
1545 1580 1639 1636 sed
1662 1581 1801 1635 lacta-

202 1673 358 1728 beris
380 1669 779 1741 triumphando.

270 1762 330 1816 4.
377 1758 785 1815 Ηωιὶοιιωοτκηι
819 1776 960 1814 error
998 1759 1266 1814 caecitdas.
1315 1759 1431 1814 Dixi
1475 1766 1653 1814 autem
1698 1772 1798 1812 ve-

200 1856 286 1912 bis
310 1896 328 1919 ,
362 1862 424 1910 et
448 1853 683 1908 maxime
704 1853 1014 1908 meminisse
1041 1852 1246 1908 debetis
1269 1892 1285 1917 ,
1317 1865 1385 1906 ne
1410 1850 1546 1906 forte
1585 1858 1799 1920 propter

200 1945 365 1999 Istam
397 1956 654 2015 pugnam,
684 1943 800 1998 sine
825 1958 926 2014 qua
956 1942 1114 1998 homo
1138 1956 1257 1997 esse
1283 1955 1388 1996 non
1414 1949 1608 2011 potest,
1636 1940 1796 1995 etiam

198 2034 288 2106 qui
307 2033 466 2105 iuste
493 2033 649 2100 vivit;
674 2033 781 2088 imo
805 2033 894 2088 ille
921 2034 971 2087 in
1001 2048 1064 2089 ea
1089 2043 1188 2097 est,
1218 2034 1305 2102 qui
1327 2031 1469 2101 iuste
1495 2031 1649 2092 vivit;
1673 2045 1794 2085 nam

200 2141 301 2183 nec
328 2135 561 2197 pugnat,
584 2127 675 2181 sed
704 2125 948 2192 trahitur,
968 2126 1057 2195 qui
1084 2125 1225 2194 juste
1249 2138 1355 2179 non
1384 2123 1511 2177 vivit
1536 2142 1551 2179 :
1580 2138 1707 2192 ergo
1727 2136 1795 2179 ne

199 2218 404 2286 putetis
432 2223 661 2288 propter
697 2215 798 2270 hoc
823 2216 971 2286 quasi
1011 2215 1144 2270 duas
1183 2228 1248 2270 ex
1276 2213 1501 2269 diversis
1522 2213 1795 2283 principiis

200 2322 320 2363 esse
364 2315 595 2361 naturas
616 2348 632 2373 ,
663 2306 800 2361 sicut
838 2305 1108 2360 insaniunt
1136 2304 1406 2359 Manichzui
1432 2344 1446 2369 ,
1476 2303 1617 2373 quod
1643 2304 1794 2374 quasi

198 2412 304 2452 non
327 2400 402 2451 sit
421 2411 556 2452 caro
577 2411 642 2452 ex
667 2397 793 2451 Deo.
816 2395 1027 2450 Falsum
1047 2404 1150 2462 est,
1174 2403 1453 2463 utrumque
1472 2407 1539 2448 ex
1561 2392 1669 2448 Deo
1686 2398 1787 2447 est.

200 2489 305 2545 Sed
328 2499 528 2544 natura
552 2488 782 2543 humana
806 2488 957 2542 istam
991 2485 1064 2560 (a)
1090 2487 1142 2541 in
1164 2482 1450 2556 semetipsa
1490 2484 1686 2540 meruit
1721 2499 1792 2539 ex

200 2591 450 2650 peccato.
476 2580 617 2649 Ergo
645 2579 867 2648 languor
888 2586 1002 2633 est:
1021 2581 1255 2642 sanatur,
1272 2586 1324 2631 et
1341 2578 1444 2631 non
1462 2584 1565 2630 est.
1587 2575 1792 2630 Discor-

198 2672 281 2724 dia
311 2671 488 2726 modo
512 2685 632 2740 qua:
654 2680 738 2725 est
780 2670 833 2724 in
864 2670 1051 2738 spiritu
1080 2678 1135 2724 et
1159 2683 1318 2723 carne
1341 2708 1355 2732 ,
1388 2682 1484 2738 pro
1507 2667 1793 2724 concordia

198 2764 451 2826 laborat;
482 2763 699 2833 spiritus
727 2761 848 2816 ideo
864 2761 1077 2831 laborat
1101 2801 1115 2826 ,
1148 2770 1205 2815 ut
1226 2774 1349 2815 caro
1386 2774 1504 2815 cum
1544 2759 1637 2814 illo
1659 2772 1791 2815 eo»

198 2854 409 2908 cor-det.
440 2851 900 2920 Quemadmodum
928 2851 972 2905 si
1002 2851 1053 2904 in
1081 2865 1181 2904 una
1208 2850 1369 2905 domo
1398 2850 1544 2904 litem
1571 2850 1709 2904 inter
1728 2864 1793 2904 se

201 2944 441 2999 lubeant
462 2943 546 3000 vir
567 2953 621 2998 et
650 2956 810 3007 uxor;
834 2940 899 2995 ad
926 2940 1027 2995 boe
1051 2940 1210 2995 debet
1235 2940 1475 2996 laborare
1496 2939 1594 3004 vir,
1617 2950 1675 2993 ut
1693 2939 1793 2993 do-

199 3042 307 3088 met
330 3046 586 3087 uxorem.
612 3032 828 3086 Domata
853 3046 988 3084 osor
1014 3029 1323 3100 subiugetur
1341 3029 1488 3088 viro:
1511 3030 1788 3100 subjugata

201 3138 372 3177 uxore
390 3124 536 3186 viro,
562 3122 649 3175 liat
672 3135 775 3190 pax
797 3122 850 3175 in
871 3120 1052 3175 domo.

266 3217 321 3272 5.
352 3213 473 3268 Leu:
502 3211 686 3283 triplex
711 3227 732 3265 :
756 3212 839 3266 lex
861 3211 1088 3282 peccati,
1120 3210 1201 3264 lea:
1225 3210 1346 3280 ﬁdei
1366 3250 1383 3275 ,
1410 3210 1492 3264 lea:
1514 3213 1789 3281 factorum.

198 3306 333 3361 Cum
368 3312 551 3358 autem
573 3302 795 3357 dixisset
819 3343 833 3368 ,
865 3300 974 3355 Lex
990 3301 1199 3371 spiritus
1235 3301 1350 3355 vita
1366 3301 1418 3354 in
1444 3298 1642 3356 Christo
1664 3299 1792 3355 less

198 3396 435 3450 liberavit
462 3403 511 3447 te
534 3409 568 3447 α
596 3394 702 3465 lege
726 3393 918 3464 peccati
941 3402 988 3445 et
1011 3391 1217 3458 mortis;
1242 3392 1513 3463 proposuit
1537 3391 1690 3447 nobis
1711 3393 1791 3446 in-

198 3485 528 3559 telligendas
553 3487 693 3556 ipsas
728 3486 893 3556 leges.
924 3484 1202 3539 intuemini
1227 3499 1320 3539 eas
1341 3525 1365 3550 ,
1388 3493 1444 3539 et
1463 3482 1750 3539 diseernite
1769 3499 1789 3539 :

197 3581 333 3635 satis
362 3577 520 3632 vobis
547 3577 845 3632 necessaria
869 3584 954 3631 est
978 3576 1078 3630 ista
1100 3575 1369 3653 discretio.
1398 3573 1509 3628 Le:
1531 3614 1547 3641 ,
1580 3574 1746 3643 inquit
1770 3613 1786 3639 ,

197 3673 415 3742 spiritus
440 3669 594 3734 riae,
624 3682 753 3723 ecce
776 3682 877 3721 una
921 3666 1006 3722 lex
1038 3683 1054 3721 :
1086 3664 1311 3720 liberavit
1337 3674 1385 3719 te
1407 3680 1439 3717 α
1464 3663 1571 3734 lege
1599 3664 1798 3731 peccati

198 3772 244 3816 et
267 3760 482 3823 mortis,
504 3773 631 3815 ecce
651 3757 817 3813 altera
842 3756 949 3812 lex.
981 3756 1049 3810 Et
1074 3756 1348 3825 sequitur:
1373 3753 1523 3822 Quod
1544 3754 1677 3808 enim
1690 3753 1792 3807 inte-

199 3851 447 3922 possibile
468 3858 575 3904 erat
592 3850 737 3919 legis,
756 3852 810 3903 tn
828 3864 929 3919 quo
946 3847 1294 3918 inﬁrmabatur
1313 3862 1402 3917 per
1416 3861 1637 3911 carnari,
1660 3857 1789 3901 ecce

199 3942 362 3996 tertia
390 3940 500 3994 lex.
534 3938 641 3993 Aut
668 3936 808 3993 forte
832 3937 930 3991 ista
951 3945 1034 3990 est
1061 3950 1127 3991 ex
1159 3935 1367 3991 duabus
1387 3933 1789 4004 ‘ilnquiramus

194 4042 250 4087 et
274 4031 516 4086 Domino
539 4030 819 4097 adjuvaute
839 4026 1130 4081 videamus.
1153 4026 1229 4081 De
1253 4026 1369 4096 lege
1394 4025 1480 4080 illa
1500 4025 1636 4081 bona
1658 4024 1786 4095 quid

192 4120 374 4175 dixit?
414 4118 526 4173 Lex
545 4119 752 4188 spiritus
790 4118 904 4172 vita
939 4115 1163 4170 liberavit
1205 4125 1252 4169 te
1286 4132 1328 4169 ιι⁴
1365 4116 1472 4186 lege
1513 4115 1702 4185 peccati
1739 4123 1787 4169 et

196 4210 405 4272 intortis,
424 4209 583 4263 Istam
597 4207 849 4262 nondisit
865 4207 1141 4261 invalidam
1156 4204 1391 4261 luissead
1408 4203 1744 4260 efﬁciendum
1769 4222 1784 4259 :

196 4304 464 4359 Liberavit
485 4342 500 4367 ,
532 4301 735 4370 inquit,
766 4309 813 4354 te
848 4299 931 4352 lex
953 4299 1159 4369 spiritus
1195 4297 1308 4351 vita
1329 4314 1363 4349 ts
1385 4298 1493 4368 lege
1530 4296 1719 4366 peccati
1742 4303 1799 4350 ct-

196 4395 404 4450 ntortis.
431 4394 537 4448 Lex
559 4392 646 4446 illa
668 4392 802 4446 bona
825 4391 1064 4446 liberavit
1084 4399 1136 4444 te
1154 4390 1222 4444 ab
1242 4388 1476 4459 istalege
1500 4389 1655 4442 mala.
1676 4388 1790 4442 Lex

193 4494 348 4542 enim
366 4484 512 4542 mala
538 4498 655 4553 quin
676 4482 780 4537 est?
804 4480 960 4536 Video
980 4481 1133 4534 aliam
1158 4480 1386 4550 legentis:
1406 4479 1640 4533 membris
1665 4480 1786 4533 meis

191 4586 571 4649 repugnantem
597 4572 694 4645 legi
717 4573 897 4628 tuentis
922 4587 1060 4637 meae,
1084 4580 1130 4626 et
1153 4571 1483 4642 captivantem
1506 4586 1582 4624 me
1601 4570 1654 4623 in
1678 4569 1786 4638 lege

193 4668 411 4738 peccati,
435 4680 550 4736 quae
561 4674 631 4718 est
655 4665 713 4718 in
732 4662 962 4717 membris
982 4663 1122 4717 meis.
1139 4662 1313 4729 Quare
1327 4671 1384 4717 et
1408 4662 1519 4732 ipsa
1541 4661 1624 4716 lex
1642 4661 1784 4715 dicta

192 4757 328 4813 est?
358 4756 524 4811 [lecte
550 4754 786 4809 omnino.
817 4753 1114 4808 Admodum
1142 4753 1284 4807 enim
1325 4752 1558 4823 legitime
1586 4751 1782 4806 factum

192 4857 279 4902 est
327 4855 389 4899 ut
411 4845 572 4900 homo
594 4845 684 4915 qui
711 4844 878 4899 noluit
903 4844 1122 4899 obedire
1168 4842 1392 4897 Domino
1435 4856 1534 4896 suo
1556 4883 1571 4906 ,
1603 4857 1707 4895 non
1734 4843 1783 4896 ei

193 4938 433 4993 serviret
454 4950 581 4991 caro
605 4937 787 5007 ipsius.
815 4935 984 5005 Supra
1013 4944 1062 4990 le
1089 4935 1345 4989 Dominus
1384 4943 1504 4988 tuus
1525 4974 1540 4999 ,
1569 4931 1704 4988 intra
1735 4945 1784 4990 te

192 5044 330 5083 caro
355 5038 466 5082 tua.
492 5028 644 5083 Servi
672 5026 918 5092 meliori,
952 5036 1009 5080 ut
1040 5025 1237 5079 serviat
1261 5024 1352 5079 tibi
1374 5023 1612 5079 interior.
1639 5023 1783 5079 Con-

192 5120 465 5188 ientpsisti
493 5120 821 5189 superiorem
844 5156 861 5182 ,
891 5116 1156 5187 torqueris
1180 5115 1248 5170 ab
1271 5112 1540 5170 inferiore.
1574 5114 1674 5169 Ista
1701 5122 1785 5169 est

191 5224 330 5280 ergo
353 5210 437 5263 lex
466 5208 687 5278 peccati,
706 5208 817 5278 ipsa
835 5217 917 5263 est
939 5215 994 5263 et
1007 5206 1213 5260 mortis.
1232 5205 1334 5260 Per
1351 5214 1620 5275 peccatum
1638 5205 1781 5259 enim

192 5316 366 5356 mors.
398 5301 511 5365 Qua
539 5300 622 5354 die
660 5285 1113 5362 manducauerit“,
1145 5305 1302 5350 morte
1324 5297 1603 5350 moriemini
1628 5294 1779 5368 (Gen.

190 5407 228 5446 ll
255 5432 274 5457 ,
314 5392 423 5459 l7).
454 5390 552 5445 Ista
583 5405 708 5460 ergo
737 5390 817 5443 lex
848 5388 1049 5458 peccati
1080 5386 1238 5440 trahit
1265 5386 1503 5456 spiritum
1529 5427 1545 5453 ,
1575 5393 1630 5440 et
1657 5385 1788 5440 sui»

185 5484 384 5551 jugare
403 5480 695 5536 contendit.
722 5480 827 5535 Sed
845 5480 1157 5534 condolector
1181 5479 1279 5549 legi
1300 5477 1395 5533 Dei
1417 5478 1691 5533 secundum
1713 5477 1785 5532 itt-

191 5572 434 5625 tcriorem
462 5571 730 5625 hominem.
761 5571 835 5625 Ac
860 5584 962 5640 per,
980 5570 1079 5623 hoc
1105 5569 1163 5622 lit
1188 5568 1274 5622 illa
1302 5584 1492 5639 pugna,
1518 5578 1572 5622 ct
1594 5567 1645 5621 in
1667 5567 1782 5638 ipso

266 5705 279 5732 ³
305 5708 386 5750 Ms.
410 5714 531 5761 eor.,
552 5707 639 5751 Jul
658 5701 779 5763 forte
797 5700 888 5753 ista
915 5714 1009 5751 una
1024 5710 1095 5752 est
1116 5712 1181 5750 ex
1205 5697 1409 5750 duabus.

261 5787 338 5842 (tt)
362 5787 517 5843 forte,
543 5779 688 5833 litem.

1666 377 1896 436 SERMO
1931 376 2101 435 CLII.-

3387 392 3489 448 iiii

1918 496 2207 552 certamine
2231 497 2423 553 dicitur
2444 542 2457 564 ,
2494 500 2660 556 Mente
2683 504 2840 557 servio
2866 504 2962 573 legi
2992 502 3122 571 Dei;
3150 522 3301 560 carne
3313 524 3486 563 .amcm

1919 587 2017 660 legi
2041 593 2248 660 peccati.
2275 591 2381 647 Lex
2404 594 2610 664 spiritus
2634 598 2747 651 vitte
2785 596 3006 652 liberavit
3027 608 3127 652 tea
3152 600 3259 669 lege
3298 606 3491 669 peccati

1915 688 1962 733 et
1985 681 2179 734 mortis.
2210 681 2317 737 Lex
2356 684 2495 738 enim
2522 684 2636 756 ipsa
2664 688 2879 758 spiritus
2905 688 3026 744 vitta
3054 689 3317 758 quomodo
3345 697 3395 743 te
3423 678 3487 743 li».

1915 772 2149 829 beravit?
2170 775 2347 830 Primo
2372 778 2607 832 omnium
2634 778 3008 850 indulgentiam
3035 791 3371 852 peccatorum
3395 782 3503 837 tle--

1913 865 2008 919 dit.
2041 866 2155 936 ipsa
2186 879 2266 923 est
2292 869 2430 924 enim
2459 870 2562 937 lex,
2593 870 2661 927 de
2685 887 2786 942 qua
2815 872 2864 926 in
2892 872 3105 928 Psalmo
3127 871 3315 927 dicitur
3339 872 3478 928 Deo.-

1919 952 1979 1010 Et
2004 956 2065 1010 de
2093 950 2201 1028 lege
2223 967 2309 1011 tua
2333 959 2565 1016 miserere
2585 962 2682 1016 mei
2708 961 2874 1033 (Psal.
2907 977 3091 1027 cxvm,
3115 961 3226 1034 29).
3258 962 3363 1017 Lex
3389 964 3485 1015 nti.

1909 1047 2229 1114 scrieordize,
2264 1048 2350 1105 lex
2380 1048 2519 1114 lidei,
2547 1066 2652 1105 non
2681 1051 2958 1106 factorum.
2987 1051 3115 1120 Quae
3144 1060 3227 1106 cst
3250 1067 3377 1123 ergo
3400 1052 3488 1107 lex-

1909 1140 2211 1196 factorum?
2237 1141 2352 1197 iam
2383 1142 2604 1199 audistis
2631 1144 2799 1215 legem
2829 1144 2947 1200 fidei
2976 1145 3166 1200 bonam
3198 1161 3212 1198 :
3244 1143 3349 1200 Lca:
3372 1145 3481 1216 spi-

1902 1233 2033 1286 ritus
2052 1233 2163 1287 vilic
2185 1232 2407 1288 liberavit
2432 1244 2479 1289 te
2495 1252 2526 1288 a
2547 1237 2655 1307 lege
2676 1238 2863 1307 peccati
2888 1246 2933 1291 et
2954 1237 3146 1291 mortis.
3174 1234 3406 1291 Audistis
3427 1244 3479 1290 et

1902 1322 2060 1376 aliam
2088 1321 2257 1392 legem
2280 1324 2478 1393 peccati
2505 1334 2558 1381 et
2582 1326 2768 1380 mortis
2790 1326 2828 1381 ί.
2855 1325 3001 1392 Quod
3021 1327 3152 1379 enim
3175 1312 3479 1396 impossibile

1904 1419 2010 1463 erat
2030 1410 2171 1481 legis,
2194 1412 2246 1466 in
2266 1429 2363 1478 quo
2386 1413 2735 1483 inﬁrmabatur
2755 1432 2841 1486 per
2859 1432 3079 1469 carnem.
3103 1416 3226 1470 Haec
3246 1430 3372 1486 ergo
3391 1415 3477 1470 lex

1903 1499 2061 1555 tertio
2086 1500 2200 1555 loco
2234 1516 2352 1572 qua:
2378 1503 2642 1558 nominata
2669 1513 2751 1560 est
2776 1546 2790 1571 ,
2825 1505 3005 1560 nescio
3028 1505 3152 1575 quid
3181 1505 3328 1576 quasi
3370 1520 3473 1559 non

1902 1588 2088 1658 implet
2114 1607 2133 1645 :
2159 1590 2247 1646 lex
2273 1600 2446 1648 autem
2472 1592 2560 1648 illa
2588 1595 2804 1663 spiritus
2829 1595 2951 1649 vitae
2979 1595 3211 1665 implevit
3236 1612 3248 1661 ;
3282 1596 3400 1665 quia
3425 1606 3485 1658 te,

1901 1680 1971 1737 de
1995 1681 2110 1753 lege
2126 1684 2326 1753 peccati
2347 1693 2401 1740 et
2415 1687 2598 1741 mortis
2624 1687 2881 1742 liberavit.
2904 1688 3009 1742 Lex
3034 1689 3206 1758 Itaque
3222 1688 3341 1755 ista,
3360 1704 3477 1757 qua:

1900 1770 2020 1827 loco
2046 1774 2201 1829 tertio
2229 1775 2496 1830 nominata
2536 1785 2620 1831 est
2645 1820 2660 1843 ,
2692 1778 2801 1848 ipsa
2830 1778 2936 1833 Lex
2965 1794 3082 1849 qure
3121 1778 3241 1832 data
3269 1787 3350 1833 cst
3378 1792 3474 1847 po-

1898 1863 2024 1933 pulo
2049 1878 2144 1933 per
2167 1865 2380 1937 Moysen
2409 1868 2462 1921 in
2491 1877 2670 1923 monte
2693 1869 2817 1924 Sina
2841 1910 2856 1936 ,
2888 1870 2998 1939 ipsa
3028 1869 3220 1924 dicitur
3264 1870 3345 1923 lex
3384 1870 3474 1924 τει-

1898 1960 2125 2008 ctorum.
2150 1953 2267 2025 Ipsa
2291 1955 2479 2011 minari
2503 1959 2667 2023 novit,
2691 1973 2793 2013 non
2823 1958 3143 2025 subvenire;
3170 1958 3359 2030 jubere
3381 1977 3477 2015 nn-

1896 2044 2009 2109 vit,
2039 2061 2147 2101 non
2162 2047 2366 2114 iuvare.
2396 2046 2510 2118 Ipsa
2539 2058 2620 2103 est
2645 2064 2762 2119 qua:
2783 2050 2951 2114 dixit,
2988 2049 3106 2105 Non
3134 2042 3470 2121 concupisces.

1896 2137 2050 2196 Unde
2073 2139 2203 2195 dicit
2227 2141 2533 2210 Apostolus,
2565 2141 3030 2212 Concupisceutiant
3056 2143 3352 2207 nesciebam,
3377 2146 3473 2198 nisi

1898 2225 2006 2282 Lex
2043 2228 2265 2296 diceret,
2300 2229 2419 2284 Non
2453 2231 2792 2300 concupisces.
2822 2231 2888 2286 Et
2913 2231 3036 2302 qttid
3067 2231 3194 2286 milti
3236 2232 3430 2303 profuit
3455 2275 3469 2294 ,

1897 2322 2018 2391 quia
2051 2320 2159 2377 Lex
2177 2321 2306 2376 dixit
2331 2363 2345 2389 ,
2381 2318 2501 2376 Non
2538 2324 2903 2392 concupisces?
2932 2323 3205 2378 Occasione
3226 2335 3428 2393 accepta
3448 2326 3470 2358 ’

1898 2419 2153 2479 peccatum
2181 2427 2269 2481 per
2294 2413 2587 2465 mandatum
2611 2412 2788 2483 fefellit
2815 2429 2910 2480 me,
2932 2423 2982 2468 et
3002 2416 3091 2483 per
3115 2412 3249 2467 illud
3269 2415 3467 2469 occidit.

1895 2498 2197 2557 Prohibitus
2243 2514 2361 2556 sum
2408 2502 2783 2572 concupiscere
2813 2545 2830 2569 ,
2878 2518 2977 2559 nec
3019 2504 3230 2573 implevi
3270 2504 3418 2573 jussu
3451 2547 3466 2566 .

1896 2590 1989 2648 sed
2031 2590 2201 2649 victus
2238 2607 2377 2649 sum.
2420 2590 2560 2649 Ante
2603 2594 2772 2664 legem
2812 2593 2887 2649 fui
2931 2603 3176 2665 peccator
3209 2613 3222 2650 :
3254 2607 3469 2665 accepta

1894 2682 2011 2754 lege
2032 2684 2201 2740 lactus
2228 2698 2345 2741 sum
2376 2685 2764 2756 praevaricator.
2802 2683 3068 2738 Peccatum
3092 2685 3222 2740 enim
3245 2670 3470 2741 occasio;

1894 2789 1957 2828 ne
1978 2784 2184 2845 accepta
2206 2791 2295 2845 per
2311 2775 2603 2829 mandatum
2623 2773 2801 2845 fefellit
2824 2788 2922 2840 me,
2935 2783 2983 2829 et
3003 2791 3091 2845 per
3110 2775 3243 2830 illud
3266 2776 3467 2830 occidit.

1892 2852 1895 2853 ν
1965 2865 2017 2920 6.
2067 2862 2177 2920 Lex
2208 2864 2375 2936 Moysi
2409 2865 2693 2938 defenditur
2719 2875 2893 2920 contra
2930 2865 3329 2921 Manicltwos.—
3355 2866 3469 2921 lla-

1892 2971 2013 3024 que,
2048 2956 2242 3027 inquit,
2273 2958 2354 3011 lex
2376 2956 2574 3029 quidem
2601 2964 2793 3010 sancta.
2825 2956 2968 3012 Bona
3008 2966 3090 3011 est
3123 2972 3248 3029 ergo
3287 2967 3341 3013 et
3371 2959 3468 3033 ista

1895 3045 1975 3100 lex
2011 3043 2153 3116 (quia
2178 3055 2232 3100 et
2261 3045 2428 3117 ipsam
2457 3044 2852 3115 reprehendunt
2877 3043 3173 3111 Manicluci,
3204 3047 3469 3116 quomodo

1892 3135 2153 3205 carnem).
2196 3134 2272 3190 De
2313 3135 2402 3190 illa
2430 3134 2556 3191 dicit
2585 3133 2908 3205 Apostolus:
2937 3131 3118 3206 Itaque
3154 3133 3237 3190 tea:
3267 3137 3470 3201 quidem

1891 3236 2094 3294 sancta,
2123 3234 2174 3280 ct
2211 3227 2505 3299 mandatum
2539 3235 2765 3281 sanctum
2786 3268 2802 3292 ,
2839 3236 2886 3281 et
2915 3225 3139 3294 justum,
3175 3235 3221 3281 et
3263 3227 3464 3281 bonum.

1894 3314 2044 3382 Quod
2066 3332 2184 3387 ergo
2203 3316 2384 3372 bonum
2407 3324 2501 3384 est,
2525 3317 2649 3371 mihi
2672 3321 2861 3388 factum
2886 3325 2957 3370 est
2976 3316 3150 3371 mors?
3175 3315 3334 3370 Absit.
3364 3317 3469 3371 Sed

1891 3416 2149 3478 peccatum
2171 3415 2227 3461 ut
2251 3415 2493 3478 appareat
2519 3414 2796 3476 peccatum,
2828 3422 2917 3475 per
2940 3404 3119 3458 bonum
3149 3405 3272 3458 mihi
3291 3421 3467 3474 apera-

1892 3505 1997 3550 tum
2020 3507 2092 3552 est
2116 3507 2344 3550 mortem.
2371 3496 2608 3566 Apostoli
2635 3496 2796 3550 verba
2822 3502 2978 3556 sunt;
3007 3494 3265 3548 videteet
3295 3501 3467 3548 atten-

1891 3589 2022 3645 dite.
2067 3586 2249 3660 Itaqus
2286 3588 2368 3642 lea:
2402 3587 2603 3657 quidem
2642 3593 2834 3640 sancta.
2870 3584 3007 3651 Quid
3052 3593 3156 3638 tam
3199 3592 3463 3650 sanctum,

1891 3694 2048 3750 quam
2074 3677 2198 3734 Non
2221 3676 2582 3749 concupiscat
2604 3674 2717 3730 Non
2738 3682 2882 3730 esset
2904 3673 3041 3727 mala
3069 3670 3198 3743 legis
3219 3673 3466 3741 pra-vari-

1891 3768 2062 3836 catio,
2091 3768 2190 3824 nisi
2224 3767 2335 3838 ipsa
2362 3774 2505 3822 essut
2529 3767 2686 3820 bona.
2722 3763 2778 3819 Si
2808 3762 2950 3819 enim
2981 3777 3087 3817 non
3121 3770 3264 3817 esset
3302 3760 3460 3827 bona,

1890 3873 1998 3916 non
2024 3866 2167 3914 esset
2200 3857 2397 3912 malum
2428 3854 2758 3927 pracvaricari
2787 3869 2899 3908 rem
2936 3853 3144 3907 malam.
3176 3851 3306 3917 Quia
3337 3865 3465 3906 vero

1889 3951 2086 4008 malum
2115 3957 2197 4005 est
2217 3963 2333 4004 eam
2359 3945 2717 4018 pmvaricari,
2745 3959 2872 4016 ergo
2907 3946 3043 3999 bona
3077 3952 3176 3998 est.
3197 3942 3331 4010 Quid
3356 3951 3462 3995 tam

1890 4041 2087 4096 bonum
2109 4082 2124 4106 ,
2164 4053 2323 4110 quam
2366 4036 2488 4091 Non
2516 4036 2877 4106 concupisces?
2904 4035 3009 4090 Lex
3033 4049 3159 4105 ergo
3190 4045 3392 4100 sancta,
3420 4046 3465 4087 et

1889 4131 2182 4186 mandatum
2221 4137 2481 4195 sanctum,
2522 4135 2568 4180 et
2600 4127 2834 4197 justum,
2875 4134 2920 4178 et
2957 4124 3158 4177 bonum.
3190 4123 3465 4188 Quomodo

1888 4220 2084 4278 satiat?
2102 4217 2370 4290 quomodo
2390 4215 2652 4271 inculcat?
2671 4214 2830 4282 Quasi
2850 4222 3034 4270 contra
3056 4214 3465 4268 calumniatores

1889 4310 2099 4365 clamat.
2129 4306 2264 4376 Quid
2291 4307 2451 4372 dicis,
2482 4303 2804 4361 Manicltme?
2835 4303 2939 4359 Lex
2971 4319 3088 4373 qua:
3116 4303 3235 4358 data
3263 4314 3345 4359 est
3372 4320 3466 4373 per

1888 4400 2102 4471 Moysen
2140 4398 2277 4453 mala
2320 4396 2440 4453 est?
2482 4394 2612 4453 Mala
2657 4403 2770 4460 est,
2801 4393 3001 4449 dicunt.
3043 4391 3089 4448 Ο
3123 4394 3399 4462 portenta!
3432 4409 3465 4443 o

1888 4490 2114 4546 frontem
2137 4486 2193 4543 '!
2221 4485 2302 4542 Tu
2341 4486 2517 4542 dixisti
2551 4484 2750 4549 semel,
2797 4483 2928 4539 Mala
2955 4499 2970 4536 :
3000 4483 3121 4537 audi
3154 4483 3461 4552 Apostolum

1888 4581 2171 4644 dicentem,
2199 4575 2309 4632 Le:
2330 4577 2529 4650 quidem
2551 4585 2741 4639 sancta,
2765 4581 2811 4627 et
2832 4573 3127 4627 mandatum
3146 4582 3389 4637 sanctum,
3419 4581 3465 4627 et

1877 4672 2095 4742 justum,
2127 4677 2173 4722 et
2198 4667 2404 4722 bonum.
2430 4665 2597 4721 Taces
2623 4663 2947 4734 aliquando?
2976 4663 3125 4731 Quod
3144 4680 3261 4734 ergo
3280 4662 3463 4717 bonum

1886 4758 1976 4827 est,
2006 4762 2195 4831 inqult,
2224 4758 2355 4814 mihi
2372 4759 2657 4829 factumest
2684 4773 2817 4810 mors
2834 4757 2860 4809 ἵ
2883 4756 3043 4810 Absit.
3077 4754 3184 4811 Sed
3206 4767 3463 4824 peccatum

1886 4862 1943 4907 ut
1966 4860 2209 4924 appareat
2249 4857 2536 4921 peccatum,
2578 4863 2665 4916 per
2704 4846 2888 4899 bonum
2931 4845 3056 4898 mihi
3094 4854 3354 4915 operatum
3393 4834 3466 4898 est

1886 4953 2117 4997 mortem.
2146 4941 2216 4996 Et
2240 4938 2355 5005 hic,
2385 4950 2474 5008 per
2505 4938 2689 4990 bonum
2716 4946 2734 4989 :
2759 4935 2837 4988 sic
2865 4946 3013 4988 reum
3042 4934 3315 4998 aceusat‘,
3350 4944 3403 4987 ut
3434 4950 3463 4988 τι

1886 5033 2042 5089 laude
2061 5031 2216 5101 Legis
2241 5042 2345 5084 non
2372 5025 2602 5082 recedat.
2635 5024 2738 5078 Per
2756 5024 2939 5076 bonum
2962 5023 3105 5089 mihi,
3134 5023 3321 5091 inquit,
3346 5037 3464 5088 ope-

1886 5136 2051 5180 ratum
2079 5134 2149 5179 est
2174 5130 2403 5176 mortem.
2432 5117 2535 5172 Per
2559 5116 2698 5186 quod
2738 5115 2973 5171 bonum?
3008 5114 3329 5169 Mandatum.
3366 5116 3462 5168 i‘ur

1886 5216 2026 5288 quod
2064 5212 2304 5270 bonum!
2341 5211 2555 5281 Legem.
2593 5207 2870 5273 Quomodo
2906 5215 3178 5276 operatum
3208 5214 3289 5262 est
3320 5220 3459 5259 mor-

1890 5308 2035 5364 tem?
2064 5305 2132 5362 Ut
2159 5315 2402 5374 appareat
2429 5310 2722 5374 peccatum;
2750 5310 2805 5354 ut
2828 5301 2917 5369 ﬁat
2941 5315 3094 5370 supra
3122 5300 3324 5352 modum
3349 5316 3464 5368 pec-

1888 5410 2080 5462 catum,
2109 5395 2400 5465 delinqucns
2426 5409 2513 5464 per
2540 5391 2851 5445 mandatum.
2886 5390 3025 5455 Itiro,
3056 5407 3210 5459 supra
3236 5390 3457 5443 modum.

1952 5533 1967 5563 ι
1993 5530 2070 5598 sie
2109 5540 2171 5598 ex
2208 5532 2290 5598 ns:
2335 5537 2436 5598 eor.
2471 5521 2826 5598 .[l.e.§__sp_irittts
2853 5518 2965 5573 ritw
2985 5521 3199 5573 li'crarit
3228 5529 3274 5573 te
3302 5535 3334 5572 a
3361 5522 3478 5588 lege,

1887 5590 2070 5657 peccati
2090 5595 2135 5641 et
2150 5586 2331 5638 mortis.
2353 5583 2791 5656 Quod’enint,'etc.]

1951 5655 1972 5686 ’
1997 5653 2125 5700 Idem
2147 5655 2250 5706 ως»,
2266 5657 2510 5697 occasione
2524 5656 2646 5694 enim
2666 5648 2866 5706 accept}.

1953 5714 1973 5745 ³
1998 5712 2127 5762 Idem
2149 5703 2251 5766 διες
2267 5722 2295 5758 o
2308 5709 2508 5770 frontem
2532 5706 2707 5754 durant
2721 5703 2740 5752 .'

1954 5776 1972 5803 ἰ
1996 5770 2259 5821 sict’lorus.
2289 5768 2337 5817 tt
2353 5768 2662 5815 ιπιονὶίιτυιιηιά
2687 5774 2783 5814 νδ..
2809 5778 3047 5817 causatur.
