3910 6184
342 354 448 411 125

342 463 560 531 Quando
578 457 902 532 delimuebat
938 459 1046 515 sitne
1064 458 1334 524 mandato,
1357 458 1535 513 minus
1547 468 1663 512 erat
1681 458 1696 487 ι
1718 474 1733 512 :
1755 470 1912 526 quan-

343 557 411 606 ιΙυ
434 552 690 623 delinquit
718 566 813 621 per
837 551 1162 614 mandatum,
1190 549 1395 606 excedit
1422 548 1657 604 modum.
1689 546 1913 614 Quando

347 645 489 698 θιιὶιη
527 657 633 699 non
676 641 980 714 prohibetur
1017 642 1241 712 aliquis,
1279 650 1428 712 putat
1455 642 1575 711 quia
1604 640 1737 695 bene
1767 638 1909 693 facit.

308 786 313 792 .
351 735 680 803 l’rubihitus,
720 735 903 804 incipit
945 736 1088 791 nolle
1129 734 1302 790 facere
1330 752 1344 789 :
1378 734 1600 788 vincitur
1621 773 1635 799 ,
1667 732 1907 795 trahitur,

346 826 656 896 subjugatur
687 843 701 879 :
734 826 844 895 jam
882 834 1047 881 restat
1091 826 1163 880 illi
1203 825 1426 895 gratiam
1470 824 1750 888 invocare;
1792 821 1912 891 quia

348 936 449 969 tum
479 917 647 987 putuit
676 918 846 989 legem
874 934 1103 974 servare.

417 1009 467 1062 7.
509 1007 634 1064 Tres
671 1011 824 1080 leges.
870 1010 946 1064 Ac
974 1025 1066 1079 per
1097 1009 1193 1063 hoc
1223 1011 1303 1063 lex
1331 1009 1438 1075 illa,
1468 1008 1537 1063 de
1575 1022 1678 1078 qua
1714 1005 1911 1060 dictum

347 1111 423 1152 est
441 1141 454 1163 ,
484 1097 590 1155 Lea:
615 1102 749 1153 enim
774 1100 978 1171 spiritus
1003 1101 1115 1153 vita:
1143 1099 1362 1153 liberavit
1395 1108 1441 1152 te
1465 1116 1497 1152 a
1526 1098 1632 1170 lege
1655 1097 1845 1168 peccati
1869 1106 1915 1151 et

347 1192 521 1243 inertis
539 1232 554 1258 ,
588 1190 670 1245 lex
697 1201 780 1246 est
806 1190 924 1245 ﬁdei
945 1232 959 1255 ,
990 1190 1071 1245 lex
1100 1200 1179 1245 est
1204 1191 1461 1260 Spiritus,
1488 1189 1574 1244 lex
1602 1198 1683 1243 est
1708 1187 1911 1259 gratim,

348 1285 428 1335 lex
458 1291 541 1336 est
568 1280 962 1336 misericordiae.
993 1282 1083 1335 illa
1114 1297 1236 1337 vero
1273 1282 1355 1335 lex
1392 1278 1591 1349 peccati
1627 1287 1678 1334 et
1706 1277 1911 1340 mortis,

350 1389 456 1426 non
483 1381 566 1427 est
591 1371 675 1427 lex
705 1362 815 1437 Dei,
845 1371 938 1427 sed
964 1370 1163 1443 peccati
1186 1380 1240 1427 et
1265 1372 1468 1426 mortis.
1490 1370 1581 1424 Illa
1602 1383 1732 1429 vero
1749 1368 1915 1422 altera

342 1464 411 1515 du
440 1478 544 1532 qua
572 1462 700 1517 dicit
724 1463 1028 1531 Apostolus.
1059 1463 1166 1517 Le:
1188 1472 1379 1526 sancta,
1410 1472 1457 1515 et
1483 1460 1772 1515 mandatum
1796 1475 1916 1512 san-

343 1564 505 1613 ctum,
530 1560 576 1604 ct
592 1552 789 1622 justum
806 1593 823 1616 ,
850 1561 896 1605 et
922 1552 1129 1616 bonum,
1165 1552 1249 1606 lex
1274 1560 1353 1606 est
1377 1551 1492 1618 Dei,
1517 1550 1611 1606 sed
1637 1550 1912 1613 factorum.

298 1668 299 1671 η
349 1643 431 1695 lex
471 1657 692 1711 operum
721 1661 736 1698 :
761 1656 981 1713 operum
1011 1642 1094 1697 lex
1114 1684 1130 1709 ,
1157 1659 1274 1711 qua:
1296 1641 1448 1710 jubet
1485 1657 1588 1695 non
1612 1640 1761 1710 juvat
1787 1656 1803 1695 :
1833 1639 1914 1694 lex

344 1749 463 1802 qua:
494 1733 586 1787 tibi
614 1733 880 1800 ostendit,
912 1750 1016 1788 non
1060 1733 1193 1788 tollit
1231 1740 1526 1802 peccatum.
1563 1732 1647 1786 Ab
1682 1729 1783 1785 alia
1823 1730 1913 1785 tibi

348 1828 463 1895 lege
505 1826 800 1881 ostenditur
840 1834 1147 1896 peceatum,
1177 1824 1244 1878 ab
1272 1824 1373 1879 alia
1401 1823 1618 1878 tollitur.
1654 1823 1765 1876 Duo
1793 1829 1918 1877 sunt

346 1914 711 1982 Testamenta,
736 1923 887 1969 vetus
912 1922 968 1969 et
995 1929 1210 1967 novum.
1242 1912 1377 1967 Audi
1407 1912 1713 1982 Apostolum
1738 1910 1917 1966 dicen-

347 2013 454 2059 tem
483 2023 498 2059 :
524 2003 688 2059 Dicite
715 2004 869 2070 mihi,
899 2002 990 2059 sub
1019 2002 1150 2075 Lege
1187 2003 1402 2058 volentes
1440 2018 1577 2070 esse,
1608 2000 1790 2073 Legem
1816 2017 1917 2055 non

347 2094 575 2164 legistis?
604 2094 864 2163 Scriptum
891 2102 963 2148 est
1000 2093 1132 2148 enim
1170 2093 1304 2164 quod
1338 2092 1592 2146 Abraham
1628 2092 1754 2145 duos
1784 2092 1918 2160 filios

346 2183 539 2251 habuit,
565 2199 721 2237 unum
749 2183 812 2237 de
834 2182 1044 2247 ancilla,
1072 2192 1118 2236 et
1146 2198 1303 2236 unum
1328 2182 1391 2235 de
1413 2181 1585 2235 libera.
1613 2181 1717 2236 Sed
1740 2182 1784 2235 is
1806 2181 1920 2250 qui-

344 2272 457 2324 dem
497 2271 586 2342 qui
625 2271 687 2325 de
726 2271 946 2337 ancilla,
985 2272 1257 2325 secundum
1288 2287 1490 2326 carnem
1524 2279 1671 2325 natus
1698 2280 1806 2334 est;
1833 2271 1918 2340 qui

344 2372 509 2417 autem
536 2362 599 2416 de
627 2362 782 2416 libera
802 2403 818 2428 ,
847 2378 938 2433 per
963 2362 1339 2432 promissionem
1366 2378 1385 2416 :
1411 2378 1524 2432 qua:
1548 2370 1661 2416 sunt
1698 2361 1753 2415 in
1789 2362 1918 2415 alle-

345 2454 508 2522 goria.
537 2452 663 2509 lite:
687 2454 818 2508 enim
842 2463 958 2509 sunt
982 2454 1082 2509 duo
1101 2451 1437 2517 Testamenta,
1464 2470 1621 2507 unum
1644 2453 1842 2521 quidem
1866 2454 1917 2509 in

348 2556 514 2599 monte
533 2545 661 2600 Sina
684 2546 735 2600 in
759 2547 1038 2602 servitutem
1056 2562 1321 2617 generatis,
1347 2561 1459 2617 qua
1479 2557 1551 2600 est
1570 2546 1706 2618 Agar
1729 2546 1917 2602 ancilla

345 2636 553 2702 Sarra),
581 2651 698 2707 quae
734 2636 855 2692 data
893 2644 978 2692 est
1014 2636 1276 2705 Abrahae,
1304 2645 1361 2693 et
1397 2637 1602 2708 peperit
1643 2636 1918 2693 lsmseletn

347 2740 580 2780 servum.
625 2724 723 2781 Est
757 2741 884 2797 ergo
913 2725 1306 2781 Testamentum
1349 2733 1502 2782 vetus
1545 2727 1813 2796 pertinens
1851 2726 1920 2782 ad

348 2817 522 2883 Agar,
554 2815 607 2869 in
643 2815 929 2870 servitutem
965 2832 1225 2887 generum.
1256 2815 1382 2882 Quae
1412 2828 1577 2871 autem
1613 2832 1811 2871 sursum
1846 2824 1921 2870 est

346 2906 629 2962 h'rusalem
648 2949 664 2975 ,
691 2907 846 2962 libera
873 2918 973 2973 est,
1006 2925 1119 2977 qua:
1144 2918 1216 2964 est
1244 2919 1402 2962 matrr
1426 2918 1595 2964 nostra
1625 2908 1818 2982 (Calat.
1844 2925 1917 2975 tv,

346 2996 558 3069 ’ἐι-26).
580 2997 721 3070 Ergo
743 2998 834 3053 ﬁlii
855 2999 1058 3070 gratia),
1085 2998 1172 3053 lilii
1199 3008 1319 3053 sunt
1343 3000 1524 3054 liberm
1549 3016 1562 3049 τ
1590 2999 1678 3052 ﬁlii
1702 2999 1915 3067 litterm,

348 3090 440 3143 tilii
464 3098 587 3144 sunt
611 3090 833 3145 ancillae.
857 3089 1048 3158 Quaere
1072 3089 1208 3145 illius
1232 3090 1437 3146 ancilla:
1463 3107 1477 3142 ε
1507 3087 1695 3143 Littera
1719 3090 1916 3143 occidit.

345 3184 536 3249 Quzure
573 3180 709 3234 lilios
744 3181 925 3235 liberae
953 3197 968 3234 :
1001 3180 1223 3250 Spiritus
1249 3189 1417 3235 autem
1455 3179 1669 3248 viviﬁcat
1699 3177 1772 3252 (ll
1798 3177 1917 3236 Cor.

347 3286 399 3323 ιιι
423 3310 436 3330 .
467 3270 542 3341 6).
575 3270 682 3323 Lex
708 3269 929 3340 Spiritus
958 3273 1070 3324 vitta
1107 3271 1159 3324 in
1192 3269 1388 3324 Christo
1413 3268 1537 3324 .lesu
1566 3269 1787 3324 liberavit
1821 3278 1867 3323 te
1889 3286 1920 3323 a

348 3362 455 3428 lege
483 3361 671 3430 peccati
695 3370 740 3415 et
766 3361 938 3414 mortis
956 3402 973 3427 ,
1006 3360 1142 3416 unde
1174 3369 1224 3415 te
1252 3375 1359 3416 nou
1389 3361 1556 3431 potuit
1584 3361 1808 3415 liberare
1835 3360 1918 3419 lex

348 3451 558 3504 litterai.
594 3450 741 3517 Quod
765 3451 900 3504 enim
926 3450 1229 3525 impossibile
1252 3462 1356 3505 erat
1380 3451 1548 3521 Legis,
1578 3452 1628 3505 in
1651 3467 1748 3521 quo
1771 3451 1919 3519 inﬁr-

350 3540 579 3593 mubatur
607 3555 695 3610 per
719 3556 937 3593 carnem.
971 3539 1278 3595 llcbellabzit
1306 3538 1448 3594 enim
1477 3556 1601 3594 caro
1637 3549 1722 3594 tua
1743 3580 1758 3606 ,
1790 3540 1919 3595 sub-

346 3630 560 3699 jugnbttt
588 3639 638 3685 te
662 3646 786 3689 caro
812 3641 899 3685 tua
922 3648 937 3694 ;
965 3631 1206 3686 audiebat
1226 3629 1440 3700 Legem,
1464 3640 1518 3683 tl.
1540 3630 1654 3699 plus
1676 3630 1922 3686 incitabat

349 3720 829 3789 uuiicupiscentiam
860 3720 1432 3775 tuam..lntirmahatur
1459 3734 1586 3790 ergo
1622 3721 1705 3775 lex
1736 3721 1920 3774 littera:

351 3827 444 3878 per
469 3824 682 3865 carnem
708 3827 725 3864 :
751 3826 814 3864 ac
839 3827 933 3880 per
958 3812 1059 3864 hoc
1087 3810 1409 3879 impossibile
1436 3820 1551 3865 erat
1580 3809 1710 3879 lrgis
1736 3809 1921 3865 littera:

351 3902 578 3956 litua-are
603 3917 633 3954 a
660 3901 777 3972 lege
803 3903 1002 3972 peccati
1028 3910 1082 3956 ct
1106 3901 1309 3956 mortis.
1570 3954 1578 3961 η

422 3994 474 4046 8.
519 3991 705 4047 Christi
752 4009 870 4046 caro
916 3994 1025 4046 sola
1072 4008 1170 4046 non
1204 4008 1321 4044 caro
1361 3993 1568 4062 peccati.
1610 3991 1750 4045 Misit
1786 3991 1922 4047 Deus

358 4084 549 4137 Filium
575 4100 722 4138 suum
752 4085 803 4137 in
827 4084 1202 4138 similitudinem
1239 4084 1405 4137 carnis
1445 4084 1633 4150 peccati
1672 4099 1689 4137 :
1728 4098 1831 4138 non
1868 4083 1920 4139 iu

351 4191 512 4230 carne
536 4174 755 4245 peceati.
786 4174 842 4228 ln
863 4190 1024 4230 cat-tie
1044 4172 1277 4244 quidem,
1305 4172 1396 4228 sed
1419 4190 1523 4228 non
1551 4173 1601 4227 in
1624 4189 1781 4229 carne
1805 4188 1924 4242 pec-

350 4266 475 4320 i-ati.
502 4266 704 4321 Caetera
729 4280 857 4336 ergo
881 4267 1117 4320 omnium
1146 4264 1415 4320 hominum
1440 4280 1566 4320 caro
1586 4266 1629 4332 ’,
1656 4281 1779 4321 caro
1801 4282 1925 4336 pec-

350 4357 456 4410 rati
495 4372 510 4410 :
550 4356 663 4411 sola
705 4356 881 4421 illius,
911 4370 1017 4410 non
1060 4370 1185 4411 caro
1222 4354 1456 4425 peccati;
1488 4355 1610 4424 quia
1652 4372 1756 4410 non
1801 4372 1922 4411 cum

355 4457 524 4502 mater
565 4447 1025 4516 concupiscentia,
1067 4445 1161 4500 sed
1201 4446 1369 4515 gratia
1407 4446 1650 4515 concepit
1690 4462 1704 4501 :
1747 4430 1921 4504 tamen

354 4537 556 4593 habens
578 4536 974 4590 similitudinem
1000 4534 1179 4588 carnis
1206 4535 1439 4603 peccati;
1471 4536 1609 4590 unde
1636 4545 1689 4589 et
1714 4538 1921 4604 nutriri,

353 4639 408 4682 ut
430 4628 670 4693 esurire,
698 4636 752 4683 et
775 4628 959 4690 sitire,
988 4633 1044 4682 et
1070 4624 1329 4691 dormire,
1361 4635 1415 4681 et
1442 4626 1681 4696 fatigari,
1709 4637 1763 4682 et
1788 4629 1922 4683 mori

356 4715 542 4784 intuit.
571 4715 643 4771 In
675 4716 1052 4771 similitudinem
1086 4716 1255 4769 carnis
1287 4716 1476 4787 peccati
1502 4716 1641 4769 misit
1662 4714 1798 4771 Deus
1829 4717 1921 4771 Fi-

352 4811 478 4862 lium
499 4825 673 4864 suum.
1057 4814 1067 4823 ‘

425 4898 479 4956 9.
524 4898 603 4955 De
640 4908 842 4970 peccato
885 4901 940 4955 in
983 4898 1181 4955 Christo
1206 4899 1454 4971 quomodo
1478 4899 1768 4952 destinatum
1803 4914 1917 4968 pec-

295 5059 300 5063 .
352 5004 619 5048 eatum.-—
636 4992 704 5047 Et
723 4992 788 5047 ds
801 5001 1002 5064 peccato
1029 4991 1284 5048 denarravit
1310 5002 1567 5064 peccatum
1592 4992 1646 5045 in
1671 5008 1837 5046 came.
1854 4993 1926 5047 Dc

352 5100 459 5152 quo
501 5085 759 5154 peccato?
789 5084 941 5152 Quod
981 5084 1292 5154 peccatum?
1338 5082 1412 5136 De
1446 5091 1647 5154 peccato
1672 5082 1928 5137 dainnauit

355 5185 609 5242 peccatum
631 5175 683 5229 in
705 5191 856 5229 carne
879 5190 899 5228 :
925 5185 978 5228 ut
1005 5175 1208 5243 justitia
1244 5175 1366 5245 legis
1396 5174 1664 5244 impleatur
1687 5173 1741 5227 in
1764 5172 1924 5227 nobis.

352 5267 467 5319 lam
497 5266 584 5321 illa
607 5266 813 5336 iustitia
843 5266 978 5335 legis
1006 5264 1281 5335 impleatur
1309 5266 1358 5316 in
1387 5264 1573 5335 nobis;
1596 5264 1704 5333 jam
1734 5262 1819 5316 illa
1841 5262 1928 5331 ju-

353 5358 495 5410 stitia
524 5373 641 5426 quae
676 5356 924 5425 jubetur,
957 5355 1236 5423 impleatur
1281 5356 1330 5407 in
1378 5354 1529 5409 nobis
1559 5370 1652 5424 per
1675 5352 1926 5422 Spiritum

351 5450 438 5514 qui
462 5446 676 5516 adjuvat
703 5465 715 5499 :
746 5446 796 5500 id
821 5454 921 5509 est,
952 5445 1033 5500 lcx
1060 5445 1245 5499 littera:
1274 5445 1551 5513 impleatur
1579 5445 1629 5498 itt
1658 5444 1807 5498 nobis
1834 5459 1928 5513 per

419 5606 430 5632 ι
462 5611 670 5664 vterque
695 5611 797 5653 Mss.
817 5602 849 5664 l.
878 5610 929 5653 et
948 5614 1068 5660 oon,
1088 5599 1191 5653 sine
1205 5603 1427 5654 mandato
1442 5602 1491 5655 in
1513 5616 1598 5654 usu
1618 5609 1739 5654 erat.
1758 5611 1928 5653 Praetu-

355 5659 495 5710 litu-is
509 5659 765 5713 lectionem
788 5663 923 5713 t-‘lot‘i.

419 5725 438 5753 ι
461 5723 639 5783 Herus,
661 5735 810 5776 omnes
824 5725 1061 5775 hominum
1082 5735 1212 5775 caro.

1566 347 1624 401 Β.
1669 339 2029 401 ,ιυιιυεϊικι
2067 341 2368 402 ΕΡΙΞΟΟΡΙ

3490 344 3597 401 835

2017 455 2258 523 Spiritum
2287 455 2407 508 vita:
2436 470 2449 507 :
2478 453 2565 526 qui
2600 470 2700 509 non
2725 451 2999 508 secundum
3026 468 3228 507 carnem
3252 452 3592 518 ambulamus,

2016 547 2104 601 sed
2125 546 2396 601 secundum
2420 547 2671 617 spiritum.
2699 546 2774 604 De
2797 561 2902 614 quo
2925 560 3053 616 ergo
3082 555 3297 614 peccato
3317 545 3595 611 Dominus,

2016 638 2158 707 quod
2188 648 2457 707 peccatum
2484 637 2788 692 damnavit?
2816 636 3004 703 Video,
3031 636 3184 691 video
3209 635 3423 705 quidem
3451 636 3597 705 qttod

2020 738 2293 798 peccatum
2322 728 2615 791 damnavit,
2647 726 2802 782 video
2829 741 3044 798 prorsus
3078 744 3092 781 :
3124 725 3253 780 Ecce
3275 725 3451 796 Agnus
3476 724 3594 790 Dei,

2018 833 2130 872 ecce
2152 818 2238 889 qui
2263 818 2387 871 tollit
2410 829 2672 888 peccatum
2692 822 2870 871 mundi
2898 816 3071 887 (Joan.
3094 832 3132 882 ι,
3154 816 3270 888 29).
3294 816 3449 897 Quod
3473 830 3598 885 pec-

2019 908 2235 961 cntutu?
2280 907 2446 963 Omne
2489 918 2796 977 peccatum,
2841 923 3000 963 onme
3041 917 3277 962 nostrum
3316 917 3594 979 peccatum

2018 997 2350 1052 dutunavit‘.
2382 997 2487 1053 Sed
2514 999 2581 1053 de
2608 1013 2717 1066 quo
2758 998 3012 1068 peccato?
3057 998 3172 1068 ipse
3218 1013 3322 1052 non
3369 999 3597 1054 habebat

2021 1099 2292 1158 peccatum
2324 1108 2336 1143 :
2364 1090 2434 1145 de
2458 1090 2551 1144 illo
2573 1089 2773 1144 dicttnn
2798 1099 2901 1154 est,
2937 1089 3035 1157 Qui
3056 1099 3310 1159 peccatum
3328 1108 3428 1144 non
3457 1094 3593 1159 fecit,

2018 1197 2108 1234 nec
2127 1180 2352 1235 inuentus
2370 1190 2442 1235 est
2460 1180 2607 1234 dolus
2631 1180 2683 1232 in
2703 1196 2787 1233 ore
2804 1180 2914 1249 ejus
2943 1178 2983 1249 (Ι
3007 1178 3148 1234 Petr.
3172 1195 3227 1244 tt,
3249 1179 3361 1250 22).
3384 1179 3596 1235 Nullum

2022 1286 2258 1341 prorsus,
2292 1286 2391 1327 nec
2421 1270 2678 1326 trahendo
2695 1310 2713 1336 ,
2740 1284 2839 1325 nec
2867 1268 3109 1324 addendo
3136 1286 3151 1322 :
3181 1269 3383 1324 nullum
3408 1285 3598 1338 peccs-

2023 1369 2133 1415 tum
2153 1360 2357 1429 habuit,
2381 1375 2481 1433 nec
2504 1359 2745 1429 originis,
2771 1374 2871 1414 nec
2895 1359 3121 1431 propria:
3144 1359 3451 1428 iniquitatis.
3473 1359 3598 1416 Ori-

2018 1451 2194 1522 ginum
2220 1450 2368 1521 virgo
2387 1449 2748 1514 demonstrat;
2776 1450 3107 1504 conversatio
3126 1464 3253 1505 vero
3276 1449 3393 1519 ejus
3411 1457 3595 1505 sancta

2020 1543 2147 1599 satis
2190 1542 2421 1598 ostendit
2465 1541 2593 1596 nihil
2641 1557 2762 1597 eum
2807 1539 2996 1595 fecisse
3041 1540 3180 1596 unde
3221 1540 3412 1611 dignus
3452 1552 3597 1596 esset

2020 1644 2208 1690 morte.
2261 1635 2383 1689 Ideo
2427 1633 2501 1687 ait
2538 1651 2551 1687 :
2595 1632 2726 1687 Ecce
2766 1633 2895 1687 venit
2945 1633 3175 1703 princeps
3223 1632 3375 1703 hujus
3421 1634 3600 1687 M

2021 1727 2310 1797 (diabolum
2335 1726 2663 1796 signiﬁcans)
2681 1767 2696 1791 ,
2724 1735 2773 1779 et
2798 1725 2850 1779 in
2874 1740 2953 1777 me
2976 1724 3104 1777 nihil
3129 1724 3357 1777 intueniet.
3381 1721 3499 1777 Non
3517 1724 3599 1778 in-

2023 1819 2198 1874 veniet
2234 1833 2397 1886 qttare
2438 1833 2522 1873 nte
2563 1816 2768 1873 occidat
2810 1816 3056 1885 princeps
3098 1816 3304 1879 mortis.
3341 1816 3405 1869 Et
3434 1831 3600 1885 quare

2018 1923 2148 1977 ergo
2190 1909 2451 1962 moreris?
2490 1906 2594 1962 Sed
2635 1916 2690 1960 ut
2731 1907 2890 1960 sciant
2932 1922 3102 1959 omnes
3136 1906 3253 1975 quia
3293 1904 3599 1961 voluntatem

2022 1997 2194 2053 Patris
2222 1999 2319 2052 mei
2347 1998 2500 2069 facio,
2529 2014 2702 2051 eamus
2729 1996 2844 2050 hinc
2860 1994 3038 2065 (Joau.
3068 2010 3180 2057 xw,
3209 1994 3278 2050 30
3298 2004 3351 2047 et
3383 1996 3500 2064 5|).
3535 1995 3601 2050 Et

2022 2087 2257 2160 perrexit
2283 2087 2348 2143 ad
2376 2087 2676 2158 passionem
2715 2086 2932 2151 mortis,
2970 2095 3195 2139 mortem
3225 2084 3597 2153 voluntariam,

2022 2196 2128 2236 non
2148 2181 2499 2246 necessitatis,
2521 2180 2618 2237 sed
2633 2180 2856 2234 arbitrii.
2883 2178 3186 2233 Potestatent
3203 2179 3359 2234 habeo
3380 2182 3601 2248 penetrati

2021 2268 2242 2325 animam
2261 2286 2445 2335 meum,
2467 2280 2513 2325 et
2533 2279 2823 2341 potestatem
2842 2270 2996 2324 habeo
3017 2269 3195 2322 iterum
3216 2269 3446 2323 sumendi
3464 2286 3595 2323 eam.

2025 2360 2190 2416 Nemo
2211 2361 2338 2416 tollit
2358 2378 2467 2415 eum
2493 2378 2524 2413 α
2547 2377 2642 2426 me,
2665 2359 2753 2414 sed
2771 2377 2861 2430 ego
2886 2375 3018 2430 pono
3036 2374 3164 2424 eam,
3189 2366 3237 2412 et
3256 2361 3439 2412 iterum
3454 2375 3602 2414 sumo

2022 2468 2133 2507 eam
2166 2450 2277 2520 (Id.
2306 2466 2339 2505 ι
2359 2492 2374 2518 ,
2407 2451 2493 2513 Π.
2524 2449 2632 2521 18).
2661 2449 2716 2506 Si
2748 2450 2955 2505 miraris
2981 2459 3297 2520 poteatatem
3316 2488 3334 2515 ,
3362 2448 3604 2519 intelligo

2023 2546 2374 2616 majesuntcm.
2399 2543 2470 2601 Ut
2496 2545 2637 2600 Deus
2662 2545 2889 2614 loquitur
2907 2585 2921 2609 ,
2951 2542 3195 2601 Christus
3222 2544 3474 2613 loquitur.

2095 2638 2182 2694 10.
2225 2638 2569 2705 Quorumdam
2606 2637 2847 2691 sententia
2876 2638 2938 2689 tle
2965 2634 3075 2689 loco
3102 2634 3348 2704 Apostoli.
3392 2634 3467 2689 De
3493 2647 3606 2703 quo

2023 2744 2151 2801 ergo
2187 2741 2403 2801 peccato
2437 2729 2708 2785 damnavit
2737 2728 3048 2798 peccatum?
3078 2727 3456 2782 lntellexerunt
3477 2724 3607 2794 qui-

2022 2819 2178 2888 dam,
2207 2830 2262 2876 et
2292 2828 2647 2891 pervenerunt
2674 2817 2740 2874 ad
2771 2833 2985 2872 sensum
3012 2832 3120 2872 non
3147 2812 3464 2885 improbum.
3493 2813 3607 2869 Sed

2026 2921 2201 2966 tamen
2229 2910 2352 2980 quid
2376 2909 2567 2965 dixerit
2588 2907 2876 2978 Apostolus
2893 2948 2908 2972 ,
2935 2916 3188 2977 quantum
3213 2905 3342 2960 mihi
3369 2904 3605 2971 videtur,

2025 3000 2274 3070 indagare
2303 2999 2519 3055 minime
2548 3007 2847 3069 potuerunt.
2878 2997 3011 3052 Rem
3053 3007 3230 3053 tamen
3269 3013 3377 3052 non
3406 2997 3608 3052 malum

2023 3091 2269 3145 dixerunt
2297 3107 2310 3143 :
2340 3089 2478 3145 hanc
2506 3088 2656 3144 vobis
2680 3089 2826 3158 prius
2849 3087 2992 3152 dico,
3022 3097 3077 3142 et
3099 3086 3289 3142 deinde
3317 3086 3444 3157 quid
3470 3085 3609 3141 mihi

2025 3182 2290 3246 videatur,
2317 3191 2371 3238 et
2395 3181 2535 3252 quod
2564 3180 2677 3251 ipsa
2703 3180 2974 3249 Scriptura
3003 3178 3178 3233 divina
3207 3177 3453 3233 ostendat
3476 3193 3608 3234 esse

2024 3274 2378 3328 verissimum.
2395 3273 2528 3328 Cum
2545 3272 2879 3327 turbarentur
2899 3268 2971 3343 (a)
3006 3287 3019 3324 :
3047 3270 3123 3325 De
3145 3282 3249 3339 quo
3271 3277 3493 3340 peccato
3512 3269 3612 3323 da—

2024 3366 2223 3420 mnavit
2248 3364 2555 3435 peccatum?
2568 3364 2803 3419 Habebat
2815 3370 3085 3433 peccatum
3096 3364 3121 3414 'l
3133 3362 3232 3416 hoc
3243 3361 3515 3427 dixerunt,
3531 3363 3610 3418 De

2024 3467 2226 3527 peccato
2246 3457 2500 3511 danmauit
2519 3465 2797 3527 peccatum,
2819 3455 2886 3511 de
2907 3465 3123 3525 peccato
3143 3472 3248 3527 non
3268 3469 3400 3520 suo;
3424 3465 3608 3511 mea

2026 3549 2090 3602 tle
2118 3556 2319 3617 peccato
2343 3547 2599 3601 damnavit
2622 3557 2898 3617 peccatum.
2929 3546 2985 3602 Si
3009 3562 3140 3617 ergo
3163 3561 3268 3602 non
3298 3546 3366 3603 de
3389 3560 3513 3608 suo.
3536 3547 3611 3603 de

2024 3639 2213 3711 cujus?
2238 3641 2316 3695 De
2339 3648 2555 3710 peccato
2572 3638 2742 3704 ludat,
2769 3638 2837 3694 de
2862 3648 3078 3709 peccato
3099 3637 3425 3695 Juda‘orom.
3449 3636 3610 3695 Unde

2024 3731 2167 3785 enim
2206 3729 2341 3785 fudit
2376 3730 2684 3800 sanguinem
2730 3730 2783 3783 in
2829 3728 3195 3785 remissionem
3226 3730 3608 3799 peccatorum?

2025 3822 2159 3889 Quia
2195 3822 2478 3877 cruciﬁxus
2515 3832 2599 3876 est
2631 3836 2664 3875 a
2690 3820 2889 3876 induis
2905 3822 2946 3875 ².
2977 3819 3095 3888 Quo
3131 3819 3411 3885 tradente!
3434 3820 3603 3876 luds.

2031 3912 2194 3968 ludtei
2221 3913 2432 3983 quando
2461 3914 2606 3968 illum
2635 3912 2969 3977 occiderunt,
2999 3911 3162 3967 ludas
3184 3911 3333 3966 illum
3363 3911 3602 3967 tradidit.

2028 4004 2171 4057 liene
2215 4004 2486 4070 iecerunt,
2516 4019 2582 4057 an
2622 4002 3012 4073 peccaverunt?
3045 4003 3423 4058 Peccaveram.
3463 4003 3605 4060 Ecce

2028 4092 2095 4146 de
2130 4108 2235 4162 quo
2279 4103 2493 4162 peccato
2535 4091 2805 4147 damnavit
2844 4101 3114 4162 peccatum
3143 4091 3186 4145 ³.
3216 4091 3360 4147 Bene
3401 4091 3603 4147 dictum

2029 4197 2130 4252 est,
2157 4194 2212 4238 et
2240 4200 2363 4239 vere
2389 4184 2587 4239 dictum
2613 4193 2716 4249 est,
2747 4185 2868 4254 quia
2891 4195 2945 4239 et
2967 4184 3034 4240 de
3056 4192 3273 4254 peccato
3294 4182 3599 4239 Judaei-um

2028 4276 2270 4331 Christus
2297 4275 2566 4330 damnavit
2599 4290 2758 4330 omine
2795 4284 3098 4345 peceatum,
3128 4275 3248 4343 quia
3286 4273 3392 4328 illis
3426 4288 3599 4344 persc-

2028 4366 2310 4436 quentihus
2347 4364 2482 4420 fudit
2508 4366 2816 4435 sanguinem
2835 4406 2850 4431 ,
2885 4378 2991 4434 quo
3016 4363 3209 4419 delevit
3232 4377 3394 4418 unum
3418 4377 3596 4434 pecca-

2032 4468 2159 4510 tum.
2196 4455 2569 4511 Verumtamen
2601 4454 2706 4509 alio
2742 4456 2860 4511 loco
2889 4455 3011 4510 vide
3043 4454 3166 4525 quid
3207 4453 3351 4508 dicat
3376 4455 3593 4525 Aposto-

2031 4550 2113 4602 lus
2140 4565 2153 4601 :
2183 4547 2289 4601 Pro
2313 4546 2511 4603 Christo
2528 4589 2544 4614 ,
2575 4547 2769 4617 inquit,
2798 4546 3043 4618 legatione
3060 4548 3337 4617 fungimur,
3366 4557 3592 4614 tauquam

2030 4635 2138 4691 Deo
2166 4638 2395 4690 hortante
2435 4652 2524 4706 per
2549 4653 2641 4691 nos
2670 4651 2690 4688 :
2716 4635 3031 4690 obsecramus
3059 4653 3150 4706 pro
3181 4635 3381 4690 Christo
3400 4678 3417 4701 ,
3448 4636 3497 4690 id
3521 4645 3596 4690 est

2033 4735 2280 4798 tanquam
2306 4726 2548 4781 Christus
2575 4741 2669 4781 vos
2694 4726 2965 4789 obsecret,
3000 4741 3094 4794 pro
3118 4725 3207 4781 illo
3234 4740 3332 4781 vos
3358 4725 3597 4780 obsecra-

2031 4835 2149 4873 mus
2167 4859 2182 4883 ,
2211 4817 2526 4872 reconciliari
2550 4814 2678 4871 Deo.
2711 4817 2778 4871 Et
2802 4817 3039 4887 sequitur
3063 4833 3081 4871 :
3111 4815 3243 4869 Eum
3268 4816 3361 4885 qui
3383 4832 3485 4870 non
3507 4830 3597 4868 no-

2030 4917 2168 4962 serat
2191 4918 2467 4979 peccatum.
2499 4907 2637 4961 Decus
2660 4907 2743 4961 cui
2771 4922 2864 4960 vos
2885 4907 3227 4961 obsecramus
3251 4905 3597 4969 reconciliari.

2030 5016 2151 5056 eum
2170 5000 2261 5071 qui
2282 5015 2386 5054 non
2410 5006 2630 5054 noverat
2649 5007 2943 5068 peceatum,
2966 4997 3019 5053 id
3038 5009 3120 5053 est
3132 4996 3402 5053 Christum
3420 4999 3598 5059 Deum.

2030 5106 2152 5146 eum
2177 5090 2446 5145 Christum
2470 5130 2485 5155 ,
2511 5088 2600 5158 qui
2635 5103 2739 5143 non
2768 5098 2987 5143 noverat
3014 5097 3282 5158 peceatum
3302 5125 3320 5150 ,
3352 5100 3606 5157 pacatus:

2035 5197 2127 5251 pro
2153 5180 2294 5234 nobis
2318 5180 2455 5248 fecit,
2482 5189 2535 5233 ut
2561 5194 2654 5233 nos
2674 5178 2832 5232 simus
2849 5177 3046 5248 iustitia
3064 5175 3162 5231 Dei
3186 5176 3238 5230 in
3262 5176 3374 5245 ipso
3399 5175 3469 5245 ιιι
3491 5173 3605 5231 Car.

2036 5287 2103 5338 ν,
2130 5270 2231 5335 90,
2262 5269 2376 5340 ﬁl).
2423 5268 2683 5340 Numquid
2730 5267 2818 5323 hic
2862 5275 3033 5337 potest
3076 5265 3292 5336 intelligi
3333 5276 3611 5336 peccatum

2098 5424 2113 5488 ξ
2139 5420 2318 5482 Florus,
2340 5426 2585 5488 peccatum
2599 5418 2780 5488 (inrisit
2805 5426 2852 5471 et
2870 5418 3138 5488 dtannatit,_
3346 5476 3361 5488 .

2279 5474 2399 5542 cuia,
2443 5481 2565 5543 ουὶα
2595 5478 2861 5545 cruciﬁxus
2878 5486 2963 5531 est.
2989 5492 3023 5528 Α
3036 5480 3208 5543 quibus
3223 5474 3618 5542 σῶμα]

2365 5611 2445 5653 διδ.
2492 5617 2590 5653 cor.
2629 5604 2724 5665 [an
2770 5609 3094 5667 peccaverunt.
3155 5610 3274 5652 rene
3308 5599 3615 5665 diducat,

2037 5666 2171 5786 mihi)
2195 5732 2348 5783 Forte,
2371 5726 2798 5787 interrogarentur.
