3910 6184
241 330 385 410 ω’

235 471 421 534 Juba,
451 471 723 535 peccatum
768 458 1103 523 Iudaeorum,
1134 462 1409 524 peccatum
1450 450 1704 520 cujusque
1733 445 1814 500 alo

239 566 406 620 terius
452 556 723 614 hominis:
750 567 870 608 cum
895 549 1117 606 audias:
1148 546 1283 600 Eum
1325 544 1409 614 qtti
1463 559 1562 596 non
1607 545 1811 593 noverat

241 664 498 726 peccatum
513 692 529 715 ,
551 656 806 718 peccatum
831 659 924 715 pro
944 641 1084 694 nobis
1110 638 1227 708 fecit
1244 633 1442 703 Σ)ραὶδῖ
1459 630 1654 702 quem?
1678 629 1822 684 Deus

238 725 528 801 Christum.
558 740 698 795 Deus
723 734 992 791 Christum
1034 730 1157 785 fecit
1197 742 1292 797 pro
1331 725 1484 780 nobis
1526 730 1819 794 peccatmn.

241 837 354 893 Non
383 832 536 896 dixit,
564 827 710 884 Fecit
736 840 832 896 pro
862 822 1015 878 nobis
1047 828 1389 891 peccantem;
1417 814 1533 878 sed,
1564 811 1680 883 fecit
1708 824 1821 862 eum

241 935 518 996 peccatum.
548 920 605 975 Si
635 917 784 973 nefas
805 925 885 970 est
908 913 1086 967 dicere
1113 922 1362 983 peccasse
1385 905 1675 966 Christum,
1704 899 1824 970 quis

243 1020 380 1072 ferat
407 1005 680 1084 peccatum
710 1020 829 1061 esse
855 999 1163 1058 Christum?
1194 999 1261 1054 Et
1297 1006 1473 1050 tamen
1506 1008 1607 1047 non
1640 1005 1822 1061 possu-

246 1124 367 1163 mus
389 1102 646 1175 Apostolo
668 1095 1052 1154 contradicere.
1081 1092 1194 1146 Non
1222 1091 1269 1145 ei
1298 1101 1575 1159 possumus
1606 1084 1782 1138 dicere
1808 1100 1822 1137 ε

244 1196 381 1261 Quid
405 1173 650 1262 estquod
677 1183 948 1259 loqueris?
978 1183 1033 1238 Si
1059 1181 1202 1238 enim
1231 1180 1332 1234 hoc
1354 1176 1606 1246 Apostolo
1629 1173 1825 1228 dixeri-

247 1306 401 1355 mus,
430 1285 529 1357 ipsi
562 1282 777 1337 Christo
813 1278 1057 1333 dicimus.
1102 1274 1191 1339 Ait
1229 1272 1370 1328 enim
1410 1268 1516 1324 alio
1555 1267 1672 1321 loco
1701 1283 1716 1321 :
1747 1265 1825 1317 An

243 1380 397 1436 ruitis
421 1376 809 1448 experimentum
846 1371 953 1441 ejus
978 1366 1234 1437 accipere,
1279 1362 1365 1433 qui
1400 1361 1452 1414 in
1487 1376 1564 1412 me
1608 1357 1827 1425 loquitur

245 1472 481 1528 Christus
510 1466 575 1539 (ll
599 1463 717 1518 Cor.
746 1476 869 1525 xm,
896 1456 996 1529 5)?

322 1562 409 1616 Η.
452 1538 627 1613 Verior
652 1549 991 1624 interpretatio
1035 1544 1283 1617 Apostoli.
1313 1538 1545 1598 Christus
1569 1546 1827 1609 peccatum

249 1656 416 1721 {artus
465 1644 733 1719 quomodo.
776 1640 912 1711 Quid
957 1641 1115 1711 igitur
1135 1635 1262 1691 est?
1295 1633 1543 1688 lutendat
1586 1629 1827 1685 Charitas

249 1716 424 1795 rostra
448 1716 693 1807 magnum
716 1732 986 1801 altumque
1007 1725 1337 1796 mysterium.
1365 1720 1571 1777 Felices
1593 1719 1761 1781 eritis,
1782 1716 1826 1770 si

249 1830 576 1885 intellectum
602 1820 914 1886 dilexeritis,
954 1827 1009 1873 et
1037 1816 1101 1872 ad
1124 1816 1376 1870 dilectum
1408 1810 1758 1884 perveneritis
1787 1810 1825 1863 ⁸.

251 1922 494 1981 I‘rorsus,
521 1928 736 1985 prorsus
760 1908 1002 1965 Christus
1026 1906 1281 1960 Dominus
1308 1914 1507 1967 noster,
1531 1900 1687 1955 Jesus
1707 1897 1828 1952 Sal—

248 2020 404 2062 valor
432 2014 635 2070 noster,
658 2000 978 2069 Redemptor
1016 2004 1194 2050 noster
1220 2002 1495 2063 peccatum
1524 1990 1688 2044 factus
1725 1996 1828 2054 est,

253 2112 313 2154 ut
340 2115 439 2155 nos
457 2092 917 2163 essemusjustitia
934 2089 1027 2145 Dei
1050 2088 1101 2141 in
1130 2086 1264 2156 ipso.
1291 2082 1611 2153 Quomodo?
1640 2080 1832 2135 Audite

252 2195 472 2262 Legem.
502 2188 602 2257 Qui
620 2192 899 2248 noverunt,
920 2181 1094 2237 sciunt
1136 2176 1276 2249 quod
1305 2177 1426 2231 dico
1465 2193 1477 2228 :
1524 2170 1578 2228 et
1597 2173 1686 2243 qui
1718 2188 1825 2226 non

253 2287 539 2343 noverunt,
568 2279 762 2347 legant,
784 2273 868 2327 vel
898 2270 1134 2324 audiant.
1168 2266 1224 2320 In
1253 2265 1400 2335 Lege
1431 2270 1650 2335 peccata
1680 2277 1837 2315 voca-

254 2376 453 2427 bantur
481 2369 641 2425 etiam
686 2364 969 2429 sacrificia,
997 2376 1114 2431 qum
1146 2372 1242 2430 pro
1278 2355 1511 2426 peccatis
1535 2353 1833 2410 offereban—

253 2476 372 2518 tur.
425 2457 620 2523 llabes,
660 2473 779 2513 cum
823 2455 1037 2509 victima
1077 2465 1175 2520 pro
1222 2455 1439 2518 peccato
1461 2444 1833 2509 adduceretur,

254 2556 387 2609 dicit
416 2553 550 2618 Lex,
587 2547 786 2602 Ponant
804 2559 987 2599 manus
1031 2556 1149 2595 suas
1180 2536 1461 2592 sacerdotes
1486 2551 1637 2602 super
1664 2550 1841 2606 pecca-

256 2658 366 2697 tum
395 2641 597 2714 (Leuit.
625 2654 675 2693 tv
706 2637 765 2709 );
797 2635 849 2689 id
869 2642 971 2699 est,
993 2646 1157 2701 super
1175 2628 1444 2683 victimam
1474 2643 1570 2697 pro
1601 2634 1837 2698 peccato.

258 2734 329 2789 Et
357 2731 500 2804 quod
525 2738 608 2786 est
631 2725 770 2781 aliud
796 2741 953 2795 quam
980 2721 1223 2776 Christus
1248 2717 1565 2797 sacriﬁcium
1587 2733 1685 2788 pro
1710 2731 1838 2787 pec-

255 2823 427 2879 cato?
455 2821 602 2876 Sicut
632 2828 679 2874 ct
706 2815 955 2877 Christus,
984 2811 1173 2881 inquit,
1204 2806 1381 2863 dilexit
1412 2824 1516 2869 vos,
1544 2816 1589 2861 et
1632 2805 1840 2859 tradidit

258 2912 586 2981 semetipsum
606 2923 697 2979 pro
722 2906 857 2960 vobis
877 2901 1180 2958 oblationem
1205 2907 1248 2952 et
1278 2898 1491 2953 hostiam
1516 2893 1622 2950 Deo
1649 2897 1701 2949 in
1727 2894 1844 2950 odo-

259 3023 373 3060 rem
419 2977 717 3069 suavitatis(
754 2998 940 3067 Ephes.
975 3010 1027 3059 v,
1056 2990 1093 3046 2
1124 2991 1164 3062 ).
1194 2990 1332 3045 Ecce
1372 2977 1438 3044 de
1484 3003 1588 3058 quo
1627 2996 1843 3057 peccato

260 3092 540 3150 damnavit
568 3098 838 3160 peccatum
866 3104 878 3139 :
903 3085 970 3139 de
990 3080 1254 3153 sacriﬁcio
1282 3078 1421 3149 quod
1450 3075 1621 3132 factus
1641 3087 1721 3132 est
1747 3092 1843 3147 pro

266 3183 524 3257 pacatis,
551 3179 673 3235 inde
714 3176 982 3232 damnavit
1022 3181 1316 3244 peccatum.
1357 3169 1470 3239 lpsa
1498 3179 1577 3224 est
1607 3167 1710 3221 Lex
1736 3169 1845 3240 δρί-

265 3278 397 3331 ritus
424 3276 555 3335 vitta,
581 3287 698 3343 qum
724 3267 947 3323 liberavit
971 3275 1016 3320 te
1042 3284 1070 3317 a
1099 3263 1203 3335 lege
1226 3263 1413 3332 peccati
1433 3271 1477 3315 et
1504 3262 1693 3316 mortis.
1714 3260 1845 3328 Quia

266 3370 358 3423 lex
399 3365 488 3419 illa
514 3360 809 3428 altera,ch
834 3359 1043 3423 litteras,
1076 3356 1156 3410 lex
1183 3354 1397 3423 jnbeus,
1440 3351 1576 3406 bona
1607 3362 1688 3407 est
1729 3353 1849 3423 qui-

268 3458 395 3513 dem
419 3474 435 3521 ;
484 3453 804 3517 Mandatum,
826 3459 1077 3514 sanctum,
1099 3456 1143 3501 et
1173 3446 1394 3516 justum,
1422 3455 1467 3497 et
1496 3444 1679 3498 bonum
1710 3461 1727 3498 :
1755 3444 1847 3499 sed

268 3547 625 3619 mﬁrmabatur
669 3559 757 3613 per
803 3555 1037 3604 carnem;
1066 3536 1288 3606 etquod
1332 3535 1570 3605 jnbebat,
1601 3534 1651 3588 in
1698 3535 1851 3588 nobis

270 3638 481 3710 impleri
504 3652 608 3691 non
637 3641 862 3705 poterat.
885 3632 1000 3685 Alia
1018 3645 1145 3700 ergo
1167 3629 1272 3694 lex,
1297 3628 1545 3682 utdiccrc
1561 3642 1847 3695 creperum,

271 3732 370 3787 tibi
395 3727 643 3784 ostendat
671 3734 968 3796 peccatum,
1014 3722 1117 3774 alia
1169 3720 1355 3774 tollat:
1385 3717 1626 3772 ostendat
1662 3732 1863 3789 pecca-r

286 3838 399 3880 tum
427 3825 511 3877 lex
538 3822 748 3883 litterae,
783 3815 927 3871 tollat
954 3822 1227 3885 peccatum
1257 3812 1337 3865 lex
1366 3810 1570 3880 gratiae.

771 3905 999 3964 SEltMO
1018 3904 1169 3960 cun
1187 3907 1204 3925 ο
1227 3903 1325 3975 (a).

278 4008 359 4063 De
393 4005 552 4060 verbis
582 4000 829 4071 Apostoti,
859 3999 1011 4054 Rom.
1042 4012 1134 4059 vn,
1163 3995 1318 4057 5-15,
1369 3992 1501 4048 Cum
1532 4007 1772 4053 essemus
1802 3991 1854 4045 in

348 4111 532 4154 carne,
561 4092 834 4160 passiones
860 4092 1193 4158 peccatorum
1221 4098 1340 4152 qua:
1364 4098 1456 4152 per
1482 4083 1676 4152 Legem
1705 4088 1852 4146 sunt,

347 4184 709 4257 cperahautur
738 4182 789 4233 in
812 4176 1063 4233 membris
1080 4175 1294 4241 nostris,
1319 4182 1374 4226 ut
1406 4173 1631 4227 fructum
1659 4170 1859 4225 ferrent

349 4275 532 4340 morti,
563 4284 658 4327 etc.
683 4271 869 4325 Contra
897 4267 1207 4322 Manicltteos
1228 4274 1417 4335 aperte,
1441 4272 1486 4317 et
1508 4263 1656 4316 tacite
1682 4273 1859 4315 contra

350 4367 659 4436 Pelagianos
680 4362 750 4434 (b)
764 4400 776 4412 .

346 4456 576 4517 C.\PUT
618 4451 899 4509 PRIMUM.
925 4480 998 4493 --—
1031 4451 1076 4504 ι.
1123 4447 1287 4502 Locus
1330 4446 1558 4518 Apostolt'
1601 4461 1861 4516 exponen-

276 4552 374 4604 dus
402 4563 553 4617 quam
575 4545 807 4615 difﬁcilis.
832 4539 1162 4608 Audit-imus,
1183 4537 1622 4608 concorditerque
1645 4552 1860 4607 respon-

274 4642 480 4704 dimus,
506 4646 560 4692 et
583 4637 691 4692 Deo
717 4643 898 4690 nostro
923 4646 1154 4688 consona
1174 4646 1301 4686 voce
1316 4631 1649 4686 cantavimus
1682 4648 1695 4685 :
1727 4629 1860 4684 Bea-

276 4745 356 4787 tus
384 4731 462 4784 vir
480 4744 623 4800 quem
647 4736 703 4783 tu
727 4724 989 4786 erudieris,
1010 4721 1245 4784 Domine,
1274 4730 1321 4774 et
1348 4736 1411 4774 ea:
1428 4721 1536 4791 lege
1562 4731 1648 4773 tua
1675 4720 1860 4774 docue-

277 4827 496 4897 risfum
524 4820 545 4892 (
571 4818 713 4873 Psal.
746 4832 895 4881 xcm,
955 4814 1021 4868 12
1052 4816 1091 4883 ).
1145 4812 1429 4868 Silentium
1470 4812 1514 4865 si
1561 4811 1858 4880 pta-beatis.

277 4912 535 4969 audietis.
589 4908 706 4964 Non
748 4905 954 4961 invenit
996 4905 1169 4958 locum
1202 4902 1482 4971 sapientia,
1529 4900 1616 4955 ubi
1648 4915 1750 4956 non
1782 4910 1865 4956 est

281 5001 563 5072 patientia.
591 4998 699 5054 Nos
718 4996 1003 5066 loquimur,
1026 4991 1122 5049 sed
1147 4992 1321 5048 erudit
1345 4992 1485 5046 Deus
1516 5007 1529 5043 :
1561 5005 1660 5045 nos
1690 4990 1863 5061 loqui-

280 5112 426 5163 mur,
459 5092 552 5149 sed
596 5092 734 5146 Dens
783 5088 962 5143 docet.
990 5086 1105 5141 Non
1151 5085 1293 5140 enim
1340 5084 1527 5138 beatus
1562 5082 1736 5138 dictus
1776 5090 1862 5137 est

279 5202 448 5258 quem
474 5183 631 5238 docet
657 5180 840 5243 homo,
867 5175 959 5232 sed
977 5192 1122 5244 quem
1147 5186 1199 5228 tu
1222 5173 1481 5237 erudieris,
1504 5170 1736 5227 Domine.
1760 5170 1867 5229 Nos

350 5338 366 5367 ι
394 5340 477 5383 us.
503 5345 626 5389 eor.,
649 5326 949 5395 perueniens.

348 5421 365 5437 ⁶
392 5418 659 5480 Castigatus
699 5414 760 5464 ad
795 5426 842 5463 a.
880 5413 965 5462 bn.
1005 5411 1065 5463 cl.
1091 5410 1169 5461 ch.
1208 5408 1241 5457 f.
1268 5406 1324 5458 is.
1350 5422 1400 5471 g.
1448 5407 1504 5456 lr.
1548 5420 1613 5456 tn.
1650 5421 1719 5470 pr.
1776 5422 1869 5457 rm.

287 5487 368 5530 ω.
402 5490 504 5529 Ain.
544 5484 618 5528 Er.
656 5485 759 5527 Par.
781 5482 891 5524 Lor.

348 5562 424 5685 ig;
446 5553 1233 5689 tngeda‘glzztdﬁ:
1261 5612 1874 5689 totumferetranseripsit

288 5677 469 5734 Florus.
504 5684 660 5748 huius
681 5683 827 5748 etiam
849 5679 1082 5748 meminit
1250 5677 1539 5748 Augustinus
1560 5677 1608 5724 in
1647 5677 1873 5726 serman

286 5746 537 5810 sequenti,
561 5744 790 5809 tmtridie
814 5738 939 5807 apud
961 5737 1295 5803 ('artbtigiucm
1320 5737 1640 5802 pronuntiato.

1639 326 1866 392 SERMO
1903 326 2082 384 CLIII.

3389 318 3495 376 896

1929 445 2165 513 planiore
2216 452 2495 510 possumus
2522 445 2577 492 et
2620 434 2791 506 rigare
2814 450 2826 487 :
2848 431 2944 489 sed
2977 431 3072 489 Dei
3097 441 3179 489 est
3204 433 3497 490 incremen-

1926 542 2038 587 tum
2062 530 2190 585 dare
2217 532 2235 596 (
2263 528 2281 582 ι
2312 528 2428 587 Cor.
2454 544 2533 595 ιιι,
2564 527 2596 583 7
2615 528 2657 599 ).
2688 526 2788 594 Qui
2833 524 3033 595 plantat
3050 533 3106 579 et
3134 525 3220 594 qui
3249 524 3405 594 rigat,
3426 524 3497 577 fo-

1925 623 2165 678 rinsecus
2213 628 2464 689 Operatur
2496 635 2508 669 :
2552 618 2639 688 qui
2670 615 2760 673 dat
2804 616 3213 678 incrementum,
3245 613 3496 668 intrinse-

1924 729 2018 768 cus
2044 713 2347 782 opitulatur.
2395 710 2524 778 Qua:
2554 708 2709 763 nobis
2746 708 2903 762 lectio
2947 706 3014 761 de
3059 705 3227 759 sancti
3259 704 3500 773 Apostoli

1925 776 2156 873 Epistula
2190 776 2455 873 preposita
2499 802 2569 857 sit
2596 801 2660 854 ad
2693 798 3032 868 loquendum,
3066 814 3219 866 quam
3251 794 3499 857 difﬁcilis.
3596 776 3602 783 I

1926 914 2082 967 quam
2110 897 2392 961 latebrosa,
2422 891 2616 964 quam(
2650 893 2695 946 si
2736 907 2838 946 non
2893 889 3219 958 intelligatur
3246 895 3337 940 aut
3365 884 3503 938 male

1928 987 2247 1057 intelligatur
2272 983 2597 1059 )periculosa
2621 1000 2637 1049 ;
2668 992 2815 1052 puto,
2840 978 3054 1043 fratres,
3083 978 3190 1031 imo
3219 975 3350 1041 scio,
3382 975 3502 1044 quia

1928 1079 2205 1133 nobiscum
2249 1076 2580 1138 recitaretur,
2603 1073 2862 1136 audistis;
2910 1080 2965 1125 et
3009 1067 3321 1132 lluctnastis,
3344 1066 3387 1120 si
3415 1065 3508 1119 atl-

1928 1167 2194 1233 vertistis;
2225 1175 2317 1220 aut
2342 1166 2388 1220 si
2434 1164 2592 1233 aliqui
2627 1171 2681 1218 et
2722 1159 3079 1223 intellexistis,
3103 1173 3259 1227 quam
3294 1156 3363 1210 sit
3413 1169 3505 1208 ar-

1928 1258 2090 1313 duum
2114 1259 2229 1314 sine
2245 1256 2573 1313 dubitatione
2600 1254 2823 1309 vidistis.
2852 1251 3000 1308 Hanc
3022 1251 3197 1321 itaque
3224 1249 3504 1304 lectionem

1931 1361 2206 1421 totumque
2234 1350 2405 1421 ipsum
2432 1347 2714 1402 molestum
2748 1354 2802 1401 et
2827 1347 3135 1409 obscurum,
3166 1339 3262 1397 sed
3308 1339 3509 1394 intelli-

1928 1443 2173 1514 gentibus
2217 1441 2480 1495 salubrem
2507 1437 2757 1508 Epistola:
2786 1434 3026 1505 Apostoli
3068 1434 3240 1487 locum
3271 1431 3509 1501 suscepi-

1931 1550 2067 1597 mus,
2100 1533 2383 1603 adjuvante
2409 1527 2765 1584 misericordia
2793 1527 2908 1594 Dei,
2947 1540 3214 1595 exponere
3240 1523 3510 1578 disseren-

1930 1624 2020 1679 do.
2051 1623 2305 1680 Charitati
2326 1633 2518 1677 vestra:
2564 1619 2833 1675 debitores
2869 1632 2968 1672 nos
2996 1633 3114 1672 esse
3131 1616 3264 1683 scio,
3285 1624 3508 1670 exacto—

1931 1730 2018 1771 res
2043 1730 2136 1770 vos
2161 1730 2283 1770 esse
2312 1714 2507 1768 sentio.
2539 1710 2997 1778 Quemadmodum
3027 1724 3144 1775 nos,
3179 1716 3233 1761 ut
3257 1708 3356 1762 ista
3388 1722 3509 1777 pert

1931 1804 2160 1874 cipiatis,
2191 1819 2405 1859 oramus
2434 1823 2446 1856 :
2489 1803 2567 1858 sic
2603 1812 2656 1857 et
2687 1816 2778 1854 vos
2806 1810 2972 1863 orate,
3006 1807 3137 1852 utea
3163 1797 3312 1851 vobis
3329 1796 3503 1866 expli-

1932 1911 2055 1951 care
2072 1896 2361 1949 valeamus.
2393 1893 2449 1949 Si
2479 1893 2622 1948 enim
2670 1891 2841 1946 oratio
2882 1900 3060 1944 nostra
3088 1887 3414 1952 concordet;
3462 1897 3517 1943 et

1934 2003 2029 2045 vos
2056 1988 2213 2043 faciet
2250 1988 2387 2042 Deus
2435 1986 2655 2040 idoneos
2686 1982 2983 2047 auditores,
3015 1992 3068 2036 et
3094 1996 3195 2035 nos
3221 1979 3384 2035 debiti
3413 1978 3517 2035 hu-

1929 2077 2019 2150 jus
2046 2078 2382 2134 ﬁdelissimos
2402 2075 2724 2130 reddituros.

2007 2167 2230 2223 CAPUT
2255 2166 2450 2222 ll.—-2.
2474 2162 2587 2218 Hoc
2606 2165 2715 2218 loco
2731 2162 3001 2216 abutuntur
3025 2160 3520 2217 Maniclta'i.-Cum

1938 2259 2069 2313 enim
2089 2274 2309 2313 essemus
2344 2258 2397 2310 in
2426 2271 2597 2321 carne,
2625 2255 2700 2308 ait
2725 2253 3030 2323 Apostolus,
3060 2252 3316 2321 passiones
3346 2268 3523 2320 pecca-

1941 2360 2103 2403 torum
2131 2364 2244 2418 qua:
2284 2363 2373 2418 per
2409 2344 2591 2416 Legem
2636 2352 2776 2410 sunt,
2825 2340 3166 2410 aperabantur
3211 2340 3263 2393 in
3292 2334 3524 2394 membris

1941 2439 2144 2504 nostris,
2177 2449 2230 2492 ut
2251 2441 2471 2509 fractum
2512 2439 2700 2507 [errent
2745 2433 2912 2487 morti.
2969 2430 3065 2486 llic
3107 2428 3523 2502 videtur(quod

1943 2545 2047 2583 non
2074 2526 2488 2598 intelligentibus
2512 2525 2738 2594 primum
2776 2531 2832 2577 et
2855 2521 3055 2593 grande
3079 2522 3367 2590 periculum
3393 2530 3473 2576 est
3500 2520 3519 2590 )

1947 2621 2231 2693 Apostolus
2260 2614 2650 2687 reprehendere
2697 2623 2751 2669 et
2776 2614 2993 2684 culpare
3040 2612 3212 2682 legem
3248 2612 3359 2666 Dei.
3391 2611 3528 2666 Dicit

1943 2713 2153 2781 aliquis,
2177 2710 2327 2766 Absit
2341 2708 2444 2764 hoc
2460 2707 2525 2762 ab
2544 2708 2722 2761 animo
2738 2705 3141 2777 qualiscumque
3162 2701 3436 2758 christiani
3464 2704 3481 2734 ί
3511 2720 3524 2756 :

1945 2804 2065 2875 quis
2104 2803 2207 2857 hoc
2251 2800 2336 2856 vel
2364 2796 2582 2855 insanus
2612 2796 2807 2873 audeat
2829 2796 2896 2851 de
2944 2794 3202 2865 Apostolo
3231 2792 3530 2863 suspicari?

1946 2896 2012 2949 Et
2041 2903 2233 2957 tamen,
2265 2890 2454 2945 fratres
2477 2889 2601 2954 mei,
2630 2888 2790 2943 verba
2821 2887 2920 2941 ista
2949 2886 3088 2941 male
3123 2885 3413 2952 intellecta,
3447 2882 3530 2939 τοο

1948 2984 2127 3039 mitem
2157 2981 2375 3036 insanize
2404 2979 2567 3036 furori
2595 2977 3004 3034 Manichaeorum
3030 2975 3524 3035 subministrarem.

1949 3075 2219 3131 Manu-luci
2246 3074 2388 3129 enim
2419 3075 2591 3144 legem
2613 3072 2704 3127 Dei
2738 3086 2830 3140 per
2851 3070 3069 3141 Moysen
3112 3069 3311 3136 datam,
3341 3067 3527 3123 dicunt

1950 3183 2057 3223 non
2082 3184 2112 3221 a
2142 3167 2249 3221 Deo
2274 3164 2473 3232 datam,
2506 3171 2560 3219 et
2590 3177 2707 3219 eam
2744 3161 3031 3233 Evangelio
3057 3160 3381 3216 eommriam
3412 3173 3532 3215 esse

1951 3258 2295 3315 contendunt.
2337 3258 2402 3311 Et
2431 3256 2642 3327 quando
2670 3270 2792 3310 cum
2819 3256 2898 3310 eis
2948 3254 3143 3325 agitur,
3173 3252 3258 3308 his
3285 3253 3529 3309 testimo-

1952 3352 2055 3406 niis
2079 3350 2300 3419 apustuli
2330 3348 2473 3402 Pauli
2504 3364 2621 3419 qua:
2642 3362 2746 3402 non
2765 3346 3081 3416 intelligunt,
3113 3354 3378 3401 conantur
3402 3360 3536 3400 con-

1952 3443 2186 3504 vincere,
2239 3439 2362 3509 quid
2415 3439 2607 3504 dicam,
2650 3436 2941 3491 catholicos
2988 3451 3092 3490 non
3141 3436 3514 3505 intelligentes.

1955 3541 2008 3586 et
2037 3548 2139 3585 non
2171 3531 2342 3600 potius
2384 3529 2709 3599 negligentes
2736 3530 2759 3580 '!
2786 3526 2902 3581 Non
2929 3527 3071 3580 enim
3102 3526 3324 3580 multum
3353 3534 3457 3592 est,
3490 3526 3537 3581 si

1956 3625 2074 3693 quis
2100 3623 2227 3677 velit
2252 3636 2366 3676 esse
2396 3620 2641 3690 diligens,
2670 3628 2787 3688 post
2831 3619 3127 3674 calumnias
3177 3617 3245 3671 ab
3286 3616 3538 3675 lizeretico

1958 3715 2187 3777 auditas,
2214 3713 2401 3767 saltem
2428 3710 2768 3766 considerare
2791 3710 2843 3764 in
2870 3710 3053 3765 codice
3086 3709 3536 3764 circumstantiam

1960 3805 2401 3874 lectionis..Qund
2424 3806 2467 3858 si
2497 3804 2713 3869 fecerit;
2746 3803 2818 3858 ibi
2848 3817 2970 3856 mox
3010 3801 3242 3856 inveniet
3268 3801 3409 3857 unde
3447 3801 3541 3856 ad-

1964 3899 2255 3955 versarium
2270 3898 2542 3966 loquacem
2557 3894 2856 3964 redarguat,
2870 3892 3008 3947 unde
3025 3891 3203 3947 hostes
3215 3892 3368 3962 Legis
3380 3892 3544 3949 rebel-

1963 3994 2144 4063 lesque
2172 4000 2487 4061 prosternat.
2514 3990 2626 4044 Etsi
2647 3991 2788 4044 enim
2808 3988 2989 4043 tardus
3006 3999 3088 4043 est
3112 3988 3178 4042 ad
3201 3987 3541 4058 intelligenda

1963 4084 2120 4138 verba
2134 4086 2169 4135 Α
2183 4082 2389 4152 postoli,
2411 4079 2688 4135 manifesta
2704 4079 2775 4134 ibi
2792 4081 2904 4132 laus
2917 4086 3000 4134 est
3012 4093 3262 4148 expressa
3281 4079 3410 4148 legis
3426 4078 3542 4133 Dei.

2033 4177 2085 4231 3.
2120 4174 2517 4229 Manichaeorum
2538 4173 2791 4227 calumnia
2828 4171 3183 4242 refellendam:
3199 4170 3544 4242 consequenti-

1962 4270 2075 4324 bus.
2114 4266 2297 4321 \'idete
2319 4267 2462 4320 enim
2485 4266 2630 4334 prius
2650 4274 2703 4317 et
2720 4264 2998 4317 advertite.
3023 4263 3150 4317 Cum
3175 4265 3305 4318 enim
3331 4281 3547 4319 estcuius

1960 4362 2014 4415 in
2036 4376 2204 4422 carne,
2232 4359 2323 4423 ait,
2349 4358 2604 4428 passiones
2625 4365 2942 4426 peccatorum
2961 4372 3074 4426 quat
3093 4373 3182 4427 per
3204 4355 3387 4429 Legem
3405 4367 3542 4421 sunt,

1964 4449 2317 4520 sperabantur.
2336 4448 2430 4502 llic
2452 4448 2558 4517 jam
2584 4446 2903 4501 Manichacus
2916 4446 3070 4516 erigit
3092 4448 3379 4514 cervicem,
3400 4448 3547 4503 exaln

1967 4551 2042 4596 tat
2068 4555 2291 4599 cornua.
2333 4539 2539 4607 impetit
2583 4546 2655 4600 te,
2688 4534 2812 4590 facit
2841 4536 3094 4605 impetum
3128 4555 3140 4591 :
3169 4526 3329 4602 Ecce,
3357 4536 3545 4606 inquit.

1966 4631 2223 4702 passiones
2249 4638 2564 4700 peccatorum
2591 4641 2703 4697 qua:
2744 4642 2834 4696 per
2860 4624 3043 4697 Legem
3092 4635 3226 4681 sunt.
3264 4626 3548 4694 Quomodo

1970 4722 2104 4775 bona
2133 4728 2215 4775 est
2230 4720 2359 4784 Lex,
2385 4734 2479 4788 per
2506 4733 2664 4788 quam
2694 4717 2748 4770 in
2778 4715 2931 4771 nobis
2959 4727 3083 4770 sunt
3111 4717 3386 4785 passiones
3418 4732 3547 4787 pec-

1967 4820 2229 4880 catorum,
2257 4819 2311 4864 et
2336 4816 2623 4878 operantur
2644 4806 2695 4860 in
2713 4805 2966 4861 membris
2996 4807 3210 4870 nostris,
3243 4817 3299 4861 ut
3317 4805 3548 4863 fructum

1970 4902 2142 4955 ferant
2178 4897 2382 4953 morti?
2411 4896 2572 4966 Lege,
2623 4894 2951 4964 aliquantum
2998 4893 3339 4963 progredere,
3373 4903 3541 4947 totum

1970 4990 2090 5044 audi
2151 4988 2434 5060 patienter,
2506 4984 2620 5040 etsi
2670 4999 2777 5039 non
2834 4968 3210 5053 intelligentcr.
3245 4983 3356 5038 lloc
3405 4984 3548 5040 enim

1968 5080 2110 5151 quod
2136 5079 2228 5143 ait,
2265 5076 2531 5131 Passiones
2548 5083 2866 5144 peccatorum
2904 5088 3017 5144 quis
3059 5090 3148 5145 per
3190 5072 3374 5144 Legem
3410 5083 3549 5139 sunt,

1971 5170 2306 5243 operabantur
2331 5168 2384 5221 in
2413 5164 2643 5221 membris
2670 5165 2873 5225 nostris.
2906 5165 3125 5220 multum
3152 5173 3236 5221 est
3261 5174 3317 5219 ut
3345 5164 3548 5220 intelli-

1970 5278 2066 5334 gas
2097 5280 2111 5317 :
2140 5261 2232 5316 sed
2268 5260 2415 5331 prius
2449 5266 2566 5313 esto
2609 5271 2818 5312 mecum
2848 5256 3006 5327 Legis
3030 5256 3294 5324 laudator,
3321 5268 3375 5312 ct
3426 5265 3553 5312 tunc

1974 5357 2085 5411 tieri
2118 5352 2408 5410 met-eboris
2438 5351 2753 5406 intellector.
2773 5350 3024 5406 Clausum
3044 5365 3138 5405 cor
3166 5349 3349 5416 habes,
3365 5360 3418 5407 et
3443 5350 3552 5406 cla--

1975 5465 2093 5504 vem
2137 5445 2395 5502 accusas?
2435 5443 2573 5499 Ecce
2612 5442 2820 5497 interim
2861 5441 3001 5512 quod
3032 5455 3138 5496 non
3185 5441 3550 5513 intelligimus,

1977 5539 2251 5609 paululum
2298 5550 2638 5607 seponamus,
2668 5532 2734 5588 ad
2777 5533 2986 5589 laudem
3030 5532 3188 5605 Legis
3230 5549 3349 5604 qua:
3373 5542 3552 5604 aperta

2041 5675 2054 5704 ι
2084 5679 2212 5738 I_.or.,
2251 5667 2377 5718 .tbit
2411 5665 2499 5738 hoc
2533 5672 2592 5714 at:
2626 5664 2785 5738 auitae
2817 5662 3151 5727 qualicumque
3188 5660 3455 5721 christiatt’.
3478 5668 3553 5715 Ir.

1977 5734 2123 5798 Lugd.
2164 5740 2277 5782 \en.
2303 5732 2455 5781 seculi
2479 5740 2646 5778 sumta;
2725 5732 2765 5776 at
