3850 6188
400 363 503 422 8'11

399 489 481 533 est
520 477 810 532 veniamus.
847 473 1132 538 Passiones,
1163 472 1348 542 inquit,
1381 481 1717 541 peccatorum,
1749 486 1860 541 qua
1885 486 1973 540 per

397 570 579 642 Legem
611 580 746 631 sunt,
770 567 1104 637 aperabantur
1123 567 1176 620 in
1206 566 1437 619 membris
1459 565 1658 628 nostris,
1689 576 1739 618 ut
1754 568 1975 635 fructum

399 665 582 730 ferrent
605 658 769 711 morti.
802 656 854 710 Ν
859 674 952 710 unc
979 673 1095 728 ergo
1117 657 1340 710 evacuati
1360 673 1531 710 sumus
1552 672 1581 708 a
1614 654 1744 726 Lege
1775 656 1970 724 mor_tis,

396 750 446 801 in
472 765 568 818 qua
595 747 956 813 detinebantur,
982 749 1051 800 ita
1075 757 1124 799 ut
1142 748 1416 801 serviamus
1437 747 1486 798 in
1513 746 1725 799 novitate
1745 745 1971 815 spiritus,

396 852 440 894 ct
462 859 560 893 non
585 841 636 893 in
669 849 904 894 vetustate
953 841 1144 894 litterte.
1194 838 1381 893 Adhuc
1429 838 1635 891 videtur
1665 836 1856 906 Legem
1889 852 1974 889 ar-

395 949 574 1003 guere,
615 935 849 1002 culpare,
872 932 1191 1004 improbare,
1220 931 1473 985 detestari
1504 949 1515 982 :
1545 929 1638 984 sed
1680 943 1782 983 non
1815 927 1974 981 intel-

395 1025 695 1095 ligentibus.
738 1021 870 1077 Cum
911 1024 1053 1077 enim
1085 1022 1233 1086 dicit,
1267 1022 1389 1074 Cum
1443 1035 1658 1074 essemus
1701 1019 1752 1072 in
1797 1035 1967 1080 carne,

395 1117 650 1186 passiones
680 1123 992 1184 peccatorum
1016 1128 1127 1182 qute
1148 1129 1235 1182 per
1261 1109 1440 1182 Legem
1469 1119 1604 1175 sunt,
1635 1107 1975 1177 operabantur

394 1209 447 1262 in
487 1207 720 1260 membris
746 1206 947 1270 nostris,
978 1214 1030 1256 ut
1063 1207 1282 1275 fructum
1309 1206 1492 1273 ferrent
1519 1201 1685 1254 morti.
1723 1199 1874 1253 Nunc
1891 1215 1973 1250 er-

392 1314 454 1367 go
499 1297 722 1348 evacuati
751 1311 922 1348 sumus
947 1311 976 1346 a
1002 1293 1134 1364 Lege
1163 1293 1355 1357 mortis,
1401 1293 1451 1344 in
1482 1308 1580 1362 qua
1608 1289 1970 1351 detinebamur,

390 1390 462 1440 ita
492 1401 545 1440 ut
570 1388 843 1441 serviamus
864 1387 914 1439 in
946 1387 1161 1438 novitate
1200 1385 1424 1455 spiritus,
1452 1393 1496 1435 et
1530 1399 1626 1435 non
1656 1383 1706 1434 in
1729 1389 1967 1433 vetustate

392 1479 589 1544 litterte,
614 1478 762 1546 quasi
804 1477 982 1546 utique
1012 1476 1028 1507 ί
1069 1475 1276 1530 videtur
1304 1474 1494 1544 Legem
1539 1488 1789 1528 accusare
1815 1481 1972 1539 atque

389 1569 622 1637 culpare.
647 1567 788 1621 Vidit
811 1567 909 1620 hoc
927 1576 979 1621 et
1001 1567 1131 1636 ipse,
1163 1565 1308 1631 vidit,
1334 1564 1497 1620 sensit
1522 1579 1579 1617 se
1597 1579 1700 1617 non
1726 1561 1968 1630 intelligi,

389 1668 445 1713 et
461 1667 643 1713 contra
671 1657 1046 1712 obscuritatem
1077 1657 1356 1711 verborum
1379 1669 1594 1708 Suorutn
1622 1653 1970 1723 cogitationes

391 1748 668 1802 hominum
696 1748 1019 1802 commoveri
1051 1765 1065 1802 :
1093 1747 1261 1800 sensit
1286 1745 1409 1815 quid
1438 1744 1608 1814 possis
1631 1744 1831 1807 dicere,
1855 1758 1971 1795 sen-

389 1842 455 1893 sit
484 1839 606 1908 quid
638 1839 806 1906 possis
823 1838 1222 1900 contradicere;
1255 1847 1306 1891 et
1334 1837 1473 1904 prior
1499 1835 1598 1889 hoc
1628 1834 1789 1888 voluit
1823 1832 1969 1886 dice-

388 1945 464 1994 re,
496 1940 550 1984 ut
576 1939 628 1983 tu
658 1944 760 1982 non
785 1929 1018 1982 invenias
1038 1927 1176 1997 quod
1197 1927 1420 1980 diceres.

459 2018 684 2074 CAPUT
723 2017 806 2072 III.
827 2048 900 2058 —
923 2019 975 2073 4.
1023 2016 1293 2087 Apostolus
1321 2017 1427 2086 ipse
1465 2015 1611 2085 Legis
1636 2017 1966 2085 reprehenso-

390 2129 472 2166 res
513 2112 693 2165 ibidem
723 2112 1027 2164 damnat.—
1050 2111 1184 2178 Quid
1207 2126 1326 2180 ergo
1364 2109 1600 2173 dicemus,
1627 2107 1831 2178 inquit?
1858 2105 1970 2161 lloc

387 2206 643 2274 sequitur.
671 2203 806 2268 Quid
833 2218 949 2273 ergo
975 2203 1197 2255 dicemus
1219 2201 1244 2254 Ρ
1274 2200 1378 2254 Lex
1394 2209 1648 2270 peccatum
1669 2199 1781 2252 est?
1805 2197 1964 2252 Absit.

387 2295 504 2350 Uno
521 2296 680 2348 verbo
697 2295 890 2364 Legem
913 2294 1154 2358 absolvit,
1186 2292 1341 2364 Legis
1359 2304 1720 2347 accusatorem
1747 2290 1966 2344 damna-

385 2387 479 2440 vit.
525 2386 906 2441 Auctoritatem
951 2386 1194 2456 Apostoli
1237 2395 1421 2440 contra
1451 2401 1536 2439 me
1565 2384 1892 2454 proferebas,
1926 2399 1958 2438 ο

385 2477 691 2542 Manichree,
730 2486 784 2531 et
807 2476 1021 2531 dicebas
1048 2475 1196 2540 tnihi,
1230 2490 1348 2528 cum
1377 2475 1568 2544 Legem
1599 2475 1963 2543 reprehende—

387 2583 489 2631 res,
523 2567 659 2621 Ecce
707 2566 821 2620 audi
865 2567 1196 2634 Apostolum,
1221 2566 1338 2634 lege
1375 2566 1687 2634 Apostolum
1715 2583 1726 2618 :
1757 2565 1964 2620 Passio-

385 2675 471 2712 nes
509 2669 822 2728 peccatorum
849 2673 960 2725 qua:
1001 2674 1088 2728 per
1130 2655 1309 2728 Legem
1347 2667 1483 2724 sunt,
1538 2657 1874 2725 aperabantur
1910 2658 1962 2710 in

385 2749 616 2801 membris
654 2749 856 2805 nostris.
881 2757 932 2799 ut
975 2747 1192 2818 fructum
1223 2747 1406 2814 [errent
1456 2749 1624 2801 morti.
1655 2746 1808 2800 Nunc
1847 2764 1963 2818 ergo

386 2839 612 2892 evacuati
649 2854 820 2891 sumus
841 2855 872 2890 a
896 2836 1028 2906 Lege
1055 2838 1248 2901 mortis,
1277 2838 1328 2891 in
1353 2855 1451 2908 qua
1489 2837 1853 2901 detinebumur,
1895 2838 1963 2890 ita

386 2941 438 2984 ut
455 2932 728 2984 serviamus
749 2931 799 2983 in
823 2930 1039 2983 noritate
1068 2931 1294 3000 spiritus,
1321 2939 1487 2983 etnon
1527 2930 1579 2982 in
1623 2929 1961 2982 vetustatelit-

386 3031 523 3074 lc’t‘t‘l’.
548 3019 793 3075 iactabas
812 3029 883 3085 te,
905 3019 1191 3083 clamabas,
1210 3018 1444 3085 dicebas,
1482 3017 1624 3082 audi,
1651 3018 1786 3088 lege,
1811 3018 1958 3073 vide:

383 3111 481 3164 ista
507 3112 738 3177 dixeras,
769 3121 822 3165 ct
847 3111 953 3180 jam
987 3125 1141 3164 verso
1173 3119 1319 3179 tergo
1355 3110 1430 3163 ire
1455 3109 1722 3179 cupiebas.
1758 3109 1960 3179 Exspe-

383 3209 487 3264 cta,
520 3200 693 3253 audivi
721 3210 791 3263 te,
831 3199 950 3252 audi
984 3214 1070 3252 me
1100 3215 1112 3249 :
1146 3198 1252 3252 imo
1282 3215 1378 3252 nec
1403 3207 1598 3268 ego-te,
1627 3214 1721 3252 uec
1753 3207 1807 3252 tu
1829 3214 1913 3253 me
1939 3215 1954 3264 ;

385 3289 478 3344 sed
507 3291 664 3342 ambo
693 3289 846 3343 simul
877 3289 1154 3344 audiamus
1197 3291 1524 3358 Apostolum,
1557 3291 1643 3358 qui
1686 3290 1841 3344 solvit
1870 3303 1952 3356 se,

383 3393 434 3434 et
461 3381 636 3450 alligat
657 3389 727 3434 te.
761 3379 898 3447 Quid
925 3396 1042 3450 ergo
1075 3379 1314 3443 dicemus,
1342 3378 1550 3450 inquit?
1581 3379 1685 3433 Lex
1704 3389 1960 3450 peccatum

384 3472 502 3526 cst.’
531 3472 638 3525 lloc
665 3471 900 3536 dicebas,
931 3470 1039 3525 Lex
1067 3481 1326 3540 peccatum
1348 3481 1438 3535 est,
1471 3471 1570 3524 hoc
1596 3485 1786 3540 nempe
1811 3469 1956 3524 dice-

384 3563 496 3616 bas.
521 3562 658 3616 Eccv
679 3562 872 3616 audisti
905 3557 1059 3630 quod'
1083 3561 1316 3626 dicebas,
1349 3560 1470 3614 audi
1500 3561 1637 3630 quod
1666 3560 1831 3616 dicas.
1864 3561 1960 3616 Le-

384 3672 500 3726 gem
547 3654 634 3709 Dei
668 3662 939 3723 peceatum
967 3668 1084 3708 esse
1123 3653 1356 3716 dicebas,
1388 3653 1596 3721 quando
1622 3668 1736 3706 eam
1779 3667 1952 3708 czeeus

383 3753 436 3800 et
465 3743 786 3814 improvidus
817 3742 1262 3814 reprehendebas.
1317 3742 1516 3797 Errasti
1544 3761 1557 3796 :
1593 3742 1723 3796 vidit
1751 3742 1946 3797 Paulus

385 3852 618 3890 errorem
639 3846 803 3889 tuum.
824 3835 971 3903 Quod
999 3835 1233 3900 dicebas,
1266 3835 1378 3904 ipse
1402 3835 1550 3889 dixit.
1578 3834 1712 3898 Quid
1734 3851 1852 3904 ergo
1880 3835 1959 3888 di-

384 3945 551 3981 cemus
573 3929 596 3980 2’
620 3927 726 3980 Ler
743 3937 996 3997 peccatum
1020 3935 1088 3979 est
1105 3927 1130 3978 ?
1154 3925 1301 3991 Quod
1326 3924 1558 3988 dicebas,
1583 3923 1682 3979 hoc
1706 3924 1964 3978 dicimus?

385 4021 493 4075 Lex
541 4030 797 4089 peccatum
824 4029 894 4074 est
920 4021 944 4073 ?
974 4019 1130 4073 Absit.
1155 4017 1209 4074 Si
1255 4017 1492 4086 Apostoii
1533 4017 1840 4086 sequebaris
1866 4033 1960 4070 au-

384 4114 701 4173 ctoritatem,
743 4109 981 4180 appende
1023 4110 1262 4172 verbum,
1301 4121 1351 4164 et
1374 4108 1638 4178 eapeinde
1664 4109 1960 4162 consilium.

385 4201 542 4267 Audi,
569 4199 672 4254 Lex
693 4210 945 4270 peccatum
971 4211 1041 4255 est
1063 4201 1087 4254 ?
1110 4200 1266 4254 Absit.
1299 4199 1452 4264 Audi,
1478 4198 1634 4252 Absit.
1657 4197 1710 4252 Si
1735 4199 1961 4266 Aposto-

386 4290 493 4343 lmn
519 4292 775 4360 sequeris,
800 4291 842 4343 si
865 4292 980 4358 ejus
1001 4290 1364 4343 auctoritatem
1395 4289 1603 4358 plurimi
1628 4288 1831 4357 pendis,
1861 4303 1958 4342 au—

387 4380 461 4442 di,
512 4381 695 4433 Absit:
723 4391 776 4433 et
828 4379 964 4449 quod
1022 4379 1361 4442 sentiebas,a
1405 4388 1455 4432 te
1476 4379 1631 4432 absit.
1667 4378 1803 4444 Quid
1849 4395 1964 4450 (rgo

386 4473 454 4525 ᾱὶι
471 4489 607 4524 emus
629 4474 652 4524 ?
681 4471 812 4537 Quid
845 4471 1081 4524 dicemus
1103 4469 1127 4520 ?
1155 4471 1271 4536 quia
1293 4470 1422 4535 dixi,
1456 4468 1720 4524 Passiones
1739 4481 1965 4534 peccato-

389 4579 502 4614 rum
527 4577 638 4629 qua:
658 4577 742 4629 per
773 4559 952 4629 Legem
978 4571 1113 4620 sunt,
1151 4558 1483 4626 aperabantur
1508 4559 1559 4610 in
1605 4560 1834 4611 membris
1865 4576 1958 4612 no-

385 4655 521 4715 stris,
547 4661 600 4705 ut
627 4654 840 4722 fructum
868 4652 1052 4719 ferrent
1079 4650 1224 4702 morti
1246 4663 1264 4713 ;
1299 4648 1420 4717 quia
1450 4646 1579 4709 dixi,
1607 4645 1846 4700 Evacuati
1874 4666 1962 4702 su-

387 4765 498 4801 mus
526 4744 710 4816 aLege
764 4743 958 4803 mortis,
999 4743 1049 4795 in
1102 4758 1200 4812 qua
1244 4737 1771 4807 detinebant:tr;quia
1835 4739 1961 4801 dixi,

388 4838 676 4893 Seruiamus
701 4837 751 4888 in
778 4836 991 4888 nouitate
1031 4834 1259 4904 spiritus,
1291 4842 1460 4887 etnon
1490 4833 1540 4884 in
1566 4839 1803 4884 vetustate
1833 4830 1962 4884 litte-

385 4946 458 4984 ηε
485 4945 503 4982 :
535 4928 638 4982 Lex
667 4937 922 4998 peccatum
951 4936 1023 4980 cst
1046 4927 1072 4980 ?
1109 4925 1266 4979 Absit.
1290 4927 1464 4994 Quare
1494 4937 1641 4993 ergo,
1690 4921 1962 4990 Apostole,

387 5030 527 5074 tanta
551 5021 635 5072 illa
663 5017 839 5072 dixisti
869 5019 888 5050 ’
916 5019 940 5070 ’ἰ

455 5109 682 5166 CAPUT
711 5109 932 5164 lV.—-—5.
963 5106 1070 5162 Lex
1095 5108 1441 5176 concupiscere
1461 5109 1646 5162 malum
1671 5111 1962 5180 prohibens,

391 5213 578 5255 nonest
601 5201 754 5254 utalu.
774 5200 882 5253 Lex
918 5199 1054 5252 absit
1069 5207 1125 5251 ut
1145 5199 1212 5251 sit
1245 5208 1513 5267 peccatum
1535 5219 1548 5254 :
1569 5201 1673 5255 Sed
1685 5212 1961 5270 peccatum,

388 5292 574 5362 inquit,
592 5307 688 5344 non
701 5291 924 5361 cognovi,
943 5290 1038 5341 nisi
1056 5303 1139 5351 per
1157 5287 1354 5358 Legem.
1367 5288 1502 5343 Nam
1517 5295 1966 5362 concupiscentiam

386 5383 678 5447 nesciebam,
704 5383 799 5434 nisi
816 5379 922 5434 Lex
943 5380 1152 5441 diceret,
1177 5377 1294 5432 Non
1317 5381 1650 5448 concupisces.
1671 5381 1785 5436 Jatn
1808 5383 1963 5436 modo

392 5474 657 5543 interrogo
687 5482 759 5538 te,
797 5471 1105 5537 Manichzne,
1135 5471 1294 5524 modo
1315 5480 1365 5524 te
1391 5471 1678 5542 interrogo,
1703 5473 1965 5543 re5p0nde

457 5629 470 5658 ι
495 5635 622 5687 3155.,
645 5629 834 5688 ubique.

454 5691 475 5718 ι
500 5691 750 5756 ιῖνιιιλιξςύ..
768 5698 882 5756 ven.
908 5688 976 5738 sic
996 5689 1168 5756 legunt
1204 5703 1221 5756 ἱ
1251 5698 1404 5744 ouare
1440 5702 1569 5753 ergo,
1612 5689 1837 5753 .tpostole,
1865 5699 1967 5754 post

389 5755 520 5799 itaita
539 5747 622 5796 tl!tt
645 5747 750 5796 diri
776 5747 830 5805 ti,
856 5759 948 5796 lex
969 5747 1090 5799 absit
1111 5756 1158 5799 ut
1180 5749 1239 5800 sit
1255 5747 1518 5810 peccatum;
1541 5747 1655 5801 etcf
1700 5758 1755 5798 lt.

1633 358 1692 415 s.
1731 355 2095 414 AUGUSTINI
2135 358 2437 415 EI’ISCOPI
3522 376 3604 433 επ

2089 471 2234 524 mihi.
2269 471 2399 526 Mala
2429 481 2510 527 est
2529 471 2637 528 Lex
2663 487 2781 542 qua}
2806 471 2965 538 dicit,
3001 472 3117 528 Non
3157 481 3492 548 concupisces?
3518 489 3608 543 lloc

2087 577 2182 616 nec
2225 561 2529 618 luxuriosus
2570 563 2694 617 mihi
2739 572 2795 618 et
2823 580 3046 634 nequam
3076 567 3258 636 aliquis
3300 576 3604 641 responderit.

2088 655 2296 709 Etenim
2336 664 2390 710 et
2437 656 2534 724 ipsi
2565 655 2812 711 homines
2843 655 3083 726 ﬂagitiosi
3121 661 3322 728 quando
3363 669 3606 732 reprehen.

2085 746 2301 811 duntur,
2329 747 2681 813 erubescunt;
2711 759 2765 802 et
2808 747 3018 818 quando
3046 759 3166 804 sunt
3192 752 3321 806 inter
3346 767 3516 816 castos.
3546 759 3606 811 la-

2082 839 2274 892 scivire
2303 852 2405 891 non
2424 838 2641 892 audent.
2692 839 2748 893 Si
2778 854 2905 908 ergo
2945 840 3134 893 malam
3168 841 3297 896 dicis
3317 859 3425 899 esse
3446 845 3606 916 Legem

2083 946 2200 1000 qua:
2229 930 2390 997 dicit,
2447 928 2570 983 Non
2613 931 2971 1002 concupisces;
3020 933 3230 1002 impune
3275 936 3348 989 vis
3393 942 3606 1007 concupi-

2081 1037 2259 1086 scere;
2291 1036 2508 1076 accusas
2550 1021 2744 1091 Legem
2769 1063 2785 1084 ,
2813 1023 2933 1092 quia
2966 1029 3186 1092 percutit
3215 1027 3484 1081 libidinem.
3506 1031 3606 1084 Prae

2083 1122 2189 1167 tres
2215 1114 2317 1166 mei
2342 1155 2355 1178 ,
2388 1113 2431 1167 si
2459 1129 2562 1168 non
2583 1112 2888 1169 audiremus
2911 1116 3215 1184 Apostolum
3237 1117 3498 1186 dicentem,
3521 1122 3608 1177 Le:

2081 1213 2334 1272 peccatum
2382 1205 2494 1258 est?
2536 1205 2718 1269 Absit;
2747 1205 2840 1259 sed
2897 1207 3258 1260 tantummodo
3299 1211 3442 1263 verba
3480 1212 3605 1282 Legis

2079 1303 2580 1349 commemorantem
2606 1336 2622 1360 ,
2650 1295 2735 1350 ubi
2761 1296 2959 1350 dictum
2982 1306 3063 1350 est
3084 1338 3099 1363 ,
3134 1295 3251 1350 Non
3299 1303 3603 1370 concupisces:

2078 1385 2236 1441 etiam
2274 1387 2465 1457 Legem
2517 1388 2606 1442 illo
2643 1403 2749 1442 non
2785 1388 3061 1453 laudante,
3096 1405 3188 1443 nos
3222 1399 3384 1445 tamen
3432 1393 3605 1452 laudare

2079 1476 2425 1532 deberemus:
2459 1479 2599 1534 illam
2641 1479 2856 1535 laudare
2875 1523 2890 1546 ,
2920 1495 3017 1536 nos
3056 1495 3321 1536 accusare.
3347 1484 3468 1539 Ecce
3490 1485 3603 1548 Lex.

2077 1583 2203 1624 ecce
2231 1568 2458 1638 desuper
2486 1571 2608 1626 tuba
2648 1571 2824 1626 divina
2855 1573 3048 1627 clamat
3071 1573 3265 1629 homini
3291 1617 3305 1640 ,
3332 1575 3438 1629 Non
3460 1594 3607 1630 concu-

2077 1660 2256 1728 pisces.
2291 1659 2410 1714 Non
2439 1663 2760 1732 concupisces
2779 1706 2792 1729 ,
2824 1664 3157 1732 reprehendo
3185 1665 3228 1718 si
3260 1675 3430 1734 potes;
3455 1668 3548 1731 fac,
3573 1671 3606 1721 si

2077 1749 2470 1818 reprehendere
2510 1769 2612 1805 non
2643 1762 2812 1822 potes.
2857 1753 3102 1820 Audisti,
3142 1753 3260 1809 Non
3299 1760 3603 1826 concupisces,

2076 1840 2466 1908 reprehendere
2498 1857 2600 1897 non
2627 1842 2810 1898 audes.
2833 1843 2964 1914 Quia
2991 1845 3189 1899 bonum
3216 1858 3295 1900 est
3334 1848 3457 1916 quod
3476 1848 3605 1913 dixit,

2077 1929 2198 1985 Non
2243 1935 2600 2004 concupisces;
2652 1935 2846 1989 malum
2901 1945 2982 1990 est
3033 1939 3413 2007 concupiscere.
3452 1939 3605 1994 Malunt

2074 2023 2249 2094 eulpat
2280 2023 2406 2089 Lex,
2440 2041 2470 2078 a
2501 2034 2590 2078 tuo
2611 2027 2748 2080 malo
2776 2035 2826 2081 te
2854 2027 3103 2096 prohibet
3128 2028 3252 2083 Lex.
3287 2027 3416 2099 Ergo
3446 2047 3608 2084 concu-

2073 2113 2278 2183 piscere
2307 2115 2502 2168 malum
2548 2116 2724 2185 culpat
2752 2115 2861 2170 Lex
2885 2159 2899 2182 ,
2931 2104 2960 2170 a
3013 2127 3106 2170 tuo
3153 2119 3286 2171 malo
3319 2129 3364 2174 te
3407 2120 3608 2189 prohibet

2072 2205 2202 2259 Lex.
2235 2205 2372 2275 Ergo
2401 2204 2482 2260 fac
2507 2206 2643 2276 quod
2669 2206 2820 2277 jubet
2847 2207 2978 2272 Lex,
3010 2209 3121 2261 noli
3153 2207 3320 2262 facere
3349 2209 3474 2278 quod
3497 2219 3604 2263 vettt

2073 2295 2183 2350 Lex
2203 2337 2216 2359 ,
2251 2297 2356 2349 noli
2382 2298 2782 2366 concupiscere.

2141 2385 2364 2442 CAPUT
2400 2386 2462 2440 γ.
2489 2417 2560 2440 -.—
2579 2387 2630 2440 6.
2673 2387 3106 2458 Εοηεαρὶεεεηιὶω
3131 2389 3312 2442 malum
3340 2399 3443 2443 ante
3463 2389 3607 2460 Legem

2070 2477 2314 2548 ignotum.
2363 2478 2468 2532 Sed
2535 2478 2658 2548 quid
2708 2480 2782 2532 ait
2824 2479 3160 2548 Apostolus?
3201 2479 3606 2550 Concupiscentiam

2071 2567 2374 2631 nesciebam,
2405 2568 2502 2620 nisi
2547 2567 2651 2622 Lex
2697 2569 2922 2634 diceret,
2955 2567 3083 2622 Non
3131 2572 3449 2640 concupisces.
3495 2569 3605 2623 Ibam

2069 2658 2208 2712 enim
2234 2666 2350 2727 post
2366 2659 2844 2726 concupiscentiam
2870 2674 3066 2724 meam,
3093 2670 3145 2714 et
3165 2676 3264 2731 qua
3282 2660 3606 2714 trabebatcur-

2071 2748 2272 2813 rebam,
2304 2747 2527 2816 ejusque
2559 2749 2834 2804 illecebras
2865 2747 3111 2812 blandas,
3141 2759 3196 2804 et
3220 2767 3282 2805 ex
3311 2752 3488 2804 carnali
3506 2765 3604 2804 sua-

2073 2840 2234 2894 vitate
2257 2840 2516 2908 jucundas
2565 2855 2807 2910 magnam
2839 2839 3148 2896 felicitatem
3185 2841 3476 2896 arbitrabar.
3502 2840 3608 2893 Las-

2069 2930 2220 2982 datur
2233 2930 2372 2984 enim
2388 2939 2636 2998 peccator,
2660 2931 2731 2982 ait
2749 2927 2878 2995 Lex,
2902 2929 2952 2982 in
2975 2929 3242 2984 desideriis
3255 2932 3424 2984 animae
3444 2947 3558 2994 sine;
3571 2939 3608 2983 et

2065 3022 2150 3092 qui
2171 3021 2342 3090 iniqua
2363 3019 2508 3091 gerit,
2533 3019 2837 3074 benedicitur
2861 3018 3035 3087 (Psal.
3058 3036 3132 3085 ιι,
3154 3021 3230 3092 5).
3255 3021 3444 3076 Iuvenis
3469 3020 3607 3074 homi-

2067 3125 2187 3164 nem
2200 3109 2652 3177 coucupiscentias
2669 3124 2790 3162 suas
2801 3109 3049 3164 carnales
3068 3119 3605 3180 sectantem,tommque

2067 3214 2124 3254 se
2141 3199 2242 3252 illis
2267 3213 2478 3253 servum
2494 3198 2801 3264 dottanlem,
2822 3201 3078 3268 aucupari
3096 3201 3319 3270 undique
3341 3202 3604 3270 voluptates,

2067 3289 2612 3357 fornicari,iuebriari;
2629 3305 2730 3344 non
2748 3289 3128 3360 dicoamplius;
3147 3292 3401 3360 fornicari,
3414 3293 3605 3360 inquam,

2067 3381 2334 3438 inebriari.
2352 3383 2470 3437 llmc
2483 3384 2590 3438 dixi
2608 3399 2724 3452 quas
2740 3383 2881 3438 licite
2896 3386 3320 3448 committuntur,
3337 3385 3420 3439 scd
3433 3399 3520 3438 non
3537 3382 3607 3436 Dei

2067 3472 2287 3543 legibus.
2310 3471 2437 3540 Quis
2449 3472 2883 3541 enimaliquando
2894 3473 2958 3525 ad
2971 3473 3209 3541 judicem
3221 3473 3400 3528 ductus
3410 3485 3498 3536 εει,
3512 3472 3606 3542 quia

2068 3563 2366 3618 meretricis
2393 3563 2613 3632 lupanar
2640 3563 2892 3618 intravit?
2921 3563 3057 3632 Quis
3089 3564 3367 3636 aliquando
3394 3567 3439 3619 in
3468 3564 3608 3633 publi-

2067 3656 2144 3710 cis
2167 3656 2514 3710 tribunalibus
2534 3664 2809 3710 accusatus
2838 3665 2920 3709 est
2943 3698 2958 3720 ,
2984 3658 3110 3726 quia
3133 3673 3228 3728 per
3247 3672 3366 3712 suas
3392 3656 3608 3729 lyristrias

2070 3746 2299 3800 lascivus
2343 3746 2749 3815 immundusque
2793 3745 3056 3800 deﬂuxit?
3079 3747 3207 3816 Quis
3253 3747 3510 3818 aliquando
3530 3746 3605 3798 Ita-

2069 3836 2199 3891 beas
2227 3851 2465 3900 uxorem,
2495 3837 2614 3905 quia
2641 3836 2882 3890 ancillam
2905 3851 3059 3892 suam
3087 3839 3316 3903 vitiavit,
3345 3838 3522 3893 crimen
3546 3835 3608 3888 in-

2071 3927 2246 3980 venit?
2265 3926 2367 3980 Sed
2400 3928 2450 3979 in
2475 3926 2608 3990 foro,
2639 3939 2742 3979 non
2766 3926 2816 3978 in
2845 3926 3016 3992 caelo;
3064 3929 3116 3982 in
3163 3929 3277 3999 lege
3305 3928 3501 3991 mundi,
3523 3941 3604 3979 non

2072 4019 2122 4071 in
2152 4019 2265 4086 lege
2289 4016 2556 4071 Creatoris
2599 4016 2800 4072 tnundi.
2831 4016 3162 4074 Luxuriosus
3189 4029 3357 4074 autem
3378 4060 3392 4084 ,
3417 4021 3606 4071 immun-

2071 4110 2168 4164 dus
2193 4120 2349 4179 atque
2376 4109 2600 4164 lascivus
2618 4108 2738 4164 felix
2760 4108 2952 4164 dicitur
2973 4112 3247 4167 abundare
3268 4109 3602 4182 voluptatibus,

2071 4199 2170 4255 fruti
2197 4201 2420 4256 deliciis.
2447 4201 2694 4256 Jamvero
2723 4201 2767 4256 si
2813 4216 2871 4256 se
2897 4202 3059 4256 etiam
3106 4204 3230 4258 vino
3260 4203 3544 4273 ingurgitet,
3570 4197 3603 4250 si

2071 4291 2215 4346 bibat
2264 4306 2540 4346 mensuras
2585 4291 2700 4346 sine
2740 4307 3025 4355 mensura;
3062 4309 3246 4362 parum
3285 4303 3363 4347 est
3389 4292 3496 4362 quia
3523 4303 3604 4341 non

2075 4381 2271 4437 invenit
2301 4382 2523 4444 crimen,
2552 4383 2711 4436 etiam
2735 4381 2831 4435 viri
2856 4381 3004 4436 fortis
3023 4384 3212 4453 accipit
3241 4398 3458 4436 nomen:
3489 4387 3604 4434 tanto

2073 4473 2315 4541 nequior,
2345 4481 2542 4540 quanto
2568 4472 2666 4526 sub
2695 4473 2887 4542 poculo
2918 4472 3182 4528 invictior.
3214 4473 3342 4528 Cum
3370 4472 3606 4526 laudantur

2075 4563 2194 4627 ista,
2225 4571 2276 4616 et
2297 4562 2520 4626 dicitur,
2553 4561 2700 4616 Felix
2729 4571 2842 4627 est,
2875 4577 3096 4632 magnus
3120 4572 3240 4627 est,
3271 4563 3400 4618 bene
3424 4570 3496 4616 est
3516 4559 3600 4618 illi;

2071 4661 2125 4706 et
2171 4668 2274 4706 nou
2324 4654 2493 4706 solum
2521 4651 2621 4707 hoc
2670 4667 2774 4705 non
2807 4661 3020 4721 putatur
3053 4667 3174 4707 esse
3221 4644 3602 4722 peceatum,scd

2073 4743 2230 4797 etiam
2262 4751 2475 4812 putatur
2498 4742 2578 4796 vel
2609 4742 2705 4796 Dei
2731 4741 2926 4796 donum
2947 4783 2962 4807 ,
2987 4743 3068 4796 vel
3098 4752 3244 4797 certe
3271 4756 3423 4796 suave
3441 4781 3454 4805 ,
3482 4738 3604 4791 blan-

2071 4832 2195 4886 dum
2235 4841 2290 4887 et
2316 4833 2514 4886 licitum
2561 4832 2756 4887 bonum
2789 4834 3064 4902 :procedit
3106 4834 3188 4887 lex
3225 4833 3346 4899 Dei,
3376 4843 3424 4886 et
3467 4828 3600 4886 dicit.

2074 4924 2192 4978 Non
2238 4925 2575 4994 concupisces.
2607 4925 2700 4980 Ille
2724 4924 2884 4978 homo
2922 4927 3009 4994 qui
3042 4925 3257 4994 putabat
3282 4937 3505 4993 magnum
3526 4919 3602 4970 bo-

2072 5031 2197 5071 num
2221 5029 2360 5078 esse,
2381 5027 2727 5084 magnamque
2745 5013 3045 5069 felicitatem
3067 5013 3409 5078 existimabat,
3432 5025 3483 5064 ea
3507 5019 3602 5076 qua:

2073 5116 2285 5177 posset,
2314 5121 2424 5161 sua:
2475 5105 2918 5174 concupiscentia:
2951 5120 3053 5160 non
3095 5120 3294 5174 negare
3318 5145 3331 5169 ,
3367 5101 3499 5171 sequi
3517 5111 3600 5166 qua

2074 5197 2265 5264 trahit;
2297 5197 2471 5260 audit,
2501 5195 2621 5250 Non
2641 5197 2981 5267 concupisces;
3009 5207 3061 5251 et
3083 5197 3347 5265 cognoscit
3370 5207 3477 5246 esse
3501 5200 3602 5258 pec-

2072 5299 2266 5344 catum.
2291 5289 2429 5343 Deus
2461 5287 2627 5352 dixit,
2653 5286 2812 5339 homo
2841 5286 3038 5340 audivit
3059 5327 3072 5348 ,
3106 5286 3212 5339 Deo
3235 5283 3471 5343 credidit,
3501 5290 3600 5346 pec—

2072 5390 2246 5434 eatum
2268 5395 2418 5433 suum
2445 5377 2602 5443 vidit;
2634 5377 2773 5446 quod
2809 5377 3002 5431 bonum
3031 5375 3274 5444 putabat,
3306 5371 3481 5425 malum
3502 5377 3600 5418 esse

2073 5469 2319 5538 cognovit
2357 5466 2564 5520 :voluit
2611 5465 2821 5520 frenare
2865 5464 3361 5533 concupiscentiam,
3405 5475 3494 5512 non
3536 5455 3599 5506 ire

2079 5567 2196 5626 post
2216 5572 2353 5622 eam,
2383 5557 2596 5611 strinxit
2617 5571 2696 5618 se,
2723 5566 2944 5608 Conatus
2967 5567 3062 5619 est,
3097 5553 3262 5605 victus
3287 5560 3380 5604 est.
3407 5547 3494 5615 Qui
3521 5540 3597 5593 fuit

2074 5661 2226 5705 autca
2267 5650 2474 5704 nescius
2517 5649 2774 5702 malorum
2803 5664 3039 5710 suorum,
3068 5646 3230 5699 factus
3251 5652 3332 5698 est
3357 5641 3532 5697 doctus,
3556 5641 3593 5684 et

2077 5743 2223 5811 [ιι-λιες
2252 5751 2331 5793 est
2361 5741 2528 5794 victus
2550 5754 2573 5793 ':
2606 5739 2762 5808 coepit
2792 5753 2910 5794 cssc
2934 5754 3034 5792 non
3062 5737 3222 5790 :Oltltll
3257 5739 3494 5802 pCt‘calun
3518 5720 3598 5774 Si",
