3850 6188
172 365 279 424 829

172 487 331 543 etiam
353 479 743 553 prmvaricator.
764 476 1017 530 Peccator
1041 475 1180 526 enim
1209 479 1263 523 et
1291 477 1442 521 antea
1474 473 1625 519 erat:
1651 461 1746 517 sed

174 586 452 644 antequam
477 570 672 639 Legem
698 566 935 631 audiret,
963 572 1295 633 peccatorem
1323 574 1380 613 se
1403 571 1522 611 esse
1539 558 1745 608 noscic-

174 669 281 722 bat.
307 664 503 733 Legem
528 658 755 722 audivit,
789 664 1062 726 peccatum
1087 650 1252 714 vidit;
1284 657 1507 704 conatus
1532 654 1614 700 est
1635 645 1752 697 vin-

173 771 313 818 cere,
336 761 617 823 superatus
642 760 802 819 alque
820 754 1110 816 prostratus
1130 752 1211 798 est
1237 758 1254 807 ;
1276 740 1442 794 Pactus
1462 748 1544 796 est
1566 746 1619 793 et
1644 736 1750 790 Le-

172 852 252 922 gis
277 843 672 918 prmvaricator,
690 841 778 911 qui
807 838 904 893 fuit
929 846 1080 891 antea
1105 833 1316 888 nescius
1341 838 1605 900 peccator.
1636 826 1750 880 lloc

179 919 302 995 dicit
328 934 618 1008 Apostolus
645 952 659 987 :
691 930 794 985 Lex
832 939 1087 998 peccatum
1117 926 1232 980 est?
1255 923 1413 978 Absit.
1444 919 1550 976 Sed
1575 934 1749 989 pecco-

177 1046 277 1086 ttmt
306 1045 410 1083 non
450 1025 658 1097 cognovi
678 1066 691 1086 ,
724 1023 822 1076 nisi
866 1037 954 1092 per
983 1019 1182 1088 Legem.
1210 1015 1346 1070 Nam
1394 1003 1749 1084 concupiscen-

177 1125 292 1178 tiam
318 1119 617 1181 nesciebam,
645 1115 742 1169 nisi
766 1111 874 1167 Lea:
905 1112 1088 1164 diceret
1112 1151 1128 1176 ,
1166 1108 1282 1164 Non
1301 1104 1641 1173 concupisces.

241 1216 293 1270 7.
326 1209 742 1282 Concupiscentia
760 1222 847 1276 per
861 1204 1040 1275 Legem
1052 1211 1211 1270 aucto,
1235 1215 1334 1258 non
1348 1199 1575 1253 oicta.—
1589 1193 1752 1248 Occa-

172 1306 310 1364 sione
334 1313 506 1357 autem
533 1308 755 1368 accepta,
789 1304 1044 1367 peccaturo
1074 1309 1162 1362 per
1181 1290 1473 1344 mandatum
1492 1292 1752 1356 operatum

177 1410 243 1451 est
262 1398 316 1451 in
341 1410 424 1448 me
459 1406 656 1446 omnem
683 1384 1148 1457 concupiscentiam.
1175 1379 1346 1435 Minor
1367 1386 1481 1433 erat
1503 1374 1753 1442 concupi-

176 1489 399 1551 scentia,
423 1482 638 1555 quando
662 1488 786 1561 ante
829 1478 1023 1547 Legem
1066 1488 1284 1528 securus
1306 1467 1580 1539 peccahas.
1613 1479 1754 1518 nunc

175 1595 351 1639 autem
382 1577 641 1649 oppositis
662 1556 754 1629 tibi
796 1569 1035 1625 obicibus
1061 1565 1243 1634 Legis.
1276 1562 1465 1617 ﬂuvius
1503 1556 1755 1625 concupi-

177 1675 392 1747 scentia:
444 1670 594 1743 quasi
637 1666 869 1721 frenatos
898 1671 979 1716 est
1025 1656 1325 1729 paululum,
1356 1669 1459 1707 non
1484 1652 1751 1706 siccatus:

102 1834 108 1839 ,
178 1770 264 1825 sed
286 1741 628 1822 increscente
656 1760 851 1829 impetu
873 1754 959 1824 qui
990 1762 1042 1808 te
1064 1749 1289 1804 ducebat
1312 1744 1550 1799 obicibus
1575 1741 1752 1805 nullis,

177 1859 349 1913 obruit
399 1865 452 1910 te
496 1851 734 1909 obicibus
772 1846 961 1915 ruptis.
991 1837 1429 1907 Concupisceutia
1470 1842 1555 1887 tua
1583 1831 1757 1885 minor

177 1960 319 2012 erat,
362 1944 581 2017 quando
625 1952 765 1996 tuam
815 1935 1062 1993 movebat
1106 1930 1412 1993 libidinem,
1457 1923 1633 1982 omnis
1673 1931 1757 1978 est

176 2051 348 2097 autem
389 2034 605 2107 quando
631 2027 952 2086 transcendit
980 2035 1033 2078 et
1056 2023 1269 2091 Legem.
1298 2018 1391 2073 Vis
1415 2032 1571 2072 nosse
1596 2030 1755 2084 quam

180 2148 364 2201 magna
391 2106 497 2184 sit?
523 2123 653 2180 Vide
680 2120 804 2192 quid
833 2117 1028 2186 ruperit
1057 2132 1075 2170 :
1105 2113 1225 2167 Non
1275 2110 1611 2177 concupisces.
1644 2106 1757 2161 Non

181 2200 336 2276 horno
362 2216 535 2283 dixit,
570 2214 708 2268 Dens
732 2210 885 2273 dixit,
913 2208 1132 2261 Creator
1157 2203 1308 2266 dixit,
1330 2200 1496 2256 Judcx
1529 2208 1758 2255 internus

82 2328 85 2337 ’
179 2314 326 2375 dixit,
347 2326 459 2364 non
485 2308 801 2377 quicumque
829 2300 979 2354 dixit.
1007 2298 1115 2353 Fac
1132 2310 1261 2365 ergo
1289 2292 1427 2362 quod
1448 2292 1598 2346 dixit.
1642 2290 1757 2344 Non

180 2402 347 2459 facis?
380 2399 609 2454 observa
638 2393 960 2465 jndicantcm
981 2387 1069 2458 qui
1092 2386 1240 2441 dixit.
1261 2383 1365 2439 Sed
1411 2381 1532 2451 quid
1562 2380 1756 2447 facias,

179 2510 212 2548 ο
231 2493 398 2547 homo
416 2490 442 2543 ?
490 2486 610 2541 ideo
635 2498 740 2539 non
762 2480 930 2535 vicisti
949 2521 964 2540 .
994 2477 1113 2548 quia
1144 2474 1212 2530 de
1232 2484 1283 2528 te
1306 2469 1704 2542 prmsumpsisti.
1771 2506 1775 2510 η

239 2577 479 2636 CAPUT
505 2576 590 2630 Vl.
621 2604 689 2614 -—
716 2573 768 2628 8.
830 2570 1151 2624 Prwsumens
1187 2564 1250 2619 de
1287 2579 1340 2617 se
1386 2562 1496 2630 ipso
1525 2560 1756 2614 vincitur.

180 2669 409 2727 Attende
439 2681 567 2737 ergo
610 2678 751 2719 nunc
777 2660 936 2715 verba
964 2656 1266 2726 superiora,
1306 2668 1423 2722 quze
1449 2650 1762 2706 videbantur

179 2762 407 2816 obscura
439 2773 455 2811 :
483 2756 608 2812 Cum
635 2753 767 2808 enim
795 2765 1014 2805 essemus
1039 2748 1092 2800 in
1122 2760 1290 2799 carne.
1322 2742 1496 2797 Verba
1521 2755 1641 2811 qua:
1663 2754 1760 2794 su-

181 2853 392 2922 periora
423 2848 674 2912 diximus,
707 2832 847 2899 unde
876 2840 1038 2909 cmpit
1061 2838 1217 2892 lectio
1260 2849 1378 2905 quae
1433 2833 1657 2887 obscura
1684 2830 1763 2885 vi-

181 2944 427 3007 debatur,
454 2937 745 2993 attendite:
772 2933 899 2989 Cum
944 2931 1074 2986 enim
1099 2942 1313 2983 essenms
1339 2925 1393 2979 in
1427 2939 1612 2987 carne,
1641 2938 1759 2992 pas-

180 3038 345 3091 siones
388 3040 707 3104 peccatorum
731 3042 846 3099 quae
874 3041 962 3097 per
978 3021 1162 3094 Legem
1187 3029 1323 3074 sunt.
1354 3015 1505 3073 Unde
1540 3030 1633 3085 per
1659 3015 1761 3070 L3-

181 3142 291 3197 gctu
321 3123 491 3179 sunt?
517 3120 649 3187 Qnia
669 3130 883 3174 eramus
907 3116 958 3169 in
984 3126 1165 3169 carne.
1186 3107 1323 3177 Quid
1348 3114 1431 3162 est
1453 3148 1468 3168 ,
1496 3106 1617 3175 quia
1646 3119 1766 3159 era-

183 3234 292 3273 mus
317 3218 378 3272 in
404 3213 609 3269 carne?
639 3208 1096 3266 Prassumebamus
1131 3202 1200 3257 de
1220 3215 1399 3256 carne.
1432 3197 1566 3253 Num
1619 3196 1761 3253 enim

181 3311 262 3381 qui
285 3305 614 3378 loquebatur
633 3299 947 3372 Apostolus,
972 3296 1083 3366 jam
1110 3293 1313 3347 exierat
1338 3290 1406 3346 de
1436 3290 1534 3345 ista
1559 3302 1721 3342 carne
1741 3328 1759 3353 ,

181 3378 383 3455 anteis
411 3394 726 3465 loquebatur
768 3392 857 3460 qui
883 3389 992 3458 jam
1045 3385 1286 3442 exierant
1326 3389 1496 3436 morte
1544 3379 1613 3434 de
1662 3378 1761 3433 ista

181 3488 390 3548 carne?
412 3487 529 3544 Non
555 3485 754 3554 utique;
773 3481 867 3538 sed
894 3475 1185 3534 secundum
1210 3471 1365 3543 hujus
1387 3471 1507 3525 vitae
1528 3467 1763 3532 modum,

181 3594 231 3639 et
246 3583 347 3652 qui
368 3578 703 3650 loquebatur,
728 3572 982 3642 etquibus
995 3567 1328 3638 loquebatur,
1346 3564 1398 3617 in
1415 3576 1574 3617 came
1593 3565 1762 3613 erant.

181 3651 314 3743 Quid
346 3685 474 3740 ergo
490 3675 592 3732 est,
608 3665 735 3720 Cum
753 3676 971 3717 essemus
989 3662 1043 3712 in
1057 3671 1230 3721 carne;
1248 3654 1368 3719 nisi,
1382 3667 1501 3706 cum
1514 3651 1581 3705 de
1607 3663 1766 3706 carne

182 3740 673 3836 prasnmeremus,
703 3756 805 3812 hoc
846 3761 970 3819 est,
1012 3750 1081 3806 de
1133 3747 1286 3803 nobis
1334 3740 1766 3799 consideremus?

184 3834 397 3911 llomiui
422 3853 564 3908 enim
591 3850 789 3904 dictum
815 3852 918 3910 est,
946 3841 1091 3898 etde
1110 3837 1414 3894 hominibus
1435 3834 1636 3887 dictum
1662 3838 1764 3896 est,

192 3946 389 4003 Videbit
415 3943 577 3998 omnis
605 3955 724 3993 caro
752 3939 974 3990 salutare
1003 3931 1093 3984 Dei
1119 3928 1268 4002 (Isai.
1298 3943 1390 3991 xu,
1416 3927 1478 3988 ὃς
1513 3922 1637 3977 Luc.
1668 3937 1725 3977 tu
1748 3962 1764 3989 ,

181 4040 253 4110 6).
277 4034 427 4106 Quid
458 4042 542 4088 est
560 4074 575 4095 ,
608 4028 803 4083 Videbit
831 4025 994 4080 omnis
1039 4032 1178 4085 cura;
1206 4020 1339 4084 nisi,
1369 4017 1566 4072 videbit
1594 4012 1768 4068 omnis

182 4105 383 4186 boote?
408 4128 473 4182 Et
502 4122 632 4196 quid
677 4129 791 4184 est,
829 4117 1047 4173 Verbum
1084 4129 1201 4167 caro
1234 4111 1427 4180 factum
1468 4117 1539 4163 est
1569 4105 1766 4179 (Joat‘t.

184 4237 239 4285 t,
268 4219 392 4287 14);
436 4216 575 4278 nisi,
607 4211 840 4285 Verbum
869 4207 1031 4261 homo
1076 4206 1266 4258 factum
1314 4200 1436 4254 est?
1460 4198 1575 4253 Non
1623 4197 1766 4252 enim

182 4311 419 4366 Verbum
450 4314 506 4361 ct
526 4320 651 4359 caro
676 4312 789 4356 erat
807 4342 823 4366 ,
846 4308 900 4353 et
928 4296 1100 4350 anima
1129 4293 1198 4346 ibi
1225 4306 1327 4345 non
1354 4298 1507 4344 erat:
1537 4287 1629 4341 sed
1652 4301 1771 4340 ear-

183 4403 261 4456 nis
287 4400 511 4455 nomine
539 4395 701 4448 homo
728 4388 1056 4460 signiﬁcatus
1076 4393 1187 4443 cst.
1222 4384 1274 4437 in
1299 4397 1363 4437 eo
1391 4379 1530 4451 quod
1554 4378 1768 4449 legitur,

190 4492 415 4546 Verbum
441 4505 558 4542 caro
589 4490 776 4557 factum
801 4490 893 4536 est.
925 4479 1061 4548 Ergo
1095 4476 1220 4531 Cum
1257 4489 1474 4528 essemus
1503 4471 1554 4525 in
1579 4486 1730 4524 carne
1750 4508 1771 4536 ,

184 4581 235 4636 id
263 4590 385 4646 est,
409 4580 461 4632 in
512 4571 957 4645 concupiscentiis
991 4566 1169 4624 carnis
1209 4560 1773 4630 vorsarenmr,ibique

186 4681 360 4727 totam
409 4684 562 4738 spem
618 4675 855 4720 nostram
886 4670 1129 4728 tanquam
1155 4657 1205 4710 in
1226 4654 1378 4709 nobis
1408 4665 1725 4721 poneremus
1754 4668 1768 4704 :

183 4762 449 4831 passiones
474 4767 789 4825 peccatorum
806 4795 820 4817 ,
850 4766 962 4822 qua
984 4765 1072 4819 per
1098 4747 1258 4817 legem
1284 4752 1401 4798 sunt
1419 4782 1433 4807 ,
1456 4752 1625 4797 auctae
1652 4749 1776 4797 sunt

185 4870 283 4923 per
315 4855 507 4922 legem.
537 4845 877 4904 Prohibenda
919 4842 1061 4899 enim
1107 4838 1345 4893 iecerunt
1374 4834 1503 4904 legis
1530 4832 1776 4901 praavari-

186 4953 463 5005 calorem;
490 4941 611 5011 quia
654 4940 741 4993 ille
764 4937 853 5007 qui
877 4931 1250 5004 prmvaricator
1270 4937 1353 4982 est
1394 4926 1581 4986 factus,
1610 4923 1774 4978 Deum

189 5052 298 5088 nun
324 5033 509 5087 habuit
549 5031 868 5096 adiutorem.
903 5020 1254 5094 Operabantur
1280 5031 1410 5086 ergo
1451 5015 1503 5069 in
1545 5013 1777 5069 membris

188 5130 401 5193 nostris,
429 5133 484 5177 ut
531 5125 754 5192 fructum
799 5118 1021 5187 ferrent,
1049 5112 1131 5169 cui
1150 5151 1168 5176 ,
1201 5109 1299 5164 nisi
1330 5106 1512 5160 morti?
1534 5105 1588 5159 Si
1622 5103 1772 5158 dam-

191 5191 405 5282 nandus
429 5191 544 5268 erat
566 5219 811 5280 peccator
836 5220 997 5278 quam
1022 5217 1170 5272 spem
1201 5198 1359 5253 habet
1386 5191 1777 5265 praevaricator?

264 5304 495 5361 CAPUT
518 5301 727 5356 Vl|.-—
750 5300 805 5354 9.
837 5293 1318 5364 Conﬁdettdumnou
1366 5288 1417 5339 itt
1464 5302 1548 5350 se,
1593 5282 1681 5335 sed
1725 5282 1776 5334 in

194 5398 329 5454 Deo.
358 5396 500 5466 Ergo
523 5438 538 5461 ,
565 5411 597 5448 υ
618 5393 810 5452 homo,
837 5389 963 5443 vicit
1000 5397 1050 5440 te
1095 5377 1521 5449 concupiscentia
1547 5384 1631 5429 tua
1656 5391 1672 5439 ;
1704 5373 1781 5427 vi-

191 5492 309 5552 cit,
334 5465 456 5558 quia
488 5486 540 5539 in
565 5484 704 5538 malo
734 5482 850 5535 loco
879 5487 928 5532 te
965 5473 1165 5531 invenit
1185 5489 1197 5525 ε
1217 5469 1414 5525 invenit
1446 5477 1496 5522 te
1525 5465 1577 5518 in
1598 5478 1776 5529 carne,

193 5551 327 5635 ideo
342 5551 394 5633 te
405 5576 549 5631 vicit.
568 5575 729 5642 Migra
751 5569 876 5626 inde
900 5587 913 5622 ι
932 5565 1055 5638 quid
1075 5558 1411 5633 expavescis?
1431 5557 1542 5612 Non
1561 5553 1651 5608 tibi
1673 5551 1781 5608 dixi

194 5684 260 5735 ut
279 5666 669 5728 moriarisNoli
684 5655 1182 5734 expavescere,quia
1198 5651 1324 5715 dixi,
1345 5649 1503 5719 Migra
1521 5645 1586 5701 de
1600 5659 1779 5699 carne.

194 5761 322 5818 Eon
350 5758 443 5815 tibi
474 5757 583 5813 disi
627 5764 682 5811 ut
713 5750 975 5814 moriaris,
1021 5748 1126 5803 izno
1155 5741 1322 5798 audeo
1349 5739 1524 5794 dicere
1550 5778 1564 5803 ,
1593 5735 1698 5790 dixi
1730 5741 1783 5786 ut

1587 346 1811 404 εεωιι)
1847 347 2023 405 CLI".

3327 354 3432 409 850

1857 465 2119 518 morlaris.
2135 466 2189 522 Si
2212 468 2403 522 mortui
2421 469 2548 522 estis
2569 482 2686 522 eum
2705 467 2932 531 Christo,
2951 482 3069 536 quae
3083 478 3290 522 sursqu
3309 477 3432 522 sunt

1855 570 1971 622 quat
1981 557 2096 609 rite.
2128 555 2180 609 In
2197 571 2357 613 carne
2377 559 2579 624 vivens,
2610 560 2712 613 noli
2731 573 2850 614 esse
2866 560 3095 613 incarne.
3121 557 3296 611 Omnis
3312 573 3432 609 coro

1857 647 2052 714 fenum,
2090 646 2302 703 Verbum
2326 661 2493 704 autem
2522 649 2727 704 Domini
2755 660 2916 705 manet
2942 652 2993 703 in
3016 659 3254 704 wternum
3278 647 3430 717 (lsai.

1857 754 1944 804 ιι,
1994 741 2070 806 6).
2126 740 2377 797 Dominus
2416 741 2505 795 ﬁat
2559 743 2810 812 refugium
2857 752 3021 796 tuum.
3051 742 3212 795 Instat
3235 755 3432 793 concu-

1834 830 2132 900 piscentia,
2159 842 2309 901 urget
2339 842 2407 898 te,
2432 848 2650 899 magnas
2674 835 2814 889 vires
2839 834 3042 899 accepit
3058 832 3340 886 adversum
3358 839 3430 895 te,

1857 920 2211 989 prohibitione
2231 921 2385 990 chis
2402 923 2651 992 grandior
2673 923 2803 976 facta
2822 932 2923 984 est,
2953 924 3203 990 majorem
3228 924 3432 974 hostem

1857 1011 2052 1078 pateris
2080 1026 2093 1063 :
2127 1012 2195 1065 sit
2222 1013 2474 1066 Dominus
2501 1014 2757 1083 refugium
2783 1023 2947 1075 tuum,
2980 1015 3137 1068 turris
3168 1012 3428 1066 fortitudi-

1858 1100 1939 1155 nis
1960 1117 1989 1155 a
2011 1103 2143 1157 facie
2160 1104 2354 1158 inimici
2375 1104 2545 1176 (l’sal.
2571 1120 2657 1170 1.x,
2678 1105 2751 1175 4).
2778 1106 2891 1160 Noli
2913 1120 3038 1175 ergo
3056 1106 3237 1159 essein
3251 1120 3431 1167 carne,

1861 1194 1914 1249 in
1944 1195 2131 1264 spiritu
2157 1205 2292 1251 esto.
2322 1197 2457 1265 Quid
2487 1208 2566 1252 est
2589 1198 2638 1252 in
2665 1200 2850 1267 spiritu
2878 1198 3031 1251 esto?
3054 1196 3108 1251 ln
3138 1198 3244 1251 Deo
3283 1210 3433 1265 spem

1834 1298 2014 1353 pone.
2038 1285 2167 1340 Nam
2189 1286 2234 1338 si
2267 1289 2507 1355 posueris
2526 1302 2672 1357 spem
2702 1288 2751 1341 in
2784 1288 2898 1356 ipso
2927 1288 3115 1355 spiritu
3144 1302 3248 1355 quo
3276 1285 3436 1339 homo

1856 1387 1915 1428 es
1938 1414 1953 1438 ,
1981 1375 2166 1428 iterum
2189 1376 2406 1442 Spiritus
2434 1385 2554 1430 tuus
2581 1377 2631 1429 itt
2653 1391 2865 1431 carnem
2886 1376 3158 1435 relabitur,
3180 1375 3301 1443 quia
3330 1389 3433 1428 non

1858 1462 2046 1518 dedisti
2074 1480 2193 1518 eum
2222 1465 2294 1518 illi
2340 1481 2368 1519 a
2408 1481 2514 1536 quo
2541 1467 2914 1533 suspendatur.
2940 1465 3053 1520 Non
3079 1481 3137 1518 se
3158 1463 3434 1524 continet,

1858 1553 1903 1607 si
1935 1570 2037 1606 non
2060 1555 2382 1609 continetur.
2412 1555 2528 1610 Noli
2563 1571 2835 1609 remanere
2859 1556 2910 1609 in
2944 1565 3014 1615 te.
3044 1552 3357 1609 transeundo
3382 1561 3438 1606 et

1861 1653 1952 1699 te:
1984 1645 2033 1697 in
2066 1644 2156 1698 illo
2196 1653 2245 1698 te
2272 1660 2409 1714 pone
2436 1647 2453 1677 ¹
2481 1646 2568 1714 qui
2599 1645 2723 1700 fecit
2762 1653 2833 1698 te.
2874 1644 3004 1699 Nam
3035 1645 3078 1698 si
3127 1659 3273 1712 spem
3301 1643 3353 1696 in
3387 1651 3439 1696 to

1862 1732 2139 1799 habueris,
2171 1744 2386 1803 accepta
2415 1735 2554 1804 Lege
2580 1736 2952 1804 prmvaricator
2997 1736 3117 1787 eris.
3156 1732 3357 1787 invenit
3387 1740 3437 1786 te

1861 1822 2026 1876 hostis
2053 1823 2248 1876 nudum
2278 1825 2479 1893 refugio
2505 1868 2517 1884 ,
2551 1824 2750 1878 invadit
2793 1833 2843 1877 te
2869 1844 2880 1876 :
2907 1823 3025 1875 vide
3050 1825 3072 1854 ⁸
3103 1838 3167 1874 tte
3192 1823 3327 1874 forte
3355 1835 3440 1874 ra-

1861 1913 1963 1982 piat
1990 1954 2006 1976 ,
2035 1913 2178 1966 velut
2205 1913 2310 1978 leo,
2343 1923 2397 1967 et
2428 1928 2529 1968 non
2566 1916 2630 1966 sil
2658 1914 2747 1982 qui
2771 1920 2921 1967 eruat
2950 1911 3121 1978 (Pent.
3148 1926 3290 1973 xttx,
3322 1907 3435 1977 22).

1860 2003 2088 2059 Attende
2111 2005 2269 2058 verba
2301 2004 2540 2073 Apostoli
2571 2004 2763 2071 Legem
2793 1998 3075 2065 laudantis,
3103 2017 3160 2055 se
3184 2014 3441 2055 accusan-

1862 2096 1959 2160 tis,
1991 2111 2137 2150 reum
2168 2111 2226 2149 se
2276 2096 2375 2149 sub
2416 2096 2555 2164 Lege
2586 2094 2854 2157 facientis,
2883 2103 2934 2148 el
2981 2102 3259 2161 personam
3305 2090 3442 2145 forte

1862 2194 2005 2240 tuam
2032 2185 2084 2240 in
2114 2201 2171 2239 se
2190 2185 2630 2254 transligttrantis,
2659 2193 2713 2237 et
2740 2182 2964 2237 dicentis
2994 2183 3087 2236 tibi
3121 2199 3134 2233 :
3173 2180 3441 2234 Peccatum

1862 2293 1961 2332 non
1990 2277 2229 2347 cognovi,
2257 2276 2354 2329 nisi
2381 2291 2469 2344 per
2492 2273 2695 2344 Legem.
2729 2272 2866 2326 Nam
2885 2272 3341 2339 cont’upisceutimu
3357 2286 3443 2322 ue-

1862 2366 2110 2429 sciebam,
2140 2366 2236 2419 nisi
2262 2364 2368 2418 Lex
2384 2365 2565 2418 dicere!
2585 2406 2600 2429 ,
2632 2362 2684 2416 Ν
2687 2379 2751 2416 an
2790 2362 3125 2431 concupisces.
3172 2358 3444 2412 Occasione

1862 2465 2028 2509 autem
2053 2464 2292 2524 accepta,
2326 2464 2581 2522 peccatum
2624 2469 2712 2522 per
2746 2451 3040 2504 mandatum
3083 2460 3343 2518 operatum
3371 2460 3444 2501 est

1867 2546 1920 2599 in
1951 2561 2029 2598 me
2049 2561 2246 2598 omnem
2266 2543 2736 2613 concupiscentiam.
2757 2540 3012 2611 Sine-lege
3029 2540 3156 2592 enim
3190 2549 3445 2608 precntum

1863 2648 2114 2692 mortuum
2129 2646 2219 2691 est.
2235 2635 2368 2703 Quid
2396 2644 2497 2701 est,
2516 2643 2765 2688 mortuum
2784 2632 2891 2686 est?
2911 2631 3081 2691 Latet,
3103 2645 3205 2683 non
3231 2637 3448 2696 apparet

1864 2732 2116 2796 omnino,
2182 2741 2428 2799 tanquam
2490 2726 2754 2796 sepultum
2805 2725 3093 2794 ignoratur.
3147 2720 3448 2775 Advenit-nte

1863 2833 2028 2878 autem
2078 2822 2347 2887 mandato,
2395 2826 2651 2892 peccatum
2680 2818 2874 2872 reuixit.
2903 2815 3037 2881 Quid
3081 2825 3192 2878 est,
3239 2813 3447 2867 revixit!

1864 2916 2135 2982 Apparcre
2161 2912 2350 2981 saepit,
2406 2908 2589 2964 sentiri
2641 2907 2834 2977 cmpit,
2868 2905 3126 2961 rebellare
3167 2902 3446 2957 adversum

1863 3017 1949 3056 me
1973 3001 2151 3069 cmpit.
3278 3008 3283 3011 Α

1933 3090 2155 3147 CAPUT
2183 3088 2480 3144 “IL—10.
2506 3087 2784 3143 Dclectatio
2806 3085 2930 3156 legis
2962 3082 3085 3147 Dei,
3112 3091 3160 3136 et
3186 3079 3448 3136 delectatio

1864 3183 2294 3250 concupiscentite.
2314 3210 2386 3221 -—
2414 3180 2526 3252 Ego
2552 3189 2717 3234 autem
2746 3187 2971 3232 mortuus
3004 3194 3134 3232 sum.
3162 3175 3296 3245 Quid
3318 3183 3402 3230 est
3424 3216 3439 3237 ,

1869 3281 2090 3325 mortuus
2138 3272 2289 3325 sum?
2316 3270 2696 3326 Pnevaricator
2726 3268 2894 3323 factus
2919 3283 3036 3322 sum
3061 3307 3077 3331 ,
3106 3266 3171 3321 Et
3196 3268 3449 3320 invention

1870 3373 1940 3418 est
1965 3362 2087 3416 milii
2111 3361 2402 3415 mandatum
2420 3361 2553 3431 quod
2571 3370 2677 3414 erat
2706 3360 2758 3413 in
2783 3360 2958 3411 vitam.
2989 3357 3174 3413 Videte
3190 3357 3315 3426 quia
3343 3355 3450 3410 Lex

1870 3452 2117 3506 laudatur
2135 3492 2149 3515 ,
2178 3451 2470 3504 mandatum
2511 3450 2646 3520 quod
2673 3459 2778 3502 crttt
2823 3448 2876 3501 in
2896 3449 3088 3514 .vitam.
3111 3446 3290 3514 Qualis
3310 3444 3451 3496 enim

1868 3544 1972 3597 vita
2000 3552 2113 3607 est,
2144 3557 2247 3595 non
2275 3539 2695 3610 concupiscere?
2720 3538 2764 3592 Ο
2789 3539 2898 3592 vita
2943 3537 3141 3592 dulcis!
3174 3534 3349 3588 Dulcis
3371 3543 3452 3587 est

1868 3633 2079 3703 quidem
2107 3631 2349 3699 voluptas
2375 3626 2815 3697 concupiscentize
2843 3643 2856 3678 :
2887 3640 3068 3680 verum
3094 3632 3196 3688 est,
3216 3638 3315 3676 nec
3334 3638 3449 3675 eam

1872 3723 2118 3777 homines
2159 3728 2523 3790 sequerentur,
2554 3718 2652 3770 nisi
2706 3716 2874 3770 dulcis
2921 3723 3082 3769 esset.
3124 3713 3449 3773 Theatrum,

1871 3812 2233 3883 spectaculum
2260 3853 2274 3874 ,
2302 3808 2553 3865 meretrix
2581 3807 2797 3873 lasciva,
2827 3804 3128 3874 turpissima
3149 3800 3408 3857 cantilena
3434 3841 3451 3864 ,

1871 3904 2043 3960 dulcia
2074 3911 2199 3957 sunt
2219 3902 2316 3955 ista
2337 3898 2815 3968 concupiscentiat;
2842 3894 3013 3949 dulcia
3044 3893 3217 3968 plane,
3247 3891 3451 3955 suavia,

1869 3994 2245 4051 delectabilia:
2287 3990 2412 4055 sed,
2448 3964 2797 4043 Nbrraverunt
2845 3985 2968 4038 mihi
3011 3964 3188 4049 iniusti
3234 3980 3450 4034 delecta-

1872 4087 2050 4149 tiones,
2073 4085 2161 4139 sed
2181 4100 2279 4137 non
2299 4083 2427 4137 sicut
2455 4081 2535 4141 (cx
2556 4089 2641 4134 tua
2657 4120 2673 4145 ,
2703 4076 2914 4131 Domine
2940 4062 3107 4147 (Paul.
3129 4086 3308 4138 cxvul,
3337 4070 3453 4140 85).

1873 4177 2063 4234 Suavia
2106 4184 2225 4230 sunt
2246 4215 2261 4239 ,
2290 4172 2462 4227 dulcia
2491 4180 2615 4225 sunt
2636 4211 2652 4236 ,
2685 4166 3013 4224 delectabilia
3038 4175 3160 4219 sunt
3183 4161 3306 4217 :scd
3332 4162 3453 4215 audi

1874 4271 2116 4333 meliora,
2140 4266 2190 4321 N
2192 4274 2484 4320 erraverunt
2510 4262 2634 4316 mihi
2657 4259 2835 4331 injusti
2851 4257 3223 4314 delectationes,
3245 4254 3332 4306 sed
3354 4270 3454 4307 non

1872 4363 1999 4418 sicut
2029 4360 2111 4415 (ea:
2128 4370 2235 4424 tua,
2259 4354 2473 4411 Domine
2523 4354 2670 4410 Filix
2697 4352 2869 4406 anima
2894 4365 3013 4420 quat
3037 4347 3334 4417 ltujusmodi
3360 4345 3454 4399 de-
3479 4401 3489 4410 θ

1875 4449 2243 4506 lectationibus
2270 4447 2563 4502 oblectatur
2586 4485 2601 4507 ,
2635 4442 2722 4496 ubi
2747 4437 3069 4511 turpitudine
3096 4437 3235 4490 nulla
3283 4435 3456 4504 inqui-

1876 4551 2052 4603 natur,
2077 4549 2129 4592 et
2165 4536 2404 4592 veritatis
2441 4532 2726 4589 serenitate
2769 4537 3039 4600 purgatur.
3069 4528 3234 4595 Quem
3279 4535 3448 4580 antetr

1875 4633 2103 4689 delectat
2146 4631 2229 4686 lex
2275 4628 2402 4694 Dei,
2434 4636 2487 4682 et
2526 4626 2604 4681 sic
2630 4623 2881 4687 deleCIat,
2913 4631 2970 4676 ut
2994 4633 3182 4675 omnes
3226 4617 3450 4672 delecta-

1878 4729 2052 4782 tiones
2093 4724 2323 4780 lasciviae
2362 4720 2572 4786 vincat,
2615 4732 2718 4773 non
2746 4715 2847 4770 sibi
2895 4720 3108 4783 arroget
3135 4713 3288 4765 istam
3313 4708 3459 4767 dele-

1876 4817 2161 4873 ctationem
2196 4832 2209 4867 :
2243 4813 2492 4866 Dominus
2516 4809 2652 4863 dabit
2688 4804 3023 4871 suauitatem(
3055 4799 3197 4856 Psal.
3225 4815 3419 4855 Lxxxtv
3439 4841 3456 4863 ,

1881 4908 1988 4978 15).
2017 4907 2185 4975 Quam
2226 4900 2435 4958 dicam?
2480 4897 2700 4953 Domine
2724 4935 2739 4959 ,
2781 4895 2847 4947 da
2887 4893 3014 4947 mihi
3043 4892 3184 4945 illam
3229 4889 3458 4945 suavita~

1882 5011 2009 5059 tem,
2038 4997 2120 5050 vel
2152 4992 2328 5048 illam?
2357 4990 2540 5045 Suavis
2566 5004 2617 5042 es
2637 5027 2652 5050 ,
2686 4985 2930 5047 Domine,
2953 4982 3073 5037 etin
3102 4991 3189 5035 tua
3214 4980 3461 5036 suavitate

1880 5090 2003 5143 doce
2028 5103 2106 5139 me
2129 5083 2345 5151 iustitias
2367 5089 2482 5133 tuas
2509 5065 2676 5151 (Psal.
2702 5088 2891 5137 cxvm,
2919 5071 3042 5144 68).
3077 5071 3131 5125 ln
3162 5079 3250 5126 tua
3278 5069 3457 5125 suavi-

1882 5191 1988 5238 tate
2013 5179 2145 5234 doce
2191 5191 2277 5231 me
2297 5216 2310 5235 .
2341 5182 2397 5229 et
2452 5171 2613 5226 doces
2638 5183 2744 5225 me.
2776 5167 2924 5222 Tunc
2966 5165 3115 5221 disco
3144 5173 3201 5219 ut
3227 5162 3418 5219 faciam
3445 5202 3460 5227 ,

1882 5273 1926 5328 si
1979 5273 2031 5325 in
2087 5279 2173 5323 tua
2200 5268 2457 5321 suavitate
2504 5261 2698 5316 doceas
2746 5273 2850 5314 me.
2901 5255 3166 5311 ϐειυιοηιηι
3211 5253 3462 5325 quamdiu

1884 5362 2149 5417 blanditur
2199 5356 2447 5426 iniquitas
2475 5363 2527 5408 et
2565 5350 2735 5408 dulcis
2763 5358 2845 5404 est
2870 5346 3117 5417 iniquitas
3135 5387 3151 5407 ,
3180 5358 3358 5398 atnara
3387 5353 3467 5396 cst

1951 5492 2149 5542 'Codcx
2190 5488 2254 5547 ι,
2293 5486 2345 5536 in
2376 5483 2460 5535 illo
2500 5494 2653 5548 pone:
2681 5481 2856 5530 etuias:
2890 5473 3121 5540 partiwh
3151 5481 3214 5536 te,
3251 5485 3341 5537 pm
3373 5487 3467 5537 qua

1951 5567 2036 5592 ρηι-
2061 5549 2433 5592 snhinlellitzere
2458 5544 2687 5592 licuisset.

1886 5567 2039 5620 spem,
2060 5549 2306 5619 subintelli
2326 5561 2433 5597 vere
2458 5549 2687 5594 licuisset.

1952 5618 1973 5648 ι
1999 5616 2223 5669 verbum,
2244 5564 2371 5665 ruﬁ),
2394 5608 2534 5655 abest
2550 5607 2612 5654 ab
2636 5613 2735 5669 am.
2759 5609 2834 5651 Er.
2869 5606 2970 5669 eta
3006 5604 3132 5669 uss,
3156 5597 3240 5660 qui
3257 5596 3332 5669 sic
3351 5596 3463 5665 sub.

1889 5654 2498 5745 seque-Vatia
2527 5675 2591 5716 Ne
2620 5666 2743 5729 forte
2775 5660 2933 5726 rapiat
2952 5657 3077 5711 velut
3108 5654 3196 5721 leo",
3224 5662 3270 5713 et
3291 5669 3383 5710 non
3409 5654 3454 5707 si

1891 5732 1979 5801 qui
1994 5743 2126 5787 cruat
2146 5732 2353 5789 attende,
2381 5737 2473 5778 etc.
