3850 6188
426 335 522 397 δε,
1656 320 1712 377 S.
1755 310 2121 376 AUGUSTlNl
2162 311 2458 372 Ei‘lS'COl’l
3563 330 3653 385 83!

423 453 640 506 veritas.
670 449 736 504 In
778 458 864 502 tua
910 445 1153 501 suavitate
1174 443 1297 497 doce
1332 457 1410 494 me
1441 456 1459 495 :
1485 447 1544 494 ut
1570 437 1746 493 suavis
1773 436 1843 490 sit
1868 432 2010 487 veri-

422 554 523 605 tas,
549 541 826 598 dulcedine
857 550 942 593 tua
971 534 1623 603 contemnaturiniquitas.
1652 531 1813 586 Multo
1827 529 2015 584 melior

424 644 506 689 est
530 643 585 687 et
609 632 820 685 suavior
837 631 1050 691 veritas,
1080 628 1172 682 sed
1198 613 1341 682 sanis
1367 626 1542 680 suavis
1563 632 1645 680 est
1675 622 1843 693 panis.
1874 620 2009 687 Quid

427 725 615 777 tneiius
643 733 691 777 et
720 722 1026 790 prmclarius
1053 734 1187 790 pane
1216 717 1462 773 cmlcsti?
1488 715 1595 771 Sed
1624 715 1670 769 si
1698 731 1801 768 non
1827 713 2012 768 obstu-

425 812 617 881 putarit
645 812 833 867 dentes
865 812 1132 882 iniquitas.
1182 810 1452 878 Scriptura
1482 807 1625 863 enim
1656 806 1784 860 dicit
1817 823 1830 857 :
1865 804 2011 858 smn

426 919 521 955 ara
548 906 727 956 acerba
750 901 979 956 dentibus
1005 901 1156 953 noxia
1179 910 1250 953 est
1266 942 1278 963 ,
1306 909 1350 951 et
1389 901 1560 968 [amas
1595 896 1754 949 Oculis
1775 911 1793 957 ;
1818 894 1887 948 sic
1914 893 2013 946 ini-

421 994 587 1061 quitas
614 994 859 1046 utentibus
888 1011 948 1047 ea
978 991 1155 1064 (Prov.
1206 1008 1269 1049 1t.
1442 989 1577 1057 Quid
1628 989 1838 1057 prodes!
1888 989 2008 1057 quia

426 1098 614 1150 panem
662 1082 906 1148 laudatis,
937 1083 980 1137 si
1033 1083 1171 1137 male
1196 1081 1413 1135 vivitis?
1456 1079 1607 1147 Quod
1652 1078 1877 1133 laudatis
1906 1095 2007 1131 non

428 1172 776 1227 manducatis.
806 1171 938 1227 Cum
970 1188 1096 1242 ergo
1123 1172 1275 1227 audis
1299 1171 1540 1237 vet-bum,
1569 1185 1688 1224 cum
1720 1170 1869 1222 audis
1893 1184 2010 1221 vrr-

425 1263 549 1316 bum
574 1262 792 1332 justitia‘.
819 1272 875 1318 et
918 1264 1155 1318 veritatis
1177 1305 1190 1325 ,
1220 1272 1273 1316 et
1321 1261 1502 1315 laudas
1527 1278 1539 1324 ;
1572 1260 1737 1313 multo
1766 1259 2008 1313 lauslabiu

424 1353 525 1405 lius
550 1360 665 1418 est,
697 1353 740 1406 si
770 1352 947 1407 facias.
973 1352 1080 1407 Fac
1107 1368 1235 1422 ergo
1261 1352 1399 1422 quad
1425 1351 1624 1405 laudas.
1664 1353 1745 1404 An
1773 1351 2011 1404 dicturus

425 1458 485 1499 es
513 1460 527 1498 :
556 1442 708 1509 Volo,
740 1444 831 1497 sed
861 1456 964 1496 nun
1006 1443 1194 1497 valeo?
1223 1443 1396 1510 Quare
1423 1459 1526 1496 non
1558 1441 1741 1494 vales?
1768 1440 1896 1508 Quia
1926 1457 2011 1494 διι-

428 1534 565 1589 nitas
593 1550 698 1588 non
747 1543 845 1589 est.
881 1535 1032 1590 Unde
1062 1538 1339 1589 sanitatem
1393 1535 1706 1603 perdidisti,
1737 1535 1836 1588 nisi
1887 1536 2008 1604 quia

428 1627 695 1695 peccando
721 1627 1028 1681 Creatorem
1052 1626 1360 1681 offendisti?
1383 1627 1521 1696 Ergo
1552 1635 1607 1679 ut
1634 1626 1750 1694 ejus
1780 1641 1969 1695 p'tncm
1991 1667 2004 1689 ,

426 1732 582 1782 quem
613 1716 793 1771 laudas
816 1759 831 1783 ,
862 1733 979 1771 cun
1034 1718 1325 1783 suavitate,
1373 1718 1421 1770 id
1466 1725 1547 1771 est
1570 1759 1584 1782 ,
1614 1731 1734 1770 cum
1786 1716 2011 1771 sanitate

427 1805 714 1858 manduees
737 1846 753 1870 ,
784 1806 867 1858 dic
901 1807 971 1858 illi
1004 1824 1016 1857 :
1046 1804 1155 1875 Ego
1177 1807 1282 1859 diri
1301 1849 1315 1872 ,
1353 1806 1583 1870 Domine,
1618 1808 1851 1859 miserere
1873 1806 2009 1872 mei;

425 1910 551 1947 sana
576 1894 796 1946 animum
825 1912 1004 1954 nteant,
1024 1897 1258 1964 quoniam
1283 1898 1479 1967 peccavi
1504 1898 1592 1950 tibi
1612 1895 1779 1967 (Psal.
1813 1914 1900 1962 XL,
1930 1898 2006 1967 5).

428 1984 570 2054 Ergo
592 2027 607 2049 ,
639 1985 810 2054 inquit
834 2026 847 2049 ,
878 1986 1131 2039 inventam
1158 1996 1229 2041 est
1258 1988 1379 2040 nti/ti
1408 1987 1701 2041 mandatam
1726 1989 1862 2057 quod
1903 2000 2011 2043 erat

426 2077 479 2129 in
521 2076 706 2138 vitam,
739 2075 834 2129 hoc
875 2092 980 2131 esse
1025 2077 1077 2130 in
1105 2088 1332 2131 mortem.
1387 2077 1514 2131 Erat
1541 2079 1681 2133 enim
1709 2080 1806 2133 sibi
1855 2090 2008 2135 antea

430 2166 638 2234 ignotus
658 2176 903 2235 peccator
921 2207 934 2231 ,
963 2165 1130 2222 factus
1177 2178 1258 2221 est
1281 2169 1591 2224 manifestus
1615 2171 2006 2237 praivaricator.

430 2255 570 2311 Ecce
589 2256 859 2311 inventum
883 2266 964 2313 est
995 2257 1066 2312 illi
1094 2257 1145 2311 itt
1182 2266 1423 2325 mortem,
1455 2260 1593 2329 quod
1623 2268 1735 2313 erat
1757 2260 1806 2312 in
1825 2260 2007 2314 vitam.

501 2346 727 2404 CAPUT
768 2347 947 2409 lX.—-
985 2350 1072 2403 Η.
1113 2347 1281 2403 Homo
1315 2349 1558 2419 superbas
1595 2348 1766 2420 gladio
1804 2351 2010 2421 proprio

427 2438 714 2492 occisus.-—-
735 2438 1011 2493 Occasione
1025 2448 1211 2504 autem,
1236 2440 1425 2508 inquit,
1438 2449 1642 2509 accepta
1654 2449 1906 2509 peccatum
1923 2458 2012 2510 per

429 2527 720 2579 mandatam
762 2528 943 2599 fefellit
979 2543 1075 2593 me,
1105 2538 1153 2582 et
1187 2544 1276 2597 per
1305 2529 1436 2582 illud
1469 2530 1668 2582 occidit.
1700 2530 1785 2585 Sic
1814 2530 2007 2607 factum

429 2625 513 2672 est
555 2617 730 2688 primo
769 2618 821 2671 in
855 2618 1139 2688 paradiso:
1172 2617 1398 2690 Fcfeltit,
1433 2620 1615 2690 ittquil,
1649 2637 1727 2675 me
1750 2622 2010 2677 occasione

425 2715 632 2775 accepta
674 2724 764 2778 per
804 2708 1117 2762 mandatam.
1168 2709 1297 2765 Vide
1343 2720 1646 2779 serpentem
1688 2713 1896 2768 mulieri
1936 2714 2008 2768 illi

428 2808 819 2854 susurrantem.
851 2798 1104 2866 Quaesivit
1131 2800 1198 2854 ab
1224 2816 1284 2856 ea
1326 2801 1453 2872 quid
1477 2803 1671 2858 dixerit
1705 2804 1845 2859 Deus
1875 2821 1889 2858 :
1919 2821 2008 2860 re-

427 2889 642 2960 spondit
663 2891 770 2955 illa,
801 2891 944 2947 Dixit
969 2893 1110 2946 nobis
1137 2893 1272 2948 Deus
1302 2909 1322 2947 :
1350 2892 1434 2948 Ex
1455 2895 1593 2949 omni
1617 2895 1756 2965 tigno
1776 2896 1913 2966 quod
1937 2906 2012 2952 est

427 2983 479 3036 in
509 2983 768 3053 paradiso,
797 2982 988 3049 edetis;
1014 2985 1077 3038 de
1102 2986 1239 3053 ligno
1258 2994 1425 3038 autem
1444 2986 1665 3040 scientiae
1681 2986 1797 3041 boni
1817 2996 1864 3041 et
1887 2988 2012 3043 ntafi

427 3091 529 3127 non
557 3073 730 3128 edctt's.
765 3074 850 3129 Ea:
876 3090 934 3129 eo
959 3076 1006 3129 si
1023 3075 1240 3141 edentis,
1274 3086 1431 3129 morte
1457 3078 1755 3132 moriemini.
1791 3077 1902 3134 Ποο
1927 3089 2010 3135 est

433 3164 522 3218 Dei
551 3165 874 3220 mandatum.
904 3165 1099 3221 Contra
1140 3182 1363 3237 serpens
1399 3185 1410 3220 :
1446 3168 1598 3234 Non,
1632 3169 1821 3239 inquit,
1855 3180 2012 3225 morte

430 3256 727 3310 moriemini.
770 3257 973 3313 Sciebat
1009 3259 1141 3312 enim
1180 3258 1315 3313 Dens
1352 3262 1468 3332 quia
1507 3279 1607 3332 qua
1647 3264 1728 3317 die
1770 3265 2005 3332 ederitis,

429 3347 719 3415 aperientur
756 3349 889 3402 oculi
927 3350 1093 3412 vestri,
1121 3360 1167 3403 et
1196 3351 1332 3404 eritis
1357 3360 1593 3421 tanquam
1623 3354 1697 3406 dii
1727 3354 1746 3423 (
1769 3353 1897 3408 Gen.
1929 3371 2006 3421 ιιι,

429 3439 573 3510 2-5).
609 3439 886 3495 Occasione
905 3456 1032 3511 ergo
1058 3454 1262 3512 accepta
1299 3454 1557 3515 peccatum
1586 3463 1674 3515 per
1717 3446 2010 3500 mandatum

430 3532 608 3602 ρτειιῑι
636 3548 734 3598 me,
765 3542 812 3585 et
841 3550 929 3602 per
956 3534 1086 3587 illud
1105 3534 1309 3588 occidit.
1334 3534 1522 3590 Gladio
1550 3552 1705 3605 quem
1732 3536 2006 3606 portabas,

433 3633 484 3677 te
511 3623 754 3677 inimicus
777 3623 1004 3689 occidit;
1051 3628 1212 3679 armis
1244 3626 1345 3679 tuis
1384 3634 1436 3681 te
1465 3628 1607 3693 vicit,
1640 3629 1806 3682 armis
1833 3629 1936 3683 tuis
1960 3638 2012 3685 te

431 3713 715 3767 interemit.
748 3712 948 3784 Recipe
976 3714 1278 3769 mandatum
1312 3735 1325 3769 :
1355 3717 1490 3772 scito
1529 3733 1646 3773 esse
1685 3734 1833 3773 arma
1854 3761 1869 3786 ,
1903 3735 2009 3774 non

431 3802 623 3871 quibus
651 3804 855 3858 occidat
879 3814 947 3869 te,
975 3806 1068 3860 scd
1095 3807 1283 3875 quibus
1308 3823 1335 3861 a
1363 3817 1411 3861 te
1439 3806 1713 3863 occidatur
1743 3810 2006 3866 inimicus.

428 3894 530 3947 Sed
563 3894 669 3948 noli
700 3910 1020 3964 pravsnmere
1047 3897 1112 3951 de
1134 3898 1333 3951 viribus
1355 3898 1475 3952 tuis.
1505 3899 1635 3954 Vide
1663 3917 1881 3969 parvum
1909 3902 2012 3956 Da-

428 3986 513 4040 vid
552 3995 734 4042 contra
778 3988 834 4044 G-
860 3989 1023 4055 liatlt,
1059 3990 1179 4043 vide
1222 4006 1439 4059 parvum
1483 3999 1666 4045 contra
1702 3994 2008 4063 ingentem;

427 4076 520 4131 scd
551 4077 602 4131 in
629 4080 844 4134 nomine
876 4080 1079 4134 Domini
1111 4091 1538 4151 prasamentem.
1567 4081 1640 4135 Ta
1664 4084 1797 4137 venis
1822 4084 1890 4136 ad
1909 4101 2007 4149 me,

431 4168 620 4238 inquit,
661 4185 774 4222 cum
814 4170 987 4241 clypeo
1023 4182 1069 4226 et
1107 4174 1316 4237 lancea;
1347 4190 1435 4244 ego
1479 4174 1529 4227 in
1560 4177 1758 4229 nomine
1805 4175 2010 4229 Domini

431 4259 784 4328 omnipotentis
815 4259 867 4329 (l
912 4261 1036 4332 ητα.
1066 4279 1192 4328 xvn,
1220 4263 1349 4333 45).
1392 4264 1501 4330 Sic,
1533 4265 1639 4333 sic;
1673 4265 1829 4320 aliter
1858 4282 1962 4321 non
1995 4285 2008 4321 :

431 4351 649 4402 omnino
678 4350 831 4406 aliter
859 4368 964 4406 non
1003 4356 1354 4421 prosternitur
1380 4356 1641 4410 inimicus.
1675 4358 1773 4423 Qui
1808 4373 2011 4427 pra'su-

431 4442 527 4493 mit
546 4440 612 4494 de
627 4442 823 4496 viribus
851 4443 981 4505 suis,
996 4451 1278 4514 antequam
1298 4448 1616 4517 pugnctipsc
1639 4450 2010 4518 prosternitur.

501 4532 588 4587 CA
600 4533 731 4588 PUT
769 4533 836 4587 Χ.
854 4563 926 4574 -—
952 4535 1036 4588 l2.
1065 4537 1333 4605 Apostolus
1356 4538 1505 4590 etiam
1524 4548 1672 4607 atque
1690 4542 1839 4594 etiam
1867 4540 2013 4613 Legis

433 4622 781 4692 apertissimus
807 4623 1058 4677 laudator.
1100 4626 1281 4680 Videte
1311 4636 1486 4682 tamen
1508 4668 1523 4692 ,
1557 4627 1856 4684 cbarissimi
1883 4671 1898 4697 ,
1928 4631 2011 4685 vi-

430 4714 556 4770 dete
579 4714 739 4768 ctiam
767 4724 924 4785 atque
954 4717 1109 4770 etiam
1144 4717 1365 4772 Paulum
1393 4719 1687 4787 apostolum
1714 4729 1897 4775 contra
1931 4720 2013 4776 fu-

434 4821 610 4860 rorrtn
634 4803 1042 4861 Manicltmorunt
1070 4822 1191 4863 esse
1234 4808 1363 4879 legis
1394 4810 1584 4864 divina:
1613 4811 2009 4882 apertissimum

436 4896 781 4963 laudatorem,
815 4896 990 4953 videte
1017 4898 1143 4970 quid
1183 4899 1434 4970 adjungat
1456 4920 1469 4953 :
1494 4900 1673 4972 Itaque
1703 4901 1785 4957 tea:
1811 4903 2014 4973 quidem

431 4998 626 5056 sancta,
668 4999 714 5043 et
760 4989 1050 5044 mandatum
1077 5004 1342 5057 sanctam,
1376 5004 1422 5048 ct
1454 4994 1687 5065 justam,
1716 5004 1760 5049 et
1807 4995 2010 5050 bonum.

431 5078 698 5150 Numquid
739 5080 954 5136 uberius
999 5081 1203 5138 laudari
1243 5086 1451 5153 potest?
1496 5085 1659 5141 Paulo
1698 5094 1821 5142 ante
1852 5087 2015 5143 verbo

431 5171 522 5224 iilo
549 5171 691 5241 quod
713 5171 863 5240 dixit,
894 5172 1048 5240 Absit,
1077 5173 1388 5231 defenderat
1414 5191 1445 5231 a
1473 5177 1696 5233 crimine
1714 5219 1729 5243 ,
1761 5192 1866 5233 non
1896 5177 2014 5233 lau-

433 5263 675 5316 daverat.
705 5263 857 5318 Aliud
879 5273 961 5318 est
982 5280 1012 5318 a
1042 5265 1266 5321 crimine
1296 5267 1506 5336 ohjecto
1534 5267 1842 5334 defendere,
1874 5270 2015 5325 aliud

428 5354 609 5407 tit-lito
644 5354 913 5424 maeonio
950 5356 1259 5425 praedicare.
1306 5357 1519 5412 Crimen
1568 5358 1833 5427 oltjectnm
1883 5358 2013 5427 fuit,

435 5444 569 5507 Quid
594 5461 712 5516 ergo
733 5445 989 5500 dicemus?
1004 5445 1112 5502 Lex
1135 5457 1392 5517 peccatum
1417 5459 1487 5502 est
1504 5448 1532 5502 .’
1554 5449 1820 5516 Defensio,
1852 5450 2012 5505 Absit.

433 5533 550 5591 lino
574 5540 736 5594 verbo
773 5539 1072 5596 defenditur
1111 5542 1335 5604 veritas;
1367 5542 1487 5610 quia
1527 5558 1713 5611 magna
1756 5551 1838 5598 est
1875 5545 2018 5612 Apo-

434 5626 556 5680 διυιί
589 5629 923 5683 defendentis
948 5633 1254 5687 auctoritas.
1279 5633 1414 5701 Quid
1441 5634 1529 5688 diu
1569 5633 1858 5689 defendat?
1898 5636 2018 5691 Suf-

436 5718 562 5772 ti.:t.
596 5717 753 5769 Absit.
787 5719 863 5769 An
908 5720 1079 5784 uultis,
1116 5722 1317 5791 inquit,
1358 5725 1747 5795 expcrimrn:unt
1792 5728 2017 5797 accipere

2119 430 2228 500 ejus
2252 432 2339 500 qui
2360 432 2409 485 in
2434 447 2509 484 me
2534 432 2753 501 loquitur
2768 431 2994 488 (.‘Ittistus
3024 443 3040 504 (
3070 436 3107 487 ll
3135 433 3251 490 Cor.
3279 451 3387 501 xui,
3416 439 3500 508 3)?
3520 439 3650 498 Modo

2120 529 2294 573 autem
2330 538 2342 572 :
2378 518 2556 589 Itaque
2582 524 2664 575 lex
2694 523 2893 581 quidem
2921 536 3114 593 sancta,
3156 536 3202 580 et
3239 528 3514 583 mandatam
3546 549 3648 587 stat-

2117 620 2274 674 ctum,
2299 620 2344 663 et
2363 613 2584 680 justum,
2608 624 2653 666 et
2682 616 2865 666 bonum

2191 701 2275 755 l3.
2306 700 2451 755 Idem
2487 712 2729 757 tractatur
2763 717 3135 775 argumentum.
3170 706 3317 772 Quod
3351 725 3460 780 ergo
3496 714 3647 770 bonum

2117 800 2188 843 est
2210 833 2225 857 ,
2255 793 2376 845 milii
2402 798 2592 863 factum
2618 808 2688 849 cst
2708 798 2885 850 mors?
2912 796 3071 853 Absit.
3103 799 3235 864 Quia
3262 800 3448 855 bonum
3475 821 3566 858 non
3583 820 3649 863 cst

2118 896 2283 937 mors.
2308 884 2415 938 Sed
2438 897 2696 954 peccatum
2729 897 2793 942 ut'
2815 900 3058 958 appareat
3090 902 3364 962 peccatum,
3396 911 3476 963 per
3498 898 3647 953 bonum

2117 984 2375 1044 operatam
2399 987 2469 1031 est
2496 978 2620 1031 mihi
2648 988 2874 1033 mortem.
2907 980 3047 1036 Mors
3069 998 3173 1036 non
3201 996 3282 1038 est
3316 986 3414 1049 lrx,
3440 988 3522 1042 sed
3549 1007 3645 1058 pec-

2117 1074 2291 1119 catum
2322 1076 2406 1122 est
2432 1083 2595 1123 mors.
2627 1069 2945 1125 iamdudum
2969 1083 3149 1129 autem
3176 1074 3397 1130 dixerat.
3432 1077 3543 1134 Sine
3563 1081 3646 1150 lege

2115 1170 2372 1225 peccatum
2421 1169 2671 1213 mortuam
2710 1173 2800 1216 est.
2849 1162 2946 1219 Ubi
2990 1179 3086 1219 vos
3129 1165 3511 1234 admonuetatu,
3548 1173 3642 1241 quia

2117 1257 2366 1300 mortuum
2395 1258 2486 1315 est,
2517 1250 2667 1316 dixit,
2700 1251 3064 1308 absconditum
3113 1257 3239 1309 latri.
3260 1300 3273 1317 ,
3304 1273 3403 1311 non
3446 1273 3642 1327 apparet.

2115 1338 2270 1393 Modo
2292 1341 2465 1394 videte
2493 1358 2650 1411 quam
2678 1359 2801 1398 vere
2832 1345 2898 1398 ita
2926 1346 3125 1399 dictum
3154 1347 3222 1399 sit
3255 1366 3268 1401 :
3300 1346 3558 1414 Peccatum,
3578 1353 3643 1405 in-

2116 1432 2248 1501 quit,
2279 1442 2329 1484 ut
2371 1444 2613 1503 appareat
2650 1447 2926 1505 peccatum.
2974 1437 3089 1491 Non
3129 1437 3280 1504 dixit,
3313 1439 3376 1494 Ut
3408 1442 3502 1507 sit;
3547 1447 3641 1513 quia

2117 1529 2232 1574 emt
2258 1531 2311 1574 et
2344 1521 2556 1590 quando
2589 1540 2697 1578 non
2731 1529 3039 1595 apparebat.
3073 1527 3337 1581 Peccatum
3375 1540 3423 1583 ut
3447 1547 3642 1602 appareat

2117 1622 2394 1682 peccatum.
2420 1614 2563 1682 Quid
2583 1626 2683 1680 est,
2717 1627 2773 1670 ut
2806 1631 3049 1688 appareat
3086 1634 3338 1690 peccatum
3356 1624 3380 1677 .’
3401 1624 3516 1689 Quia
3549 1645 3641 1680 rou-

2114 1705 2475 1773 capiscentiam
2511 1710 2805 1776 nesciebam,
2836 1711 2933 1765 nisi
2961 1710 3073 1766 Lex
3109 1713 3321 1780 diceret,
3356 1714 3464 1769 Non
3493 1734 3637 1770 conru-

2118 1798 2296 1866 pisccs.
2324 1798 2436 1852 Non
2460 1800 2551 1864 ait,
2579 1801 3076 1872 Concupiscentiam
3113 1824 3218 1860 non
3261 1807 3498 1863 habebam
3522 1812 3639 1875 ;sed,

2116 1890 2568 1959 concupiscentiam
2598 1894 2871 1948 nesciebam
2904 1895 2993 1952 Sic
3039 1898 3198 1951 etiam
3243 1897 3326 1951 hic
3362 1914 3455 1953 non
3492 1901 3569 1963 ait,
3595 1902 3641 1956 Ut

2116 1977 2186 2032 sit
2214 1989 2513 2046 peccatum;
2556 1981 2672 2049 sed,
2704 1992 2758 2036 ut
2791 1995 3041 2055 appareat
3082 2002 3354 2055 peccatum,
3393 2005 3473 2057 per
3503 1990 3643 2043 bonum

2116 2066 2240 2120 mihi
2264 2078 2527 2135 operatam
2561 2081 2633 2124 est
2662 2083 2889 2127 mortem.
2916 2074 3093 2143 Quam
3121 2077 3382 2131 mortem?
3411 2077 3471 2133 Ut
3488 2079 3562 2147 ﬁat
3579 2097 3640 2133 stt-

2117 2177 2210 2230 pra
2236 2161 2438 2215 modum
2481 2173 2711 2234 peccator
2738 2175 2823 2219 aut
2849 2177 3113 2237 peccatum
3144 2184 3232 2239 per
3259 2170 3540 2223 mandatum.
3570 2174 3640 2223 At-

2120 2253 2297 2329 tende,
2330 2271 2483 2326 supra
2522 2259 2725 2310 modum
2753 2271 3001 2330 peccator.
3043 2262 3221 2330 Quare
3255 2279 3403 2333 supra
3436 2265 3638 2317 modum!

2115 2342 2247 2409 Quia
2273 2345 2383 2414 jam
2425 2357 2479 2400 et
2509 2350 2893 2416 praevaricatio.
2929 2350 3037 2406 Ubi
3073 2354 3203 2407 enim
3232 2355 3312 2409 lex
3345 2372 3436 2408 non
3468 2367 3552 2415 est,
3574 2371 3640 2408 nec

2118 2438 2464 2505 prtcraricatio
2489 2438 2662 2510 (Rom.
2698 2457 2771 2505 tv,
2807 2441 2916 2513 15).

2187 2524 2269 2579 CA
2280 2526 2410 2581 PU'P
2433 2528 2521 2583 XI.
2535 2530 2624 2584 ——i
2635 2531 2686 2584 ei.
2702 2529 2971 2586 Peccatum
2989 2551 3061 2589 ea:
3077 2537 3238 2606 primo
3254 2538 3439 2591 homine
3454 2549 3636 2591 tractum.

2120 2613 2303 2670 Videte
2327 2632 2473 2686 ergo,
2504 2618 2692 2675 fratres
2715 2663 2729 2686 ,
2765 2622 2939 2678 videte
2965 2640 3144 2695 genus
3171 2626 3438 2682 humanum
3463 2644 3489 2681 a
3512 2629 3637 2696 prima

2117 2706 2259 2762 iltius
2280 2709 2431 2778 primi
2460 2709 2689 2766 hominis
2706 2724 2875 2770 morte
2897 2716 3142 2789 tinxisse.
3168 2718 3366 2773 Etenim
3393 2729 3638 2788 peccatum:

2118 2796 2290 2865 primo
2313 2798 2526 2854 homine
2548 2801 2749 2855 intravit
2776 2803 2827 2857 in
2856 2804 2990 2858 hunc
3014 2807 3292 2873 mundum,
3323 2818 3366 2861 et
3398 2825 3476 2877 per
3500 2823 3639 2877 pecca-

2118 2897 2220 2940 tum
2244 2905 2397 2954 mors,
2455 2901 2501 2944 et
2529 2892 2599 2944 ita
2622 2892 2674 2946 in
2706 2909 2876 2948 onmes
2904 2895 3140 2952 homines
3186 2899 3454 2969 pertransiit
3487 2897 3573 2969 (Μ.
3597 2913 3635 2962 v,

2121 2978 2229 3051 12).
2278 2979 2601 3046 Pet-transiit,
2649 2985 2868 3040 verbum
2917 2990 3214 3055 attendite,
3262 2992 3393 3061 quod
3431 2990 3635 3044 audistis:

2117 3072 2471 3140 considerate,
2494 3075 2668 3130 videte
2705 3077 2827 3146 qttid
2858 3088 2969 3145 est,
3001 3083 3311 3150 pertransiit.
3353 3079 3638 3135 I’ertransiit:

2118 3158 2242 3215 inde
2269 3170 2351 3216 est
2385 3172 2438 3217 et
2477 3166 2726 3233 parvulus
2766 3183 2916 3234 rens;
2957 3181 3240 3240 peccaturo
3282 3171 3491 3226 nondum
3526 3170 3635 3231 fecit,

2118 3251 2211 3306 sed
2238 3253 2415 3306 traxit.
2446 3253 2653 3310 Etenim
2695 3257 2823 3312 illud
2852 3271 3135 3330 peccatum
3168 3279 3272 3317 non
3299 3263 3346 3317 in
3374 3264 3499 3317 fonte
3523 3276 3637 3314 man-

2119 3342 2205 3404 sit,
2246 3343 2337 3396 scd
2370 3347 2705 3409 pertransiit:
2730 3364 2834 3402 non
2883 3352 2933 3404 in
2979 3351 3133 3406 illum
3176 3365 3264 3407 aut
3309 3354 3466 3420 illum,
3491 3351 3566 3406 sed
3598 3351 3635 3402 in

2118 3448 2288 3488 omnes
2333 3435 2557 3490 homines
2598 3441 2906 3506 pertransiit.
2957 3442 3157 3498 Gemuit
3203 3455 3482 3515 peccatores
3518 3442 3634 3495 morti

2118 3522 2378 3577 obnoxios
2408 3525 2609 3593 primus
2648 3538 2912 3597 peccator,
2942 3533 3152 3601 primus
3181 3535 3535 3603 praevaricator.
3561 3531 3637 3584 \‘e—

2119 3613 2197 3667 nit
2220 3613 2284 3668 ad
2315 3615 2581 3670 sanandos
2607 3617 2674 3672 de
2720 3619 2921 3689 virgine
2959 3621 3226 3678 Salvator.
3259 3625 3382 3690 Quia
3411 3621 3471 3677 ad
3495 3632 3537 3675 te
3556 3634 3633 3672 non

2117 3719 2220 3774 qua
2249 3706 2461 3773 venisti,
2489 3708 2631 3761 venit
2660 3725 2674 3761 :
2704 3724 2807 3762 non
2847 3713 2988 3765 enim
3040 3714 3129 3769 ille
3170 3714 3236 3769 de
3278 3708 3632 3783 concupiscentia

2120 3802 2283 3851 maris
2306 3806 2360 3852 et
2385 3797 2615 3865 tentiam,
2645 3816 2755 3855 non
2776 3801 2842 3857 de
2871 3804 2962 3858 illo
2988 3803 3630 3874 vinculoconcupiscentiae.

2121 3887 2366 3957 Spiritus,
2400 3889 2588 3959 inquit,
2620 3903 2827 3948 sanctus
2863 3900 3178 3965 superveniet
3202 3900 3253 3952 in
3279 3911 3339 3953 te.
3369 3898 3542 3952 Dictum
3572 3903 3634 3947 est

2122 3977 2225 4034 hoc
2246 3980 2454 4051 virgini,
2483 3982 2680 4037 dictum
2699 3995 2779 4039 est
2797 3986 2900 4041 fide
2931 3988 3175 4055 ferventi,
3204 4006 3303 4044 non
3325 3988 3633 4056 concupiscen-

2126 4070 2194 4123 tia
2221 4073 2396 4125 carnis
2420 4077 2664 4129 aistnanti
2694 4095 2706 4129 :
2734 4077 2958 4148 Spiritus
2984 4095 3190 4137 sanctus
3219 4083 3500 4156 superreniet
3518 4080 3558 4132 in
3579 4087 3628 4141 te,

2121 4168 2168 4212 ct
2212 4161 2367 4215 virtus
2413 4161 2660 4218 Altissimt
2701 4167 3008 4223 obambrabit
3052 4172 3141 4225 tibi
3168 4170 3311 4244 (Luc.
3340 4188 3371 4237 ι,
3399 4170 3508 4240 '55)-
3533 4167 3629 4233 Qui"

2120 4250 2226 4304 tale
2253 4250 2693 4310 obnmbmeulum
2726 4256 2964 4327 haberet,
3000 4263 3212 4330 quando
3249 4263 3426 4316 ardore
3451 4252 3631 4313 libidinis

2121 4344 2414 4397 aestuaret?
2441 4344 2572 4412 Quia
2597 4361 2725 4417 ergo
2757 4350 2774 4380 ⁸
2798 4364 2901 4403 non
2928 4366 3030 4421 qua
3060 4355 3248 4409 venisti
3274 4353 3337 4407 ad
3363 4363 3408 4407 te
3429 4348 3563 4410 venit,
3584 4343 3631 4397 li-

2119 4431 2271 4487 berat
2298 4442 2371 4488 te.
2400 4434 2498 4491 Ubi
2531 4445 2583 4491 te
2611 4439 2852 4494 invenit?
2881 4441 3266 4498 Veuumdatum
3309 4442 3400 4497 sub
3439 4442 3625 4511 peccnlo.

2118 4521 2381 4589 iacentem
2407 4526 2465 4579 in
2487 4537 2658 4583 morte
2685 4530 2838 4599 primi
2867 4531 3097 4590 hominis
3115 4576 3129 4599 ,
3162 4533 3440 4588 trahentem
3480 4540 3627 4597 ρεῦσι·

2125 4625 2233 4669 tum
2264 4616 2420 4685 primi
2451 4617 2681 4673 hominis
2703 4662 2717 4686 ,
2746 4620 3029 4678 habentem
3058 4633 3255 4679 reatum
3284 4631 3532 4692 antequam
3554 4615 3626 4669 ita-

2123 4704 2249 4760 bere
2279 4721 2461 4776 posses
2489 4710 2786 4767 arbitrium.
2824 4713 2964 4769 Ecce
3006 4717 3093 4770 ubi
3134 4726 3185 4771 te
3225 4715 3431 4779 invenit,
3455 4705 3626 4780 quando

2123 4798 2399 4864 parvulum
2443 4799 2660 4854 invenit.
2707 4801 2814 4857 Sed
2873 4808 3078 4875 parvuli
3122 4818 3323 4861 artatetn
3368 4795 3624 4859 cxcessislii

2121 4903 2247 4943 cecc
2289 4892 2521 4957 crevisti,
2551 4893 2720 4961 pri-mo
2753 4907 2969 4964 peccato
3008 4899 3172 4953 multa
3201 4894 3466 4957 addidisti;
3494 4890 3623 4957 lese!“

2122 4978 2391 5048 accepisti,
2429 4982 2804 5049 przetaricator
2823 4987 3089 5042 exstitisti.
3125 4986 3227 5042 Sed
3264 4985 3362 5040 noli
3389 4995 3491 5038 esse
3511 4972 3626 5031 som‘

2123 5069 2300 5123 citus:
2338 5069 2436 5125 Ubi
2461 5071 2731 5127 abundavit
2771 5086 3048 5145 peccaturis,
3084 5070 3477 5147 superabundavit
3498 5061 3628 5138 grai!"

2124 5159 2299 5232 (Rom.
2332 5176 2382 5226 v,
2409 5162 2525 5233 20).
2555 5164 2805 5219 Conversi
2832 5166 2898 5220 ad
2928 5167 3221 5231 Dominum,
3247 5173 3346 5220 etc.

2613 5255 2837 5312 διεκιιο
2872 5257 3027 5314 cuv
3053 5264 3067 5282 -
3096 5258 3187 5328 (η).
3412 5343 3415 5344 ί
3552 5329 3604 5344 η

2126 5345 2206 5399 De
2235 5348 2389 5402 verbis
2428 5348 2676 5416 Apostoti,
2718 5348 2868 5404 Itoni.
2911 5368 3002 5415 vn,
3033 5352 3234 5408 Scimus
3259 5346 3371 5415 quia
3407 5343 3476 5397 lex
3501 5333 3621 5405 sl’i’i’

2207 5439 2365 5492 tnalis
2390 5447 2503 5500 est;
2534 5456 2632 5510 rgo
2651 5452 2825 5495 autem
2856 5445 3081 5498 carnalis
3108 5457 3237 5503 sunt,
3262 5450 3343 5492 etc.
3368 5435 3524 5489 Contra
3544 5426 3619 5477 ΡΡ

2190 5551 2204 5616 ξ
2231 5558 2302 5599 διε
2324 5560 2420 5616 sm.
2448 5557 2520 5600 Er.
2549 5559 2597 5601 et
2620 5558 2726 5602 Mss.
2754 5562 2801 5603 At
2823 5562 2953 5614 t.ov.,
2979 5556 3065 5615 (ηςί
3086 5569 3210 5616 ergo.

2191 5613 2202 5629 ‘
2226 5612 2492 5671 Castigatus
2517 5615 2575 5661 ad
2617 5629 2789 5664 omnes
2815 5624 2917 5665 \Iss.
2941 5605 2999 5667 et
3031 5605 3208 5667 tiddfin
3243 5617 3440 5661 sermone
3477 5605 3616 5664 μεθ’

2123 5672 2257 5737 deuti
2282 5676 2421 5737 modo
2441 5676 2738 5737 designatos.

2186 5734 2259 5795 (tt)
2296 5734 2430 5796 alias,
2458 5737 2519 5785 de
2546 5734 2711 5786 tertiis
2738 5747 2783 5802 μη
2800 5738 2938 5789 estalt
2965 5741 3019 5790 3.
