3850 6188
137 264 224 319 833

195 376 441 446 tugianos,
466 371 553 443 qui
582 366 757 424 dicunt
784 364 1036 421 ltoininem
1058 362 1166 418 siue
1204 368 1408 433 peccato
1431 373 1537 413 esse
1562 373 1709 429 posse

194 472 239 523 in
270 470 363 519 hac
388 467 489 519 vita
520 461 623 533 (ιι).

377 524 658 597 ιιαιήιίιέθιι
673 554 893 593 mensam
907 547 951 591 s.
976 524 1189 602 Martyris
1209 535 1442 601 Cypriani.

195 633 416 691 CAPUT
451 627 822 685 PRIMUM.-—
850 626 899 680 l.
929 622 1037 677 Lex
1068 624 1135 675 ad
1160 620 1282 690 quid
1309 619 1430 672 data
1470 625 1561 672 est.
1603 611 1710 669 He-

137 740 351 784 sternam
400 722 683 778 lectionem
723 717 793 774 de
822 708 989 771 sancti
1018 711 1244 783 apostoli
1278 709 1423 765 Pauli
1453 704 1710 777 Epistola,

136 821 210 889 qui
234 813 469 873 εει-ιιιοηί
499 810 766 877 adfuistis,
797 807 1022 863 audistis
1052 823 1065 859 :
1095 805 1236 860 illam
1280 802 1439 857 lectio
1476 799 1714 868 sequitur

138 927 237 983 qua:
278 908 438 963 hodie
476 905 703 961 recitata
741 910 841 957 cst.
871 900 1060 955 Adhuc
1088 903 1332 953 versatur
1358 895 1449 949 ille
1483 891 1715 947 diﬂit-ilis

136 982 182 1061 et
204 1000 534 1074 periculosus
563 996 733 1061 locus,
768 1008 926 1064 quem
953 991 1103 1046 vobis
1130 991 1183 1043 in
1206 987 1469 1057 adjutorio
1505 982 1713 1037 Domini

139 1072 306 1156 nostri,
330 1099 588 1163 quantum
634 1102 719 1141 me
754 1085 1002 1155 religioso
1031 1079 1168 1151 apud
1195 1096 1314 1135 eum
1346 1075 1608 1146 adjuvatis
1633 1072 1714 1126 af-

139 1186 283 1250 fectu,
326 1197 423 1252 pro
449 1179 651 1235 viribus
687 1192 818 1246 quas
865 1174 992 1227 dare
1035 1173 1313 1239 dignatur,
1346 1182 1614 1237 exponere
1661 1173 1717 1219 et

138 1276 355 1331 enodare
382 1271 737 1339 suscepimus.
767 1264 1078 1320 Patientiam
1106 1261 1231 1314 mihi
1266 1259 1498 1329 prtulteat
1524 1255 1714 1311 Chari-

138 1380 204 1423 tas
237 1374 451 1430 vestra,
482 1371 535 1416 ut
572 1361 616 1415 si
659 1358 830 1414 habeo
858 1362 1080 1428 propter
1113 1352 1491 1407 obscuritatem
1538 1362 1713 1402 rerum

136 1458 391 1514 difﬁcilem
423 1452 837 1524 disputationem
863 1490 877 1512 ,
908 1448 1095 1503 saltem
1133 1446 1354 1499 habeam
1386 1442 1591 1497 facilem
1625 1456 1717 1494 vo-

135 1566 258 1604 cem.
282 1548 341 1603 Si
370 1546 827 1611 euim‘utrumque
869 1540 939 1594 sit
967 1537 1200 1601 difficile,
1239 1535 1464 1589 mutum
1512 1532 1719 1585 labora-

139 1653 211 1695 tur
238 1659 251 1695 :
278 1648 337 1694 et
364 1641 567 1692 utinam
608 1650 712 1690 non
747 1633 864 1688 sine
902 1646 1060 1686 causa
1100 1629 1389 1683 laboretur.
1431 1626 1502 1682 Ut
1538 1632 1715 1678 autem

138 1735 288 1791 prosit
338 1731 492 1784 labor
532 1737 732 1788 noster,
763 1724 832 1778 sit
861 1723 1066 1792 patiens
1109 1719 1318 1773 auditus
1359 1727 1549 1770 vester.
1582 1714 1715 1781 Quia

136 1825 317 1894 legem
365 1838 474 1875 non
516 1820 694 1889 culpat
724 1813 1041 1883 Apostolus,
1072 1811 1321 1865 hesterno
1349 1808 1436 1861 die
1461 1807 1719 1859 audit-nli—

137 1917 241 1970 bus.
269 1921 535 1984 quantum
562 1908 831 1972 existimo,
863 1901 1239 1960 satisfecimus.
1275 1899 1348 1953 lbi
1375 1898 1569 1968 quippe
1604 1897 1676 1950 ait
1703 1914 1715 1950 :

140 2007 260 2074 Quid
287 2021 414 2073 ergo
444 2000 701 2055 dicemus?
733 1997 839 2050 Lex
862 2000 1119 2067 peccatum
1146 2001 1237 2045 est.
1278 1989 1441 2043 Absit.
1473 1988 1576 2043 Sed
1597 2004 1715 2058 pec-

138 2108 291 2150 catum
320 2112 427 2149 non
456 2092 684 2162 cognovi,
719 2089 816 2142 nisi
851 2104 938 2154 per
973 2086 1147 2155 legem.
1189 2082 1324 2135 Nam
1360 2081 1720 2151 concupiscen-

139 2189 244 2240 tiam
266 2181 575 2243 nesciebam,
605 2180 700 2233 nisi
729 2178 835 2232 Lex
864 2177 1066 2239 diceret,
1108 2172 1227 2226 Non
1260 2173 1597 2243 concupisces.
1625 2169 1724 2223 0c—

138 2281 333 2332 casione
369 2286 539 2329 autem
564 2281 789 2337 accepta,
823 2279 1080 2341 peccatum
1108 2284 1194 2337 per
1220 2266 1513 2318 mandatum
1541 2281 1722 2332 opera--

138 2382 231 2423 tum
254 2378 332 2422 est
358 2368 414 2420 in
453 2382 531 2419 me
554 2379 755 2419 onmem
780 2359 1237 2429 concupiscentiam
1296 2357 1420 2410 Sine
1450 2355 1557 2425 lege
1591 2352 1725 2407 enim

139 2470 396 2527 peccatum
430 2466 680 2509 mortuum
705 2462 778 2507 est
797 2470 815 2517 ;
850 2451 900 2504 id
928 2461 1007 2504 est
1041 2451 1188 2511 latet,
1219 2464 1320 2500 non
1353 2454 1589 2515 apparet.
1617 2443 1725 2513 Ego

138 2560 291 2603 autem
331 2548 560 2602 vivebam
600 2543 874 2614 aliquando
913 2543 1018 2595 sine
1058 2541 1202 2611 lege:
1233 2537 1524 2591 adveniente
1561 2546 1727 2588 nutozn

139 2642 398 2704 nuntiato,
430 2646 685 2706 peccatum
718 2635 915 2689 revixit.
951 2631 1062 2704 Ego
1090 2644 1254 2685 autem
1278 2640 1500 2682 mortuus
1521 2645 1651 2693 sinu,
1680 2639 1725 2680 et

140 2731 390 2785 inrentwn
423 2738 495 2783 est
516 2727 639 2780 mihi
667 2723 959 2779 mandatum
986 2722 1123 2792 quod
1150 2728 1255 2773 erat
1305 2720 1355 2773 in
1387 2721 1538 2771 vitam
1563 2720 1579 2789 (
1604 2718 1727 2788 quid

139 2826 269 2877 enim
292 2833 408 2877 tam
433 2820 703 2890 pertinens
714 2818 779 2872 ad
797 2817 980 2881 vitam,
1003 2829 1182 2883 quam,
1203 2810 1323 2866 Non
1336 2807 1726 2883 concupisces?),

143 2915 226 2968 hoc
257 2928 377 2968 esse
409 2913 465 2964 in
504 2918 728 2962 mortem.
763 2905 1035 2961 Peccatum
1064 2904 1195 2957 enim
1232 2902 1492 2956 occasione
1526 2912 1732 2970 accepta

139 3024 222 3077 per
238 3005 548 3060 mandatum
582 2998 765 3072 fefellit
793 3015 890 3065 me,
915 3007 961 3051 et
982 3013 1069 3064 per
1092 2995 1222 3049 illud
1245 2995 1424 3047 occidit
1449 3009 1465 3046 :
1483 2992 1736 3064 Concupi-

141 3098 402 3151 scentiam
446 3095 652 3158 terruit,
685 3106 791 3145 non
818 3088 1104 3152 exstinxit;
1140 3087 1344 3148 terruit,
1376 3102 1478 3139 non
1512 3099 1734 3154 oppres-

139 3189 236 3252 sit;
270 3187 406 3242 fecit
438 3186 685 3238 timorem
715 3196 922 3252 poenio,
951 3194 1055 3232 non
1084 3190 1320 3230 amorem
1357 3174 1593 3243 justitine.
1625 3172 1735 3225 Ita-

146 3294 253 3344 que,
289 3275 498 3345 inquit,
526 3274 607 3326 lex
634 3272 835 3341 quidem
868 3277 1066 3331 sancta,
1095 3277 1141 3320 et
1169 3264 1461 3318 mandatum
1486 3270 1730 3328 sanctum,

138 3380 185 3421 et
192 3370 437 3439 justum,
475 3376 520 3419 et
550 3364 754 3417 bonum.
792 3359 939 3427 Quod
967 3373 1085 3428 ergo
1132 3358 1314 3411 bonum
1353 3364 1458 3418 est,
1491 3354 1614 3406 mihi
1652 3356 1735 3424 fa-

140 3469 270 3512 ctum
298 3466 384 3511 est
414 3454 591 3508 mors?
623 3452 779 3506 Absit.
804 3449 917 3504 Non
944 3449 1086 3504 enim
1117 3447 1204 3502 lex
1227 3460 1389 3506 mors,
1422 3444 1513 3498 sed
1548 3459 1739 3513 pecea-

140 3556 248 3602 tum
276 3560 460 3603 mors.
489 3541 624 3611 Quid
650 3557 779 3613 ergo
804 3556 869 3595 ex
896 3536 1173 3593 occasione
1200 3533 1471 3589 mandati?
1500 3532 1605 3587 Sed
1634 3549 1741 3602 pec-

140 3646 307 3696 catum
367 3643 422 3687 ut
476 3640 719 3702 appareat
758 3637 1015 3701 peccatum
1051 3642 1064 3656 '
1109 3626 1305 3679 latebat
1341 3623 1481 3677 enim
1528 3621 1741 3692 quando

140 3739 422 3784 mortuum
467 3722 747 3779 dicebatur
785 3739 799 3773 :
839 3736 927 3791 per
974 3718 1159 3772 bonum
1205 3716 1327 3768 milii
1367 3723 1628 3783 apemtum
1671 3722 1741 3766 est

139 3830 396 3881 mortem;
421 3825 496 3881 ut,
526 3813 703 3869 addita
737 3809 1175 3881 prmvaricationc
1196 3848 1210 3872 ,
1239 3806 1327 3873 ﬁat
1355 3820 1511 3874 supra
1539 3801 1742 3855 modum

139 3922 385 3981 peccator
403 3918 490 3961 aut
504 3914 764 3976 peccatum
787 3919 876 3968 per
900 3898 1215 3963 mandatum;
1236 3896 1355 3966 quia
1382 3894 1744 3966 praevaricatio

140 4010 376 4070 peccato
396 4014 505 4052 non
533 3996 850 4060 adderetur,
889 3992 930 4045 si
964 4006 1067 4044 non
1098 3995 1241 4043 esset
1268 3986 1596 4040 mandatum.
1626 3984 1745 4039 Alio

140 4094 285 4148 enim
301 4094 429 4147 loco
444 4090 572 4145 dicit
588 4097 771 4158 aperte
794 4086 936 4141 idem
957 4082 1231 4152 apostolus
1252 4099 1264 4134 :
1288 4079 1384 4135 Ubi
1401 4081 1532 4133 enim
1554 4079 1636 4132 lex
1647 4095 1745 4131 non

138 4194 231 4250 est,
271 4198 377 4238 nec
415 4180 760 4253 prazvaricatio
790 4176 966 4247 (Rom.
999 4189 1072 4239 tv,
1108 4173 1218 4242 15).
1247 4170 1382 4239 Quid
1422 4169 1588 4238 ergo?
1610 4168 1745 4236 Quid

137 4278 458 4332 dubitannts
482 4273 551 4329 ad
581 4274 679 4328 hoc
698 4271 876 4326 datam
903 4282 1023 4322 esse
1050 4265 1244 4335 Legem
1267 4306 1281 4331 ,
1314 4272 1370 4317 nt
1399 4262 1662 4317 inveniret
1691 4274 1747 4314 se

138 4366 355 4423 homo?
368 4362 593 4434 Quando
608 4364 747 4418 enim
777 4362 918 4415 Deus
934 4374 1038 4412 non
1058 4353 1373 4425 prohibebat
1391 4370 1418 4405 a
1443 4352 1600 4419 malo,
1621 4352 1751 4405 late-

138 4457 229 4514 bat
267 4475 341 4515 se
386 4458 587 4512 homo:
614 4454 755 4508 vires
794 4465 917 4507 suas
956 4446 1231 4518 languidas
1255 4460 1356 4499 ttOIt
1394 4444 1614 4508 invenit,
1646 4442 1747 4498 nisi

133 4549 374 4621 quando
412 4547 587 4619 legem
616 4541 989 4616 prohibitionis
1022 4539 1242 4608 accepit.
1276 4536 1481 4591 Invenit
1506 4550 1632 4605 ergo
1662 4548 1739 4600 se,

135 4644 191 4697 in
238 4637 415 4698 malis
452 4638 655 4694 invenit
691 4651 769 4691 se.
793 4634 909 4701 Quo
949 4631 1080 4702 fugit
1107 4628 1207 4684 se?
1231 4628 1575 4696 Quocumque
1606 4625 1750 4681 enim

133 4737 355 4809 fugerit
383 4749 465 4801 se,
512 4732 754 4802 sequitur
787 4744 866 4783 se.
902 4725 969 4780 Et
998 4722 1120 4794 quid
1150 4723 1197 4777 ci
1229 4721 1441 4791 prodest
1471 4721 1536 4774 de
1564 4734 1623 4773 se
1669 4719 1752 4772 in-

132 4839 317 4883 vento
349 4823 597 4887 scientia,
624 4835 783 4893 quam
809 4817 1011 4872 sauciat
1040 4811 1403 4869 conscientia?

206 4916 464 4974 CAPUT
504 4915 567 4969 ll.
598 4944 670 4955 —
694 4912 749 4967 2.
783 4910 860 4964 De
887 4927 939 4963 se
966 4909 1077 4976 ipso
1098 4924 1163 4959 an
1184 4906 1266 4958 hic
1287 4905 1520 4973 loquatur
1540 4901 1757 4970 Aposto-

130 5015 245 5067 lus.
283 5009 555 5080 Loquitur
574 5020 702 5075 ergo
727 5014 780 5058 et
806 5002 857 5056 in
888 5002 984 5054 ista
1013 4998 1257 5056 lectione,
1288 5010 1405 5064 qure
1433 4991 1595 5047 hodie
1623 4992 1758 5046 reci-

128 5114 254 5159 tata
292 5112 406 5167 est,
451 5098 543 5154 ille
580 5097 671 5168 qui
704 5093 909 5149 invenit
942 5107 1020 5146 se.
1068 5088 1288 5149 Scimus,
1324 5084 1511 5155 inquit,
1540 5081 1763 5149 quialex

128 5192 451 5264 spiritualis
476 5199 584 5254 est;
610 5203 701 5258 ego
727 5193 895 5239 autem
922 5180 1140 5235 carnalis
1164 5193 1296 5241 sum,
1323 5172 1651 5230 venumdatus
1672 5169 1761 5225 sub

125 5261 395 5357 peccato.
425 5279 575 5347 Quod
598 5276 669 5350 (b)
696 5276 830 5331 enim
863 5289 1063 5344 operor,
1087 5271 1281 5340 ignoro.
1314 5265 1435 5320 Non
1463 5265 1595 5320 enim
1615 5261 1747 5333 quod

124 5356 289 5437 solo,
305 5374 409 5427 hoc
425 5388 550 5442 ago;
575 5369 662 5425 sed
677 5367 812 5441 quod
827 5365 931 5428 odi,
953 5362 1083 5417 illud
1099 5359 1517 5433 facio.Quzeritur
1536 5356 1634 5409 hoc
1650 5356 1766 5408 loco

124 5470 137 5479 ’
198 5486 296 5548 (a)
324 5484 402 5531 sic
424 5481 699 5548 inscribitur
715 5477 847 5548 apud
862 5474 1036 5548 (teriam
1057 5472 1105 5548 in
1122 5477 1155 5548 l_t

122 5563 155 5597 a
181 5526 541 5598 ιῖἷιῖι-ξιῖθῖἷῦ
554 5526 766 5596 utrouué
790 5540 849 5586 ad
875 5544 1003 5584 lium.
1030 5547 1110 5584 vn.
1136 5539 1470 5599 tpwmilorro
1488 5526 1638 5599 habiti
1660 5534 1769 5599 set:

123 5594 327 5660 {assariis
356 5594 433 5652 hic
464 5594 749 5652 mundanum
781 5613 844 5649 ex
871 5603 1047 5646 vetere
1080 5594 1245 5645 codice
1268 5598 1351 5641 PP.
1381 5594 1770 5638 titstcrctensmm

122 5684 177 5722 5.
200 5667 403 5717 trucis
434 5668 480 5711 in
501 5663 775 5712 Jerusalem
798 5661 861 5709 de
889 5661 1027 5708 Lrhe.

199 5730 301 5795 ψ)
338 5733 498 5783 forte.
533 5736 689 5786 quem.

1550 240 1777 300 SERHO
1815 240 1920 298 CLI
1929 241 1990 298 Υ.

3296 244 3399 303 834

1818 371 2010 427 magna
2028 353 2300 426 diligentia
2325 354 2444 425 quis
2472 354 2823 426 illlt'nlgttllll‘,
2850 364 3024 413 utrum
3048 356 3166 429 ipse
3185 356 3403 428 Aposto-

1818 447 1899 502 lus
1934 447 2025 518 qui
2064 445 2411 518 loquebatur;
2451 461 2519 502 an
2554 448 2718 505 alium
2758 448 2985 519 aliquem
3021 447 3075 504 in
3101 449 3403 504 ste-transti-

1817 538 2049 608 guravit,
2069 553 2226 608 quem
2245 546 2486 609 tangeret
2507 539 2559 594 in
2578 553 2657 606 se,
2679 539 2819 595 sicut
2837 538 2971 599 dixit
2990 539 3219 609 quodam
3240 538 3360 595 loco
3383 555 3403 594 :

1823 626 1950 685 llaec
1972 640 2139 684 autem
2167 630 2340 687 omnia
2363 631 2721 702 transﬁgurari
2742 632 2795 686 in
2822 648 2900 686 me
2920 640 2967 685 et
2987 630 3173 702 Apollo
3199 640 3405 701 propter

1820 737 1926 785 ras,
1959 729 2013 773 ut
2054 719 2106 774 in
2152 720 2295 775 nobis
2333 720 2618 793 discatis(l
2645 720 2764 775 Cor.
2791 735 2869 786 tv,
2897 720 2976 792 6).
3009 721 3067 776 Si
3097 736 3226 791 ergo
3262 724 3405 789 Apo-

1821 812 1990 866 stolus
2025 811 2257 881 loquitur
2286 810 2449 881 (quod
2493 826 2649 867 nemo
2684 810 2955 880 dubitat),
2987 822 3189 867 etcum
3226 812 3400 877 dicit,

1824 901 1945 957 Non
1974 903 2108 973 quod
2136 904 2244 956 colo
2269 919 2399 974 ago;
2436 903 2524 959 sed
2548 904 2682 972 quod
2722 904 2827 967 odi,
2860 903 2991 957 illud
3025 904 3185 972 facio,
3212 919 3316 960 non
3337 903 3405 960 de

1822 992 2009 1058 altero,
2040 990 2133 1048 sed
2160 992 2227 1047 de
2253 1009 2311 1048 se
2341 994 2455 1062 ipso
2481 994 2606 1048 dit'll
2637 1012 2651 1049 :
2681 996 2808 1065 quid
2835 1009 3021 1050 sumus
3060 995 3403 1060 intellecturi,

1824 1084 2015 1141 fratres
2056 1087 2199 1142 mei?
2244 1086 2391 1143 Itane
2436 1088 2706 1157 apostolus
2748 1089 2943 1143 Paulus
2986 1088 3221 1151 nolebat,
3254 1087 3403 1143 verbi

1821 1180 2023 1249 gratia,
2071 1178 2244 1237 facere
2287 1180 2643 1247 adulterium,
2696 1191 2750 1237 et
2796 1181 3020 1237 faciebat
3045 1179 3407 1237 adulterium?

1825 1269 2036 1325 nolebat
2061 1286 2179 1326 esse
2206 1286 2416 1337 avarus,
2459 1283 2512 1327 et
2546 1282 2660 1329 ora;
2702 1272 2928 1328 avarus?
2949 1272 3078 1339 Quis
3104 1280 3279 1327 autem
3308 1286 3406 1325 no-

1824 1368 1992 1414 strum
2011 1360 2202 1416 audeat
2216 1377 2274 1417 se
2293 1362 2510 1418 induere
2529 1363 2615 1417 tali
2635 1341 3053 1432 blasphemia,nt
3069 1362 3409 1431 deApostolo

1828 1450 1927 1506 hoc
1960 1452 2187 1506 sentiat?
2216 1452 2375 1507 Forte
2399 1470 2526 1521 ergo
2551 1455 2686 1508 alius
2709 1463 2793 1509 est
2821 1454 3011 1525 aliquis
3039 1471 3052 1507 :
3082 1453 3217 1508 forte
3247 1461 3302 1507 tu
3326 1468 3404 1515 es,

1825 1553 1914 1597 aut
1937 1552 1989 1596 tu
2012 1559 2103 1608 es,
2138 1553 2227 1597 aut
2262 1545 2348 1600 ille
2378 1553 2481 1608 est,
2521 1552 2613 1599 aut
2650 1560 2749 1614 ego
2784 1561 2923 1600 sum.
2963 1545 3022 1601 Si
3059 1559 3187 1613 ergo
3218 1543 3410 1613 aliquis

1827 1645 2063 1689 nostrum
2103 1645 2205 1701 est,
2237 1636 2406 1704 ipsum
2436 1636 2585 1706 quasi
2613 1636 2679 1690 de
2705 1636 2819 1702 ipso
2843 1636 3126 1690 audiamus
3155 1636 3196 1699 ί,
3220 1644 3276 1687 et
3302 1648 3409 1687 non

1828 1724 1944 1778 irati
1969 1741 2065 1779 nos
2090 1725 2437 1795 corrigamus.
2472 1725 2524 1780 Si
2553 1734 2730 1779 autem
2764 1729 2877 1793 ipse
2904 1736 3007 1788 est,
3039 1726 3173 1778 torte
3195 1723 3336 1777 enim
3357 1730 3411 1776 et

1828 1815 1940 1884 ipse
1978 1824 2088 1879 est;
2136 1831 2238 1868 non
2280 1817 2356 1869 sic
2404 1815 2755 1884 intelligamus
2783 1815 2922 1883 quod
2952 1814 3104 1875 dixit.
3143 1811 3259 1867 Non
3279 1810 3414 1876 quod

1828 1908 1938 1960 volo
1964 1923 2091 1977 ago;
2115 1908 2203 1961 sed
2223 1908 2358 1977 quod
2382 1908 2489 1972 odi,
2520 1907 2647 1960 illud
2666 1908 2821 1976 facio,
2843 1917 3090 1976 tanquam
3112 1906 3270 1960 vellet
3292 1919 3414 1959 esse

1827 2008 2025 2059 castus,
2054 2009 2106 2053 et
2132 2015 2250 2053 esse
2285 1999 2525 2061 adulter;
2558 2009 2649 2054 aut
2667 2000 2824 2065 vellet
2847 2008 2989 2054 esset
3010 1997 3333 2057 misericors.
3357 2002 3413 2050 et

1830 2098 1971 2143 esset
1995 2090 2255 2154 crudelis;
2288 2100 2377 2145 aut
2418 2090 2577 2144 vellet.
2612 2104 2731 2144 esse
2759 2090 2892 2157 pius,
2936 2098 2990 2144 et
3026 2099 3170 2143 esset
3201 2088 3413 2156 impius.

1830 2179 1944 2232 Non
1974 2180 2038 2233 ad
2070 2180 2173 2235 hoc
2198 2181 2540 2249 accipiamus,
2573 2179 2692 2233 Non
2713 2181 2848 2233 enim
2867 2180 3003 2249 quod
3026 2179 3154 2243 volo,
3179 2178 3277 2232 hoc
3292 2194 3414 2249 ago;

1830 2271 2078 2340 sedquod
2099 2272 2204 2335 odi,
2236 2272 2370 2327 illud
2388 2273 2543 2340 facio.

1904 2361 2125 2417 CAPUT
2165 2362 2249 2416 Ill.
2290 2393 2362 2402 —
2401 2365 2453 2420 5.
2486 2364 2759 2433 Apostolus
2798 2380 2889 2418 nec
2917 2365 3023 2434 ipse
3049 2365 3158 2418 sine
3176 2362 3420 2433 concupi—

1833 2454 2038 2506 scentia.
2066 2452 2168 2507 Sed
2200 2453 2265 2507 ad
2292 2453 2454 2523 quid?
2478 2454 2609 2508 Volo
2632 2471 2734 2507 non
2757 2457 3160 2523 concupiscere,
3192 2463 3247 2509 et
3282 2469 3418 2507 con-

1835 2544 2050 2613 cupisco
2093 2543 2196 2597 Lex
2212 2544 2336 2614 quid
2353 2544 2507 2599 dixit?
2528 2543 2644 2597 Non
2671 2545 3010 2612 concupisces.
3039 2544 3210 2597 [inuno
3226 2544 3418 2614 Legem

1836 2636 2054 2697 audivit,
2080 2636 2262 2689 vitium
2291 2636 2504 2706 agnovit
2534 2655 2547 2688 :
2582 2636 2779 2692 bellum
2809 2635 3030 2697 indixit,
3058 2635 3420 2704 captivitatem

1839 2728 2058 2783 invenit.
2090 2729 2194 2783 Sed
2221 2728 2360 2783 forte
2385 2728 2575 2798 aliquis
2606 2729 2786 2792 homo,
2818 2743 2920 2781 non
2950 2727 3254 2796 Apostolus.
3283 2726 3423 2795 Quid

1838 2835 1965 2890 ergo
1991 2820 2237 2884 dicimus,
2273 2816 2465 2876 fratres
2503 2819 2645 2875 mei?
2676 2817 2792 2873 Non
2838 2819 3065 2891 habebat
3101 2819 3260 2872 ullam
3290 2833 3425 2873 con-

1839 2911 2220 2979 cupiscentiam
2260 2910 2549 2979 Apostolus
2589 2911 2641 2965 in
2684 2925 2846 2965 carne
2874 2926 2991 2975 sua,
3021 2926 3180 2980 quam
3230 2910 3427 2966 habere

1842 3000 2038 3066 nollet;
2061 3002 2145 3056 cui
2178 3010 2350 3055 tamen
2380 3001 2651 3066 existenti,
2679 3001 2932 3065 titillanti,
2956 3002 3280 3071 suggerenti,
3310 3001 3424 3056 sol-

1842 3090 2098 3157 licitanti,
2149 3091 2431 3157 aestuanti,
2481 3091 2706 3147 tentanti
2747 3106 2852 3146 non
2890 3092 3256 3147 consentiret?
3297 3092 3424 3146 Dico

1844 3182 2098 3238 Charitati
2124 3192 2336 3247 vestrm,
2366 3183 2411 3237 si
2454 3182 2838 3238 crediderimus
2875 3184 3187 3253 Apostolum
3226 3183 3424 3238 nullam

1845 3287 2063 3341 prorsus
2092 3272 2342 3328 habuisse
2363 3272 2724 3329 infirmitatem
2750 3274 3198 3344 concupiscentite
3225 3274 3310 3329 cui
3341 3289 3430 3327 rc-

1848 3362 2158 3430 luctaretur,
2195 3363 2417 3417 multum
2459 3363 2728 3419 credimus
2753 3363 2822 3417 de
2849 3363 2941 3417 illo
2979 3380 2994 3415 :
3033 3372 3193 3433 atque
3227 3363 3428 3416 utinam

1849 3453 1919 3507 ita
1941 3453 2028 3507 sit.
2051 3453 2168 3508 Non
2197 3454 2339 3507 enim
2376 3453 2612 3509 invidere
2648 3467 2747 3508 nos
2781 3460 2995 3522 oportet
3018 3450 3307 3520 Apostolis,
3335 3450 3433 3505 sed

1850 3544 2135 3612 Apostolus
2179 3543 2394 3600 imitari.
2445 3543 2862 3609 Verumtamen,
2906 3541 3227 3608 charissimi,
3272 3539 3432 3595 audio

1850 3635 2021 3705 ipsum
2051 3634 2361 3705 Apostolum
2392 3635 2730 3689 confitentem
2750 3674 2765 3699 ,
2813 3631 3046 3687 nondum
3071 3646 3193 3687 eum
3220 3630 3287 3686 ad
3314 3642 3435 3684 tau-

1853 3733 1957 3779 tam
2006 3725 2384 3794 perfectionem
2429 3725 2645 3795 justitim
2698 3724 3037 3795 pervenisse,
3092 3735 3340 3792 quantam
3381 3720 3434 3775 in

1851 3819 2068 3889 Angelis
2110 3834 2230 3874 esse
2263 3817 2532 3874 credimus
2565 3835 2578 3872 :
2608 3831 2832 3886 quorum
2864 3815 3189 3881 Angelorum
3215 3813 3436 3884 aequali-

1854 3920 2015 3967 tatem
2056 3926 2335 3982 spcramus
2359 3952 2374 3975 ,
2407 3911 2452 3965 si
2480 3910 2547 3965 ad
2592 3909 2693 3964 hoc
2719 3908 2859 3978 quod
2890 3908 3128 3962 volumus
3156 3905 3438 3976 pervenia-

1856 4018 1994 4058 mus.
2036 4001 2171 4070 Quid
2218 4002 2361 4056 enim
2404 4001 2547 4055 aliud
2593 4000 2746 4054 nobis
2795 3999 3050 4052 Dominus
3087 3997 3345 4068 promittit
3383 3996 3437 4050 in

1856 4094 2264 4154 resurrectione,
2304 4093 2389 4148 ubi
2434 4092 2555 4145 ait:
2601 4090 2670 4143 In
2719 4088 3078 4143 resurrcitione
3127 4096 3440 4141 mortuorum

1856 4202 2015 4257 neque
2040 4184 2259 4249 nubent,
2287 4200 2444 4255 neque
2468 4200 2647 4237 uxores
2681 4181 2895 4242 ducent;
2916 4188 3016 4234 n‘ou
3044 4179 3174 4233 enim
3203 4178 3442 4249 incipient

1860 4275 2007 4340 mori,
2038 4274 2127 4328 sed
2150 4283 2295 4328 erunt
2317 4273 2532 4342 wqualcs
2553 4271 2757 4342 Angelis
2779 4268 2873 4323 Dei
2893 4268 3102 4339 (Matth.
3130 4284 3261 4335 xxn,
3285 4268 3373 4333 30,
3396 4276 3443 4322 et

1860 4365 1966 4419 Luc
2020 4381 2109 4430 xx,
2135 4365 2223 4429 55,
2248 4362 2378 4437 5(3)?

1933 4459 1985 4509 It.
2033 4455 2329 4525 Apostolum
2373 4452 2511 4523 loqui
2558 4453 2622 4507 de
2672 4452 2879 4523 propria
2915 4468 3008 4506 sua
3050 4451 3443 4523 imperfectione.

1867 4548 2001 4603 Dicit
2027 4563 2154 4616 ergo
2196 4546 2387 4616 aliquis
2426 4563 2438 4598 :
2469 4545 2536 4599 Et
2562 4553 2616 4598 tn
2646 4544 2786 4599 unde
2814 4542 2921 4599 scis
2946 4545 3069 4614 quia
3096 4543 3290 4598 Paulus
3315 4556 3444 4612 apo.

1863 4642 2031 4695 stolas
2073 4639 2242 4709 angeli
2280 4638 2538 4719 justitiam
2570 4645 2625 4692 et
2656 4634 3034 4705 perfectionem
3074 4634 3308 4688 nondum
3350 4633 3447 4686 ha-

1865 4735 2058 4790 bebat?
2098 4733 2213 4788 Non
2265 4732 2400 4786 facio
2442 4731 2685 4799 injuriam
2720 4727 2998 4796 Apostolo,
3022 4742 3128 4779 non
3154 4724 3318 4780 credo
3344 4723 3445 4777 nisi

1864 4826 2143 4895 Apostolo,
2172 4823 2334 4877 alium
2367 4831 2554 4877 testem
2584 4834 2687 4872 non
2714 4832 2932 4886 qurere:
2960 4816 3318 4884 suspicantem
3342 4826 3448 4866 non

1865 4916 2041 4978 audio,
2076 4912 2295 4967 nimium
2338 4909 2638 4964 laudantem
2667 4923 2771 4961 non
2793 4920 2945 4960 curo.
2977 4906 3069 4959 Dic
3094 4905 3244 4968 mihi,
3267 4913 3450 4957 sancte

1869 5006 2145 5077 Apostole,
2171 5003 2241 5058 de
2272 5011 2321 5056 te
2345 5002 2480 5070 ipso,
2509 4999 2596 5054 ubi
2624 5012 2780 5051 nemo
2797 4995 3138 5064 dubitatquia
3163 4994 3233 5049 de
3259 5004 3311 5049 te
3338 4994 3452 5062 ipso

1870 5097 2125 5168 loqueris.
2147 5093 2278 5148 Nam
2310 5091 2399 5146 ubi
2425 5089 2625 5155 dixisti,
2640 5086 2762 5141 Non
2777 5085 2913 5158 quod
2937 5085 3050 5139 voto
3066 5101 3165 5155 ago
3184 5100 3203 5148 ;
3218 5083 3307 5137 sed
3318 5082 3454 5151 quod

1870 5190 1977 5257 odi,
2003 5186 2135 5242 illud
2162 5184 2331 5255 facio,-
2387 5182 2622 5239 existnnt
2652 5178 2831 5252 (a)qui
2880 5176 3080 5239 dicant,
3125 5173 3266 5245 quod
3291 5174 3454 5228 alium

1872 5285 1924 5338 in
1957 5291 2008 5337 te
2036 5278 2215 5335 nescio
2236 5291 2393 5347 quem
2435 5271 2889 5342 transliguraveris
2923 5269 3248 5324 laborantem
3269 5306 3283 5329 ,
3320 5265 3456 5320 deti-

1873 5378 2126 5436 cientem,
2154 5372 2350 5426 victum
2378 5369 2418 5433 ⁸,
2453 5365 2739 5435 captivum.
2770 5364 2849 5418 'l‘u
2876 5361 3007 5417 mihi
3043 5360 3134 5415 dic
3155 5359 3224 5414 de
3261 5367 3332 5425 te,
3369 5356 3458 5413 ubi

1938 5519 1953 5544 ι
1983 5507 2293 5575 Flor-incensis
2313 5512 2394 5575 its.
2414 5498 2753 5575 ,nosmetipsos
2768 5495 2905 5564 quasi
2920 5494 2980 5546 de
3007 5493 3143 5560 ipso,
3176 5489 3451 5543 audiamus.

1936 5576 1958 5605 ²
1978 5571 2145 5621 Plures
2166 5577 2294 5627 Mss,
2317 5571 2542 5627 tinctum.

1940 5616 2438 5693 ti)‘i‘»'e15gat.a;oue
2475 5626 2538 5693 de
2557 5623 2751 5693 neralia
2761 5621 2949 5684 Christi,
2972 5618 3008 5671 ι.
3039 5619 3080 5683 ι,
3122 5630 3165 5671 οη
3189 5616 3281 5675 39;
3329 5620 3451 5666 ροηι

1882 5684 1971 5749 ιω.
1994 5684 2031 5744 t.
2055 5684 2258 5757 mas,
2282 5691 2321 5751 ι,
2346 5689 2395 5749 8,
2421 5694 2467 5736 et
2495 5686 2525 5735 ι.
2554 5684 2603 5746 e,
2622 5699 2649 5729 ιτ
2692 5684 2770 5733 23.
