  <div class='ocr_page' id='page_1' title='image "/cluster/home/n/w/nwhite01/storage/ocr_20150623/38/hvd.32044096580600/423.png"; bbox 0 0 3850 6188; ppageno 0'>
   <div class='ocr_carea' id='block_1_1' title="bbox 499 347 608 403">
    <p class='ocr_par' dir='ltr' id='par_1_1' title="bbox 499 347 608 403">
     <span class='ocr_line' id='line_1_1' title="bbox 499 347 608 403; baseline -0.009 0"><span class='ocrx_word' id='word_1_1' title='bbox 499 347 608 403; x_wconf 69' lang='lat'><strong>835</strong></span> 
     </span>
    </p>
   </div>
   <div class='ocr_carea' id='block_1_2' title="bbox 507 456 2074 528">
    <p class='ocr_par' dir='ltr' id='par_1_2' title="bbox 507 456 2074 528">
     <span class='ocr_line' id='line_1_2' title="bbox 507 456 2074 528; baseline -0.007 -10"><span class='ocrx_word' id='word_1_2' title='bbox 507 476 664 518; x_wconf 82' lang='lat' dir='ltr'><strong>nemo</strong></span> <span class='ocrx_word' id='word_1_3' title='bbox 690 459 892 515; x_wconf 85' lang='lat' dir='ltr'><strong>dubitat</strong></span> <span class='ocrx_word' id='word_1_4' title='bbox 919 458 1039 528; x_wconf 84' lang='lat' dir='ltr'><strong>quia</strong></span> <span class='ocrx_word' id='word_1_5' title='bbox 1066 457 1299 526; x_wconf 86' lang='lat' dir='ltr'><strong>loqueris</strong></span> <span class='ocrx_word' id='word_1_6' title='bbox 1317 457 1384 513; x_wconf 89' lang='lat' dir='ltr'><strong>de</strong></span> <span class='ocrx_word' id='word_1_7' title='bbox 1399 464 1470 514; x_wconf 84' lang='lat' dir='ltr'><strong>te.</strong></span> <span class='ocrx_word' id='word_1_8' title='bbox 1504 456 1729 524; x_wconf 80' lang='lat' dir='ltr'><strong>Fratres,</strong></span> <span class='ocrx_word' id='word_1_9' title='bbox 1754 456 1826 510; x_wconf 90' lang='lat' dir='ltr'><strong>ait</strong></span> <span class='ocrx_word' id='word_1_10' title='bbox 1847 459 2074 525; x_wconf 79' lang='lat' dir='ltr'><strong>Aposto-</strong></span> 
     </span>
    </p>
   </div>
   <div class='ocr_carea' id='block_1_3' title="bbox 503 545 2074 621">
    <p class='ocr_par' dir='ltr' id='par_1_3' title="bbox 503 545 2074 621">
     <span class='ocr_line' id='line_1_3' title="bbox 503 545 2074 621; baseline -0.003 -14"><span class='ocrx_word' id='word_1_11' title='bbox 503 555 610 618; x_wconf 90' lang='lat' dir='ltr'><strong>lus,</strong></span> <span class='ocrx_word' id='word_1_12' title='bbox 639 565 730 621; x_wconf 81' lang='lat' dir='ltr'><strong>ego</strong></span> <span class='ocrx_word' id='word_1_13' title='bbox 753 545 830 602; x_wconf 79' lang='lat' dir='ltr'><strong>me</strong></span> <span class='ocrx_word' id='word_1_14' title='bbox 857 549 1025 620; x_wconf 85' lang='lat' dir='ltr'><strong>ipsum</strong></span> <span class='ocrx_word' id='word_1_15' title='bbox 1055 564 1154 603; x_wconf 83' lang='lat' dir='ltr'><strong>non</strong></span> <span class='ocrx_word' id='word_1_16' title='bbox 1187 548 1404 602; x_wconf 76' lang='lat' dir='ltr'><strong><em>arbitror</em></strong></span> <span class='ocrx_word' id='word_1_17' title='bbox 1423 547 1828 616; x_wconf 80' lang='lat' dir='ltr'><strong>apprehendisse.</strong></span> <span class='ocrx_word' id='word_1_18' title='bbox 1857 546 1923 601; x_wconf 86' lang='lat' dir='ltr'><strong>Et</strong></span> <span class='ocrx_word' id='word_1_19' title='bbox 1952 547 2074 616; x_wconf 89' lang='lat' dir='ltr'><strong>quid</strong></span> 
     </span>
    </p>
   </div>
   <div class='ocr_carea' id='block_1_4' title="bbox 507 639 2077 711">
    <p class='ocr_par' dir='ltr' id='par_1_4' title="bbox 507 639 2077 711">
     <span class='ocr_line' id='line_1_4' title="bbox 507 639 2077 711; baseline -0.003 -14"><span class='ocrx_word' id='word_1_20' title='bbox 507 644 674 698; x_wconf 80' lang='lat' dir='ltr'><strong>facis?</strong></span> <span class='ocrx_word' id='word_1_21' title='bbox 703 641 875 696; x_wconf 82' lang='lat' dir='ltr'><strong>Unum</strong></span> <span class='ocrx_word' id='word_1_22' title='bbox 902 650 1066 694; x_wconf 82' lang='lat' dir='ltr'><strong>autem</strong></span> <span class='ocrx_word' id='word_1_23' title='bbox 1091 683 1105 706; x_wconf 93' lang='lat'><strong>,</strong></span> <span class='ocrx_word' id='word_1_24' title='bbox 1136 655 1247 711; x_wconf 67' lang='lat' dir='ltr'><strong>qua</strong></span> <span class='ocrx_word' id='word_1_25' title='bbox 1269 649 1400 693; x_wconf 78' lang='lat' dir='ltr'><strong>retro</strong></span> <span class='ocrx_word' id='word_1_26' title='bbox 1428 639 1630 703; x_wconf 86' lang='lat' dir='ltr'><strong>oblitus,</strong></span> <span class='ocrx_word' id='word_1_27' title='bbox 1658 641 1709 692; x_wconf 86' lang='lat' dir='ltr'><strong>in</strong></span> <span class='ocrx_word' id='word_1_28' title='bbox 1738 655 1795 692; x_wconf 83' lang='lat' dir='ltr'><strong>ea</strong></span> <span class='ocrx_word' id='word_1_29' title='bbox 1819 655 1929 709; x_wconf 74' lang='lat' dir='ltr'><strong>qua:</strong></span> <span class='ocrx_word' id='word_1_30' title='bbox 1965 649 2077 694; x_wconf 73' lang='lat' dir='ltr'><strong>ante</strong></span> 
     </span>
    </p>
   </div>
   <div class='ocr_carea' id='block_1_5' title="bbox 505 730 2076 794">
    <p class='ocr_par' dir='ltr' id='par_1_5' title="bbox 505 730 2076 794">
     <span class='ocr_line' id='line_1_5' title="bbox 505 730 2076 794; baseline -0.003 -6"><span class='ocrx_word' id='word_1_31' title='bbox 505 743 622 788; x_wconf 71' lang='lat' dir='ltr'><strong>sunt</strong></span> <span class='ocrx_word' id='word_1_32' title='bbox 644 741 891 793; x_wconf 65' lang='lat' dir='ltr'><strong>extentus,</strong></span> <span class='ocrx_word' id='word_1_33' title='bbox 917 733 1186 786; x_wconf 82' lang='lat' dir='ltr'><strong>secundum</strong></span> <span class='ocrx_word' id='word_1_34' title='bbox 1219 731 1559 794; x_wconf 80' lang='lat' dir='ltr'><strong>intentionem,</strong></span> <span class='ocrx_word' id='word_1_35' title='bbox 1609 730 1701 793; x_wconf 87' lang='lat' dir='ltr'><strong>ait,</strong></span> <span class='ocrx_word' id='word_1_36' title='bbox 1741 745 1844 783; x_wconf 93' lang='lat' dir='ltr'><strong>non</strong></span> <span class='ocrx_word' id='word_1_37' title='bbox 1881 745 2076 784; x_wconf 86' lang='lat' dir='ltr'><strong>seruo-</strong></span> 
     </span>
    </p>
   </div>
   <div class='ocr_carea' id='block_1_6' title="bbox 509 821 2076 892">
    <p class='ocr_par' dir='ltr' id='par_1_6' title="bbox 509 821 2076 892">
     <span class='ocr_line' id='line_1_6' title="bbox 509 821 2076 892; baseline -0.003 -12"><span class='ocrx_word' id='word_1_38' title='bbox 509 824 631 880; x_wconf 80' lang='lat' dir='ltr'><strong>dum</strong></span> <span class='ocrx_word' id='word_1_39' title='bbox 675 821 1089 892; x_wconf 75' lang='lat' dir='ltr'><strong>perfectionem;</strong></span> <span class='ocrx_word' id='word_1_40' title='bbox 1122 824 1392 877; x_wconf 79' lang='lat' dir='ltr'><strong>secundant</strong></span> <span class='ocrx_word' id='word_1_41' title='bbox 1437 821 1760 876; x_wconf 83' lang='lat' dir='ltr'><strong>intentionem</strong></span> <span class='ocrx_word' id='word_1_42' title='bbox 1804 839 1981 888; x_wconf 82' lang='lat' dir='ltr'><strong>sequor</strong></span> <span class='ocrx_word' id='word_1_43' title='bbox 2009 823 2076 876; x_wconf 82' lang='lat' dir='ltr'><strong>ad</strong></span> 
     </span>
    </p>
   </div>
   <div class='ocr_carea' id='block_1_7' title="bbox 507 911 2079 981">
    <p class='ocr_par' dir='ltr' id='par_1_7' title="bbox 507 911 2079 981">
     <span class='ocr_line' id='line_1_7' title="bbox 507 911 2079 981; baseline 0.003 -16"><span class='ocrx_word' id='word_1_44' title='bbox 507 913 728 980; x_wconf 83' lang='lat' dir='ltr'><strong>palmam</strong></span> <span class='ocrx_word' id='word_1_45' title='bbox 753 928 984 981; x_wconf 73' lang='lat' dir='ltr'><strong>superna:</strong></span> <span class='ocrx_word' id='word_1_46' title='bbox 1014 913 1286 966; x_wconf 83' lang='lat' dir='ltr'><strong>vocationis</strong></span> <span class='ocrx_word' id='word_1_47' title='bbox 1318 911 1410 965; x_wconf 82' lang='lat' dir='ltr'><strong>Dei</strong></span> <span class='ocrx_word' id='word_1_48' title='bbox 1436 913 1489 965; x_wconf 85' lang='lat' dir='ltr'><strong>in</strong></span> <span class='ocrx_word' id='word_1_49' title='bbox 1513 911 1712 965; x_wconf 83' lang='lat' dir='ltr'><strong>Christo</strong></span> <span class='ocrx_word' id='word_1_50' title='bbox 1736 911 1880 966; x_wconf 82' lang='lat' dir='ltr'><strong>Jcsu.</strong></span> <span class='ocrx_word' id='word_1_51' title='bbox 1906 911 2079 981; x_wconf 82' lang='lat' dir='ltr'><strong>Supra</strong></span> 
     </span>
    </p>
   </div>
   <div class='ocr_carea' id='block_1_8' title="bbox 502 1003 2072 1074">
    <p class='ocr_par' dir='ltr' id='par_1_8' title="bbox 502 1003 2072 1074">
     <span class='ocr_line' id='line_1_8' title="bbox 502 1003 2072 1074; baseline 0 -17"><span class='ocrx_word' id='word_1_52' title='bbox 502 1005 610 1074; x_wconf 85' lang='lat' dir='ltr'><strong>jam</strong></span> <span class='ocrx_word' id='word_1_53' title='bbox 632 1004 836 1060; x_wconf 78' lang='lat' dir='ltr'><strong>dixerat</strong></span> <span class='ocrx_word' id='word_1_54' title='bbox 864 1021 875 1056; x_wconf 94' lang='lat'><strong>:</strong></span> <span class='ocrx_word' id='word_1_55' title='bbox 903 1003 1022 1057; x_wconf 85' lang='lat' dir='ltr'><strong>Non</strong></span> <span class='ocrx_word' id='word_1_56' title='bbox 1053 1005 1170 1074; x_wconf 85' lang='lat' dir='ltr'><strong>quia</strong></span> <span class='ocrx_word' id='word_1_57' title='bbox 1194 1004 1306 1073; x_wconf 88' lang='lat' dir='ltr'><strong>jam</strong></span> <span class='ocrx_word' id='word_1_58' title='bbox 1345 1004 1654 1072; x_wconf 80' lang='lat' dir='ltr'><strong>acceperim,</strong></span> <span class='ocrx_word' id='word_1_59' title='bbox 1693 1013 1778 1057; x_wconf 87' lang='lat' dir='ltr'><strong>aut</strong></span> <span class='ocrx_word' id='word_1_60' title='bbox 1811 1006 1923 1074; x_wconf 88' lang='lat' dir='ltr'><strong>jam</strong></span> <span class='ocrx_word' id='word_1_61' title='bbox 1960 1021 2072 1072; x_wconf 65' lang='lat' dir='ltr'><strong>per.</strong></span> 
     </span>
    </p>
   </div>
   <div class='ocr_carea' id='block_1_9' title="bbox 508 1093 2076 1166">
    <p class='ocr_par' dir='ltr' id='par_1_9' title="bbox 508 1093 2076 1166">
     <span class='ocr_line' id='line_1_9' title="bbox 508 1093 2076 1166; baseline 0.001 -20"><span class='ocrx_word' id='word_1_62' title='bbox 508 1099 666 1165; x_wconf 76' lang='lat' dir='ltr'><strong>frctus</strong></span> <span class='ocrx_word' id='word_1_63' title='bbox 688 1097 783 1149; x_wconf 83' lang='lat' dir='ltr'><strong>sim</strong></span> <span class='ocrx_word' id='word_1_64' title='bbox 807 1094 1063 1166; x_wconf 76' lang='lat' dir='ltr'><strong>(Philipp.</strong></span> <span class='ocrx_word' id='word_1_65' title='bbox 1102 1111 1178 1161; x_wconf 89' lang='lat' dir='ltr'><strong>ut,</strong></span> <span class='ocrx_word' id='word_1_66' title='bbox 1230 1094 1436 1163; x_wconf 65' lang='lat'><strong>12-14).</strong></span> <span class='ocrx_word' id='word_1_67' title='bbox 1472 1094 1656 1148; x_wconf 82' lang='lat' dir='ltr'><strong>Adhuc</strong></span> <span class='ocrx_word' id='word_1_68' title='bbox 1696 1093 2076 1150; x_wconf 74' lang='lat' dir='ltr'><strong>contradicitur</strong></span> 
     </span>
    </p>
   </div>
   <div class='ocr_carea' id='block_1_10' title="bbox 505 1185 2076 1254">
    <p class='ocr_par' dir='ltr' id='par_1_10' title="bbox 505 1185 2076 1254">
     <span class='ocr_line' id='line_1_10' title="bbox 505 1185 2076 1254; baseline -0.003 -14"><span class='ocrx_word' id='word_1_69' title='bbox 505 1196 561 1240; x_wconf 87' lang='lat' dir='ltr'><strong>et</strong></span> <span class='ocrx_word' id='word_1_70' title='bbox 583 1187 774 1240; x_wconf 87' lang='lat' dir='ltr'><strong>dicitur</strong></span> <span class='ocrx_word' id='word_1_71' title='bbox 803 1203 816 1240; x_wconf 90' lang='lat'><strong>:</strong></span> <span class='ocrx_word' id='word_1_72' title='bbox 852 1186 1065 1239; x_wconf 86' lang='lat' dir='ltr'><strong>Dicebat</strong></span> <span class='ocrx_word' id='word_1_73' title='bbox 1091 1187 1189 1239; x_wconf 90' lang='lat' dir='ltr'><strong>ista</strong></span> <span class='ocrx_word' id='word_1_74' title='bbox 1215 1185 1519 1254; x_wconf 70' lang='lat' dir='ltr'><strong>Apostolus,</strong></span> <span class='ocrx_word' id='word_1_75' title='bbox 1545 1185 1665 1253; x_wconf 87' lang='lat' dir='ltr'><strong>quia</strong></span> <span class='ocrx_word' id='word_1_76' title='bbox 1695 1185 1925 1238; x_wconf 79' lang='lat' dir='ltr'><strong>nonduin</strong></span> <span class='ocrx_word' id='word_1_77' title='bbox 1959 1199 2076 1253; x_wconf 66' lang='lat' dir='ltr'><strong>per.</strong></span> 
     </span>
    </p>
   </div>
   <div class='ocr_carea' id='block_1_11' title="bbox 506 1274 2077 1344">
    <p class='ocr_par' dir='ltr' id='par_1_11' title="bbox 506 1274 2077 1344">
     <span class='ocr_line' id='line_1_11' title="bbox 506 1274 2077 1344; baseline 0 -16"><span class='ocrx_word' id='word_1_78' title='bbox 506 1287 722 1330; x_wconf 89' lang='lat' dir='ltr'><strong>venerat</strong></span> <span class='ocrx_word' id='word_1_79' title='bbox 750 1276 814 1330; x_wconf 92' lang='lat' dir='ltr'><strong>ad</strong></span> <span class='ocrx_word' id='word_1_80' title='bbox 842 1275 1286 1330; x_wconf 87' lang='lat' dir='ltr'><strong>immortalitatem</strong></span> <span class='ocrx_word' id='word_1_81' title='bbox 1313 1291 1326 1340; x_wconf 92' lang='lat'><strong>;</strong></span> <span class='ocrx_word' id='word_1_82' title='bbox 1353 1290 1458 1328; x_wconf 89' lang='lat' dir='ltr'><strong>non</strong></span> <span class='ocrx_word' id='word_1_83' title='bbox 1482 1276 1604 1344; x_wconf 87' lang='lat' dir='ltr'><strong>quia</strong></span> <span class='ocrx_word' id='word_1_84' title='bbox 1633 1274 1862 1328; x_wconf 86' lang='lat' dir='ltr'><strong>nondum</strong></span> <span class='ocrx_word' id='word_1_85' title='bbox 1891 1289 2077 1344; x_wconf 87' lang='lat' dir='ltr'><strong>perve-</strong></span> 
     </span>
    </p>
   </div>
   <div class='ocr_carea' id='block_1_12' title="bbox 505 1366 2076 1438">
    <p class='ocr_par' dir='ltr' id='par_1_12' title="bbox 505 1366 2076 1438">
     <span class='ocr_line' id='line_1_12' title="bbox 505 1366 2076 1438; baseline 0.001 -18"><span class='ocrx_word' id='word_1_86' title='bbox 505 1377 656 1423; x_wconf 87' lang='lat' dir='ltr'><strong>nerat</strong></span> <span class='ocrx_word' id='word_1_87' title='bbox 691 1367 756 1422; x_wconf 85' lang='lat' dir='ltr'><strong>ad</strong></span> <span class='ocrx_word' id='word_1_88' title='bbox 785 1368 997 1437; x_wconf 71' lang='lat' dir='ltr'><strong>iustitiae</strong></span> <span class='ocrx_word' id='word_1_89' title='bbox 1034 1367 1436 1438; x_wconf 75' lang='lat' dir='ltr'><strong>perfectionem.</strong></span> <span class='ocrx_word' id='word_1_90' title='bbox 1464 1366 1579 1422; x_wconf 82' lang='lat' dir='ltr'><strong>Jam</strong></span> <span class='ocrx_word' id='word_1_91' title='bbox 1609 1382 1737 1436; x_wconf 81' lang='lat' dir='ltr'><strong>ergo</strong></span> <span class='ocrx_word' id='word_1_92' title='bbox 1777 1377 1881 1422; x_wconf 91' lang='lat' dir='ltr'><strong>tam</strong></span> <span class='ocrx_word' id='word_1_93' title='bbox 1902 1368 2076 1435; x_wconf 88' lang='lat' dir='ltr'><strong>justus</strong></span> 
     </span>
    </p>
   </div>
   <div class='ocr_carea' id='block_1_13' title="bbox 503 1456 2078 1529">
    <p class='ocr_par' dir='ltr' id='par_1_13' title="bbox 503 1456 2078 1529">
     <span class='ocr_line' id='line_1_13' title="bbox 503 1456 2078 1529; baseline -0.003 -15"><span class='ocrx_word' id='word_1_94' title='bbox 503 1467 620 1514; x_wconf 87' lang='lat' dir='ltr'><strong>erat</strong></span> <span class='ocrx_word' id='word_1_95' title='bbox 637 1475 794 1529; x_wconf 90' lang='lat' dir='ltr'><strong>quam</strong></span> <span class='ocrx_word' id='word_1_96' title='bbox 823 1467 944 1512; x_wconf 88' lang='lat' dir='ltr'><strong>sunt</strong></span> <span class='ocrx_word' id='word_1_97' title='bbox 972 1459 1180 1528; x_wconf 78' lang='lat' dir='ltr'><strong>Angeli,</strong></span> <span class='ocrx_word' id='word_1_98' title='bbox 1209 1457 1300 1512; x_wconf 90' lang='lat' dir='ltr'><strong>sed</strong></span> <span class='ocrx_word' id='word_1_99' title='bbox 1337 1457 1570 1512; x_wconf 90' lang='lat' dir='ltr'><strong>nondum</strong></span> <span class='ocrx_word' id='word_1_100' title='bbox 1601 1457 1913 1511; x_wconf 86' lang='lat' dir='ltr'><strong>immortalis</strong></span> <span class='ocrx_word' id='word_1_101' title='bbox 1941 1456 2078 1510; x_wconf 84' lang='lat' dir='ltr'><strong>sicut</strong></span> 
     </span>
    </p>
   </div>
   <div class='ocr_carea' id='block_1_14' title="bbox 503 1548 2076 1619">
    <p class='ocr_par' dir='ltr' id='par_1_14' title="bbox 503 1548 2076 1619">
     <span class='ocr_line' id='line_1_14' title="bbox 503 1548 2076 1619; baseline 0 -15"><span class='ocrx_word' id='word_1_102' title='bbox 503 1559 626 1604; x_wconf 88' lang='lat' dir='ltr'><strong>sunt</strong></span> <span class='ocrx_word' id='word_1_103' title='bbox 663 1551 867 1619; x_wconf 78' lang='lat' dir='ltr'><strong>Angeli.</strong></span> <span class='ocrx_word' id='word_1_104' title='bbox 918 1550 1026 1615; x_wconf 89' lang='lat' dir='ltr'><strong>Sic,</strong></span> <span class='ocrx_word' id='word_1_105' title='bbox 1065 1550 1348 1619; x_wconf 90' lang='lat' dir='ltr'><strong>inquiunt,</strong></span> <span class='ocrx_word' id='word_1_106' title='bbox 1400 1550 1476 1604; x_wconf 90' lang='lat' dir='ltr'><strong>sic</strong></span> <span class='ocrx_word' id='word_1_107' title='bbox 1516 1558 1600 1604; x_wconf 87' lang='lat' dir='ltr'><strong>est</strong></span> <span class='ocrx_word' id='word_1_108' title='bbox 1643 1563 1877 1618; x_wconf 86' lang='lat' dir='ltr'><strong>prorsus.</strong></span> <span class='ocrx_word' id='word_1_109' title='bbox 1922 1548 2076 1604; x_wconf 83' lang='lat' dir='ltr'><strong>Modo</strong></span> 
     </span>
    </p>
   </div>
   <div class='ocr_carea' id='block_1_15' title="bbox 501 1640 2077 1711">
    <p class='ocr_par' dir='ltr' id='par_1_15' title="bbox 501 1640 2077 1711">
     <span class='ocr_line' id='line_1_15' title="bbox 501 1640 2077 1711; baseline 0.001 -16"><span class='ocrx_word' id='word_1_110' title='bbox 501 1640 680 1695; x_wconf 78' lang='lat' dir='ltr'><strong>dixisti</strong></span> <span class='ocrx_word' id='word_1_111' title='bbox 715 1660 728 1695; x_wconf 89' lang='lat'><strong>:</strong></span> <span class='ocrx_word' id='word_1_112' title='bbox 757 1641 886 1696; x_wconf 84' lang='lat' dir='ltr'><strong>Tam</strong></span> <span class='ocrx_word' id='word_1_113' title='bbox 915 1651 1028 1696; x_wconf 88' lang='lat' dir='ltr'><strong>erat</strong></span> <span class='ocrx_word' id='word_1_114' title='bbox 1053 1641 1228 1711; x_wconf 83' lang='lat' dir='ltr'><strong>jusnts</strong></span> <span class='ocrx_word' id='word_1_115' title='bbox 1247 1657 1402 1711; x_wconf 88' lang='lat' dir='ltr'><strong>quam</strong></span> <span class='ocrx_word' id='word_1_116' title='bbox 1429 1651 1552 1696; x_wconf 87' lang='lat' dir='ltr'><strong>sunt</strong></span> <span class='ocrx_word' id='word_1_117' title='bbox 1575 1641 1780 1711; x_wconf 81' lang='lat' dir='ltr'><strong>Angeli,</strong></span> <span class='ocrx_word' id='word_1_118' title='bbox 1809 1641 1900 1695; x_wconf 88' lang='lat' dir='ltr'><strong>sed</strong></span> <span class='ocrx_word' id='word_1_119' title='bbox 1945 1657 2077 1696; x_wconf 86' lang='lat' dir='ltr'><strong>non-</strong></span> 
     </span>
    </p>
   </div>
   <div class='ocr_carea' id='block_1_16' title="bbox 503 1730 2074 1802">
    <p class='ocr_par' dir='ltr' id='par_1_16' title="bbox 503 1730 2074 1802">
     <span class='ocr_line' id='line_1_16' title="bbox 503 1730 2074 1802; baseline 0.001 -18"><span class='ocrx_word' id='word_1_120' title='bbox 503 1731 630 1785; x_wconf 90' lang='lat' dir='ltr'><strong>dum</strong></span> <span class='ocrx_word' id='word_1_121' title='bbox 666 1731 978 1787; x_wconf 62' lang='lat' dir='ltr'><strong>immortalis</strong></span> <span class='ocrx_word' id='word_1_122' title='bbox 1003 1733 1137 1785; x_wconf 90' lang='lat' dir='ltr'><strong>sicut</strong></span> <span class='ocrx_word' id='word_1_123' title='bbox 1160 1740 1280 1785; x_wconf 85' lang='lat' dir='ltr'><strong>sunt</strong></span> <span class='ocrx_word' id='word_1_124' title='bbox 1305 1732 1508 1801; x_wconf 78' lang='lat' dir='ltr'><strong>Angeli.</strong></span> <span class='ocrx_word' id='word_1_125' title='bbox 1535 1732 1670 1802; x_wconf 80' lang='lat' dir='ltr'><strong>Ergo</strong></span> <span class='ocrx_word' id='word_1_126' title='bbox 1699 1730 2074 1800; x_wconf 84' lang='lat' dir='ltr'><strong>perfectionem</strong></span> 
     </span>
    </p>
   </div>
   <div class='ocr_carea' id='block_1_17' title="bbox 500 1822 2075 1892">
    <p class='ocr_par' dir='ltr' id='par_1_17' title="bbox 500 1822 2075 1892">
     <span class='ocr_line' id='line_1_17' title="bbox 500 1822 2075 1892; baseline 0 -16"><span class='ocrx_word' id='word_1_127' title='bbox 500 1823 719 1891; x_wconf 72' lang='lat' dir='ltr'><strong>iustitia:</strong></span> <span class='ocrx_word' id='word_1_128' title='bbox 763 1823 872 1890; x_wconf 82' lang='lat' dir='ltr'><strong>jam</strong></span> <span class='ocrx_word' id='word_1_129' title='bbox 919 1824 1154 1887; x_wconf 90' lang='lat' dir='ltr'><strong>tenebat,</strong></span> <span class='ocrx_word' id='word_1_130' title='bbox 1204 1822 1293 1876; x_wconf 88' lang='lat' dir='ltr'><strong>sed</strong></span> <span class='ocrx_word' id='word_1_131' title='bbox 1339 1825 1605 1890; x_wconf 82' lang='lat' dir='ltr'><strong>sequendo</strong></span> <span class='ocrx_word' id='word_1_132' title='bbox 1637 1824 1861 1892; x_wconf 82' lang='lat' dir='ltr'><strong>palmam</strong></span> <span class='ocrx_word' id='word_1_133' title='bbox 1891 1839 2075 1892; x_wconf 89' lang='lat' dir='ltr'><strong>super-</strong></span> 
     </span>
    </p>
   </div>
   <div class='ocr_carea' id='block_1_18' title="bbox 506 1913 1441 1982">
    <p class='ocr_par' dir='ltr' id='par_1_18' title="bbox 506 1913 1441 1982">
     <span class='ocr_line' id='line_1_18' title="bbox 506 1913 1441 1982; baseline -0.005 -15"><span class='ocrx_word' id='word_1_134' title='bbox 506 1929 650 1979; x_wconf 87' lang='lat' dir='ltr'><strong>nam,</strong></span> <span class='ocrx_word' id='word_1_135' title='bbox 680 1913 1124 1967; x_wconf 75' lang='lat' dir='ltr'><strong>immortalitatem</strong></span> <span class='ocrx_word' id='word_1_136' title='bbox 1153 1913 1441 1982; x_wconf 65' lang='lat' dir='ltr'><strong>quaerebat.</strong></span> 
     </span>
    </p>
   </div>
   <div class='ocr_carea' id='block_1_19' title="bbox 575 2002 2076 2073">
    <p class='ocr_par' dir='ltr' id='par_1_19' title="bbox 575 2002 2076 2073">
     <span class='ocr_line' id='line_1_19' title="bbox 575 2002 2076 2073; baseline 0 -15"><span class='ocrx_word' id='word_1_137' title='bbox 575 2003 800 2060; x_wconf 82' lang='lat' dir='ltr'><strong>CAPUT</strong></span> <span class='ocrx_word' id='word_1_138' title='bbox 839 2002 925 2058; x_wconf 83' lang='lat' dir='ltr'><strong>IV.</strong></span> <span class='ocrx_word' id='word_1_139' title='bbox 949 2032 1020 2044; x_wconf 95' lang='lat'><strong>—</strong></span> <span class='ocrx_word' id='word_1_140' title='bbox 1043 2003 1094 2058; x_wconf 84' lang='lat'><strong>5.</strong></span> <span class='ocrx_word' id='word_1_141' title='bbox 1130 2002 1488 2072; x_wconf 78' lang='lat' dir='ltr'><strong>Inﬁrmitatem</strong></span> <span class='ocrx_word' id='word_1_142' title='bbox 1516 2002 1668 2054; x_wconf 85' lang='lat' dir='ltr'><strong>animi</strong></span> <span class='ocrx_word' id='word_1_143' title='bbox 1706 2004 1784 2057; x_wconf 84' lang='lat' dir='ltr'><strong>sui</strong></span> <span class='ocrx_word' id='word_1_144' title='bbox 1813 2003 2076 2073; x_wconf 77' lang='lat' dir='ltr'><strong>conﬁtetur</strong></span> 
     </span>
    </p>
   </div>
   <div class='ocr_carea' id='block_1_20' title="bbox 509 2092 2073 2165">
    <p class='ocr_par' dir='ltr' id='par_1_20' title="bbox 509 2092 2073 2165">
     <span class='ocr_line' id='line_1_20' title="bbox 509 2092 2073 2165; baseline 0 -17"><span class='ocrx_word' id='word_1_145' title='bbox 509 2095 798 2165; x_wconf 72' lang='lat' dir='ltr'><strong>Apostolus.</strong></span> <span class='ocrx_word' id='word_1_146' title='bbox 831 2093 927 2148; x_wconf 91' lang='lat' dir='ltr'><strong>Dic</strong></span> <span class='ocrx_word' id='word_1_147' title='bbox 949 2093 1120 2156; x_wconf 90' lang='lat' dir='ltr'><strong>nobis,</strong></span> <span class='ocrx_word' id='word_1_148' title='bbox 1151 2101 1333 2147; x_wconf 90' lang='lat' dir='ltr'><strong>sancte</strong></span> <span class='ocrx_word' id='word_1_149' title='bbox 1362 2092 1631 2160; x_wconf 84' lang='lat' dir='ltr'><strong>Apostole,</strong></span> <span class='ocrx_word' id='word_1_150' title='bbox 1663 2093 1820 2147; x_wconf 89' lang='lat' dir='ltr'><strong>alium</strong></span> <span class='ocrx_word' id='word_1_151' title='bbox 1846 2094 2073 2162; x_wconf 82' lang='lat' dir='ltr'><strong>aliquem</strong></span> 
     </span>
    </p>
   </div>
   <div class='ocr_carea' id='block_1_21' title="bbox 506 2181 2073 2252">
    <p class='ocr_par' dir='ltr' id='par_1_21' title="bbox 506 2181 2073 2252">
     <span class='ocr_line' id='line_1_21' title="bbox 506 2181 2073 2252; baseline 0 -13"><span class='ocrx_word' id='word_1_152' title='bbox 506 2183 921 2240; x_wconf 79' lang='lat' dir='ltr'><strong>manifestiorem</strong></span> <span class='ocrx_word' id='word_1_153' title='bbox 939 2185 1132 2249; x_wconf 91' lang='lat' dir='ltr'><strong>locum,</strong></span> <span class='ocrx_word' id='word_1_154' title='bbox 1155 2198 1257 2237; x_wconf 91' lang='lat' dir='ltr'><strong>non</strong></span> <span class='ocrx_word' id='word_1_155' title='bbox 1279 2183 1366 2237; x_wconf 89' lang='lat' dir='ltr'><strong>ubi</strong></span> <span class='ocrx_word' id='word_1_156' title='bbox 1393 2182 1586 2252; x_wconf 74' lang='lat' dir='ltr'><strong>quaeris</strong></span> <span class='ocrx_word' id='word_1_157' title='bbox 1607 2181 2073 2251; x_wconf 86' lang='lat' dir='ltr'><strong>immortalitatem,</strong></span> 
     </span>
    </p>
   </div>
   <div class='ocr_carea' id='block_1_22' title="bbox 505 2272 2078 2342">
    <p class='ocr_par' dir='ltr' id='par_1_22' title="bbox 505 2272 2078 2342">
     <span class='ocr_line' id='line_1_22' title="bbox 505 2272 2078 2342; baseline -0.001 -12"><span class='ocrx_word' id='word_1_158' title='bbox 505 2274 600 2330; x_wconf 81' lang='lat' dir='ltr'><strong>sed</strong></span> <span class='ocrx_word' id='word_1_159' title='bbox 651 2273 741 2328; x_wconf 88' lang='lat' dir='ltr'><strong>ubi</strong></span> <span class='ocrx_word' id='word_1_160' title='bbox 787 2273 1060 2328; x_wconf 83' lang='lat' dir='ltr'><strong>conﬁteris</strong></span> <span class='ocrx_word' id='word_1_161' title='bbox 1090 2273 1474 2327; x_wconf 88' lang='lat' dir='ltr'><strong>inﬁrmitatem.</strong></span> <span class='ocrx_word' id='word_1_162' title='bbox 1525 2272 1593 2326; x_wconf 83' lang='lat' dir='ltr'><strong>Et</strong></span> <span class='ocrx_word' id='word_1_163' title='bbox 1638 2272 1722 2326; x_wconf 89' lang='lat' dir='ltr'><strong>hic</strong></span> <span class='ocrx_word' id='word_1_164' title='bbox 1748 2273 1856 2342; x_wconf 88' lang='lat' dir='ltr'><strong>jam</strong></span> <span class='ocrx_word' id='word_1_165' title='bbox 1896 2288 2078 2328; x_wconf 89' lang='lat' dir='ltr'><strong>susur-</strong></span> 
     </span>
    </p>
   </div>
   <div class='ocr_carea' id='block_1_23' title="bbox 507 2363 2079 2436">
    <p class='ocr_par' dir='ltr' id='par_1_23' title="bbox 507 2363 2079 2436">
     <span class='ocr_line' id='line_1_23' title="bbox 507 2363 2079 2436; baseline -0.001 -16"><span class='ocrx_word' id='word_1_166' title='bbox 507 2375 654 2420; x_wconf 90' lang='lat' dir='ltr'><strong>ratur</strong></span> <span class='ocrx_word' id='word_1_167' title='bbox 671 2405 684 2429; x_wconf 89' lang='lat'><strong>,</strong></span> <span class='ocrx_word' id='word_1_168' title='bbox 701 2365 810 2434; x_wconf 85' lang='lat' dir='ltr'><strong>jam</strong></span> <span class='ocrx_word' id='word_1_169' title='bbox 836 2364 1234 2421; x_wconf 87' lang='lat' dir='ltr'><strong>contradicitur.</strong></span> <span class='ocrx_word' id='word_1_170' title='bbox 1257 2363 1454 2419; x_wconf 84' lang='lat' dir='ltr'><strong>Videor</strong></span> <span class='ocrx_word' id='word_1_171' title='bbox 1473 2363 1599 2418; x_wconf 87' lang='lat' dir='ltr'><strong>mihi</strong></span> <span class='ocrx_word' id='word_1_172' title='bbox 1625 2365 1806 2420; x_wconf 86' lang='lat' dir='ltr'><strong>audire</strong></span> <span class='ocrx_word' id='word_1_173' title='bbox 1829 2381 2079 2436; x_wconf 90' lang='lat' dir='ltr'><strong>quorum-</strong></span> 
     </span>
    </p>
   </div>
   <div class='ocr_carea' id='block_1_24' title="bbox 505 2454 2074 2525">
    <p class='ocr_par' dir='ltr' id='par_1_24' title="bbox 505 2454 2074 2525">
     <span class='ocr_line' id='line_1_24' title="bbox 505 2454 2074 2525; baseline 0 -15"><span class='ocrx_word' id='word_1_174' title='bbox 505 2455 627 2510; x_wconf 85' lang='lat' dir='ltr'><strong>dam</strong></span> <span class='ocrx_word' id='word_1_175' title='bbox 653 2455 998 2525; x_wconf 71' lang='lat' dir='ltr'><strong>cogitationes</strong></span> <span class='ocrx_word' id='word_1_176' title='bbox 1021 2494 1036 2520; x_wconf 92' lang='lat'><strong>,</strong></span> <span class='ocrx_word' id='word_1_177' title='bbox 1078 2463 1131 2508; x_wconf 91' lang='lat' dir='ltr'><strong>et</strong></span> <span class='ocrx_word' id='word_1_178' title='bbox 1175 2454 1263 2508; x_wconf 90' lang='lat' dir='ltr'><strong>hic</strong></span> <span class='ocrx_word' id='word_1_179' title='bbox 1299 2454 1492 2509; x_wconf 88' lang='lat' dir='ltr'><strong>dicitur</strong></span> <span class='ocrx_word' id='word_1_180' title='bbox 1528 2454 1655 2508; x_wconf 89' lang='lat' dir='ltr'><strong>mihi</strong></span> <span class='ocrx_word' id='word_1_181' title='bbox 1688 2472 1700 2508; x_wconf 92' lang='lat'>:</span> <span class='ocrx_word' id='word_1_182' title='bbox 1736 2454 1928 2510; x_wconf 75' lang='lat' dir='ltr'><strong>\‘erum</strong></span> <span class='ocrx_word' id='word_1_183' title='bbox 1955 2465 2074 2522; x_wconf 88' lang='lat' dir='ltr'><strong>est,</strong></span> 
     </span>
    </p>
   </div>
   <div class='ocr_carea' id='block_1_25' title="bbox 504 2545 2075 2616">
    <p class='ocr_par' dir='ltr' id='par_1_25' title="bbox 504 2545 2075 2616">
     <span class='ocr_line' id='line_1_25' title="bbox 504 2545 2075 2616; baseline -0.001 -16"><span class='ocrx_word' id='word_1_184' title='bbox 504 2547 627 2601; x_wconf 86' lang='lat' dir='ltr'><strong>novi</strong></span> <span class='ocrx_word' id='word_1_185' title='bbox 671 2545 797 2616; x_wconf 88' lang='lat' dir='ltr'><strong>quid</strong></span> <span class='ocrx_word' id='word_1_186' title='bbox 833 2546 1071 2600; x_wconf 89' lang='lat' dir='ltr'><strong>dicturus</strong></span> <span class='ocrx_word' id='word_1_187' title='bbox 1099 2558 1159 2600; x_wconf 91' lang='lat' dir='ltr'><strong>es</strong></span> <span class='ocrx_word' id='word_1_188' title='bbox 1188 2561 1202 2598; x_wconf 92' lang='lat'><strong>:</strong></span> <span class='ocrx_word' id='word_1_189' title='bbox 1236 2545 1516 2600; x_wconf 86' lang='lat' dir='ltr'><strong>conﬁtetur</strong></span> <span class='ocrx_word' id='word_1_190' title='bbox 1545 2545 1900 2600; x_wconf 90' lang='lat' dir='ltr'><strong>inﬁrmitatem</strong></span> <span class='ocrx_word' id='word_1_191' title='bbox 1922 2588 1936 2610; x_wconf 90' lang='lat'><strong>,</strong></span> <span class='ocrx_word' id='word_1_192' title='bbox 1983 2545 2075 2599; x_wconf 91' lang='lat' dir='ltr'><strong>sed</strong></span> 
     </span>
    </p>
   </div>
   <div class='ocr_carea' id='block_1_26' title="bbox 505 2634 2077 2702">
    <p class='ocr_par' dir='ltr' id='par_1_26' title="bbox 505 2634 2077 2702">
     <span class='ocr_line' id='line_1_26' title="bbox 505 2634 2077 2702; baseline -0.003 -10"><span class='ocrx_word' id='word_1_193' title='bbox 505 2638 702 2701; x_wconf 89' lang='lat' dir='ltr'><strong>carnis,</strong></span> <span class='ocrx_word' id='word_1_194' title='bbox 730 2651 834 2691; x_wconf 92' lang='lat' dir='ltr'><strong>non</strong></span> <span class='ocrx_word' id='word_1_195' title='bbox 863 2637 1054 2690; x_wconf 90' lang='lat' dir='ltr'><strong>mentis</strong></span> <span class='ocrx_word' id='word_1_196' title='bbox 1078 2653 1092 2702; x_wconf 90' lang='lat'><strong>;</strong></span> <span class='ocrx_word' id='word_1_197' title='bbox 1117 2635 1400 2691; x_wconf 89' lang='lat' dir='ltr'><strong>conﬁtetur</strong></span> <span class='ocrx_word' id='word_1_198' title='bbox 1429 2634 1806 2701; x_wconf 86' lang='lat' dir='ltr'><strong>inﬁrmitatem,</strong></span> <span class='ocrx_word' id='word_1_199' title='bbox 1837 2636 1928 2689; x_wconf 89' lang='lat' dir='ltr'><strong>sed</strong></span> <span class='ocrx_word' id='word_1_200' title='bbox 1958 2650 2077 2690; x_wconf 87' lang='lat' dir='ltr'><strong>cor-</strong></span> 
     </span>
    </p>
   </div>
   <div class='ocr_carea' id='block_1_27' title="bbox 505 2727 2077 2799">
    <p class='ocr_par' dir='ltr' id='par_1_27' title="bbox 505 2727 2077 2799">
     <span class='ocr_line' id='line_1_27' title="bbox 505 2727 2077 2799; baseline -0.003 -15"><span class='ocrx_word' id='word_1_201' title='bbox 505 2729 669 2799; x_wconf 85' lang='lat' dir='ltr'><strong>poris,</strong></span> <span class='ocrx_word' id='word_1_202' title='bbox 699 2743 804 2782; x_wconf 92' lang='lat' dir='ltr'><strong>non</strong></span> <span class='ocrx_word' id='word_1_203' title='bbox 834 2727 994 2782; x_wconf 89' lang='lat' dir='ltr'><strong>animi</strong></span> <span class='ocrx_word' id='word_1_204' title='bbox 1026 2745 1039 2781; x_wconf 91' lang='lat'>:</span> <span class='ocrx_word' id='word_1_205' title='bbox 1069 2728 1121 2782; x_wconf 89' lang='lat' dir='ltr'><strong>in</strong></span> <span class='ocrx_word' id='word_1_206' title='bbox 1147 2727 1326 2782; x_wconf 88' lang='lat' dir='ltr'><strong>animo</strong></span> <span class='ocrx_word' id='word_1_207' title='bbox 1355 2737 1532 2781; x_wconf 85' lang='lat' dir='ltr'><strong>autem</strong></span> <span class='ocrx_word' id='word_1_208' title='bbox 1562 2735 1644 2781; x_wconf 85' lang='lat' dir='ltr'><strong>est</strong></span> <span class='ocrx_word' id='word_1_209' title='bbox 1670 2727 1896 2796; x_wconf 89' lang='lat' dir='ltr'><strong>perfecta</strong></span> <span class='ocrx_word' id='word_1_210' title='bbox 1923 2727 2077 2795; x_wconf 56' lang='lat' dir='ltr'><strong>justi.</strong></span> 
     </span>
    </p>
   </div>
   <div class='ocr_carea' id='block_1_28' title="bbox 507 2816 2074 2893">
    <p class='ocr_par' dir='ltr' id='par_1_28' title="bbox 507 2816 2074 2893">
     <span class='ocr_line' id='line_1_28' title="bbox 507 2816 2074 2893; baseline -0.002 -20"><span class='ocrx_word' id='word_1_211' title='bbox 507 2820 598 2885; x_wconf 87' lang='lat' dir='ltr'><strong>tia,</strong></span> <span class='ocrx_word' id='word_1_212' title='bbox 629 2834 734 2874; x_wconf 92' lang='lat' dir='ltr'><strong>non</strong></span> <span class='ocrx_word' id='word_1_213' title='bbox 776 2819 829 2873; x_wconf 90' lang='lat' dir='ltr'><strong>in</strong></span> <span class='ocrx_word' id='word_1_214' title='bbox 869 2833 1116 2889; x_wconf 87' lang='lat' dir='ltr'><strong>corpore.</strong></span> <span class='ocrx_word' id='word_1_215' title='bbox 1155 2816 1287 2872; x_wconf 83' lang='lat' dir='ltr'><strong>Nam</strong></span> <span class='ocrx_word' id='word_1_216' title='bbox 1328 2818 1445 2886; x_wconf 86' lang='lat' dir='ltr'><strong>quis</strong></span> <span class='ocrx_word' id='word_1_217' title='bbox 1484 2818 1688 2893; x_wconf 70' lang='lat' dir='ltr'><strong>ignorat</strong></span> <span class='ocrx_word' id='word_1_218' title='bbox 1715 2817 1892 2887; x_wconf 87' lang='lat' dir='ltr'><strong>utique</strong></span> <span class='ocrx_word' id='word_1_219' title='bbox 1932 2821 2074 2886; x_wconf 85' lang='lat' dir='ltr'><strong>Apo-</strong></span> 
     </span>
    </p>
   </div>
   <div class='ocr_carea' id='block_1_29' title="bbox 503 2907 2078 2979">
    <p class='ocr_par' dir='ltr' id='par_1_29' title="bbox 503 2907 2078 2979">
     <span class='ocr_line' id='line_1_29' title="bbox 503 2907 2078 2979; baseline -0.001 -13"><span class='ocrx_word' id='word_1_220' title='bbox 503 2912 700 2966; x_wconf 87' lang='lat' dir='ltr'><strong>stolum</strong></span> <span class='ocrx_word' id='word_1_221' title='bbox 746 2910 798 2965; x_wconf 89' lang='lat' dir='ltr'><strong>in</strong></span> <span class='ocrx_word' id='word_1_222' title='bbox 832 2925 1056 2979; x_wconf 90' lang='lat' dir='ltr'><strong>corpore</strong></span> <span class='ocrx_word' id='word_1_223' title='bbox 1107 2907 1271 2963; x_wconf 84' lang='lat' dir='ltr'><strong>fuisse</strong></span> <span class='ocrx_word' id='word_1_224' title='bbox 1317 2907 1591 2978; x_wconf 82' lang='lat' dir='ltr'><strong>fragilem,</strong></span> <span class='ocrx_word' id='word_1_225' title='bbox 1637 2923 1860 2977; x_wconf 92' lang='lat' dir='ltr'><strong>corpore</strong></span> <span class='ocrx_word' id='word_1_226' title='bbox 1916 2907 2078 2964; x_wconf 88' lang='lat' dir='ltr'><strong>fuisse</strong></span> 
     </span>
    </p>
   </div>
   <div class='ocr_carea' id='block_1_30' title="bbox 504 2997 2077 3064">
    <p class='ocr_par' dir='ltr' id='par_1_30' title="bbox 504 2997 2077 3064">
     <span class='ocr_line' id='line_1_30' title="bbox 504 2997 2077 3064; baseline -0.003 -7"><span class='ocrx_word' id='word_1_227' title='bbox 504 3001 803 3064; x_wconf 85' lang='lat' dir='ltr'><strong>mortalem,</strong></span> <span class='ocrx_word' id='word_1_228' title='bbox 838 3000 975 3054; x_wconf 87' lang='lat' dir='ltr'><strong>sicut</strong></span> <span class='ocrx_word' id='word_1_229' title='bbox 1013 2999 1141 3054; x_wconf 89' lang='lat' dir='ltr'><strong>dicit</strong></span> <span class='ocrx_word' id='word_1_230' title='bbox 1182 3015 1195 3051; x_wconf 91' lang='lat'><strong>:</strong></span> <span class='ocrx_word' id='word_1_231' title='bbox 1231 2997 1487 3052; x_wconf 74' lang='lat' dir='ltr'><strong>Habemus</strong></span> <span class='ocrx_word' id='word_1_232' title='bbox 1527 2997 1812 3051; x_wconf 80' lang='lat' dir='ltr'><strong>thesaurum</strong></span> <span class='ocrx_word' id='word_1_233' title='bbox 1849 2999 2000 3052; x_wconf 88' lang='lat' dir='ltr'><strong>istum</strong></span> <span class='ocrx_word' id='word_1_234' title='bbox 2024 3002 2077 3054; x_wconf 84' lang='lat' dir='ltr'><strong>in</strong></span> 
     </span>
    </p>
   </div>
   <div class='ocr_carea' id='block_1_31' title="bbox 505 3087 2077 3161">
    <p class='ocr_par' dir='ltr' id='par_1_31' title="bbox 505 3087 2077 3161">
     <span class='ocr_line' id='line_1_31' title="bbox 505 3087 2077 3161; baseline -0.001 -15"><span class='ocrx_word' id='word_1_235' title='bbox 505 3092 636 3146; x_wconf 73' lang='lat' dir='ltr'><strong>vasis</strong></span> <span class='ocrx_word' id='word_1_236' title='bbox 657 3090 892 3160; x_wconf 78' lang='lat' dir='ltr'><strong>ﬁctilibus</strong></span> <span class='ocrx_word' id='word_1_237' title='bbox 916 3087 934 3161; x_wconf 96' lang='lat'>(</span> <span class='ocrx_word' id='word_1_238' title='bbox 955 3089 994 3142; x_wconf 91' lang='lat' dir='ltr'><strong>ll</strong></span> <span class='ocrx_word' id='word_1_239' title='bbox 1017 3088 1134 3144; x_wconf 90' lang='lat' dir='ltr'><strong>Cor.</strong></span> <span class='ocrx_word' id='word_1_240' title='bbox 1167 3104 1238 3153; x_wconf 88' lang='lat' dir='ltr'><strong>tv,</strong></span> <span class='ocrx_word' id='word_1_241' title='bbox 1265 3089 1323 3153; x_wconf 79' lang='grc' dir='ltr'><strong>Ἰ)</strong></span> <span class='ocrx_word' id='word_1_242' title='bbox 1344 3087 1518 3154; x_wconf 84' lang='lat' dir='ltr'><strong>?Quid</strong></span> <span class='ocrx_word' id='word_1_243' title='bbox 1546 3088 1640 3140; x_wconf 89' lang='lat' dir='ltr'><strong>tibi</strong></span> <span class='ocrx_word' id='word_1_244' title='bbox 1667 3103 1791 3158; x_wconf 82' lang='lat' dir='ltr'><strong>ergo</strong></span> <span class='ocrx_word' id='word_1_245' title='bbox 1811 3105 1930 3143; x_wconf 90' lang='lat' dir='ltr'><strong>cum</strong></span> <span class='ocrx_word' id='word_1_246' title='bbox 1954 3105 2077 3146; x_wconf 88' lang='lat' dir='ltr'><strong>vase</strong></span> 
     </span>
    </p>
   </div>
   <div class='ocr_carea' id='block_1_32' title="bbox 507 3177 2074 3249">
    <p class='ocr_par' dir='ltr' id='par_1_32' title="bbox 507 3177 2074 3249">
     <span class='ocr_line' id='line_1_32' title="bbox 507 3177 2074 3249; baseline 0.001 -15"><span class='ocrx_word' id='word_1_247' title='bbox 507 3180 686 3234; x_wconf 79' lang='lat' dir='ltr'><strong>ﬁctili?</strong></span> <span class='ocrx_word' id='word_1_248' title='bbox 719 3181 792 3234; x_wconf 87' lang='lat' dir='ltr'><strong>De</strong></span> <span class='ocrx_word' id='word_1_249' title='bbox 823 3181 1070 3233; x_wconf 84' lang='lat' dir='ltr'><strong>thesauro</strong></span> <span class='ocrx_word' id='word_1_250' title='bbox 1094 3177 1292 3248; x_wconf 90' lang='lat' dir='ltr'><strong>aliquid</strong></span> <span class='ocrx_word' id='word_1_251' title='bbox 1332 3178 1566 3248; x_wconf 85' lang='lat' dir='ltr'><strong>loquere.</strong></span> <span class='ocrx_word' id='word_1_252' title='bbox 1591 3177 1646 3232; x_wconf 90' lang='lat' dir='ltr'><strong>Si</strong></span> <span class='ocrx_word' id='word_1_253' title='bbox 1675 3179 1870 3249; x_wconf 90' lang='lat' dir='ltr'><strong>aliquid</strong></span> <span class='ocrx_word' id='word_1_254' title='bbox 1902 3183 2074 3236; x_wconf 89' lang='lat' dir='ltr'><strong>minus</strong></span> 
     </span>
    </p>
   </div>
   <div class='ocr_carea' id='block_1_33' title="bbox 507 3269 2073 3340">
    <p class='ocr_par' dir='ltr' id='par_1_33' title="bbox 507 3269 2073 3340">
     <span class='ocr_line' id='line_1_33' title="bbox 507 3269 2073 3340; baseline 0.001 -15"><span class='ocrx_word' id='word_1_255' title='bbox 507 3271 710 3335; x_wconf 84' lang='lat' dir='ltr'><strong>habuit,</strong></span> <span class='ocrx_word' id='word_1_256' title='bbox 729 3271 772 3324; x_wconf 87' lang='lat' dir='ltr'><strong>si</strong></span> <span class='ocrx_word' id='word_1_257' title='bbox 793 3279 909 3324; x_wconf 90' lang='lat' dir='ltr'><strong>erat</strong></span> <span class='ocrx_word' id='word_1_258' title='bbox 927 3270 1066 3340; x_wconf 91' lang='lat' dir='ltr'><strong>quod</strong></span> <span class='ocrx_word' id='word_1_259' title='bbox 1091 3272 1140 3324; x_wconf 93' lang='lat' dir='ltr'><strong>ei</strong></span> <span class='ocrx_word' id='word_1_260' title='bbox 1174 3269 1240 3323; x_wconf 88' lang='lat' dir='ltr'><strong>ad</strong></span> <span class='ocrx_word' id='word_1_261' title='bbox 1265 3284 1450 3323; x_wconf 89' lang='lat' dir='ltr'><strong>aurum</strong></span> <span class='ocrx_word' id='word_1_262' title='bbox 1468 3270 1686 3338; x_wconf 79' lang='lat' dir='ltr'><strong>justitia:</strong></span> <span class='ocrx_word' id='word_1_263' title='bbox 1709 3279 1886 3338; x_wconf 85' lang='lat' dir='ltr'><strong>posset</strong></span> <span class='ocrx_word' id='word_1_264' title='bbox 1913 3272 2032 3326; x_wconf 87' lang='lat' dir='ltr'><strong>addi</strong></span> <span class='ocrx_word' id='word_1_265' title='bbox 2056 3313 2073 3339; x_wconf 93' lang='lat'><strong>,</strong></span> 
     </span>
    </p>
   </div>
   <div class='ocr_carea' id='block_1_34' title="bbox 504 3359 2074 3430">
    <p class='ocr_par' dir='ltr' id='par_1_34' title="bbox 504 3359 2074 3430">
     <span class='ocr_line' id='line_1_34' title="bbox 504 3359 2074 3430; baseline 0.001 -15"><span class='ocrx_word' id='word_1_266' title='bbox 504 3361 852 3416; x_wconf 89' lang='lat' dir='ltr'><strong>inveniamus.</strong></span> <span class='ocrx_word' id='word_1_267' title='bbox 894 3359 1068 3430; x_wconf 87' lang='lat' dir='ltr'><strong>Ipsum</strong></span> <span class='ocrx_word' id='word_1_268' title='bbox 1095 3359 1392 3425; x_wconf 80' lang='lat' dir='ltr'><strong>audiamus,</strong></span> <span class='ocrx_word' id='word_1_269' title='bbox 1435 3375 1501 3413; x_wconf 90' lang='lat' dir='ltr'><strong>ne</strong></span> <span class='ocrx_word' id='word_1_270' title='bbox 1543 3360 1778 3428; x_wconf 91' lang='lat' dir='ltr'><strong>injuriosi</strong></span> <span class='ocrx_word' id='word_1_271' title='bbox 1804 3361 2074 3416; x_wconf 78' lang='lat' dir='ltr'><strong>existime-</strong></span> 
     </span>
    </p>
   </div>
   <div class='ocr_carea' id='block_1_35' title="bbox 503 3452 2076 3524">
    <p class='ocr_par' dir='ltr' id='par_1_35' title="bbox 503 3452 2076 3524">
     <span class='ocr_line' id='line_1_35' title="bbox 503 3452 2076 3524; baseline -0.001 -15"><span class='ocrx_word' id='word_1_272' title='bbox 503 3470 642 3509; x_wconf 86' lang='lat' dir='ltr'><strong>ntur.</strong></span> <span class='ocrx_word' id='word_1_273' title='bbox 672 3453 738 3508; x_wconf 79' lang='lat' dir='ltr'><strong>Et</strong></span> <span class='ocrx_word' id='word_1_274' title='bbox 766 3469 828 3508; x_wconf 75' lang='lat' dir='ltr'><strong>ne</strong></span> <span class='ocrx_word' id='word_1_275' title='bbox 853 3453 1201 3524; x_wconf 81' lang='lat' dir='ltr'><strong>magnitudine</strong></span> <span class='ocrx_word' id='word_1_276' title='bbox 1236 3452 1594 3505; x_wconf 76' lang='lat' dir='ltr'><strong>rcuelationum</strong></span> <span class='ocrx_word' id='word_1_277' title='bbox 1627 3468 1854 3505; x_wconf 85' lang='lat' dir='ltr'><strong>mearum</strong></span> <span class='ocrx_word' id='word_1_278' title='bbox 1875 3493 1890 3517; x_wconf 95' lang='lat'><strong>,</strong></span> <span class='ocrx_word' id='word_1_279' title='bbox 1932 3455 2076 3523; x_wconf 86' lang='lat' dir='ltr'><strong>Apo-</strong></span> 
     </span>
    </p>
   </div>
   <div class='ocr_carea' id='block_1_36' title="bbox 500 3543 2076 3616">
    <p class='ocr_par' dir='ltr' id='par_1_36' title="bbox 500 3543 2076 3616">
     <span class='ocr_line' id='line_1_36' title="bbox 500 3543 2076 3616; baseline -0.001 -16"><span class='ocrx_word' id='word_1_280' title='bbox 500 3545 668 3600; x_wconf 87' lang='lat' dir='ltr'><strong>stolus</strong></span> <span class='ocrx_word' id='word_1_281' title='bbox 691 3545 820 3599; x_wconf 85' lang='lat' dir='ltr'><strong>dicit</strong></span> <span class='ocrx_word' id='word_1_282' title='bbox 846 3562 860 3599; x_wconf 87' lang='lat'><strong>:</strong></span> <span class='ocrx_word' id='word_1_283' title='bbox 885 3543 953 3598; x_wconf 78' lang='lat' dir='ltr'><strong>In</strong></span> <span class='ocrx_word' id='word_1_284' title='bbox 991 3543 1334 3616; x_wconf 81' lang='lat' dir='ltr'><strong>magnitudine</strong></span> <span class='ocrx_word' id='word_1_285' title='bbox 1374 3543 1728 3616; x_wconf 80' lang='lat' dir='ltr'><strong>revelationum</strong></span> <span class='ocrx_word' id='word_1_286' title='bbox 1762 3560 1982 3598; x_wconf 81' lang='lat' dir='ltr'><strong>mearum</strong></span> <span class='ocrx_word' id='word_1_287' title='bbox 2013 3561 2076 3598; x_wconf 84' lang='lat' dir='ltr'><strong>ne</strong></span> 
     </span>
    </p>
   </div>
   <div class='ocr_carea' id='block_1_37' title="bbox 502 3636 2070 3708">
    <p class='ocr_par' dir='ltr' id='par_1_37' title="bbox 502 3636 2070 3708">
     <span class='ocr_line' id='line_1_37' title="bbox 502 3636 2070 3708; baseline -0.002 -14"><span class='ocrx_word' id='word_1_288' title='bbox 502 3641 736 3694; x_wconf 69' lang='lat' dir='ltr'><strong>extollar.</strong></span> <span class='ocrx_word' id='word_1_289' title='bbox 778 3639 980 3708; x_wconf 85' lang='lat' dir='ltr'><strong>Nempe</strong></span> <span class='ocrx_word' id='word_1_290' title='bbox 1018 3637 1104 3692; x_wconf 86' lang='lat' dir='ltr'><strong>hic</strong></span> <span class='ocrx_word' id='word_1_291' title='bbox 1131 3637 1416 3707; x_wconf 76' lang='lat' dir='ltr'><strong>agnoscitis</strong></span> <span class='ocrx_word' id='word_1_292' title='bbox 1445 3636 1755 3706; x_wconf 86' lang='lat' dir='ltr'><strong>Apostolunt</strong></span> <span class='ocrx_word' id='word_1_293' title='bbox 1788 3636 2070 3692; x_wconf 83' lang='lat' dir='ltr'><strong>habentem</strong></span> 
     </span>
    </p>
   </div>
   <div class='ocr_carea' id='block_1_38' title="bbox 501 3727 2072 3800">
    <p class='ocr_par' dir='ltr' id='par_1_38' title="bbox 501 3727 2072 3800">
     <span class='ocr_line' id='line_1_38' title="bbox 501 3727 2072 3800; baseline -0.001 -16"><span class='ocrx_word' id='word_1_294' title='bbox 501 3730 917 3800; x_wconf 75' lang='lat' dir='ltr'><strong>magnitudinem</strong></span> <span class='ocrx_word' id='word_1_295' title='bbox 965 3729 1343 3783; x_wconf 87' lang='lat' dir='ltr'><strong>revelationum</strong></span> <span class='ocrx_word' id='word_1_296' title='bbox 1367 3769 1380 3791; x_wconf 93' lang='lat'><strong>,</strong></span> <span class='ocrx_word' id='word_1_297' title='bbox 1418 3736 1472 3781; x_wconf 88' lang='lat' dir='ltr'><strong>et</strong></span> <span class='ocrx_word' id='word_1_298' title='bbox 1514 3727 1786 3782; x_wconf 90' lang='lat' dir='ltr'><strong>timentem</strong></span> <span class='ocrx_word' id='word_1_299' title='bbox 1827 3729 2072 3783; x_wconf 89' lang='lat' dir='ltr'><strong>elationis</strong></span> 
     </span>
    </p>
   </div>
   <div class='ocr_carea' id='block_1_39' title="bbox 503 3817 2069 3889">
    <p class='ocr_par' dir='ltr' id='par_1_39' title="bbox 503 3817 2069 3889">
     <span class='ocr_line' id='line_1_39' title="bbox 503 3817 2069 3889; baseline -0.001 -15"><span class='ocrx_word' id='word_1_300' title='bbox 503 3820 871 3889; x_wconf 74' lang='lat' dir='ltr'><strong>prtecipitiunt.</strong></span> <span class='ocrx_word' id='word_1_301' title='bbox 905 3817 969 3874; x_wconf 91' lang='lat' dir='ltr'><strong>Ut</strong></span> <span class='ocrx_word' id='word_1_302' title='bbox 996 3833 1122 3886; x_wconf 70' lang='lat' dir='ltr'><strong>ergo</strong></span> <span class='ocrx_word' id='word_1_303' title='bbox 1155 3817 1366 3871; x_wconf 86' lang='lat' dir='ltr'><strong>noveris</strong></span> <span class='ocrx_word' id='word_1_304' title='bbox 1387 3817 1506 3886; x_wconf 87' lang='lat' dir='ltr'><strong>quia</strong></span> <span class='ocrx_word' id='word_1_305' title='bbox 1538 3826 1591 3870; x_wconf 91' lang='lat' dir='ltr'><strong>ct</strong></span> <span class='ocrx_word' id='word_1_306' title='bbox 1627 3817 1738 3884; x_wconf 86' lang='lat' dir='ltr'><strong>ipse</strong></span> <span class='ocrx_word' id='word_1_307' title='bbox 1763 3819 2069 3886; x_wconf 84' lang='lat' dir='ltr'><strong>Apostolus,</strong></span> 
     </span>
    </p>
   </div>
   <div class='ocr_carea' id='block_1_40' title="bbox 498 3905 2072 3980">
    <p class='ocr_par' dir='ltr' id='par_1_40' title="bbox 498 3905 2072 3980">
     <span class='ocr_line' id='line_1_40' title="bbox 498 3905 2072 3980; baseline -0.001 -16"><span class='ocrx_word' id='word_1_308' title='bbox 498 3911 586 3980; x_wconf 91' lang='lat' dir='ltr'><strong>qui</strong></span> <span class='ocrx_word' id='word_1_309' title='bbox 618 3911 828 3965; x_wconf 87' lang='lat' dir='ltr'><strong>volebat</strong></span> <span class='ocrx_word' id='word_1_310' title='bbox 855 3907 987 3963; x_wconf 80' lang='lat' dir='ltr'><strong>alios</strong></span> <span class='ocrx_word' id='word_1_311' title='bbox 1011 3907 1185 3960; x_wconf 89' lang='lat' dir='ltr'><strong>salvos</strong></span> <span class='ocrx_word' id='word_1_312' title='bbox 1223 3905 1398 3961; x_wconf 88' lang='lat' dir='ltr'><strong>facere</strong></span> <span class='ocrx_word' id='word_1_313' title='bbox 1420 3947 1436 3972; x_wconf 93' lang='lat'><strong>,</strong></span> <span class='ocrx_word' id='word_1_314' title='bbox 1465 3906 1637 3960; x_wconf 89' lang='lat' dir='ltr'><strong>adhuc</strong></span> <span class='ocrx_word' id='word_1_315' title='bbox 1663 3909 1948 3963; x_wconf 86' lang='lat' dir='ltr'><strong>curabatur</strong></span> <span class='ocrx_word' id='word_1_316' title='bbox 1979 3926 1990 3959; x_wconf 94' lang='lat'><strong>:</strong></span> <span class='ocrx_word' id='word_1_317' title='bbox 2017 3919 2072 3962; x_wconf 90' lang='lat' dir='ltr'><strong>ut</strong></span> 
     </span>
    </p>
   </div>
   <div class='ocr_carea' id='block_1_41' title="bbox 499 3995 2070 4070">
    <p class='ocr_par' dir='ltr' id='par_1_41' title="bbox 499 3995 2070 4070">
     <span class='ocr_line' id='line_1_41' title="bbox 499 3995 2070 4070; baseline -0.001 -16"><span class='ocrx_word' id='word_1_318' title='bbox 499 4003 710 4056; x_wconf 81' lang='lat' dir='ltr'><strong>noveris</strong></span> <span class='ocrx_word' id='word_1_319' title='bbox 735 4000 855 4070; x_wconf 85' lang='lat' dir='ltr'><strong>quia</strong></span> <span class='ocrx_word' id='word_1_320' title='bbox 877 4007 930 4053; x_wconf 89' lang='lat' dir='ltr'><strong>et</strong></span> <span class='ocrx_word' id='word_1_321' title='bbox 961 3998 1072 4068; x_wconf 86' lang='lat' dir='ltr'><strong>ipse</strong></span> <span class='ocrx_word' id='word_1_322' title='bbox 1091 3997 1264 4052; x_wconf 90' lang='lat' dir='ltr'><strong>adhuc</strong></span> <span class='ocrx_word' id='word_1_323' title='bbox 1284 3995 1602 4061; x_wconf 86' lang='lat' dir='ltr'><strong>curabatur;</strong></span> <span class='ocrx_word' id='word_1_324' title='bbox 1629 3998 1673 4050; x_wconf 94' lang='lat' dir='ltr'><strong>si</strong></span> <span class='ocrx_word' id='word_1_325' title='bbox 1705 3998 2070 4068; x_wconf 76' lang='lat' dir='ltr'><strong>magnipendis</strong></span> 
     </span>
    </p>
   </div>
   <div class='ocr_carea' id='block_1_42' title="bbox 499 4088 2068 4162">
    <p class='ocr_par' dir='ltr' id='par_1_42' title="bbox 499 4088 2068 4162">
     <span class='ocr_line' id='line_1_42' title="bbox 499 4088 2068 4162; baseline 0 -16"><span class='ocrx_word' id='word_1_326' title='bbox 499 4093 664 4162; x_wconf 86' lang='lat' dir='ltr'><strong>ipsius</strong></span> <span class='ocrx_word' id='word_1_327' title='bbox 693 4092 973 4155; x_wconf 81' lang='lat' dir='ltr'><strong>honorem,</strong></span> <span class='ocrx_word' id='word_1_328' title='bbox 1003 4089 1124 4144; x_wconf 77' lang='lat' dir='ltr'><strong>andi</strong></span> <span class='ocrx_word' id='word_1_329' title='bbox 1164 4088 1294 4159; x_wconf 87' lang='lat' dir='ltr'><strong>quid</strong></span> <span class='ocrx_word' id='word_1_330' title='bbox 1325 4088 1560 4143; x_wconf 88' lang='lat' dir='ltr'><strong>medicus</strong></span> <span class='ocrx_word' id='word_1_331' title='bbox 1585 4088 1635 4143; x_wconf 89' lang='lat' dir='ltr'><strong>ei</strong></span> <span class='ocrx_word' id='word_1_332' title='bbox 1663 4090 1966 4159; x_wconf 86' lang='lat' dir='ltr'><strong>apposuerit</strong></span> <span class='ocrx_word' id='word_1_333' title='bbox 2003 4090 2068 4146; x_wconf 84' lang='lat' dir='ltr'><strong>ad</strong></span> 
     </span>
    </p>
   </div>
   <div class='ocr_carea' id='block_1_43' title="bbox 498 4180 2068 4250">
    <p class='ocr_par' dir='ltr' id='par_1_43' title="bbox 498 4180 2068 4250">
     <span class='ocr_line' id='line_1_43' title="bbox 498 4180 2068 4250; baseline -0.003 -11"><span class='ocrx_word' id='word_1_334' title='bbox 498 4195 758 4239; x_wconf 88' lang='lat' dir='ltr'><strong>tumoretn</strong></span> <span class='ocrx_word' id='word_1_335' title='bbox 791 4201 806 4238; x_wconf 88' lang='lat'><strong>:</strong></span> <span class='ocrx_word' id='word_1_336' title='bbox 836 4182 956 4237; x_wconf 89' lang='lat' dir='ltr'><strong>audi</strong></span> <span class='ocrx_word' id='word_1_337' title='bbox 989 4198 1090 4236; x_wconf 93' lang='lat' dir='ltr'><strong>non</strong></span> <span class='ocrx_word' id='word_1_338' title='bbox 1122 4198 1227 4247; x_wconf 91' lang='lat' dir='ltr'><strong>me,</strong></span> <span class='ocrx_word' id='word_1_339' title='bbox 1260 4181 1426 4250; x_wconf 88' lang='lat' dir='ltr'><strong>ipsum</strong></span> <span class='ocrx_word' id='word_1_340' title='bbox 1455 4180 1598 4234; x_wconf 91' lang='lat' dir='ltr'><strong>andi.</strong></span> <span class='ocrx_word' id='word_1_341' title='bbox 1640 4180 1774 4234; x_wconf 83' lang='lat' dir='ltr'><strong>Audi</strong></span> <span class='ocrx_word' id='word_1_342' title='bbox 1811 4182 2068 4235; x_wconf 90' lang='lat' dir='ltr'><strong>conﬁtcn-</strong></span> 
     </span>
    </p>
   </div>
   <div class='ocr_carea' id='block_1_44' title="bbox 498 4269 2067 4341">
    <p class='ocr_par' dir='ltr' id='par_1_44' title="bbox 498 4269 2067 4341">
     <span class='ocr_line' id='line_1_44' title="bbox 498 4269 2067 4341; baseline -0.004 -11"><span class='ocrx_word' id='word_1_343' title='bbox 498 4285 622 4338; x_wconf 88' lang='lat' dir='ltr'><strong>tem,</strong></span> <span class='ocrx_word' id='word_1_344' title='bbox 654 4284 712 4329; x_wconf 90' lang='lat' dir='ltr'><strong>ut</strong></span> <span class='ocrx_word' id='word_1_345' title='bbox 739 4275 936 4328; x_wconf 80' lang='lat' dir='ltr'><strong>sentias</strong></span> <span class='ocrx_word' id='word_1_346' title='bbox 955 4275 1266 4328; x_wconf 78' lang='lat' dir='ltr'><strong>docentem.</strong></span> <span class='ocrx_word' id='word_1_347' title='bbox 1315 4271 1450 4326; x_wconf 82' lang='lat' dir='ltr'><strong>Audi</strong></span> <span class='ocrx_word' id='word_1_348' title='bbox 1483 4288 1496 4323; x_wconf 89' lang='lat'><strong>:</strong></span> <span class='ocrx_word' id='word_1_349' title='bbox 1525 4269 1592 4324; x_wconf 81' lang='lat' dir='ltr'><strong>Et</strong></span> <span class='ocrx_word' id='word_1_350' title='bbox 1631 4288 1693 4325; x_wconf 79' lang='lat' dir='ltr'><strong>ne</strong></span> <span class='ocrx_word' id='word_1_351' title='bbox 1725 4271 2067 4341; x_wconf 81' lang='lat' dir='ltr'><strong>magnitudine</strong></span> 
     </span>
    </p>
   </div>
   <div class='ocr_carea' id='block_1_45' title="bbox 497 4361 2067 4430">
    <p class='ocr_par' dir='ltr' id='par_1_45' title="bbox 497 4361 2067 4430">
     <span class='ocr_line' id='line_1_45' title="bbox 497 4361 2067 4430; baseline -0.003 -10"><span class='ocrx_word' id='word_1_352' title='bbox 497 4366 850 4420; x_wconf 73' lang='lat' dir='ltr'><strong>revelationum</strong></span> <span class='ocrx_word' id='word_1_353' title='bbox 874 4381 1095 4417; x_wconf 74' lang='lat' dir='ltr'><strong>mearum</strong></span> <span class='ocrx_word' id='word_1_354' title='bbox 1111 4363 1344 4416; x_wconf 73' lang='lat' dir='ltr'><strong>extollar.</strong></span> <span class='ocrx_word' id='word_1_355' title='bbox 1369 4363 1501 4416; x_wconf 85' lang='lat' dir='ltr'><strong>Ecce</strong></span> <span class='ocrx_word' id='word_1_356' title='bbox 1516 4362 1624 4429; x_wconf 91' lang='lat' dir='ltr'><strong>jam</strong></span> <span class='ocrx_word' id='word_1_357' title='bbox 1651 4375 1861 4430; x_wconf 89' lang='lat' dir='ltr'><strong>possum</strong></span> <span class='ocrx_word' id='word_1_358' title='bbox 1889 4361 2067 4416; x_wconf 89' lang='lat' dir='ltr'><strong>dicere</strong></span> 
     </span>
    </p>
   </div>
   <div class='ocr_carea' id='block_1_46' title="bbox 497 4451 2066 4523">
    <p class='ocr_par' dir='ltr' id='par_1_46' title="bbox 497 4451 2066 4523">
     <span class='ocr_line' id='line_1_46' title="bbox 497 4451 2066 4523; baseline 0 -17"><span class='ocrx_word' id='word_1_359' title='bbox 497 4455 736 4523; x_wconf 73' lang='lat' dir='ltr'><strong>apostolo</strong></span> <span class='ocrx_word' id='word_1_360' title='bbox 777 4455 938 4507; x_wconf 84' lang='lat' dir='ltr'><strong>Paulo</strong></span> <span class='ocrx_word' id='word_1_361' title='bbox 966 4470 978 4504; x_wconf 91' lang='lat'><strong>:</strong></span> <span class='ocrx_word' id='word_1_362' title='bbox 1011 4453 1085 4507; x_wconf 88' lang='lat' dir='ltr'><strong>Ne</strong></span> <span class='ocrx_word' id='word_1_363' title='bbox 1116 4453 1406 4514; x_wconf 77' lang='lat' dir='ltr'><strong>extollaris,</strong></span> <span class='ocrx_word' id='word_1_364' title='bbox 1447 4459 1628 4505; x_wconf 86' lang='lat' dir='ltr'><strong>sancte</strong></span> <span class='ocrx_word' id='word_1_365' title='bbox 1671 4451 1962 4520; x_wconf 76' lang='lat' dir='ltr'><strong>ApOstole?</strong></span> <span class='ocrx_word' id='word_1_366' title='bbox 1988 4452 2066 4507; x_wconf 86' lang='lat' dir='ltr'><strong>Tu</strong></span> 
     </span>
    </p>
   </div>
   <div class='ocr_carea' id='block_1_47' title="bbox 499 4541 2062 4608">
    <p class='ocr_par' dir='ltr' id='par_1_47' title="bbox 499 4541 2062 4608">
     <span class='ocr_line' id='line_1_47' title="bbox 499 4541 2062 4608; baseline -0.001 -10"><span class='ocrx_word' id='word_1_367' title='bbox 499 4562 565 4598; x_wconf 87' lang='lat' dir='ltr'><strong>ne</strong></span> <span class='ocrx_word' id='word_1_368' title='bbox 590 4545 882 4608; x_wconf 72' lang='lat' dir='ltr'><strong>extollaris,</strong></span> <span class='ocrx_word' id='word_1_369' title='bbox 909 4543 1080 4596; x_wconf 87' lang='lat' dir='ltr'><strong>adhuc</strong></span> <span class='ocrx_word' id='word_1_370' title='bbox 1107 4541 1401 4596; x_wconf 88' lang='lat' dir='ltr'><strong>cavendum</strong></span> <span class='ocrx_word' id='word_1_371' title='bbox 1425 4541 1542 4595; x_wconf 87' lang='lat' dir='ltr'><strong>est?</strong></span> <span class='ocrx_word' id='word_1_372' title='bbox 1562 4542 1641 4596; x_wconf 82' lang='lat' dir='ltr'><strong>Tu</strong></span> <span class='ocrx_word' id='word_1_373' title='bbox 1677 4557 1742 4596; x_wconf 89' lang='lat' dir='ltr'><strong>ne</strong></span> <span class='ocrx_word' id='word_1_374' title='bbox 1773 4543 2062 4608; x_wconf 75' lang='lat' dir='ltr'><strong>extollaris,</strong></span> 
     </span>
    </p>
   </div>
   <div class='ocr_carea' id='block_1_48' title="bbox 499 4631 2066 4698">
    <p class='ocr_par' dir='ltr' id='par_1_48' title="bbox 499 4631 2066 4698">
     <span class='ocr_line' id='line_1_48' title="bbox 499 4631 2066 4698; baseline -0.003 -6"><span class='ocrx_word' id='word_1_375' title='bbox 499 4637 673 4692; x_wconf 87' lang='lat' dir='ltr'><strong>adhuc</strong></span> <span class='ocrx_word' id='word_1_376' title='bbox 700 4634 987 4689; x_wconf 88' lang='lat' dir='ltr'><strong>timendum</strong></span> <span class='ocrx_word' id='word_1_377' title='bbox 1027 4633 1148 4688; x_wconf 84' lang='lat' dir='ltr'><strong>est?</strong></span> <span class='ocrx_word' id='word_1_378' title='bbox 1175 4631 1253 4686; x_wconf 88' lang='lat' dir='ltr'><strong>Tu</strong></span> <span class='ocrx_word' id='word_1_379' title='bbox 1297 4646 1363 4686; x_wconf 91' lang='lat' dir='ltr'><strong>ne</strong></span> <span class='ocrx_word' id='word_1_380' title='bbox 1399 4633 1702 4698; x_wconf 81' lang='lat' dir='ltr'><strong>extollaris,</strong></span> <span class='ocrx_word' id='word_1_381' title='bbox 1742 4633 1913 4687; x_wconf 90' lang='lat' dir='ltr'><strong>adhuc</strong></span> <span class='ocrx_word' id='word_1_382' title='bbox 1945 4634 2066 4688; x_wconf 86' lang='lat' dir='ltr'><strong>huic</strong></span> 
     </span>
    </p>
   </div>
   <div class='ocr_carea' id='block_1_49' title="bbox 499 4725 1516 4794">
    <p class='ocr_par' dir='ltr' id='par_1_49' title="bbox 499 4725 1516 4794">
     <span class='ocr_line' id='line_1_49' title="bbox 499 4725 1516 4794; baseline -0.008 -8"><span class='ocrx_word' id='word_1_383' title='bbox 499 4730 785 4786; x_wconf 86' lang='lat' dir='ltr'><strong>inﬁrmitati</strong></span> <span class='ocrx_word' id='word_1_384' title='bbox 812 4728 1068 4784; x_wconf 79' lang='lat' dir='ltr'><strong>medicina</strong></span> <span class='ocrx_word' id='word_1_385' title='bbox 1095 4725 1374 4794; x_wconf 61' lang='lat' dir='ltr'><strong>quaerenda</strong></span> <span class='ocrx_word' id='word_1_386' title='bbox 1397 4726 1516 4778; x_wconf 84' lang='lat' dir='ltr'><strong>est?</strong></span> 
     </span>
    </p>
   </div>
   <div class='ocr_carea' id='block_1_50' title="bbox 568 4814 2058 4884">
    <p class='ocr_par' dir='ltr' id='par_1_50' title="bbox 568 4814 2058 4884">
     <span class='ocr_line' id='line_1_50' title="bbox 568 4814 2058 4884; baseline -0.004 -8"><span class='ocrx_word' id='word_1_387' title='bbox 568 4820 790 4876; x_wconf 79' lang='lat' dir='ltr'><strong>CAPUT</strong></span> <span class='ocrx_word' id='word_1_388' title='bbox 815 4822 877 4872; x_wconf 87' lang='lat'><strong>\&#39;.</strong></span> <span class='ocrx_word' id='word_1_389' title='bbox 895 4850 963 4860; x_wconf 90' lang='lat'><strong>—</strong></span> <span class='ocrx_word' id='word_1_390' title='bbox 983 4818 1033 4874; x_wconf 82' lang='lat'><strong>6.</strong></span> <span class='ocrx_word' id='word_1_391' title='bbox 1060 4817 1294 4871; x_wconf 86' lang='lat' dir='ltr'><strong>Tumoris</strong></span> <span class='ocrx_word' id='word_1_392' title='bbox 1339 4816 1585 4884; x_wconf 73' lang='lat' dir='ltr'><strong>rpitltcma</strong></span> <span class='ocrx_word' id='word_1_393' title='bbox 1609 4814 1847 4883; x_wconf 77' lang='lat' dir='ltr'><strong>Apostolo</strong></span> <span class='ocrx_word' id='word_1_394' title='bbox 1867 4816 2058 4870; x_wconf 75' lang='lat' dir='ltr'><strong>datum.</strong></span> 
     </span>
    </p>
   </div>
   <div class='ocr_carea' id='block_1_51' title="bbox 495 4905 2066 4982">
    <p class='ocr_par' dir='ltr' id='par_1_51' title="bbox 495 4905 2066 4982">
     <span class='ocr_line' id='line_1_51' title="bbox 495 4905 2066 4982; baseline -0.005 -14"><span class='ocrx_word' id='word_1_395' title='bbox 495 4914 630 4982; x_wconf 79' lang='lat' dir='ltr'><strong>Quid</strong></span> <span class='ocrx_word' id='word_1_396' title='bbox 660 4913 808 4979; x_wconf 88' lang='lat' dir='ltr'><strong>mihi,</strong></span> <span class='ocrx_word' id='word_1_397' title='bbox 833 4910 1021 4981; x_wconf 90' lang='lat' dir='ltr'><strong>inquit,</strong></span> <span class='ocrx_word' id='word_1_398' title='bbox 1049 4909 1182 4964; x_wconf 90' lang='lat' dir='ltr'><strong>dicis</strong></span> <span class='ocrx_word' id='word_1_399' title='bbox 1213 4907 1301 4962; x_wconf 69' lang='lat' dir='ltr'><strong>tu?</strong></span> <span class='ocrx_word' id='word_1_400' title='bbox 1333 4906 1399 4960; x_wconf 85' lang='lat' dir='ltr'><strong>Et</strong></span> <span class='ocrx_word' id='word_1_401' title='bbox 1432 4915 1485 4959; x_wconf 96' lang='grc' dir='ltr'><strong>ιιι</strong></span> <span class='ocrx_word' id='word_1_402' title='bbox 1525 4905 1646 4960; x_wconf 89' lang='lat' dir='ltr'><strong>andi</strong></span> <span class='ocrx_word' id='word_1_403' title='bbox 1683 4905 1805 4975; x_wconf 89' lang='lat' dir='ltr'><strong>quid</strong></span> <span class='ocrx_word' id='word_1_404' title='bbox 1837 4906 1972 4970; x_wconf 90' lang='lat' dir='ltr'><strong>sim;</strong></span> <span class='ocrx_word' id='word_1_405' title='bbox 2012 4915 2066 4960; x_wconf 88' lang='lat' dir='ltr'><strong>et</strong></span> 
     </span>
    </p>
   </div>
   <div class='ocr_carea' id='block_1_52' title="bbox 494 4996 2063 5071">
    <p class='ocr_par' dir='ltr' id='par_1_52' title="bbox 494 4996 2063 5071">
     <span class='ocr_line' id='line_1_52' title="bbox 494 4996 2063 5071; baseline -0.006 -10"><span class='ocrx_word' id='word_1_406' title='bbox 494 5006 599 5061; x_wconf 91' lang='lat' dir='ltr'><strong>noli</strong></span> <span class='ocrx_word' id='word_1_407' title='bbox 644 5005 808 5059; x_wconf 90' lang='lat' dir='ltr'><strong>altum</strong></span> <span class='ocrx_word' id='word_1_408' title='bbox 837 5016 1055 5071; x_wconf 82' lang='lat' dir='ltr'><strong>sapere,</strong></span> <span class='ocrx_word' id='word_1_409' title='bbox 1087 4999 1179 5054; x_wconf 87' lang='lat' dir='ltr'><strong>sed</strong></span> <span class='ocrx_word' id='word_1_410' title='bbox 1220 4999 1366 5051; x_wconf 87' lang='lat' dir='ltr'><strong>time.</strong></span> <span class='ocrx_word' id='word_1_411' title='bbox 1411 4997 1544 5052; x_wconf 79' lang='lat' dir='ltr'><strong>Audi</strong></span> <span class='ocrx_word' id='word_1_412' title='bbox 1588 4997 1851 5066; x_wconf 88' lang='lat' dir='ltr'><strong>quomodo</strong></span> <span class='ocrx_word' id='word_1_413' title='bbox 1888 4996 2063 5051; x_wconf 85' lang='lat' dir='ltr'><strong>brevis</strong></span> 
     </span>
    </p>
   </div>
   <div class='ocr_carea' id='block_1_53' title="bbox 493 5086 2060 5163">
    <p class='ocr_par' dir='ltr' id='par_1_53' title="bbox 493 5086 2060 5163">
     <span class='ocr_line' id='line_1_53' title="bbox 493 5086 2060 5163; baseline -0.007 -15"><span class='ocrx_word' id='word_1_414' title='bbox 493 5110 661 5163; x_wconf 78' lang='lat' dir='ltr'><strong>agnus</strong></span> <span class='ocrx_word' id='word_1_415' title='bbox 691 5092 1032 5160; x_wconf 78' lang='lat' dir='ltr'><strong>ingrediatur,</strong></span> <span class='ocrx_word' id='word_1_416' title='bbox 1066 5089 1152 5144; x_wconf 90' lang='lat' dir='ltr'><strong>ubi</strong></span> <span class='ocrx_word' id='word_1_417' title='bbox 1194 5089 1330 5140; x_wconf 83' lang='lat' dir='ltr'><strong>aries</strong></span> <span class='ocrx_word' id='word_1_418' title='bbox 1368 5088 1443 5142; x_wconf 86' lang='lat' dir='ltr'><strong>sic</strong></span> <span class='ocrx_word' id='word_1_419' title='bbox 1468 5089 1810 5156; x_wconf 85' lang='lat' dir='ltr'><strong>periclitatur.</strong></span> <span class='ocrx_word' id='word_1_420' title='bbox 1843 5086 1924 5140; x_wconf 85' lang='lat' dir='ltr'><strong>Ne</strong></span> <span class='ocrx_word' id='word_1_421' title='bbox 1947 5103 2060 5139; x_wconf 80' lang='lat' dir='ltr'><strong>nta-</strong></span> 
     </span>
    </p>
   </div>
   <div class='ocr_carea' id='block_1_54' title="bbox 490 5177 2060 5256">
    <p class='ocr_par' dir='ltr' id='par_1_54' title="bbox 490 5177 2060 5256">
     <span class='ocr_line' id='line_1_54' title="bbox 490 5177 2060 5256; baseline -0.005 -18"><span class='ocrx_word' id='word_1_422' title='bbox 490 5185 770 5256; x_wconf 81' lang='lat' dir='ltr'><strong>gnitntline,</strong></span> <span class='ocrx_word' id='word_1_423' title='bbox 804 5183 992 5252; x_wconf 87' lang='lat' dir='ltr'><strong>inquit,</strong></span> <span class='ocrx_word' id='word_1_424' title='bbox 1022 5179 1380 5234; x_wconf 76' lang='lat' dir='ltr'><strong>rccelationum</strong></span> <span class='ocrx_word' id='word_1_425' title='bbox 1407 5195 1629 5231; x_wconf 80' lang='lat' dir='ltr'><strong>mearum</strong></span> <span class='ocrx_word' id='word_1_426' title='bbox 1657 5178 1886 5241; x_wconf 73' lang='lat' dir='ltr'><strong>extollar,</strong></span> <span class='ocrx_word' id='word_1_427' title='bbox 1912 5177 2060 5230; x_wconf 84' lang='lat' dir='ltr'><strong>datus</strong></span> 
     </span>
    </p>
   </div>
   <div class='ocr_carea' id='block_1_55' title="bbox 489 5269 2060 5339">
    <p class='ocr_par' dir='ltr' id='par_1_55' title="bbox 489 5269 2060 5339">
     <span class='ocr_line' id='line_1_55' title="bbox 489 5269 2060 5339; baseline -0.008 -8"><span class='ocrx_word' id='word_1_428' title='bbox 489 5287 560 5331; x_wconf 76' lang='lat' dir='ltr'><strong>est</strong></span> <span class='ocrx_word' id='word_1_429' title='bbox 591 5276 712 5329; x_wconf 71' lang='lat' dir='ltr'><strong>milii</strong></span> <span class='ocrx_word' id='word_1_430' title='bbox 743 5274 976 5328; x_wconf 87' lang='lat' dir='ltr'><strong>stimulus</strong></span> <span class='ocrx_word' id='word_1_431' title='bbox 1015 5272 1182 5325; x_wconf 84' lang='lat' dir='ltr'><strong>carnis</strong></span> <span class='ocrx_word' id='word_1_432' title='bbox 1223 5286 1364 5332; x_wconf 76' lang='lat' dir='ltr'><strong>mere,</strong></span> <span class='ocrx_word' id='word_1_433' title='bbox 1397 5270 1605 5339; x_wconf 77' lang='lat' dir='ltr'><strong>angelus</strong></span> <span class='ocrx_word' id='word_1_434' title='bbox 1633 5278 1841 5331; x_wconf 66' lang='lat' dir='ltr'><strong>satanas,</strong></span> <span class='ocrx_word' id='word_1_435' title='bbox 1871 5269 1954 5335; x_wconf 86' lang='lat' dir='ltr'><strong>qni</strong></span> <span class='ocrx_word' id='word_1_436' title='bbox 1983 5283 2060 5319; x_wconf 80' lang='lat' dir='ltr'><strong>me</strong></span> 
     </span>
    </p>
   </div>
   <div class='ocr_carea' id='block_1_56' title="bbox 490 5359 2056 5438">
    <p class='ocr_par' dir='ltr' id='par_1_56' title="bbox 490 5359 2056 5438">
     <span class='ocr_line' id='line_1_56' title="bbox 490 5359 2056 5438; baseline -0.006 -16"><span class='ocrx_word' id='word_1_437' title='bbox 490 5368 787 5438; x_wconf 73' lang='lat' dir='ltr'><strong>colapltizet.</strong></span> <span class='ocrx_word' id='word_1_438' title='bbox 815 5365 1033 5433; x_wconf 85' lang='lat' dir='ltr'><strong>Qualem</strong></span> <span class='ocrx_word' id='word_1_439' title='bbox 1076 5373 1332 5416; x_wconf 88' lang='lat' dir='ltr'><strong>tumorem</strong></span> <span class='ocrx_word' id='word_1_440' title='bbox 1370 5361 1560 5422; x_wconf 85' lang='lat' dir='ltr'><strong>timuit,</strong></span> <span class='ocrx_word' id='word_1_441' title='bbox 1597 5361 1684 5429; x_wconf 90' lang='lat' dir='ltr'><strong>qui</strong></span> <span class='ocrx_word' id='word_1_442' title='bbox 1722 5359 2056 5414; x_wconf 84' lang='lat' dir='ltr'><strong>mordacissi-</strong></span> 
     </span>
    </p>
   </div>
   <div class='ocr_carea' id='block_1_57' title="bbox 489 5451 2053 5525">
    <p class='ocr_par' dir='ltr' id='par_1_57' title="bbox 489 5451 2053 5525">
     <span class='ocr_line' id='line_1_57' title="bbox 489 5451 2053 5525; baseline -0.006 -12"><span class='ocrx_word' id='word_1_443' title='bbox 489 5477 634 5514; x_wconf 85' lang='lat' dir='ltr'><strong>munt</strong></span> <span class='ocrx_word' id='word_1_444' title='bbox 683 5457 946 5525; x_wconf 88' lang='lat' dir='ltr'><strong>cpithema</strong></span> <span class='ocrx_word' id='word_1_445' title='bbox 997 5454 1244 5521; x_wconf 77' lang='lat' dir='ltr'><strong>accepit?</strong></span> <span class='ocrx_word' id='word_1_446' title='bbox 1287 5451 1403 5506; x_wconf 84' lang='lat' dir='ltr'><strong>.Iam</strong></span> <span class='ocrx_word' id='word_1_447' title='bbox 1444 5468 1571 5521; x_wconf 83' lang='lat' dir='ltr'><strong>ergo</strong></span> <span class='ocrx_word' id='word_1_448' title='bbox 1615 5451 1772 5504; x_wconf 85' lang='lat' dir='ltr'><strong>modo</strong></span> <span class='ocrx_word' id='word_1_449' title='bbox 1807 5451 1892 5504; x_wconf 92' lang='lat' dir='ltr'><strong>dic</strong></span> <span class='ocrx_word' id='word_1_450' title='bbox 1933 5451 2053 5519; x_wconf 85' lang='lat' dir='ltr'><strong>quia</strong></span> 
     </span>
    </p>
   </div>
   <div class='ocr_carea' id='block_1_58' title="bbox 491 5543 2051 5614">
    <p class='ocr_par' dir='ltr' id='par_1_58' title="bbox 491 5543 2051 5614">
     <span class='ocr_line' id='line_1_58' title="bbox 491 5543 2051 5614; baseline -0.007 -10"><span class='ocrx_word' id='word_1_451' title='bbox 491 5559 629 5604; x_wconf 77' lang='lat' dir='ltr'><strong>tanta</strong></span> <span class='ocrx_word' id='word_1_452' title='bbox 649 5550 698 5604; x_wconf 92' lang='lat' dir='ltr'><strong>in</strong></span> <span class='ocrx_word' id='word_1_453' title='bbox 728 5549 816 5603; x_wconf 87' lang='lat' dir='ltr'><strong>illo</strong></span> <span class='ocrx_word' id='word_1_454' title='bbox 835 5556 949 5600; x_wconf 90' lang='lat' dir='ltr'><strong>erat</strong></span> <span class='ocrx_word' id='word_1_455' title='bbox 966 5546 1188 5614; x_wconf 89' lang='lat' dir='ltr'><strong>justitia,</strong></span> <span class='ocrx_word' id='word_1_456' title='bbox 1211 5554 1404 5614; x_wconf 88' lang='lat' dir='ltr'><strong>quanta</strong></span> <span class='ocrx_word' id='word_1_457' title='bbox 1423 5553 1505 5597; x_wconf 85' lang='lat' dir='ltr'><strong>est</strong></span> <span class='ocrx_word' id='word_1_458' title='bbox 1525 5544 1574 5596; x_wconf 91' lang='lat' dir='ltr'><strong>in</strong></span> <span class='ocrx_word' id='word_1_459' title='bbox 1599 5543 1812 5611; x_wconf 75' lang='lat' dir='ltr'><strong>Angelis</strong></span> <span class='ocrx_word' id='word_1_460' title='bbox 1832 5543 2051 5597; x_wconf 82' lang='lat' dir='ltr'><strong>sanctis.</strong></span> 
     </span>
    </p>
   </div>
   <div class='ocr_carea' id='block_1_59' title="bbox 491 5633 2051 5706">
    <p class='ocr_par' dir='ltr' id='par_1_59' title="bbox 491 5633 2051 5706">
     <span class='ocr_line' id='line_1_59' title="bbox 491 5633 2051 5706; baseline -0.002 -17"><span class='ocrx_word' id='word_1_461' title='bbox 491 5639 570 5690; x_wconf 72' lang='lat' dir='ltr'><strong>An</strong></span> <span class='ocrx_word' id='word_1_462' title='bbox 602 5637 735 5691; x_wconf 88' lang='lat' dir='ltr'><strong>forte</strong></span> <span class='ocrx_word' id='word_1_463' title='bbox 767 5645 821 5690; x_wconf 88' lang='lat' dir='ltr'><strong>et</strong></span> <span class='ocrx_word' id='word_1_464' title='bbox 853 5635 1074 5706; x_wconf 70' lang='lat' dir='ltr'><strong>angelus</strong></span> <span class='ocrx_word' id='word_1_465' title='bbox 1114 5645 1325 5688; x_wconf 83' lang='lat' dir='ltr'><strong>sanctus</strong></span> <span class='ocrx_word' id='word_1_466' title='bbox 1356 5635 1406 5687; x_wconf 90' lang='lat' dir='ltr'><strong>in</strong></span> <span class='ocrx_word' id='word_1_467' title='bbox 1432 5635 1568 5688; x_wconf 76' lang='lat' dir='ltr'><strong>cudo</strong></span> <span class='ocrx_word' id='word_1_468' title='bbox 1591 5674 1605 5697; x_wconf 92' lang='lat'><strong>,</strong></span> <span class='ocrx_word' id='word_1_469' title='bbox 1639 5649 1703 5688; x_wconf 91' lang='lat' dir='ltr'><strong>ne</strong></span> <span class='ocrx_word' id='word_1_470' title='bbox 1727 5633 2012 5688; x_wconf 77' lang='lat' dir='ltr'><strong>extollatur</strong></span> <span class='ocrx_word' id='word_1_471' title='bbox 2037 5675 2051 5698; x_wconf 94' lang='lat'><strong>,</strong></span> 
     </span>
    </p>
   </div>
   <div class='ocr_carea' id='block_1_60' title="bbox 486 5724 2048 5796">
    <p class='ocr_par' dir='ltr' id='par_1_60' title="bbox 486 5724 2048 5796">
     <span class='ocr_line' id='line_1_60' title="bbox 486 5724 2048 5796; baseline 0.001 -22"><span class='ocrx_word' id='word_1_472' title='bbox 486 5725 676 5796; x_wconf 74' lang='lat' dir='ltr'><strong>accipit</strong></span> <span class='ocrx_word' id='word_1_473' title='bbox 713 5728 981 5779; x_wconf 76' lang='lat' dir='ltr'><strong>stimulum</strong></span> <span class='ocrx_word' id='word_1_474' title='bbox 1032 5724 1273 5794; x_wconf 78' lang='lat' dir='ltr'><strong>angelum</strong></span> <span class='ocrx_word' id='word_1_475' title='bbox 1305 5735 1521 5790; x_wconf 69' lang='lat' dir='ltr'><strong>satam,</strong></span> <span class='ocrx_word' id='word_1_476' title='bbox 1552 5740 1579 5777; x_wconf 93' lang='lat' dir='ltr'><strong>a</strong></span> <span class='ocrx_word' id='word_1_477' title='bbox 1617 5739 1720 5794; x_wconf 84' lang='lat' dir='ltr'><strong>quo</strong></span> <span class='ocrx_word' id='word_1_478' title='bbox 1751 5725 2048 5795; x_wconf 81' lang='lat' dir='ltr'><strong>colaphizc-</strong></span> 
     </span>
    </p>
   </div>
   <div class='ocr_carea' id='block_1_61' title="bbox 1737 343 3703 418">
    <p class='ocr_par' dir='ltr' id='par_1_61' title="bbox 1737 343 3703 418">
     <span class='ocr_line' id='line_1_61' title="bbox 1737 343 3703 418; baseline -0.007 -18"><span class='ocrx_word' id='word_1_479' title='bbox 1737 345 1796 400; x_wconf 86' lang='lat' dir='ltr'><strong>S.</strong></span> <span class='ocrx_word' id='word_1_480' title='bbox 1837 343 2195 398; x_wconf 65' lang='lat' dir='ltr'><strong>AlIGUSTlNl</strong></span> <span class='ocrx_word' id='word_1_481' title='bbox 2238 344 2534 400; x_wconf 77' lang='lat' dir='ltr'><strong>EPISCUPI</strong></span> <span class='ocrx_word' id='word_1_482' title='bbox 3623 364 3703 418; x_wconf 58' lang='grc' dir='ltr'><strong>εδδ</strong></span> 
     </span>
    </p>
   </div>
   <div class='ocr_carea' id='block_1_62' title="bbox 2189 457 3692 536">
    <p class='ocr_par' dir='ltr' id='par_1_62' title="bbox 2189 457 3692 536">
     <span class='ocr_line' id='line_1_62' title="bbox 2189 457 3692 536; baseline 0.011 -25"><span class='ocrx_word' id='word_1_483' title='bbox 2189 459 2312 511; x_wconf 79' lang='lat' dir='ltr'><strong>tur?</strong></span> <span class='ocrx_word' id='word_1_484' title='bbox 2341 459 2489 512; x_wconf 76' lang='lat' dir='ltr'><strong>Absit</strong></span> <span class='ocrx_word' id='word_1_485' title='bbox 2517 457 2616 511; x_wconf 90' lang='lat' dir='ltr'><strong>hoc</strong></span> <span class='ocrx_word' id='word_1_486' title='bbox 2645 457 2712 512; x_wconf 84' lang='lat' dir='ltr'><strong>de</strong></span> <span class='ocrx_word' id='word_1_487' title='bbox 2742 460 2939 514; x_wconf 88' lang='lat' dir='ltr'><strong>sanctis</strong></span> <span class='ocrx_word' id='word_1_488' title='bbox 2963 461 3187 530; x_wconf 77' lang='lat' dir='ltr'><strong>Angelis</strong></span> <span class='ocrx_word' id='word_1_489' title='bbox 3210 467 3464 536; x_wconf 86' lang='lat' dir='ltr'><strong>suspicari.</strong></span> <span class='ocrx_word' id='word_1_490' title='bbox 3491 472 3692 528; x_wconf 68' lang='lat' dir='ltr'><strong>“attines</strong></span> 
     </span>
    </p>
   </div>
   <div class='ocr_carea' id='block_1_63' title="bbox 2185 550 3688 625">
    <p class='ocr_par' dir='ltr' id='par_1_63' title="bbox 2185 550 3688 625">
     <span class='ocr_line' id='line_1_63' title="bbox 2185 550 3688 625; baseline 0.011 -25"><span class='ocrx_word' id='word_1_491' title='bbox 2185 562 2366 601; x_wconf 90' lang='lat' dir='ltr'><strong>sumus</strong></span> <span class='ocrx_word' id='word_1_492' title='bbox 2383 590 2398 612; x_wconf 96' lang='lat'><strong>,</strong></span> <span class='ocrx_word' id='word_1_493' title='bbox 2425 550 2704 619; x_wconf 76' lang='lat' dir='ltr'><strong>Apostolus</strong></span> <span class='ocrx_word' id='word_1_494' title='bbox 2730 560 2943 604; x_wconf 86' lang='lat' dir='ltr'><strong>sanctos</strong></span> <span class='ocrx_word' id='word_1_495' title='bbox 2965 551 3204 606; x_wconf 84' lang='lat' dir='ltr'><strong>homines</strong></span> <span class='ocrx_word' id='word_1_496' title='bbox 3221 568 3540 625; x_wconf 71' lang='lat' dir='ltr'><strong>agnoscamus</strong></span> <span class='ocrx_word' id='word_1_497' title='bbox 3560 577 3571 623; x_wconf 85' lang='lat'><strong>;</strong></span> <span class='ocrx_word' id='word_1_498' title='bbox 3591 578 3688 618; x_wconf 73' lang='lat' dir='ltr'><strong>vasa</strong></span> 
     </span>
    </p>
   </div>
   <div class='ocr_carea' id='block_1_64' title="bbox 2184 639 3690 720">
    <p class='ocr_par' dir='ltr' id='par_1_64' title="bbox 2184 639 3690 720">
     <span class='ocr_line' id='line_1_64' title="bbox 2184 639 3690 720; baseline 0.01 -28"><span class='ocrx_word' id='word_1_499' title='bbox 2184 639 2372 704; x_wconf 86' lang='lat' dir='ltr'><strong>electa,</strong></span> <span class='ocrx_word' id='word_1_500' title='bbox 2405 641 2500 696; x_wconf 87' lang='lat' dir='ltr'><strong>sed</strong></span> <span class='ocrx_word' id='word_1_501' title='bbox 2529 641 2701 696; x_wconf 87' lang='lat' dir='ltr'><strong>adhuc</strong></span> <span class='ocrx_word' id='word_1_502' title='bbox 2729 640 2961 712; x_wconf 78' lang='lat' dir='ltr'><strong>fragilia;</strong></span> <span class='ocrx_word' id='word_1_503' title='bbox 2995 642 3160 698; x_wconf 90' lang='lat' dir='ltr'><strong>adhuc</strong></span> <span class='ocrx_word' id='word_1_504' title='bbox 3196 645 3246 698; x_wconf 91' lang='lat' dir='ltr'><strong>in</strong></span> <span class='ocrx_word' id='word_1_505' title='bbox 3289 647 3380 700; x_wconf 72' lang='lat' dir='ltr'><strong>hac</strong></span> <span class='ocrx_word' id='word_1_506' title='bbox 3403 665 3545 706; x_wconf 83' lang='lat' dir='ltr'><strong>carne</strong></span> <span class='ocrx_word' id='word_1_507' title='bbox 3569 668 3690 720; x_wconf 82' lang='lat' dir='ltr'><strong>pcre-</strong></span> 
     </span>
    </p>
   </div>
   <div class='ocr_carea' id='block_1_65' title="bbox 2183 730 3688 808">
    <p class='ocr_par' dir='ltr' id='par_1_65' title="bbox 2183 730 3688 808">
     <span class='ocr_line' id='line_1_65' title="bbox 2183 730 3688 808; baseline 0.013 -28"><span class='ocrx_word' id='word_1_508' title='bbox 2183 730 2482 798; x_wconf 77' lang='lat' dir='ltr'><strong>grinantes,</strong></span> <span class='ocrx_word' id='word_1_509' title='bbox 2531 733 2763 787; x_wconf 87' lang='lat' dir='ltr'><strong>nondum</strong></span> <span class='ocrx_word' id='word_1_510' title='bbox 2806 733 2856 786; x_wconf 87' lang='lat' dir='ltr'><strong>itt</strong></span> <span class='ocrx_word' id='word_1_511' title='bbox 2899 733 3101 788; x_wconf 65' lang='lat' dir='ltr'><strong>caelesti</strong></span> <span class='ocrx_word' id='word_1_512' title='bbox 3145 737 3304 804; x_wconf 85' lang='lat' dir='ltr'><strong>patria</strong></span> <span class='ocrx_word' id='word_1_513' title='bbox 3345 741 3688 808; x_wconf 77' lang='lat' dir='ltr'><strong>tritunphantes.</strong></span> 
     </span>
    </p>
   </div>
   <div class='ocr_carea' id='block_1_66' title="bbox 2185 819 3688 894">
    <p class='ocr_par' dir='ltr' id='par_1_66' title="bbox 2185 819 3688 894">
     <span class='ocr_line' id='line_1_66' title="bbox 2185 819 3688 894; baseline 0.009 -21"><span class='ocrx_word' id='word_1_514' title='bbox 2185 819 2324 890; x_wconf 78' lang='lat' dir='ltr'><strong>Ergo</strong></span> <span class='ocrx_word' id='word_1_515' title='bbox 2353 823 2598 890; x_wconf 88' lang='lat' dir='ltr'><strong>quoniam</strong></span> <span class='ocrx_word' id='word_1_516' title='bbox 2645 824 2920 877; x_wconf 85' lang='lat' dir='ltr'><strong>Dominum</strong></span> <span class='ocrx_word' id='word_1_517' title='bbox 2953 833 3029 877; x_wconf 89' lang='lat' dir='ltr'><strong>ter</strong></span> <span class='ocrx_word' id='word_1_518' title='bbox 3071 827 3287 894; x_wconf 76' lang='lat' dir='ltr'><strong>rOgavit,</strong></span> <span class='ocrx_word' id='word_1_519' title='bbox 3332 839 3382 880; x_wconf 92' lang='lat' dir='ltr'><strong>ut</strong></span> <span class='ocrx_word' id='word_1_520' title='bbox 3419 829 3478 882; x_wconf 86' lang='lat' dir='ltr'><strong>ab</strong></span> <span class='ocrx_word' id='word_1_521' title='bbox 3517 830 3589 883; x_wconf 88' lang='lat' dir='ltr'><strong>illo</strong></span> <span class='ocrx_word' id='word_1_522' title='bbox 3615 835 3688 887; x_wconf 84' lang='lat' dir='ltr'><strong>istc</strong></span> 
     </span>
    </p>
   </div>
   <div class='ocr_carea' id='block_1_67' title="bbox 2183 914 3686 985">
    <p class='ocr_par' dir='ltr' id='par_1_67' title="bbox 2183 914 3686 985">
     <span class='ocr_line' id='line_1_67' title="bbox 2183 914 3686 985; baseline 0.007 -19"><span class='ocrx_word' id='word_1_523' title='bbox 2183 914 2427 968; x_wconf 84' lang='lat' dir='ltr'><strong>stimulus</strong></span> <span class='ocrx_word' id='word_1_524' title='bbox 2453 914 2786 974; x_wconf 81' lang='lat' dir='ltr'><strong>auferretur:</strong></span> <span class='ocrx_word' id='word_1_525' title='bbox 2832 931 2929 970; x_wconf 87' lang='lat' dir='ltr'><strong>nec</strong></span> <span class='ocrx_word' id='word_1_526' title='bbox 2965 916 3171 970; x_wconf 84' lang='lat' dir='ltr'><strong>auditus</strong></span> <span class='ocrx_word' id='word_1_527' title='bbox 3193 927 3273 971; x_wconf 85' lang='lat' dir='ltr'><strong>est</strong></span> <span class='ocrx_word' id='word_1_528' title='bbox 3301 921 3361 971; x_wconf 88' lang='lat' dir='ltr'><strong>ad</strong></span> <span class='ocrx_word' id='word_1_529' title='bbox 3388 921 3686 985; x_wconf 72' lang='lat' dir='ltr'><strong>voluntatem,</strong></span> 
     </span>
    </p>
   </div>
   <div class='ocr_carea' id='block_1_68' title="bbox 2183 1005 3688 1077">
    <p class='ocr_par' dir='ltr' id='par_1_68' title="bbox 2183 1005 3688 1077">
     <span class='ocr_line' id='line_1_68' title="bbox 2183 1005 3688 1077; baseline 0.007 -23"><span class='ocrx_word' id='word_1_530' title='bbox 2183 1005 2300 1072; x_wconf 87' lang='lat' dir='ltr'><strong>quia</strong></span> <span class='ocrx_word' id='word_1_531' title='bbox 2321 1005 2692 1059; x_wconf 77' lang='lat' dir='ltr'><strong>cxauditusest</strong></span> <span class='ocrx_word' id='word_1_532' title='bbox 2708 1006 2770 1059; x_wconf 88' lang='lat' dir='ltr'><strong>ad</strong></span> <span class='ocrx_word' id='word_1_533' title='bbox 2792 1008 3069 1060; x_wconf 76' lang='lat' dir='ltr'><strong>sanitatem</strong></span> <span class='ocrx_word' id='word_1_534' title='bbox 3098 1007 3162 1075; x_wconf 91' lang='lat' dir='ltr'><strong>(ll</strong></span> <span class='ocrx_word' id='word_1_535' title='bbox 3181 1008 3294 1060; x_wconf 66' lang='grc' dir='ltr'><strong>(ζον.</strong></span> <span class='ocrx_word' id='word_1_536' title='bbox 3318 1024 3400 1070; x_wconf 73' lang='lat' dir='ltr'><strong>xu,</strong></span> <span class='ocrx_word' id='word_1_537' title='bbox 3429 1011 3560 1077; x_wconf 76' lang='lat'><strong>7-9);</strong></span> <span class='ocrx_word' id='word_1_538' title='bbox 3586 1014 3688 1066; x_wconf 78' lang='lat' dir='ltr'><strong>forte</strong></span> 
     </span>
    </p>
   </div>
   <div class='ocr_carea' id='block_1_69' title="bbox 2185 1094 3687 1165">
    <p class='ocr_par' dir='ltr' id='par_1_69' title="bbox 2185 1094 3687 1165">
     <span class='ocr_line' id='line_1_69' title="bbox 2185 1094 3687 1165; baseline 0.005 -18"><span class='ocrx_word' id='word_1_539' title='bbox 2185 1109 2287 1147; x_wconf 84' lang='lat' dir='ltr'><strong>non</strong></span> <span class='ocrx_word' id='word_1_540' title='bbox 2319 1094 2625 1149; x_wconf 87' lang='lat' dir='ltr'><strong>indecenter</strong></span> <span class='ocrx_word' id='word_1_541' title='bbox 2651 1095 2762 1163; x_wconf 87' lang='lat' dir='ltr'><strong>ipse</strong></span> <span class='ocrx_word' id='word_1_542' title='bbox 2791 1097 3040 1165; x_wconf 88' lang='lat' dir='ltr'><strong>loquitur,</strong></span> <span class='ocrx_word' id='word_1_543' title='bbox 3075 1097 3160 1149; x_wconf 82' lang='lat' dir='ltr'><strong>ubi</strong></span> <span class='ocrx_word' id='word_1_544' title='bbox 3189 1097 3331 1160; x_wconf 73' lang='lat' dir='ltr'><strong>dicit,</strong></span> <span class='ocrx_word' id='word_1_545' title='bbox 3359 1097 3538 1152; x_wconf 84' lang='lat' dir='ltr'><strong>Scimus</strong></span> <span class='ocrx_word' id='word_1_546' title='bbox 3559 1113 3687 1154; x_wconf 76' lang='lat' dir='ltr'><strong>autem</strong></span> 
     </span>
    </p>
   </div>
   <div class='ocr_carea' id='block_1_70' title="bbox 2182 1183 3550 1257">
    <p class='ocr_par' dir='ltr' id='par_1_70' title="bbox 2182 1183 3550 1257">
     <span class='ocr_line' id='line_1_70' title="bbox 2182 1183 3550 1257; baseline 0.004 -20"><span class='ocrx_word' id='word_1_547' title='bbox 2182 1185 2299 1254; x_wconf 83' lang='lat' dir='ltr'><strong>quia</strong></span> <span class='ocrx_word' id='word_1_548' title='bbox 2328 1183 2431 1239; x_wconf 72' lang='lat' dir='ltr'><strong>Lex</strong></span> <span class='ocrx_word' id='word_1_549' title='bbox 2459 1186 2736 1256; x_wconf 81' lang='lat' dir='ltr'><strong>spiritualis</strong></span> <span class='ocrx_word' id='word_1_550' title='bbox 2762 1197 2865 1250; x_wconf 83' lang='lat' dir='ltr'><strong>est;</strong></span> <span class='ocrx_word' id='word_1_551' title='bbox 2893 1203 2983 1257; x_wconf 74' lang='lat' dir='ltr'><strong>ego</strong></span> <span class='ocrx_word' id='word_1_552' title='bbox 3012 1197 3179 1239; x_wconf 82' lang='lat' dir='ltr'><strong>autent</strong></span> <span class='ocrx_word' id='word_1_553' title='bbox 3206 1188 3415 1241; x_wconf 85' lang='lat' dir='ltr'><strong>carnalis</strong></span> <span class='ocrx_word' id='word_1_554' title='bbox 3437 1207 3550 1242; x_wconf 87' lang='lat' dir='ltr'><strong>sum.</strong></span> 
     </span>
    </p>
   </div>
   <div class='ocr_carea' id='block_1_71' title="bbox 2255 1276 3684 1348">
    <p class='ocr_par' dir='ltr' id='par_1_71' title="bbox 2255 1276 3684 1348">
     <span class='ocr_line' id='line_1_71' title="bbox 2255 1276 3684 1348; baseline 0.003 -20"><span class='ocrx_word' id='word_1_555' title='bbox 2255 1277 2306 1328; x_wconf 86' lang='lat'><strong>7.</strong></span> <span class='ocrx_word' id='word_1_556' title='bbox 2343 1276 2561 1330; x_wconf 85' lang='lat' dir='ltr'><strong>Sanctus</strong></span> <span class='ocrx_word' id='word_1_557' title='bbox 2587 1278 2793 1346; x_wconf 84' lang='lat' dir='ltr'><strong>quisque</strong></span> <span class='ocrx_word' id='word_1_558' title='bbox 2817 1279 2867 1329; x_wconf 86' lang='lat' dir='ltr'><strong>in</strong></span> <span class='ocrx_word' id='word_1_559' title='bbox 2899 1280 2992 1330; x_wconf 83' lang='lat' dir='ltr'><strong>hac</strong></span> <span class='ocrx_word' id='word_1_560' title='bbox 3020 1279 3115 1330; x_wconf 89' lang='lat' dir='ltr'><strong>vita</strong></span> <span class='ocrx_word' id='word_1_561' title='bbox 3140 1279 3354 1331; x_wconf 78' lang='lat' dir='ltr'><strong>ournalis</strong></span> <span class='ocrx_word' id='word_1_562' title='bbox 3379 1291 3421 1331; x_wconf 85' lang='lat' dir='ltr'><strong>et</strong></span> <span class='ocrx_word' id='word_1_563' title='bbox 3448 1282 3684 1348; x_wconf 81' lang='lat' dir='ltr'><strong>spiritualis.</strong></span> 
     </span>
    </p>
   </div>
   <div class='ocr_carea' id='block_1_72' title="bbox 2185 1364 3690 1441">
    <p class='ocr_par' dir='ltr' id='par_1_72' title="bbox 2185 1364 3690 1441">
     <span class='ocr_line' id='line_1_72' title="bbox 2185 1364 3690 1441; baseline 0.004 -23"><span class='ocrx_word' id='word_1_564' title='bbox 2185 1364 2323 1434; x_wconf 79' lang='lat' dir='ltr'><strong>Ergo</strong></span> <span class='ocrx_word' id='word_1_565' title='bbox 2350 1367 2578 1418; x_wconf 85' lang='lat' dir='ltr'><strong>carnalis</strong></span> <span class='ocrx_word' id='word_1_566' title='bbox 2610 1367 2922 1435; x_wconf 79' lang='lat' dir='ltr'><strong>Apostolus,</strong></span> <span class='ocrx_word' id='word_1_567' title='bbox 2971 1369 3059 1436; x_wconf 92' lang='lat' dir='ltr'><strong>qui</strong></span> <span class='ocrx_word' id='word_1_568' title='bbox 3095 1367 3211 1420; x_wconf 81' lang='lat' dir='ltr'><strong>aliis</strong></span> <span class='ocrx_word' id='word_1_569' title='bbox 3247 1367 3472 1432; x_wconf 86' lang='lat' dir='ltr'><strong>dicebat,</strong></span> <span class='ocrx_word' id='word_1_570' title='bbox 3515 1370 3596 1423; x_wconf 77' lang='lat' dir='ltr'><strong>Vcs</strong></span> <span class='ocrx_word' id='word_1_571' title='bbox 3625 1376 3690 1441; x_wconf 81' lang='lat' dir='ltr'><strong>qui</strong></span> 
     </span>
    </p>
   </div>
   <div class='ocr_carea' id='block_1_73' title="bbox 2182 1457 3691 1527">
    <p class='ocr_par' dir='ltr' id='par_1_73' title="bbox 2182 1457 3691 1527">
     <span class='ocr_line' id='line_1_73' title="bbox 2182 1457 3691 1527; baseline 0.005 -20"><span class='ocrx_word' id='word_1_572' title='bbox 2182 1457 2466 1523; x_wconf 83' lang='lat' dir='ltr'><strong>spirituales</strong></span> <span class='ocrx_word' id='word_1_573' title='bbox 2495 1457 2628 1519; x_wconf 74' lang='lat' dir='ltr'><strong>estis,</strong></span> <span class='ocrx_word' id='word_1_574' title='bbox 2653 1457 2878 1510; x_wconf 82' lang='lat' dir='ltr'><strong>instruite</strong></span> <span class='ocrx_word' id='word_1_575' title='bbox 2907 1457 3195 1522; x_wconf 78' lang='lat' dir='ltr'><strong>huiusmodi</strong></span> <span class='ocrx_word' id='word_1_576' title='bbox 3225 1459 3274 1510; x_wconf 84' lang='lat' dir='ltr'><strong>in</strong></span> <span class='ocrx_word' id='word_1_577' title='bbox 3299 1459 3464 1527; x_wconf 82' lang='lat' dir='ltr'><strong>spiritu</strong></span> <span class='ocrx_word' id='word_1_578' title='bbox 3489 1462 3691 1514; x_wconf 75' lang='lat' dir='ltr'><strong>lenitatis?</strong></span> 
     </span>
    </p>
   </div>
   <div class='ocr_carea' id='block_1_74' title="bbox 2184 1547 3690 1620">
    <p class='ocr_par' dir='ltr' id='par_1_74' title="bbox 2184 1547 3690 1620">
     <span class='ocr_line' id='line_1_74' title="bbox 2184 1547 3690 1620; baseline 0.005 -19"><span class='ocrx_word' id='word_1_579' title='bbox 2184 1547 2314 1601; x_wconf 88' lang='lat' dir='ltr'><strong>alios</strong></span> <span class='ocrx_word' id='word_1_580' title='bbox 2340 1556 2586 1617; x_wconf 82' lang='lat' dir='ltr'><strong>tanquam</strong></span> <span class='ocrx_word' id='word_1_581' title='bbox 2632 1548 2932 1618; x_wconf 84' lang='lat' dir='ltr'><strong>spirituales</strong></span> <span class='ocrx_word' id='word_1_582' title='bbox 2970 1549 3364 1620; x_wconf 7' lang='lat' dir='ltr'><strong>alloqttitur,get</strong></span> <span class='ocrx_word' id='word_1_583' title='bbox 3389 1551 3491 1620; x_wconf 85' lang='lat' dir='ltr'><strong>ipse</strong></span> <span class='ocrx_word' id='word_1_584' title='bbox 3514 1557 3690 1608; x_wconf 71' lang='lat' dir='ltr'><strong>caritatis</strong></span> 
     </span>
    </p>
   </div>
   <div class='ocr_carea' id='block_1_75' title="bbox 2183 1637 3687 1711">
    <p class='ocr_par' dir='ltr' id='par_1_75' title="bbox 2183 1637 3687 1711">
     <span class='ocr_line' id='line_1_75' title="bbox 2183 1637 3687 1711; baseline 0.003 -21"><span class='ocrx_word' id='word_1_585' title='bbox 2183 1637 2300 1690; x_wconf 87' lang='lat' dir='ltr'><strong>est?</strong></span> <span class='ocrx_word' id='word_1_586' title='bbox 2327 1637 2428 1693; x_wconf 80' lang='lat' dir='ltr'><strong>Sed</strong></span> <span class='ocrx_word' id='word_1_587' title='bbox 2451 1639 2574 1707; x_wconf 89' lang='lat' dir='ltr'><strong>quid</strong></span> <span class='ocrx_word' id='word_1_588' title='bbox 2595 1639 2728 1693; x_wconf 79' lang='lat' dir='ltr'><strong>dixit</strong></span> <span class='ocrx_word' id='word_1_589' title='bbox 2744 1649 2794 1692; x_wconf 88' lang='lat' dir='ltr'><strong>et</strong></span> <span class='ocrx_word' id='word_1_590' title='bbox 2814 1641 2938 1708; x_wconf 82' lang='lat' dir='ltr'><strong>ipsis</strong></span> <span class='ocrx_word' id='word_1_591' title='bbox 2966 1641 3348 1708; x_wconf 80' lang='lat' dir='ltr'><strong>Spiritualihns,</strong></span> <span class='ocrx_word' id='word_1_592' title='bbox 3371 1644 3480 1711; x_wconf 88' lang='lat' dir='ltr'><strong>quia</strong></span> <span class='ocrx_word' id='word_1_593' title='bbox 3507 1646 3687 1696; x_wconf 83' lang='lat' dir='ltr'><strong>nondum</strong></span> 
     </span>
    </p>
   </div>
   <div class='ocr_carea' id='block_1_76' title="bbox 2183 1727 3690 1800">
    <p class='ocr_par' dir='ltr' id='par_1_76' title="bbox 2183 1727 3690 1800">
     <span class='ocr_line' id='line_1_76' title="bbox 2183 1727 3690 1800; baseline 0.003 -18"><span class='ocrx_word' id='word_1_594' title='bbox 2183 1737 2332 1782; x_wconf 86' lang='lat' dir='ltr'><strong>erant</strong></span> <span class='ocrx_word' id='word_1_595' title='bbox 2357 1727 2408 1782; x_wconf 90' lang='lat' dir='ltr'><strong>in</strong></span> <span class='ocrx_word' id='word_1_596' title='bbox 2443 1743 2522 1796; x_wconf 90' lang='lat' dir='ltr'><strong>pet</strong></span> <span class='ocrx_word' id='word_1_597' title='bbox 2536 1728 2760 1783; x_wconf 84' lang='lat' dir='ltr'><strong>feetioue</strong></span> <span class='ocrx_word' id='word_1_598' title='bbox 2780 1729 2982 1784; x_wconf 68' lang='lat' dir='ltr'><strong>caelesti</strong></span> <span class='ocrx_word' id='word_1_599' title='bbox 3008 1739 3061 1783; x_wconf 88' lang='lat' dir='ltr'><strong>et</strong></span> <span class='ocrx_word' id='word_1_600' title='bbox 3080 1731 3336 1800; x_wconf 78' lang='lat' dir='ltr'><strong>angelica,</strong></span> <span class='ocrx_word' id='word_1_601' title='bbox 3356 1734 3560 1785; x_wconf 82' lang='lat' dir='ltr'><strong>nomium</strong></span> <span class='ocrx_word' id='word_1_602' title='bbox 3575 1746 3690 1787; x_wconf 81' lang='lat' dir='ltr'><strong>erant</strong></span> 
     </span>
    </p>
   </div>
   <div class='ocr_carea' id='block_1_77' title="bbox 2185 1820 3683 1892">
    <p class='ocr_par' dir='ltr' id='par_1_77' title="bbox 2185 1820 3683 1892">
     <span class='ocr_line' id='line_1_77' title="bbox 2185 1820 3683 1892; baseline 0.001 -18"><span class='ocrx_word' id='word_1_603' title='bbox 2185 1820 2234 1874; x_wconf 90' lang='lat' dir='ltr'><strong>in</strong></span> <span class='ocrx_word' id='word_1_604' title='bbox 2268 1821 2404 1874; x_wconf 91' lang='lat' dir='ltr'><strong>illius</strong></span> <span class='ocrx_word' id='word_1_605' title='bbox 2434 1821 2614 1889; x_wconf 69' lang='lat' dir='ltr'><strong>patria:</strong></span> <span class='ocrx_word' id='word_1_606' title='bbox 2642 1822 2957 1888; x_wconf 80' lang='lat' dir='ltr'><strong>securitate,</strong></span> <span class='ocrx_word' id='word_1_607' title='bbox 3007 1821 3099 1876; x_wconf 85' lang='lat' dir='ltr'><strong>sed</strong></span> <span class='ocrx_word' id='word_1_608' title='bbox 3150 1822 3202 1875; x_wconf 90' lang='lat' dir='ltr'><strong>in</strong></span> <span class='ocrx_word' id='word_1_609' title='bbox 3246 1821 3394 1892; x_wconf 85' lang='lat' dir='ltr'><strong>hujus</strong></span> <span class='ocrx_word' id='word_1_610' title='bbox 3439 1826 3683 1892; x_wconf 81' lang='lat' dir='ltr'><strong>peregrina-</strong></span> 
     </span>
    </p>
   </div>
   <div class='ocr_carea' id='block_1_78' title="bbox 2185 1911 3687 1981">
    <p class='ocr_par' dir='ltr' id='par_1_78' title="bbox 2185 1911 3687 1981">
     <span class='ocr_line' id='line_1_78' title="bbox 2185 1911 3687 1981; baseline 0.001 -16"><span class='ocrx_word' id='word_1_611' title='bbox 2185 1911 2345 1965; x_wconf 91' lang='lat' dir='ltr'><strong>tionis</strong></span> <span class='ocrx_word' id='word_1_612' title='bbox 2367 1911 2718 1966; x_wconf 89' lang='lat' dir='ltr'><strong>sollicitudine</strong></span> <span class='ocrx_word' id='word_1_613' title='bbox 2745 1911 3126 1966; x_wconf 76' lang='lat' dir='ltr'><strong>versabantur?</strong></span> <span class='ocrx_word' id='word_1_614' title='bbox 3159 1912 3280 1981; x_wconf 88' lang='lat' dir='ltr'><strong>quid</strong></span> <span class='ocrx_word' id='word_1_615' title='bbox 3311 1913 3384 1966; x_wconf 88' lang='lat' dir='ltr'><strong>eis</strong></span> <span class='ocrx_word' id='word_1_616' title='bbox 3401 1913 3549 1965; x_wconf 74' lang='lat' dir='ltr'><strong>dixit?</strong></span> <span class='ocrx_word' id='word_1_617' title='bbox 3571 1914 3687 1967; x_wconf 74' lang='lat' dir='ltr'><strong>Certe</strong></span> 
     </span>
    </p>
   </div>
   <div class='ocr_carea' id='block_1_79' title="bbox 2183 1999 3687 2072">
    <p class='ocr_par' dir='ltr' id='par_1_79' title="bbox 2183 1999 3687 2072">
     <span class='ocr_line' id='line_1_79' title="bbox 2183 1999 3687 2072; baseline -0.001 -17"><span class='ocrx_word' id='word_1_618' title='bbox 2183 2002 2483 2070; x_wconf 84' lang='lat' dir='ltr'><strong>Spirituales</strong></span> <span class='ocrx_word' id='word_1_619' title='bbox 2525 2017 2618 2056; x_wconf 88' lang='lat' dir='ltr'><strong>eos</strong></span> <span class='ocrx_word' id='word_1_620' title='bbox 2656 2004 2860 2056; x_wconf 86' lang='lat' dir='ltr'><strong>vocavit</strong></span> <span class='ocrx_word' id='word_1_621' title='bbox 2889 2019 2902 2054; x_wconf 89' lang='lat'><strong>:</strong></span> <span class='ocrx_word' id='word_1_622' title='bbox 2943 1999 3043 2056; x_wconf 83' lang='lat' dir='ltr'><strong>Vos</strong></span> <span class='ocrx_word' id='word_1_623' title='bbox 3065 2044 3080 2066; x_wconf 90' lang='lat'><strong>,</strong></span> <span class='ocrx_word' id='word_1_624' title='bbox 3117 2002 3322 2072; x_wconf 86' lang='lat' dir='ltr'><strong>inquit,</strong></span> <span class='ocrx_word' id='word_1_625' title='bbox 3352 2003 3429 2072; x_wconf 83' lang='lat' dir='ltr'><strong>qui</strong></span> <span class='ocrx_word' id='word_1_626' title='bbox 3463 2002 3687 2070; x_wconf 61' lang='lat' dir='ltr'><strong>spiritalia</strong></span> 
     </span>
    </p>
   </div>
   <div class='ocr_carea' id='block_1_80' title="bbox 2184 2090 3687 2162">
    <p class='ocr_par' dir='ltr' id='par_1_80' title="bbox 2184 2090 3687 2162">
     <span class='ocr_line' id='line_1_80' title="bbox 2184 2090 3687 2162; baseline -0.002 -18"><span class='ocrx_word' id='word_1_627' title='bbox 2184 2092 2318 2156; x_wconf 74' lang='lat' dir='ltr'><strong>estis,</strong></span> <span class='ocrx_word' id='word_1_628' title='bbox 2349 2091 2574 2144; x_wconf 85' lang='lat' dir='ltr'><strong>instruite</strong></span> <span class='ocrx_word' id='word_1_629' title='bbox 2605 2090 2897 2162; x_wconf 81' lang='lat' dir='ltr'><strong>ltujusmodi</strong></span> <span class='ocrx_word' id='word_1_630' title='bbox 2921 2091 2972 2142; x_wconf 88' lang='lat' dir='ltr'><strong>in</strong></span> <span class='ocrx_word' id='word_1_631' title='bbox 3001 2091 3187 2160; x_wconf 86' lang='lat' dir='ltr'><strong>spiritu</strong></span> <span class='ocrx_word' id='word_1_632' title='bbox 3220 2091 3446 2154; x_wconf 86' lang='lat' dir='ltr'><strong>lenitatis,</strong></span> <span class='ocrx_word' id='word_1_633' title='bbox 3488 2091 3687 2143; x_wconf 67' lang='lat' dir='ltr'><strong>intendent</strong></span> 
     </span>
    </p>
   </div>
   <div class='ocr_carea' id='block_1_81' title="bbox 2184 2180 3685 2252">
    <p class='ocr_par' dir='ltr' id='par_1_81' title="bbox 2184 2180 3685 2252">
     <span class='ocr_line' id='line_1_81' title="bbox 2184 2180 3685 2252; baseline -0.003 -16"><span class='ocrx_word' id='word_1_634' title='bbox 2184 2191 2232 2236; x_wconf 82' lang='lat' dir='ltr'><strong>te</strong></span> <span class='ocrx_word' id='word_1_635' title='bbox 2255 2183 2440 2251; x_wconf 86' lang='lat' dir='ltr'><strong>ipsum,</strong></span> <span class='ocrx_word' id='word_1_636' title='bbox 2469 2198 2530 2235; x_wconf 85' lang='lat' dir='ltr'><strong>ne</strong></span> <span class='ocrx_word' id='word_1_637' title='bbox 2557 2191 2601 2235; x_wconf 87' lang='lat' dir='ltr'><strong>et</strong></span> <span class='ocrx_word' id='word_1_638' title='bbox 2627 2191 2679 2234; x_wconf 90' lang='lat' dir='ltr'><strong>tu</strong></span> <span class='ocrx_word' id='word_1_639' title='bbox 2703 2183 2905 2236; x_wconf 82' lang='lat' dir='ltr'><strong>tenteris</strong></span> <span class='ocrx_word' id='word_1_640' title='bbox 2935 2180 3137 2252; x_wconf 84' lang='lat' dir='ltr'><strong>(Galat.</strong></span> <span class='ocrx_word' id='word_1_641' title='bbox 3180 2198 3250 2243; x_wconf 85' lang='lat' dir='ltr'><strong>vt.</strong></span> <span class='ocrx_word' id='word_1_642' title='bbox 3296 2183 3366 2252; x_wconf 84' lang='lat' dir='ltr'><strong>l).</strong></span> <span class='ocrx_word' id='word_1_643' title='bbox 3399 2182 3547 2247; x_wconf 85' lang='lat' dir='ltr'><strong>Ecce,</strong></span> <span class='ocrx_word' id='word_1_644' title='bbox 3572 2199 3685 2250; x_wconf 83' lang='lat' dir='ltr'><strong>quem</strong></span> 
     </span>
    </p>
   </div>
   <div class='ocr_carea' id='block_1_82' title="bbox 2183 2271 3688 2342">
    <p class='ocr_par' dir='ltr' id='par_1_82' title="bbox 2183 2271 3688 2342">
     <span class='ocr_line' id='line_1_82' title="bbox 2183 2271 3688 2342; baseline -0.001 -17"><span class='ocrx_word' id='word_1_645' title='bbox 2183 2272 2509 2342; x_wconf 88' lang='lat' dir='ltr'><strong>spiritualem</strong></span> <span class='ocrx_word' id='word_1_646' title='bbox 2535 2271 2644 2342; x_wconf 86' lang='lat' dir='ltr'><strong>jam</strong></span> <span class='ocrx_word' id='word_1_647' title='bbox 2670 2273 2974 2342; x_wconf 82' lang='lat' dir='ltr'><strong>appellavit,</strong></span> <span class='ocrx_word' id='word_1_648' title='bbox 3008 2273 3189 2326; x_wconf 89' lang='lat' dir='ltr'><strong>timuit</strong></span> <span class='ocrx_word' id='word_1_649' title='bbox 3220 2273 3289 2328; x_wconf 92' lang='lat' dir='ltr'><strong>illi</strong></span> <span class='ocrx_word' id='word_1_650' title='bbox 3325 2273 3594 2327; x_wconf 87' lang='lat' dir='ltr'><strong>tentationis</strong></span> <span class='ocrx_word' id='word_1_651' title='bbox 3614 2271 3688 2324; x_wconf 82' lang='lat' dir='ltr'><strong>ira-</strong></span> 
     </span>
    </p>
   </div>
   <div class='ocr_carea' id='block_1_83' title="bbox 2183 2365 3686 2436">
    <p class='ocr_par' dir='ltr' id='par_1_83' title="bbox 2183 2365 3686 2436">
     <span class='ocr_line' id='line_1_83' title="bbox 2183 2365 3686 2436; baseline 0 -18"><span class='ocrx_word' id='word_1_652' title='bbox 2183 2365 2461 2436; x_wconf 80' lang='lat' dir='ltr'><strong>gilitatem,</strong></span> <span class='ocrx_word' id='word_1_653' title='bbox 2490 2365 2630 2419; x_wconf 89' lang='lat' dir='ltr'><strong>unde</strong></span> <span class='ocrx_word' id='word_1_654' title='bbox 2657 2374 2837 2434; x_wconf 87' lang='lat' dir='ltr'><strong>posset</strong></span> <span class='ocrx_word' id='word_1_655' title='bbox 2865 2367 3051 2419; x_wconf 89' lang='lat' dir='ltr'><strong>tentari</strong></span> <span class='ocrx_word' id='word_1_656' title='bbox 3081 2365 3404 2434; x_wconf 73' lang='lat' dir='ltr'><strong>Spiritualis,</strong></span> <span class='ocrx_word' id='word_1_657' title='bbox 3432 2365 3519 2420; x_wconf 86' lang='lat' dir='ltr'><strong>etsi</strong></span> <span class='ocrx_word' id='word_1_658' title='bbox 3542 2381 3622 2417; x_wconf 87' lang='lat' dir='ltr'><strong>non</strong></span> <span class='ocrx_word' id='word_1_659' title='bbox 3642 2380 3686 2418; x_wconf 74' lang='lat' dir='ltr'><strong>ex</strong></span> 
     </span>
    </p>
   </div>
   <div class='ocr_carea' id='block_1_84' title="bbox 2186 2455 3686 2525">
    <p class='ocr_par' dir='ltr' id='par_1_84' title="bbox 2186 2455 3686 2525">
     <span class='ocr_line' id='line_1_84' title="bbox 2186 2455 3686 2525; baseline -0.003 -15"><span class='ocrx_word' id='word_1_660' title='bbox 2186 2467 2390 2518; x_wconf 88' lang='lat' dir='ltr'><strong>mente,</strong></span> <span class='ocrx_word' id='word_1_661' title='bbox 2434 2456 2610 2525; x_wconf 90' lang='lat' dir='ltr'><strong>utique</strong></span> <span class='ocrx_word' id='word_1_662' title='bbox 2645 2471 2708 2510; x_wconf 81' lang='lat' dir='ltr'><strong>ex</strong></span> <span class='ocrx_word' id='word_1_663' title='bbox 2741 2471 2920 2511; x_wconf 89' lang='lat' dir='ltr'><strong>carne.</strong></span> <span class='ocrx_word' id='word_1_664' title='bbox 2957 2455 3264 2525; x_wconf 88' lang='lat' dir='ltr'><strong>Spiritualis</strong></span> <span class='ocrx_word' id='word_1_665' title='bbox 3306 2458 3467 2517; x_wconf 88' lang='lat' dir='ltr'><strong>enim,</strong></span> <span class='ocrx_word' id='word_1_666' title='bbox 3502 2458 3598 2524; x_wconf 84' lang='lat' dir='ltr'><strong>quia</strong></span> <span class='ocrx_word' id='word_1_667' title='bbox 3625 2470 3686 2506; x_wconf 83' lang='lat' dir='ltr'><strong>sc-</strong></span> 
     </span>
    </p>
   </div>
   <div class='ocr_carea' id='block_1_85' title="bbox 2183 2547 3686 2617">
    <p class='ocr_par' dir='ltr' id='par_1_85' title="bbox 2183 2547 3686 2617">
     <span class='ocr_line' id='line_1_85' title="bbox 2183 2547 3686 2617; baseline -0.002 -16"><span class='ocrx_word' id='word_1_668' title='bbox 2183 2547 2411 2601; x_wconf 89' lang='lat' dir='ltr'><strong>cundum</strong></span> <span class='ocrx_word' id='word_1_669' title='bbox 2442 2547 2681 2616; x_wconf 81' lang='lat' dir='ltr'><strong>Spiritum</strong></span> <span class='ocrx_word' id='word_1_670' title='bbox 2712 2547 2872 2611; x_wconf 88' lang='lat' dir='ltr'><strong>vivit;</strong></span> <span class='ocrx_word' id='word_1_671' title='bbox 2897 2547 3068 2602; x_wconf 90' lang='lat' dir='ltr'><strong>adhuc</strong></span> <span class='ocrx_word' id='word_1_672' title='bbox 3092 2558 3276 2602; x_wconf 83' lang='lat' dir='ltr'><strong>autem</strong></span> <span class='ocrx_word' id='word_1_673' title='bbox 3299 2565 3358 2602; x_wconf 79' lang='lat' dir='ltr'><strong>ex</strong></span> <span class='ocrx_word' id='word_1_674' title='bbox 3383 2558 3514 2617; x_wconf 86' lang='lat' dir='ltr'><strong>parte</strong></span> <span class='ocrx_word' id='word_1_675' title='bbox 3532 2547 3686 2601; x_wconf 79' lang='lat' dir='ltr'><strong>monali</strong></span> 
     </span>
    </p>
   </div>
   <div class='ocr_carea' id='block_1_86' title="bbox 2184 2637 3686 2709">
    <p class='ocr_par' dir='ltr' id='par_1_86' title="bbox 2184 2637 3686 2709">
     <span class='ocr_line' id='line_1_86' title="bbox 2184 2637 3686 2709; baseline -0.003 -17"><span class='ocrx_word' id='word_1_676' title='bbox 2184 2639 2410 2692; x_wconf 88' lang='lat' dir='ltr'><strong>carnalis</strong></span> <span class='ocrx_word' id='word_1_677' title='bbox 2453 2655 2466 2691; x_wconf 89' lang='lat'><strong>:</strong></span> <span class='ocrx_word' id='word_1_678' title='bbox 2509 2639 2646 2694; x_wconf 91' lang='lat' dir='ltr'><strong>idem</strong></span> <span class='ocrx_word' id='word_1_679' title='bbox 2687 2637 3009 2708; x_wconf 88' lang='lat' dir='ltr'><strong>spiritualis,</strong></span> <span class='ocrx_word' id='word_1_680' title='bbox 3046 2638 3296 2709; x_wconf 88' lang='lat' dir='ltr'><strong>idemque</strong></span> <span class='ocrx_word' id='word_1_681' title='bbox 3337 2639 3555 2694; x_wconf 81' lang='lat' dir='ltr'><strong>carnalis.</strong></span> <span class='ocrx_word' id='word_1_682' title='bbox 3592 2637 3686 2690; x_wconf 76' lang='lat' dir='ltr'><strong>Ecca</strong></span> 
     </span>
    </p>
   </div>
   <div class='ocr_carea' id='block_1_87' title="bbox 2185 2727 3684 2800">
    <p class='ocr_par' dir='ltr' id='par_1_87' title="bbox 2185 2727 3684 2800">
     <span class='ocr_line' id='line_1_87' title="bbox 2185 2727 3684 2800; baseline -0.004 -18"><span class='ocrx_word' id='word_1_683' title='bbox 2185 2728 2471 2798; x_wconf 88' lang='lat' dir='ltr'><strong>spiritualis</strong></span> <span class='ocrx_word' id='word_1_684' title='bbox 2521 2747 2534 2782; x_wconf 91' lang='lat'>:</span> <span class='ocrx_word' id='word_1_685' title='bbox 2583 2728 2944 2783; x_wconf 71' lang='lat' dir='ltr'><strong>Mente‘servio</strong></span> <span class='ocrx_word' id='word_1_686' title='bbox 2985 2729 3083 2800; x_wconf 81' lang='lat' dir='ltr'><strong>legi</strong></span> <span class='ocrx_word' id='word_1_687' title='bbox 3136 2728 3252 2785; x_wconf 85' lang='lat' dir='ltr'><strong>Dei.</strong></span> <span class='ocrx_word' id='word_1_688' title='bbox 3301 2729 3429 2784; x_wconf 86' lang='lat' dir='ltr'><strong>Ecce</strong></span> <span class='ocrx_word' id='word_1_689' title='bbox 3476 2727 3684 2782; x_wconf 80' lang='lat' dir='ltr'><strong>earnalis:</strong></span> 
     </span>
    </p>
   </div>
   <div class='ocr_carea' id='block_1_88' title="bbox 2185 2819 3688 2893">
    <p class='ocr_par' dir='ltr' id='par_1_88' title="bbox 2185 2819 3688 2893">
     <span class='ocr_line' id='line_1_88' title="bbox 2185 2819 3688 2893; baseline -0.002 -20"><span class='ocrx_word' id='word_1_690' title='bbox 2185 2837 2334 2874; x_wconf 87' lang='lat' dir='ltr'><strong>carne</strong></span> <span class='ocrx_word' id='word_1_691' title='bbox 2361 2832 2528 2874; x_wconf 84' lang='lat' dir='ltr'><strong>autem</strong></span> <span class='ocrx_word' id='word_1_692' title='bbox 2554 2821 2652 2893; x_wconf 79' lang='lat' dir='ltr'><strong>legi</strong></span> <span class='ocrx_word' id='word_1_693' title='bbox 2685 2822 2891 2890; x_wconf 81' lang='lat' dir='ltr'><strong>peccati.</strong></span> <span class='ocrx_word' id='word_1_694' title='bbox 2922 2821 3064 2877; x_wconf 86' lang='lat' dir='ltr'><strong>Idem</strong></span> <span class='ocrx_word' id='word_1_695' title='bbox 3092 2837 3229 2892; x_wconf 80' lang='lat' dir='ltr'><strong>ergo</strong></span> <span class='ocrx_word' id='word_1_696' title='bbox 3256 2823 3362 2892; x_wconf 88' lang='lat' dir='ltr'><strong>ipsc</strong></span> <span class='ocrx_word' id='word_1_697' title='bbox 3389 2832 3436 2876; x_wconf 92' lang='lat' dir='ltr'><strong>ct</strong></span> <span class='ocrx_word' id='word_1_698' title='bbox 3467 2819 3688 2892; x_wconf 79' lang='lat' dir='ltr'><strong>spiritualis</strong></span> 
     </span>
    </p>
   </div>
   <div class='ocr_carea' id='block_1_89' title="bbox 2183 2912 3638 2982">
    <p class='ocr_par' dir='ltr' id='par_1_89' title="bbox 2183 2912 3638 2982">
     <span class='ocr_line' id='line_1_89' title="bbox 2183 2912 3638 2982; baseline -0.004 -14"><span class='ocrx_word' id='word_1_699' title='bbox 2183 2924 2237 2968; x_wconf 94' lang='lat' dir='ltr'><strong>et</strong></span> <span class='ocrx_word' id='word_1_700' title='bbox 2264 2914 2530 2968; x_wconf 83' lang='lat' dir='ltr'><strong>carnalis?</strong></span> <span class='ocrx_word' id='word_1_701' title='bbox 2556 2913 2696 2969; x_wconf 87' lang='lat' dir='ltr'><strong>ldcm</strong></span> <span class='ocrx_word' id='word_1_702' title='bbox 2731 2914 2903 2982; x_wconf 89' lang='lat' dir='ltr'><strong>plane,</strong></span> <span class='ocrx_word' id='word_1_703' title='bbox 2927 2913 3186 2982; x_wconf 86' lang='lat' dir='ltr'><strong>quamdiu</strong></span> <span class='ocrx_word' id='word_1_704' title='bbox 3208 2914 3292 2968; x_wconf 91' lang='lat' dir='ltr'><strong>hic</strong></span> <span class='ocrx_word' id='word_1_705' title='bbox 3317 2914 3450 2977; x_wconf 83' lang='lat' dir='ltr'><strong>vivit,</strong></span> <span class='ocrx_word' id='word_1_706' title='bbox 3471 2912 3537 2966; x_wconf 84' lang='lat' dir='ltr'><strong>sic</strong></span> <span class='ocrx_word' id='word_1_707' title='bbox 3559 2920 3638 2966; x_wconf 83' lang='lat' dir='ltr'><strong>est.</strong></span> 
     </span>
    </p>
   </div>
   <div class='ocr_carea' id='block_1_90' title="bbox 2253 3004 3688 3075">
    <p class='ocr_par' dir='ltr' id='par_1_90' title="bbox 2253 3004 3688 3075">
     <span class='ocr_line' id='line_1_90' title="bbox 2253 3004 3688 3075; baseline -0.001 -15"><span class='ocrx_word' id='word_1_708' title='bbox 2253 3005 2477 3062; x_wconf 84' lang='lat' dir='ltr'><strong>CAPUT</strong></span> <span class='ocrx_word' id='word_1_709' title='bbox 2518 3004 2604 3060; x_wconf 73' lang='lat' dir='ltr'><strong>Vl.</strong></span> <span class='ocrx_word' id='word_1_710' title='bbox 2629 3036 2700 3046; x_wconf 95' lang='lat'><strong>—</strong></span> <span class='ocrx_word' id='word_1_711' title='bbox 2724 3007 2776 3060; x_wconf 89' lang='lat'><strong>8.</strong></span> <span class='ocrx_word' id='word_1_712' title='bbox 2813 3006 2937 3073; x_wconf 84' lang='lat' dir='ltr'><strong>Quis</strong></span> <span class='ocrx_word' id='word_1_713' title='bbox 2965 3016 3094 3060; x_wconf 83' lang='lat' dir='ltr'><strong>totus</strong></span> <span class='ocrx_word' id='word_1_714' title='bbox 3130 3007 3366 3071; x_wconf 74' lang='lat' dir='ltr'><strong>carnalis,</strong></span> <span class='ocrx_word' id='word_1_715' title='bbox 3393 3007 3491 3075; x_wconf 84' lang='lat' dir='ltr'><strong>quis</strong></span> <span class='ocrx_word' id='word_1_716' title='bbox 3511 3020 3563 3059; x_wconf 71' lang='lat' dir='ltr'><strong>ex</strong></span> <span class='ocrx_word' id='word_1_717' title='bbox 3586 3012 3688 3072; x_wconf 70' lang='lat' dir='ltr'><strong>parte</strong></span> 
     </span>
    </p>
   </div>
   <div class='ocr_carea' id='block_1_91' title="bbox 2183 3095 3688 3168">
    <p class='ocr_par' dir='ltr' id='par_1_91' title="bbox 2183 3095 3688 3168">
     <span class='ocr_line' id='line_1_91' title="bbox 2183 3095 3688 3168; baseline -0.003 -17"><span class='ocrx_word' id='word_1_718' title='bbox 2183 3097 2259 3151; x_wconf 80' lang='lat' dir='ltr'><strong>vel</strong></span> <span class='ocrx_word' id='word_1_719' title='bbox 2287 3106 2419 3151; x_wconf 86' lang='lat' dir='ltr'><strong>totus</strong></span> <span class='ocrx_word' id='word_1_720' title='bbox 2445 3095 2739 3166; x_wconf 85' lang='lat' dir='ltr'><strong>spiritualis.</strong></span> <span class='ocrx_word' id='word_1_721' title='bbox 2769 3097 2883 3151; x_wconf 86' lang='lat' dir='ltr'><strong>Noli</strong></span> <span class='ocrx_word' id='word_1_722' title='bbox 2915 3097 3121 3163; x_wconf 87' lang='lat' dir='ltr'><strong>mirari,</strong></span> <span class='ocrx_word' id='word_1_723' title='bbox 3155 3098 3384 3168; x_wconf 89' lang='lat' dir='ltr'><strong>quisquis</strong></span> <span class='ocrx_word' id='word_1_724' title='bbox 3408 3111 3480 3161; x_wconf 86' lang='lat' dir='ltr'><strong>es,</strong></span> <span class='ocrx_word' id='word_1_725' title='bbox 3504 3096 3688 3166; x_wconf 81' lang='lat' dir='ltr'><strong>quicum-</strong></span> 
     </span>
    </p>
   </div>
   <div class='ocr_carea' id='block_1_92' title="bbox 2183 3184 3683 3258">
    <p class='ocr_par' dir='ltr' id='par_1_92' title="bbox 2183 3184 3683 3258">
     <span class='ocr_line' id='line_1_92' title="bbox 2183 3184 3683 3258; baseline 0.005 -18"><span class='ocrx_word' id='word_1_726' title='bbox 2183 3203 2285 3257; x_wconf 91' lang='lat' dir='ltr'><strong>que</strong></span> <span class='ocrx_word' id='word_1_727' title='bbox 2311 3187 2609 3241; x_wconf 87' lang='lat' dir='ltr'><strong>carnalibus</strong></span> <span class='ocrx_word' id='word_1_728' title='bbox 2639 3188 3082 3257; x_wconf 89' lang='lat' dir='ltr'><strong>concupiscentiis</strong></span> <span class='ocrx_word' id='word_1_729' title='bbox 3107 3189 3260 3244; x_wconf 88' lang='lat' dir='ltr'><strong>cedis</strong></span> <span class='ocrx_word' id='word_1_730' title='bbox 3287 3199 3434 3258; x_wconf 90' lang='lat' dir='ltr'><strong>atque</strong></span> <span class='ocrx_word' id='word_1_731' title='bbox 3456 3184 3683 3246; x_wconf 62' lang='lat' dir='ltr'><strong>Consentia</strong></span> 
     </span>
    </p>
   </div>
   <div class='ocr_carea' id='block_1_93' title="bbox 2182 3277 3685 3349">
    <p class='ocr_par' dir='ltr' id='par_1_93' title="bbox 2182 3277 3685 3349">
     <span class='ocr_line' id='line_1_93' title="bbox 2182 3277 3685 3349; baseline -0.003 -17"><span class='ocrx_word' id='word_1_732' title='bbox 2182 3281 2272 3349; x_wconf 91' lang='lat' dir='ltr'><strong>qui</strong></span> <span class='ocrx_word' id='word_1_733' title='bbox 2300 3295 2392 3334; x_wconf 88' lang='lat' dir='ltr'><strong>eas</strong></span> <span class='ocrx_word' id='word_1_734' title='bbox 2421 3279 2500 3332; x_wconf 91' lang='lat' dir='ltr'><strong>vel</strong></span> <span class='ocrx_word' id='word_1_735' title='bbox 2535 3279 2698 3334; x_wconf 86' lang='lat' dir='ltr'><strong>bonas</strong></span> <span class='ocrx_word' id='word_1_736' title='bbox 2727 3289 2880 3348; x_wconf 89' lang='lat' dir='ltr'><strong>putas</strong></span> <span class='ocrx_word' id='word_1_737' title='bbox 2908 3279 2974 3333; x_wconf 92' lang='lat' dir='ltr'><strong>ad</strong></span> <span class='ocrx_word' id='word_1_738' title='bbox 2999 3279 3322 3348; x_wconf 75' lang='lat' dir='ltr'><strong>explendam</strong></span> <span class='ocrx_word' id='word_1_739' title='bbox 3355 3277 3557 3335; x_wconf 85' lang='lat' dir='ltr'><strong>libidinis</strong></span> <span class='ocrx_word' id='word_1_740' title='bbox 3577 3285 3685 3330; x_wconf 48' lang='lat' dir='ltr'><strong>satu.</strong></span> 
     </span>
    </p>
   </div>
   <div class='ocr_carea' id='block_1_94' title="bbox 2184 3369 3684 3438">
    <p class='ocr_par' dir='ltr' id='par_1_94' title="bbox 2184 3369 3684 3438">
     <span class='ocr_line' id='line_1_94' title="bbox 2184 3369 3684 3438; baseline -0.004 -16"><span class='ocrx_word' id='word_1_741' title='bbox 2184 3370 2412 3429; x_wconf 89' lang='lat' dir='ltr'><strong>ritatem,</strong></span> <span class='ocrx_word' id='word_1_742' title='bbox 2443 3370 2523 3423; x_wconf 82' lang='lat' dir='ltr'><strong>vel</strong></span> <span class='ocrx_word' id='word_1_743' title='bbox 2556 3378 2698 3423; x_wconf 89' lang='lat' dir='ltr'><strong>certe</strong></span> <span class='ocrx_word' id='word_1_744' title='bbox 2737 3369 2814 3424; x_wconf 93' lang='lat' dir='ltr'><strong>sic</strong></span> <span class='ocrx_word' id='word_1_745' title='bbox 2843 3369 2954 3438; x_wconf 83' lang='lat' dir='ltr'><strong>jam</strong></span> <span class='ocrx_word' id='word_1_746' title='bbox 2984 3370 3138 3424; x_wconf 89' lang='lat' dir='ltr'><strong>vides</strong></span> <span class='ocrx_word' id='word_1_747' title='bbox 3167 3371 3350 3435; x_wconf 88' lang='lat' dir='ltr'><strong>malas,</strong></span> <span class='ocrx_word' id='word_1_748' title='bbox 3379 3380 3430 3422; x_wconf 90' lang='lat' dir='ltr'><strong>ut</strong></span> <span class='ocrx_word' id='word_1_749' title='bbox 3467 3370 3532 3423; x_wconf 88' lang='lat' dir='ltr'><strong>eis</strong></span> <span class='ocrx_word' id='word_1_750' title='bbox 3557 3379 3684 3419; x_wconf 82' lang='lat' dir='ltr'><strong>tamen</strong></span> 
     </span>
    </p>
   </div>
   <div class='ocr_carea' id='block_1_95' title="bbox 2184 3457 3686 3528">
    <p class='ocr_par' dir='ltr' id='par_1_95' title="bbox 2184 3457 3686 3528">
     <span class='ocr_line' id='line_1_95' title="bbox 2184 3457 3686 3528; baseline -0.001 -17"><span class='ocrx_word' id='word_1_751' title='bbox 2184 3457 2418 3512; x_wconf 87' lang='lat' dir='ltr'><strong>cedendo</strong></span> <span class='ocrx_word' id='word_1_752' title='bbox 2434 3459 2755 3522; x_wconf 86' lang='lat' dir='ltr'><strong>consentias,</strong></span> <span class='ocrx_word' id='word_1_753' title='bbox 2773 3466 2948 3526; x_wconf 87' lang='lat' dir='ltr'><strong>etquo</strong></span> <span class='ocrx_word' id='word_1_754' title='bbox 2967 3457 3175 3512; x_wconf 90' lang='lat' dir='ltr'><strong>ducunt</strong></span> <span class='ocrx_word' id='word_1_755' title='bbox 3205 3459 3460 3528; x_wconf 85' lang='lat' dir='ltr'><strong>sequaris,</strong></span> <span class='ocrx_word' id='word_1_756' title='bbox 3485 3465 3529 3511; x_wconf 89' lang='lat' dir='ltr'><strong>et</strong></span> <span class='ocrx_word' id='word_1_757' title='bbox 3546 3471 3592 3506; x_wconf 75' lang='lat' dir='ltr'><strong>ea</strong></span> <span class='ocrx_word' id='word_1_758' title='bbox 3603 3469 3686 3522; x_wconf 57' lang='lat' dir='ltr'><strong>qua</strong></span> 
     </span>
    </p>
   </div>
   <div class='ocr_carea' id='block_1_96' title="bbox 2183 3547 3685 3618">
    <p class='ocr_par' dir='ltr' id='par_1_96' title="bbox 2183 3547 3685 3618">
     <span class='ocr_line' id='line_1_96' title="bbox 2183 3547 3685 3618; baseline -0.005 -16"><span class='ocrx_word' id='word_1_759' title='bbox 2183 3549 2318 3602; x_wconf 88' lang='lat' dir='ltr'><strong>tnala</strong></span> <span class='ocrx_word' id='word_1_760' title='bbox 2349 3557 2633 3618; x_wconf 79' lang='lat' dir='ltr'><strong>suggerunt</strong></span> <span class='ocrx_word' id='word_1_761' title='bbox 2671 3555 2974 3617; x_wconf 85' lang='lat' dir='ltr'><strong>perpetres;</strong></span> <span class='ocrx_word' id='word_1_762' title='bbox 3012 3557 3162 3603; x_wconf 88' lang='lat' dir='ltr'><strong>totus</strong></span> <span class='ocrx_word' id='word_1_763' title='bbox 3187 3551 3405 3604; x_wconf 86' lang='lat' dir='ltr'><strong>carnalis</strong></span> <span class='ocrx_word' id='word_1_764' title='bbox 3442 3563 3510 3602; x_wconf 85' lang='lat' dir='ltr'><strong>es.</strong></span> <span class='ocrx_word' id='word_1_765' title='bbox 3539 3547 3616 3607; x_wconf 82' lang='lat' dir='ltr'><strong>Tu,</strong></span> <span class='ocrx_word' id='word_1_766' title='bbox 3650 3556 3685 3596; x_wconf 87' lang='lat' dir='ltr'><strong>tu</strong></span> 
     </span>
    </p>
   </div>
   <div class='ocr_carea' id='block_1_97' title="bbox 2181 3638 3681 3708">
    <p class='ocr_par' dir='ltr' id='par_1_97' title="bbox 2181 3638 3681 3708">
     <span class='ocr_line' id='line_1_97' title="bbox 2181 3638 3681 3708; baseline -0.003 -18"><span class='ocrx_word' id='word_1_767' title='bbox 2181 3639 2416 3708; x_wconf 88' lang='lat' dir='ltr'><strong>quisquis</strong></span> <span class='ocrx_word' id='word_1_768' title='bbox 2448 3638 2567 3691; x_wconf 90' lang='lat' dir='ltr'><strong>talis</strong></span> <span class='ocrx_word' id='word_1_769' title='bbox 2596 3653 2653 3691; x_wconf 80' lang='lat' dir='ltr'><strong>es</strong></span> <span class='ocrx_word' id='word_1_770' title='bbox 2673 3678 2688 3702; x_wconf 88' lang='lat'><strong>,</strong></span> <span class='ocrx_word' id='word_1_771' title='bbox 2722 3645 2862 3692; x_wconf 88' lang='lat' dir='ltr'><strong>totus</strong></span> <span class='ocrx_word' id='word_1_772' title='bbox 2891 3639 3123 3692; x_wconf 89' lang='lat' dir='ltr'><strong>carnalis</strong></span> <span class='ocrx_word' id='word_1_773' title='bbox 3151 3654 3229 3693; x_wconf 88' lang='lat' dir='ltr'><strong>es.</strong></span> <span class='ocrx_word' id='word_1_774' title='bbox 3266 3640 3318 3694; x_wconf 90' lang='lat' dir='ltr'><strong>Si</strong></span> <span class='ocrx_word' id='word_1_775' title='bbox 3353 3648 3512 3693; x_wconf 84' lang='lat' dir='ltr'><strong>autem</strong></span> <span class='ocrx_word' id='word_1_776' title='bbox 3537 3647 3681 3688; x_wconf 83' lang='lat' dir='ltr'><strong>conca-</strong></span> 
     </span>
    </p>
   </div>
   <div class='ocr_carea' id='block_1_98' title="bbox 2183 3729 3684 3799">
    <p class='ocr_par' dir='ltr' id='par_1_98' title="bbox 2183 3729 3684 3799">
     <span class='ocr_line' id='line_1_98' title="bbox 2183 3729 3684 3799; baseline -0.005 -17"><span class='ocrx_word' id='word_1_777' title='bbox 2183 3730 2339 3798; x_wconf 81' lang='lat' dir='ltr'><strong>piscis</strong></span> <span class='ocrx_word' id='word_1_778' title='bbox 2363 3729 2593 3799; x_wconf 89' lang='lat' dir='ltr'><strong>quidem,</strong></span> <span class='ocrx_word' id='word_1_779' title='bbox 2615 3731 2752 3799; x_wconf 92' lang='lat' dir='ltr'><strong>quod</strong></span> <span class='ocrx_word' id='word_1_780' title='bbox 2785 3729 2892 3784; x_wconf 78' lang='lat' dir='ltr'><strong>Lex</strong></span> <span class='ocrx_word' id='word_1_781' title='bbox 2918 3739 3078 3796; x_wconf 86' lang='lat' dir='ltr'><strong>vetat,</strong></span> <span class='ocrx_word' id='word_1_782' title='bbox 3102 3746 3230 3786; x_wconf 88' lang='lat' dir='ltr'><strong>cum</strong></span> <span class='ocrx_word' id='word_1_783' title='bbox 3256 3731 3397 3792; x_wconf 90' lang='lat' dir='ltr'><strong>dicit,</strong></span> <span class='ocrx_word' id='word_1_784' title='bbox 3419 3729 3524 3784; x_wconf 80' lang='lat' dir='ltr'><strong>Non</strong></span> <span class='ocrx_word' id='word_1_785' title='bbox 3545 3744 3684 3780; x_wconf 78' lang='lat' dir='ltr'><strong>conru-</strong></span> 
     </span>
    </p>
   </div>
   <div class='ocr_carea' id='block_1_99' title="bbox 2181 3815 3681 3888">
    <p class='ocr_par' dir='ltr' id='par_1_99' title="bbox 2181 3815 3681 3888">
     <span class='ocr_line' id='line_1_99' title="bbox 2181 3815 3681 3888; baseline -0.003 -18"><span class='ocrx_word' id='word_1_786' title='bbox 2181 3819 2339 3887; x_wconf 82' lang='lat' dir='ltr'><strong>pisces</strong></span> <span class='ocrx_word' id='word_1_787' title='bbox 2369 3817 2558 3888; x_wconf 70' lang='lat' dir='ltr'><strong>(Exod.</strong></span> <span class='ocrx_word' id='word_1_788' title='bbox 2589 3834 2679 3880; x_wconf 76' lang='lat' dir='ltr'><strong>xx,</strong></span> <span class='ocrx_word' id='word_1_789' title='bbox 2711 3818 2827 3887; x_wconf 88' lang='lat' dir='ltr'><strong>l7);</strong></span> <span class='ocrx_word' id='word_1_790' title='bbox 2853 3833 3033 3872; x_wconf 88' lang='lat' dir='ltr'><strong>servas</strong></span> <span class='ocrx_word' id='word_1_791' title='bbox 3075 3828 3255 3875; x_wconf 83' lang='lat' dir='ltr'><strong>tamen</strong></span> <span class='ocrx_word' id='word_1_792' title='bbox 3295 3819 3428 3872; x_wconf 89' lang='lat' dir='ltr'><strong>aliud</strong></span> <span class='ocrx_word' id='word_1_793' title='bbox 3454 3815 3570 3886; x_wconf 87' lang='lat' dir='ltr'><strong>quod</strong></span> <span class='ocrx_word' id='word_1_794' title='bbox 3595 3815 3681 3866; x_wconf 78' lang='lat' dir='ltr'><strong>item</strong></span> 
     </span>
    </p>
   </div>
   <div class='ocr_carea' id='block_1_100' title="bbox 2181 3905 3680 3980">
    <p class='ocr_par' dir='ltr' id='par_1_100' title="bbox 2181 3905 3680 3980">
     <span class='ocr_line' id='line_1_100' title="bbox 2181 3905 3680 3980; baseline -0.007 -15"><span class='ocrx_word' id='word_1_795' title='bbox 2181 3910 2290 3965; x_wconf 76' lang='lat' dir='ltr'><strong>Lex</strong></span> <span class='ocrx_word' id='word_1_796' title='bbox 2313 3910 2482 3979; x_wconf 86' lang='lat' dir='ltr'><strong>jubet,</strong></span> <span class='ocrx_word' id='word_1_797' title='bbox 2521 3909 2644 3964; x_wconf 86' lang='lat' dir='ltr'><strong>Post</strong></span> <span class='ocrx_word' id='word_1_798' title='bbox 2682 3911 3108 3980; x_wconf 87' lang='lat' dir='ltr'><strong>concupiscentias</strong></span> <span class='ocrx_word' id='word_1_799' title='bbox 3148 3914 3263 3966; x_wconf 86' lang='lat' dir='ltr'><strong>tuas</strong></span> <span class='ocrx_word' id='word_1_800' title='bbox 3297 3929 3392 3965; x_wconf 87' lang='lat' dir='ltr'><strong>non</strong></span> <span class='ocrx_word' id='word_1_801' title='bbox 3427 3927 3502 3964; x_wconf 83' lang='lat' dir='ltr'><strong>eas</strong></span> <span class='ocrx_word' id='word_1_802' title='bbox 3536 3905 3680 3976; x_wconf 73' lang='lat' dir='ltr'><strong>(Eccli.</strong></span> 
     </span>
    </p>
   </div>
   <div class='ocr_carea' id='block_1_101' title="bbox 2183 3992 3680 4070">
    <p class='ocr_par' dir='ltr' id='par_1_101' title="bbox 2183 3992 3680 4070">
     <span class='ocr_line' id='line_1_101' title="bbox 2183 3992 3680 4070; baseline -0.005 -17"><span class='ocrx_word' id='word_1_803' title='bbox 2183 4015 2330 4063; x_wconf 78' lang='lat' dir='ltr'><strong>xvm,</strong></span> <span class='ocrx_word' id='word_1_804' title='bbox 2363 3999 2452 4070; x_wconf 75' lang='grc'>50)</span> <span class='ocrx_word' id='word_1_805' title='bbox 2479 4017 2490 4052; x_wconf 92' lang='lat'><strong>:</strong></span> <span class='ocrx_word' id='word_1_806' title='bbox 2521 4009 2698 4053; x_wconf 91' lang='lat' dir='ltr'><strong>mente</strong></span> <span class='ocrx_word' id='word_1_807' title='bbox 2727 3999 3014 4068; x_wconf 84' lang='lat' dir='ltr'><strong>spiritualis</strong></span> <span class='ocrx_word' id='word_1_808' title='bbox 3042 4015 3126 4065; x_wconf 91' lang='lat' dir='ltr'><strong>es,</strong></span> <span class='ocrx_word' id='word_1_809' title='bbox 3153 4017 3315 4056; x_wconf 87' lang='lat' dir='ltr'><strong>carne</strong></span> <span class='ocrx_word' id='word_1_810' title='bbox 3334 4000 3550 4054; x_wconf 84' lang='lat' dir='ltr'><strong>carnalis.</strong></span> <span class='ocrx_word' id='word_1_811' title='bbox 3573 3992 3680 4048; x_wconf 77' lang='lat' dir='ltr'><strong>Aliud</strong></span> 
     </span>
    </p>
   </div>
   <div class='ocr_carea' id='block_1_102' title="bbox 2178 4087 3682 4162">
    <p class='ocr_par' dir='ltr' id='par_1_102' title="bbox 2178 4087 3682 4162">
     <span class='ocr_line' id='line_1_102' title="bbox 2178 4087 3682 4162; baseline -0.002 -19"><span class='ocrx_word' id='word_1_812' title='bbox 2178 4100 2260 4143; x_wconf 88' lang='lat' dir='ltr'><strong>est</strong></span> <span class='ocrx_word' id='word_1_813' title='bbox 2283 4089 2443 4152; x_wconf 90' lang='lat' dir='ltr'><strong>enim,</strong></span> <span class='ocrx_word' id='word_1_814' title='bbox 2480 4104 2582 4143; x_wconf 91' lang='lat' dir='ltr'><strong>non</strong></span> <span class='ocrx_word' id='word_1_815' title='bbox 2611 4090 3011 4158; x_wconf 89' lang='lat' dir='ltr'><strong>concupiscere;</strong></span> <span class='ocrx_word' id='word_1_816' title='bbox 3041 4091 3209 4154; x_wconf 87' lang='lat' dir='ltr'><strong>aliud,</strong></span> <span class='ocrx_word' id='word_1_817' title='bbox 3235 4100 3350 4162; x_wconf 89' lang='lat' dir='ltr'><strong>post</strong></span> <span class='ocrx_word' id='word_1_818' title='bbox 3373 4087 3682 4159; x_wconf 76' lang='lat' dir='ltr'><strong>concupiscen-</strong></span> 
     </span>
    </p>
   </div>
   <div class='ocr_carea' id='block_1_103' title="bbox 2181 4179 3681 4250">
    <p class='ocr_par' dir='ltr' id='par_1_103' title="bbox 2181 4179 3681 4250">
     <span class='ocr_line' id='line_1_103' title="bbox 2181 4179 3681 4250; baseline -0.006 -16"><span class='ocrx_word' id='word_1_819' title='bbox 2181 4180 2278 4234; x_wconf 90' lang='lat' dir='ltr'><strong>tias</strong></span> <span class='ocrx_word' id='word_1_820' title='bbox 2317 4193 2440 4234; x_wconf 91' lang='lat' dir='ltr'><strong>suas</strong></span> <span class='ocrx_word' id='word_1_821' title='bbox 2489 4195 2590 4232; x_wconf 88' lang='lat' dir='ltr'><strong>non</strong></span> <span class='ocrx_word' id='word_1_822' title='bbox 2629 4179 2727 4234; x_wconf 89' lang='lat' dir='ltr'><strong>ire.</strong></span> <span class='ocrx_word' id='word_1_823' title='bbox 2779 4179 2892 4233; x_wconf 84' lang='lat' dir='ltr'><strong>Non</strong></span> <span class='ocrx_word' id='word_1_824' title='bbox 2935 4181 3347 4250; x_wconf 86' lang='lat' dir='ltr'><strong>concupiscere,</strong></span> <span class='ocrx_word' id='word_1_825' title='bbox 3385 4179 3572 4234; x_wconf 77' lang='lat' dir='ltr'><strong>ountino</strong></span> <span class='ocrx_word' id='word_1_826' title='bbox 3601 4187 3681 4241; x_wconf 74' lang='lat' dir='ltr'><strong>pcr-</strong></span> 
     </span>
    </p>
   </div>
   <div class='ocr_carea' id='block_1_104' title="bbox 2179 4262 3681 4340">
    <p class='ocr_par' dir='ltr' id='par_1_104' title="bbox 2179 4262 3681 4340">
     <span class='ocr_line' id='line_1_104' title="bbox 2179 4262 3681 4340; baseline 0 -15"><span class='ocrx_word' id='word_1_827' title='bbox 2179 4271 2297 4325; x_wconf 83' lang='lat' dir='ltr'><strong>fecti</strong></span> <span class='ocrx_word' id='word_1_828' title='bbox 2324 4280 2405 4326; x_wconf 88' lang='lat' dir='ltr'><strong>est</strong></span> <span class='ocrx_word' id='word_1_829' title='bbox 2426 4289 2438 4334; x_wconf 91' lang='lat'><strong>;</strong></span> <span class='ocrx_word' id='word_1_830' title='bbox 2471 4280 2587 4340; x_wconf 90' lang='lat' dir='ltr'><strong>post</strong></span> <span class='ocrx_word' id='word_1_831' title='bbox 2609 4271 3066 4340; x_wconf 89' lang='lat' dir='ltr'><strong>concupiscentias</strong></span> <span class='ocrx_word' id='word_1_832' title='bbox 3091 4287 3220 4326; x_wconf 90' lang='lat' dir='ltr'><strong>suas</strong></span> <span class='ocrx_word' id='word_1_833' title='bbox 3239 4288 3340 4326; x_wconf 89' lang='lat' dir='ltr'><strong>non</strong></span> <span class='ocrx_word' id='word_1_834' title='bbox 3361 4272 3448 4330; x_wconf 91' lang='lat' dir='ltr'><strong>ire.</strong></span> <span class='ocrx_word' id='word_1_835' title='bbox 3467 4262 3681 4340; x_wconf 70' lang='grc' dir='ltr'>ιιμειιίιιιίίδ</span> 
     </span>
    </p>
   </div>
   <div class='ocr_carea' id='block_1_105' title="bbox 2176 4365 3678 4430">
    <p class='ocr_par' dir='ltr' id='par_1_105' title="bbox 2176 4365 3678 4430">
     <span class='ocr_line' id='line_1_105' title="bbox 2176 4365 3678 4430; baseline -0.005 -10"><span class='ocrx_word' id='word_1_836' title='bbox 2176 4374 2275 4429; x_wconf 89' lang='lat' dir='ltr'><strong>est,</strong></span> <span class='ocrx_word' id='word_1_837' title='bbox 2312 4366 2555 4420; x_wconf 86' lang='lat' dir='ltr'><strong>luctantis</strong></span> <span class='ocrx_word' id='word_1_838' title='bbox 2583 4375 2682 4429; x_wconf 88' lang='lat' dir='ltr'><strong>est,</strong></span> <span class='ocrx_word' id='word_1_839' title='bbox 2714 4365 2998 4419; x_wconf 88' lang='lat' dir='ltr'><strong>laborantis</strong></span> <span class='ocrx_word' id='word_1_840' title='bbox 3040 4375 3142 4420; x_wconf 90' lang='lat' dir='ltr'><strong>est.</strong></span> <span class='ocrx_word' id='word_1_841' title='bbox 3196 4366 3297 4421; x_wconf 89' lang='lat' dir='ltr'><strong>Ubi</strong></span> <span class='ocrx_word' id='word_1_842' title='bbox 3345 4367 3498 4420; x_wconf 87' lang='lat' dir='ltr'><strong>fervet</strong></span> <span class='ocrx_word' id='word_1_843' title='bbox 3537 4370 3678 4430; x_wconf 68' lang='lat' dir='ltr'><strong>pugna.</strong></span> 
     </span>
    </p>
   </div>
   <div class='ocr_carea' id='block_1_106' title="bbox 2175 4443 3680 4524">
    <p class='ocr_par' dir='ltr' id='par_1_106' title="bbox 2175 4443 3680 4524">
     <span class='ocr_line' id='line_1_106' title="bbox 2175 4443 3680 4524; baseline -0.011 -16"><span class='ocrx_word' id='word_1_844' title='bbox 2175 4470 2338 4524; x_wconf 90' lang='lat' dir='ltr'><strong>quare</strong></span> <span class='ocrx_word' id='word_1_845' title='bbox 2381 4454 2692 4524; x_wconf 83' lang='lat' dir='ltr'><strong>desperatur</strong></span> <span class='ocrx_word' id='word_1_846' title='bbox 2746 4453 3011 4508; x_wconf 79' lang='lat' dir='ltr'><strong>victoria?</strong></span> <span class='ocrx_word' id='word_1_847' title='bbox 3064 4453 3290 4520; x_wconf 81' lang='lat' dir='ltr'><strong>Quando</strong></span> <span class='ocrx_word' id='word_1_848' title='bbox 3335 4455 3433 4508; x_wconf 87' lang='lat' dir='ltr'><strong>erit</strong></span> <span class='ocrx_word' id='word_1_849' title='bbox 3477 4443 3680 4504; x_wconf 77' lang='lat' dir='ltr'><strong>victoria?</strong></span> 
     </span>
    </p>
   </div>
   <div class='ocr_carea' id='block_1_107' title="bbox 2175 4536 3679 4612">
    <p class='ocr_par' dir='ltr' id='par_1_107' title="bbox 2175 4536 3679 4612">
     <span class='ocr_line' id='line_1_107' title="bbox 2175 4536 3679 4612; baseline -0.001 -17"><span class='ocrx_word' id='word_1_850' title='bbox 2175 4544 2395 4612; x_wconf 85' lang='lat' dir='ltr'><strong>Quando</strong></span> <span class='ocrx_word' id='word_1_851' title='bbox 2423 4545 2792 4599; x_wconf 87' lang='lat' dir='ltr'><strong>absorbebitur</strong></span> <span class='ocrx_word' id='word_1_852' title='bbox 2820 4559 2964 4598; x_wconf 88' lang='lat' dir='ltr'><strong>mors</strong></span> <span class='ocrx_word' id='word_1_853' title='bbox 2994 4545 3044 4599; x_wconf 92' lang='lat' dir='ltr'><strong>in</strong></span> <span class='ocrx_word' id='word_1_854' title='bbox 3091 4544 3384 4600; x_wconf 83' lang='lat' dir='ltr'><strong>victoriam.</strong></span> <span class='ocrx_word' id='word_1_855' title='bbox 3416 4543 3546 4596; x_wconf 83' lang='lat' dir='ltr'><strong>Tunc</strong></span> <span class='ocrx_word' id='word_1_856' title='bbox 3576 4536 3679 4590; x_wconf 74' lang='lat' dir='ltr'><strong>ollim</strong></span> 
     </span>
    </p>
   </div>
   <div class='ocr_carea' id='block_1_108' title="bbox 2175 4625 3679 4704">
    <p class='ocr_par' dir='ltr' id='par_1_108' title="bbox 2175 4625 3679 4704">
     <span class='ocr_line' id='line_1_108' title="bbox 2175 4625 3679 4704; baseline -0.006 -18"><span class='ocrx_word' id='word_1_857' title='bbox 2175 4650 2272 4687; x_wconf 79' lang='lat' dir='ltr'><strong>vox</strong></span> <span class='ocrx_word' id='word_1_858' title='bbox 2298 4635 2402 4690; x_wconf 88' lang='lat' dir='ltr'><strong>erit</strong></span> <span class='ocrx_word' id='word_1_859' title='bbox 2425 4634 2816 4704; x_wconf 87' lang='lat' dir='ltr'><strong>triumphantis,</strong></span> <span class='ocrx_word' id='word_1_860' title='bbox 2851 4652 2953 4688; x_wconf 87' lang='lat' dir='ltr'><strong>non</strong></span> <span class='ocrx_word' id='word_1_861' title='bbox 2986 4634 3148 4689; x_wconf 87' lang='lat' dir='ltr'><strong>sudor</strong></span> <span class='ocrx_word' id='word_1_862' title='bbox 3177 4635 3467 4704; x_wconf 79' lang='lat' dir='ltr'><strong>pugnantis.</strong></span> <span class='ocrx_word' id='word_1_863' title='bbox 3493 4631 3597 4700; x_wconf 69' lang='lat' dir='ltr'><strong>Qua:</strong></span> <span class='ocrx_word' id='word_1_864' title='bbox 3621 4625 3679 4676; x_wconf 83' lang='lat' dir='ltr'><strong>lu-</strong></span> 
     </span>
    </p>
   </div>
   <div class='ocr_carea' id='block_1_109' title="bbox 2177 4715 3679 4794">
    <p class='ocr_par' dir='ltr' id='par_1_109' title="bbox 2177 4715 3679 4794">
     <span class='ocr_line' id='line_1_109' title="bbox 2177 4715 3679 4794; baseline -0.005 -18"><span class='ocrx_word' id='word_1_865' title='bbox 2177 4733 2288 4777; x_wconf 89' lang='lat' dir='ltr'><strong>tura</strong></span> <span class='ocrx_word' id='word_1_866' title='bbox 2323 4735 2406 4778; x_wconf 88' lang='lat' dir='ltr'><strong>est</strong></span> <span class='ocrx_word' id='word_1_867' title='bbox 2433 4741 2529 4779; x_wconf 71' lang='lat' dir='ltr'><strong>vox</strong></span> <span class='ocrx_word' id='word_1_868' title='bbox 2583 4727 2667 4778; x_wconf 91' lang='lat' dir='ltr'><strong>illa</strong></span> <span class='ocrx_word' id='word_1_869' title='bbox 2703 4726 3092 4794; x_wconf 84' lang='lat' dir='ltr'><strong>triumphantis,</strong></span> <span class='ocrx_word' id='word_1_870' title='bbox 3125 4741 3244 4779; x_wconf 91' lang='lat' dir='ltr'><strong>cum</strong></span> <span class='ocrx_word' id='word_1_871' title='bbox 3277 4720 3583 4791; x_wconf 86' lang='lat' dir='ltr'><strong>corruptibile</strong></span> <span class='ocrx_word' id='word_1_872' title='bbox 3609 4715 3679 4767; x_wconf 76' lang='lat' dir='ltr'><strong>hoc</strong></span> 
     </span>
    </p>
   </div>
   <div class='ocr_carea' id='block_1_110' title="bbox 2175 4806 3677 4882">
    <p class='ocr_par' dir='ltr' id='par_1_110' title="bbox 2175 4806 3677 4882">
     <span class='ocr_line' id='line_1_110' title="bbox 2175 4806 3677 4882; baseline -0.009 -15"><span class='ocrx_word' id='word_1_873' title='bbox 2175 4814 2403 4868; x_wconf 89' lang='lat' dir='ltr'><strong>induerit</strong></span> <span class='ocrx_word' id='word_1_874' title='bbox 2433 4817 2896 4882; x_wconf 86' lang='lat' dir='ltr'><strong>incorruptionem,</strong></span> <span class='ocrx_word' id='word_1_875' title='bbox 2923 4825 2975 4871; x_wconf 90' lang='lat' dir='ltr'><strong>et</strong></span> <span class='ocrx_word' id='word_1_876' title='bbox 3003 4817 3229 4870; x_wconf 87' lang='lat' dir='ltr'><strong>mortale</strong></span> <span class='ocrx_word' id='word_1_877' title='bbox 3261 4816 3357 4868; x_wconf 82' lang='lat' dir='ltr'><strong>hoc</strong></span> <span class='ocrx_word' id='word_1_878' title='bbox 3385 4808 3580 4868; x_wconf 88' lang='lat' dir='ltr'><strong>induerit</strong></span> <span class='ocrx_word' id='word_1_879' title='bbox 3605 4806 3677 4856; x_wconf 85' lang='lat' dir='ltr'><strong>itu-</strong></span> 
     </span>
    </p>
   </div>
   <div class='ocr_carea' id='block_1_111' title="bbox 2173 4904 3676 4970">
    <p class='ocr_par' dir='ltr' id='par_1_111' title="bbox 2173 4904 3676 4970">
     <span class='ocr_line' id='line_1_111' title="bbox 2173 4904 3676 4970; baseline -0.006 -13"><span class='ocrx_word' id='word_1_880' title='bbox 2173 4904 2585 4958; x_wconf 86' lang='lat' dir='ltr'><strong>mortalitatem?</strong></span> <span class='ocrx_word' id='word_1_881' title='bbox 2630 4905 2787 4960; x_wconf 82' lang='lat' dir='ltr'><strong>Vides</strong></span> <span class='ocrx_word' id='word_1_882' title='bbox 2839 4907 3128 4970; x_wconf 80' lang='lat' dir='ltr'><strong>victorem,</strong></span> <span class='ocrx_word' id='word_1_883' title='bbox 3176 4906 3296 4960; x_wconf 88' lang='lat' dir='ltr'><strong>audi</strong></span> <span class='ocrx_word' id='word_1_884' title='bbox 3345 4909 3676 4958; x_wconf 45' lang='lat' dir='ltr'><strong>exsuitantem.</strong></span> 
     </span>
    </p>
   </div>
   <div class='ocr_carea' id='block_1_112' title="bbox 2171 4988 3676 5066">
    <p class='ocr_par' dir='ltr' id='par_1_112' title="bbox 2171 4988 3676 5066">
     <span class='ocr_line' id='line_1_112' title="bbox 2171 4988 3676 5066; baseline -0.006 -18"><span class='ocrx_word' id='word_1_885' title='bbox 2171 5005 2416 5065; x_wconf 76' lang='lat' dir='ltr'><strong>exspecta</strong></span> <span class='ocrx_word' id='word_1_886' title='bbox 2448 4997 2876 5066; x_wconf 86' lang='lat' dir='ltr'><strong>triumphantem.</strong></span> <span class='ocrx_word' id='word_1_887' title='bbox 2912 4996 3052 5050; x_wconf 82' lang='lat' dir='ltr'><strong>Tunc</strong></span> <span class='ocrx_word' id='word_1_888' title='bbox 3095 4998 3178 5066; x_wconf 81' lang='lat' dir='ltr'><strong>ﬁet</strong></span> <span class='ocrx_word' id='word_1_889' title='bbox 3223 5011 3382 5048; x_wconf 83' lang='lat' dir='ltr'><strong>sermo</strong></span> <span class='ocrx_word' id='word_1_890' title='bbox 3409 4992 3484 5062; x_wconf 75' lang='lat' dir='ltr'><strong>qui</strong></span> <span class='ocrx_word' id='word_1_891' title='bbox 3508 4988 3676 5053; x_wconf 65' lang='lat' dir='ltr'><strong>scriptu!</strong></span> 
     </span>
    </p>
   </div>
   <div class='ocr_carea' id='block_1_113' title="bbox 2170 5085 3675 5156">
    <p class='ocr_par' dir='ltr' id='par_1_113' title="bbox 2170 5085 3675 5156">
     <span class='ocr_line' id='line_1_113' title="bbox 2170 5085 3675 5156; baseline -0.005 -19"><span class='ocrx_word' id='word_1_892' title='bbox 2170 5097 2260 5147; x_wconf 83' lang='lat' dir='ltr'><strong>cst,</strong></span> <span class='ocrx_word' id='word_1_893' title='bbox 2291 5085 2537 5156; x_wconf 78' lang='lat' dir='ltr'><strong>Absorpta</strong></span> <span class='ocrx_word' id='word_1_894' title='bbox 2563 5097 2632 5141; x_wconf 84' lang='lat' dir='ltr'><strong>est</strong></span> <span class='ocrx_word' id='word_1_895' title='bbox 2662 5105 2793 5142; x_wconf 85' lang='lat' dir='ltr'><strong>mors</strong></span> <span class='ocrx_word' id='word_1_896' title='bbox 2819 5091 2868 5141; x_wconf 87' lang='lat' dir='ltr'><strong>in</strong></span> <span class='ocrx_word' id='word_1_897' title='bbox 2899 5089 3176 5142; x_wconf 80' lang='lat' dir='ltr'><strong>victoriam.</strong></span> <span class='ocrx_word' id='word_1_898' title='bbox 3203 5087 3298 5141; x_wconf 87' lang='lat' dir='ltr'><strong>Ubi</strong></span> <span class='ocrx_word' id='word_1_899' title='bbox 3320 5096 3406 5150; x_wconf 79' lang='lat' dir='ltr'><strong>cst,</strong></span> <span class='ocrx_word' id='word_1_900' title='bbox 3429 5099 3561 5143; x_wconf 84' lang='lat' dir='ltr'><strong>mors,</strong></span> <span class='ocrx_word' id='word_1_901' title='bbox 3583 5093 3675 5129; x_wconf 82' lang='lat' dir='ltr'><strong>cun-</strong></span> 
     </span>
    </p>
   </div>
   <div class='ocr_carea' id='block_1_114' title="bbox 2170 5164 3676 5245">
    <p class='ocr_par' dir='ltr' id='par_1_114' title="bbox 2170 5164 3676 5245">
     <span class='ocr_line' id='line_1_114' title="bbox 2170 5164 3676 5245; baseline 0.001 -17"><span class='ocrx_word' id='word_1_902' title='bbox 2170 5177 2322 5240; x_wconf 73' lang='lat' dir='ltr'><strong>tcntio</strong></span> <span class='ocrx_word' id='word_1_903' title='bbox 2348 5177 2472 5230; x_wconf 86' lang='lat' dir='ltr'><strong>tua?</strong></span> <span class='ocrx_word' id='word_1_904' title='bbox 2499 5177 2580 5230; x_wconf 86' lang='lat' dir='ltr'><strong>ubi</strong></span> <span class='ocrx_word' id='word_1_905' title='bbox 2605 5187 2704 5242; x_wconf 81' lang='lat' dir='ltr'><strong>est,</strong></span> <span class='ocrx_word' id='word_1_906' title='bbox 2739 5195 2892 5244; x_wconf 88' lang='lat' dir='ltr'><strong>mors,</strong></span> <span class='ocrx_word' id='word_1_907' title='bbox 2923 5180 3126 5231; x_wconf 69' lang='lat' dir='ltr'><strong>aculeus</strong></span> <span class='ocrx_word' id='word_1_908' title='bbox 3149 5190 3265 5231; x_wconf 81' lang='lat' dir='ltr'><strong>tuus</strong></span> <span class='ocrx_word' id='word_1_909' title='bbox 3295 5177 3348 5245; x_wconf 87' lang='grc' dir='ltr'><strong>(Ι</strong></span> <span class='ocrx_word' id='word_1_910' title='bbox 3377 5176 3480 5229; x_wconf 83' lang='lat' dir='ltr'><strong>Cor.</strong></span> <span class='ocrx_word' id='word_1_911' title='bbox 3511 5185 3582 5230; x_wconf 72' lang='grc' dir='ltr'><strong>ιν.</strong></span> <span class='ocrx_word' id='word_1_912' title='bbox 3607 5164 3676 5216; x_wconf 70' lang='lat'><strong>55&#39;</strong></span> 
     </span>
    </p>
   </div>
   <div class='ocr_carea' id='block_1_115' title="bbox 2168 5264 3673 5333">
    <p class='ocr_par' dir='ltr' id='par_1_115' title="bbox 2168 5264 3673 5333">
     <span class='ocr_line' id='line_1_115' title="bbox 2168 5264 3673 5333; baseline -0.006 -15"><span class='ocrx_word' id='word_1_913' title='bbox 2168 5265 2299 5333; x_wconf 80' lang='lat'><strong>55)?</strong></span> <span class='ocrx_word' id='word_1_914' title='bbox 2330 5264 2426 5319; x_wconf 85' lang='lat' dir='ltr'><strong>Ubi</strong></span> <span class='ocrx_word' id='word_1_915' title='bbox 2459 5267 2568 5319; x_wconf 80' lang='lat' dir='ltr'><strong>est?</strong></span> <span class='ocrx_word' id='word_1_916' title='bbox 2593 5265 2732 5320; x_wconf 78' lang='lat' dir='ltr'><strong>Ecce</strong></span> <span class='ocrx_word' id='word_1_917' title='bbox 2756 5277 2888 5329; x_wconf 88' lang='lat' dir='ltr'><strong>erat,</strong></span> <span class='ocrx_word' id='word_1_918' title='bbox 2917 5278 2970 5321; x_wconf 90' lang='lat' dir='ltr'><strong>et</strong></span> <span class='ocrx_word' id='word_1_919' title='bbox 3007 5283 3110 5320; x_wconf 86' lang='lat' dir='ltr'><strong>non</strong></span> <span class='ocrx_word' id='word_1_920' title='bbox 3148 5275 3248 5320; x_wconf 78' lang='lat' dir='ltr'><strong>est.</strong></span> <span class='ocrx_word' id='word_1_921' title='bbox 3299 5264 3390 5320; x_wconf 82' lang='lat' dir='ltr'><strong>Ubi</strong></span> <span class='ocrx_word' id='word_1_922' title='bbox 3425 5271 3505 5322; x_wconf 84' lang='lat' dir='ltr'><strong>est,</strong></span> <span class='ocrx_word' id='word_1_923' title='bbox 3539 5268 3673 5309; x_wconf 79' lang='lat' dir='ltr'><strong>mars.</strong></span> 
     </span>
    </p>
   </div>
   <div class='ocr_carea' id='block_1_116' title="bbox 2167 5343 3675 5417">
    <p class='ocr_par' dir='ltr' id='par_1_116' title="bbox 2167 5343 3675 5417">
     <span class='ocr_line' id='line_1_116' title="bbox 2167 5343 3675 5417; baseline -0.004 -8"><span class='ocrx_word' id='word_1_924' title='bbox 2167 5357 2412 5410; x_wconf 82' lang='lat' dir='ltr'><strong>contentio</strong></span> <span class='ocrx_word' id='word_1_925' title='bbox 2438 5357 2562 5410; x_wconf 83' lang='lat' dir='ltr'><strong>tua?</strong></span> <span class='ocrx_word' id='word_1_926' title='bbox 2602 5358 2738 5412; x_wconf 73' lang='lat' dir='ltr'><strong>Ecce</strong></span> <span class='ocrx_word' id='word_1_927' title='bbox 2769 5358 2955 5412; x_wconf 87' lang='lat' dir='ltr'><strong>mortis</strong></span> <span class='ocrx_word' id='word_1_928' title='bbox 2981 5357 3252 5413; x_wconf 84' lang='lat' dir='ltr'><strong>contentio</strong></span> <span class='ocrx_word' id='word_1_929' title='bbox 3283 5374 3294 5408; x_wconf 94' lang='lat'><strong>:</strong></span> <span class='ocrx_word' id='word_1_930' title='bbox 3324 5355 3436 5409; x_wconf 59' lang='lat' dir='ltr'><strong>Non</strong></span> <span class='ocrx_word' id='word_1_931' title='bbox 3463 5347 3574 5417; x_wconf 70' lang='lat' dir='ltr'><strong>quod</strong></span> <span class='ocrx_word' id='word_1_932' title='bbox 3591 5343 3675 5394; x_wconf 73' lang='grc' dir='ltr'><strong>νοω</strong></span> 
     </span>
    </p>
   </div>
   <div class='ocr_carea' id='block_1_117' title="bbox 2167 5431 3676 5519">
    <p class='ocr_par' dir='ltr' id='par_1_117' title="bbox 2167 5431 3676 5519">
     <span class='ocr_line' id='line_1_117' title="bbox 2167 5431 3676 5519; baseline -0.011 -18"><span class='ocrx_word' id='word_1_933' title='bbox 2167 5466 2278 5519; x_wconf 82' lang='lat' dir='ltr'><strong>ago.</strong></span> <span class='ocrx_word' id='word_1_934' title='bbox 2311 5449 2447 5503; x_wconf 79' lang='lat' dir='ltr'><strong>Ecce</strong></span> <span class='ocrx_word' id='word_1_935' title='bbox 2473 5450 2658 5503; x_wconf 90' lang='lat' dir='ltr'><strong>mortis</strong></span> <span class='ocrx_word' id='word_1_936' title='bbox 2673 5451 2944 5504; x_wconf 85' lang='lat' dir='ltr'><strong>contentio</strong></span> <span class='ocrx_word' id='word_1_937' title='bbox 2967 5468 2982 5504; x_wconf 87' lang='lat'><strong><em>:</em></strong></span> <span class='ocrx_word' id='word_1_938' title='bbox 3010 5450 3206 5503; x_wconf 86' lang='lat' dir='ltr'><strong>Scimus</strong></span> <span class='ocrx_word' id='word_1_939' title='bbox 3226 5448 3340 5516; x_wconf 82' lang='lat' dir='ltr'><strong>quia</strong></span> <span class='ocrx_word' id='word_1_940' title='bbox 3356 5447 3430 5498; x_wconf 76' lang='lat' dir='ltr'><strong>lea:</strong></span> <span class='ocrx_word' id='word_1_941' title='bbox 3450 5431 3676 5508; x_wconf 59' lang='lat' dir='ltr'><strong>spiritualis</strong></span> 
     </span>
    </p>
   </div>
   <div class='ocr_carea' id='block_1_118' title="bbox 2166 5531 3674 5607">
    <p class='ocr_par' dir='ltr' id='par_1_118' title="bbox 2166 5531 3674 5607">
     <span class='ocr_line' id='line_1_118' title="bbox 2166 5531 3674 5607; baseline -0.01 -17"><span class='ocrx_word' id='word_1_942' title='bbox 2166 5550 2267 5600; x_wconf 83' lang='lat' dir='ltr'><strong>est;</strong></span> <span class='ocrx_word' id='word_1_943' title='bbox 2294 5555 2384 5607; x_wconf 79' lang='lat' dir='ltr'><strong>ego</strong></span> <span class='ocrx_word' id='word_1_944' title='bbox 2417 5548 2584 5591; x_wconf 84' lang='lat' dir='ltr'><strong>autcm</strong></span> <span class='ocrx_word' id='word_1_945' title='bbox 2620 5539 2839 5592; x_wconf 85' lang='lat' dir='ltr'><strong>carnalis</strong></span> <span class='ocrx_word' id='word_1_946' title='bbox 2865 5556 2994 5592; x_wconf 89' lang='lat' dir='ltr'><strong>sum.</strong></span> <span class='ocrx_word' id='word_1_947' title='bbox 3024 5539 3079 5593; x_wconf 90' lang='lat' dir='ltr'><strong>Si</strong></span> <span class='ocrx_word' id='word_1_948' title='bbox 3114 5553 3238 5606; x_wconf 70' lang='lat' dir='ltr'><strong>ergo</strong></span> <span class='ocrx_word' id='word_1_949' title='bbox 3278 5531 3532 5602; x_wconf 71' lang='lat' dir='ltr'><strong>Apostolus</strong></span> <span class='ocrx_word' id='word_1_950' title='bbox 3555 5531 3608 5576; x_wconf 85' lang='lat' dir='ltr'><strong>dc</strong></span> <span class='ocrx_word' id='word_1_951' title='bbox 3630 5536 3674 5569; x_wconf 61' lang='lat' dir='ltr'><strong>se</strong></span> 
     </span>
    </p>
   </div>
   <div class='ocr_carea' id='block_1_119' title="bbox 2167 5614 3669 5698">
    <p class='ocr_par' dir='ltr' id='par_1_119' title="bbox 2167 5614 3669 5698">
     <span class='ocr_line' id='line_1_119' title="bbox 2167 5614 3669 5698; baseline -0.013 -13"><span class='ocrx_word' id='word_1_952' title='bbox 2167 5629 2280 5698; x_wconf 86' lang='lat' dir='ltr'><strong>ipso</strong></span> <span class='ocrx_word' id='word_1_953' title='bbox 2307 5628 2468 5692; x_wconf 88' lang='lat' dir='ltr'><strong>dicit;</strong></span> <span class='ocrx_word' id='word_1_954' title='bbox 2501 5631 2542 5683; x_wconf 92' lang='lat' dir='ltr'><strong>si</strong></span> <span class='ocrx_word' id='word_1_955' title='bbox 2578 5630 2695 5684; x_wconf 89' lang='lat' dir='ltr'><strong>dico</strong></span> <span class='ocrx_word' id='word_1_956' title='bbox 2716 5669 2729 5694; x_wconf 91' lang='lat'><strong>,</strong></span> <span class='ocrx_word' id='word_1_957' title='bbox 2755 5645 2860 5684; x_wconf 89' lang='lat' dir='ltr'><strong>non</strong></span> <span class='ocrx_word' id='word_1_958' title='bbox 2888 5630 3140 5686; x_wconf 78' lang='lat' dir='ltr'><strong>coitﬁrtuo</strong></span> <span class='ocrx_word' id='word_1_959' title='bbox 3171 5645 3182 5678; x_wconf 88' lang='lat'>:</span> <span class='ocrx_word' id='word_1_960' title='bbox 3216 5627 3258 5681; x_wconf 87' lang='lat' dir='ltr'><strong>si</strong></span> <span class='ocrx_word' id='word_1_961' title='bbox 3285 5627 3540 5692; x_wconf 81' lang='lat' dir='ltr'><strong>Apostolus</strong></span> <span class='ocrx_word' id='word_1_962' title='bbox 3555 5614 3669 5667; x_wconf 82' lang='lat' dir='ltr'><strong>dicit.</strong></span> 
     </span>
    </p>
   </div>
   <div class='ocr_carea' id='block_1_120' title="bbox 2167 5710 3666 5797">
    <p class='ocr_par' dir='ltr' id='par_1_120' title="bbox 2167 5710 3666 5797">
     <span class='ocr_line' id='line_1_120' title="bbox 2167 5710 3666 5797; baseline -0.018 -20"><span class='ocrx_word' id='word_1_963' title='bbox 2167 5723 2362 5777; x_wconf 76' lang='lat' dir='ltr'><strong>Scimus</strong></span> <span class='ocrx_word' id='word_1_964' title='bbox 2388 5725 2504 5792; x_wconf 78' lang='lat' dir='ltr'><strong>quin</strong></span> <span class='ocrx_word' id='word_1_965' title='bbox 2531 5726 2608 5776; x_wconf 72' lang='lat' dir='ltr'><strong>lex</strong></span> <span class='ocrx_word' id='word_1_966' title='bbox 2629 5724 2906 5793; x_wconf 83' lang='lat' dir='ltr'><strong>spiritualis</strong></span> <span class='ocrx_word' id='word_1_967' title='bbox 2931 5735 3021 5788; x_wconf 75' lang='lat' dir='ltr'><strong>est,</strong></span> <span class='ocrx_word' id='word_1_968' title='bbox 3050 5740 3137 5797; x_wconf 77' lang='lat' dir='ltr'><strong>ego</strong></span> <span class='ocrx_word' id='word_1_969' title='bbox 3158 5731 3321 5772; x_wconf 82' lang='lat' dir='ltr'><strong>aulcm</strong></span> <span class='ocrx_word' id='word_1_970' title='bbox 3342 5710 3536 5770; x_wconf 80' lang='lat' dir='ltr'><strong>carnalis</strong></span> <span class='ocrx_word' id='word_1_971' title='bbox 3557 5717 3666 5758; x_wconf 71' lang='lat' dir='ltr'><strong>stm.‘</strong></span> 
     </span>
    </p>
   </div>
  </div>
