3850 6188
198 254 291 309 837

198 373 367 421 incute
411 363 555 418 enim
610 364 930 434 spiritualis,
975 379 1200 434 corpore
1247 363 1518 419 carnalis:
1560 362 1771 432 quando

197 471 330 518 totus
353 458 688 531 spiritualis?
711 459 866 524 Cum,
898 458 1188 514 Seminatur
1210 474 1393 527 corpus
1429 457 1666 520 animale,
1691 471 1772 509 re—

195 561 353 622 surget
365 567 550 621 corpus
561 550 820 620 spiritualc
834 548 876 623 (1
889 549 1004 605 Cor.
1017 565 1108 616 xv,
1118 549 1209 622 44)
1219 588 1231 602 .
1250 548 1404 604 Modo
1419 563 1546 618 ergo
1562 547 1774 618 quando

199 643 359 698 fervet
384 644 578 697 mortis
602 641 892 703 contentio,
924 657 1026 694 non
1051 641 1185 713 quod
1224 641 1334 695 volo
1363 656 1458 710 ago
1486 657 1505 693 :
1531 656 1596 693 cx
1628 648 1773 707 parte

195 731 504 803 spiritualis,
534 747 602 785 ex
634 740 782 800 parte
810 732 1075 790 carnalis:
1107 746 1176 787 ex
1221 741 1373 802 parte
1413 731 1632 786 meliore
1659 730 1772 800 spi-

196 823 416 887 ritualis,
443 837 512 878 ex
541 829 690 891 parte
719 821 971 877 inferiore
1010 822 1260 877 carnalis.
1290 821 1480 876 Adhuc
1505 821 1732 890 connigo
1753 861 1769 884 ,

121 918 129 924 ’
197 916 430 972 nondum
461 915 563 970 vici
592 933 605 968 :
634 929 882 984 magnum
911 913 1041 968 mihi
1068 922 1150 969 est
1179 929 1284 968 non
1309 914 1466 968 vinci.
1496 911 1614 967 Non
1642 911 1777 980 quod

197 1007 320 1071 colo,
355 1007 455 1060 hoc
485 1022 621 1077 ago;
645 1005 782 1076 quod
813 1005 918 1071 odi,
949 1005 1078 1058 illud
1099 1006 1252 1075 facio.
1279 1004 1414 1073 Quid
1446 1005 1614 1058 lacis?
1637 1003 1776 1058 Con-

196 1096 431 1164 cupisco.
472 1094 583 1149 Etsi
613 1094 1056 1164 concupiscentiae
1079 1110 1182 1149 non
1204 1095 1498 1158 consentio,
1527 1096 1628 1150 etsi
1661 1104 1778 1164 post

195 1187 657 1257 concupiscentias
703 1201 850 1242 meas
882 1201 986 1240 non
1015 1201 1119 1251 eo;
1155 1197 1328 1242 tamen
1363 1186 1540 1241 adhuc
1577 1201 1777 1240 concu-

196 1279 340 1350 pisco
375 1297 391 1332 :
417 1288 474 1334 et
493 1279 674 1348 utique
691 1279 852 1333 etiam
884 1282 934 1333 in
963 1279 1072 1348 ipsa
1102 1289 1248 1349 parte
1271 1294 1372 1349 ego
1397 1294 1536 1333 sum.

258 1369 494 1426 CAPUT
534 1371 640 1426 VII.
660 1399 731 1410 --
750 1370 802 1426 9.
825 1369 968 1425 Idem
995 1372 1214 1425 carnalis
1237 1371 1388 1425 simul
1415 1379 1460 1425 et
1479 1370 1777 1441 spiritualis.

195 1464 301 1518 Non
338 1465 488 1520 enim
512 1480 609 1534 ego
630 1446 681 1519 in
712 1473 910 1529 mente,
941 1474 995 1519 et
1022 1465 1156 1519 alius
1187 1466 1238 1519 in
1281 1479 1460 1520 carne.
1487 1464 1591 1519 Sed
1620 1465 1780 1534 quid?

199 1555 362 1627 Igitur
381 1557 494 1627 ipse
520 1575 608 1627 ego
634 1572 653 1622 ;
677 1558 799 1626 quia
827 1572 926 1627 ego
957 1558 1007 1611 in
1041 1566 1236 1623 mente,
1261 1572 1363 1627 ego
1391 1559 1441 1612 in
1461 1572 1641 1612 carne.
1665 1557 1778 1612 Non

196 1647 330 1701 cutim
365 1647 490 1700 dum
515 1655 717 1701 natura:
737 1649 1040 1712 contrariae,
1071 1648 1166 1703 sed
1191 1663 1254 1702 ex
1284 1657 1503 1719 utraque
1525 1665 1658 1702 unus
1680 1648 1780 1701 ho-

196 1753 312 1791 mo:
349 1738 475 1808 quia
517 1753 653 1792 unus
696 1739 867 1804 Deus,
895 1753 922 1792 a
950 1754 1054 1808 quo
1093 1738 1263 1792 factus
1289 1748 1373 1792 est
1401 1739 1580 1793 homo.
1613 1738 1782 1810 Igitur

196 1830 292 1898 ipse
312 1845 433 1899 ego,
462 1844 564 1898 ego
585 1829 716 1898 ipse,
744 1838 908 1884 mente
946 1830 1110 1884 servio
1139 1831 1236 1900 legi
1263 1829 1359 1883 Dei
1380 1870 1396 1896 ,
1421 1846 1574 1884 carne
1611 1839 1779 1884 autem

197 1919 289 1989 legi
331 1919 552 1988 peccati.
592 1918 764 1974 ﬂente
808 1933 912 1973 non
956 1920 1234 1974 consentio
1283 1919 1383 1989 legi
1415 1920 1654 1989 peccati:
1687 1920 1778 1974 sed

197 2021 371 2066 tamen
394 2011 595 2066 nollem
621 2011 836 2066 essetin
863 2011 1117 2082 membris
1145 2011 1278 2066 meis
1308 2011 1394 2067 lex
1423 2013 1526 2067 ulla
1557 2013 1779 2082 peccati.

194 2101 318 2170 Quia
333 2116 470 2172 ergo
494 2101 711 2166 nollem,
729 2109 784 2157 et
798 2111 973 2156 tamen
995 2111 1107 2166 est;
1126 2119 1226 2157 non
1235 2103 1371 2173 quod
1387 2103 1499 2156 volo
1513 2119 1608 2174 ago
1628 2103 1780 2172 :quia

194 2195 540 2264 concupisco,
555 2203 609 2249 et
624 2193 766 2258 nolo,
779 2210 882 2247 non
893 2193 1027 2262 quod
1038 2195 1150 2248 uolo
1159 2209 1280 2266 ago;
1295 2195 1384 2248 sed
1393 2195 1528 2264 quod
1538 2194 1623 2247 odi
1654 2195 1784 2248 illud

193 2286 342 2354 facio.
374 2284 520 2352 Quid
561 2285 687 2339 odi?
711 2283 1123 2352 Concupiscere.
1155 2284 1251 2340 Odi
1305 2284 1703 2352 concupiscere,
1731 2293 1785 2338 et

196 2386 372 2431 tamen
392 2391 498 2445 ago
520 2374 647 2430 illud
664 2389 844 2438 carne,
860 2389 964 2429 non
983 2384 1160 2430 mente
1175 2393 1188 2428 :
1203 2374 1353 2442 Quod
1367 2375 1468 2439 odi,
1485 2375 1610 2428 illud
1629 2375 1780 2446 facio.

258 2470 350 2525 i0.
379 2467 710 2525 Consentiens
733 2484 849 2522 cum
873 2469 1074 2538 lege.—-
1091 2468 1152 2523 Si
1167 2478 1333 2521 autem
1349 2467 1484 2534 quod
1499 2467 1636 2534 nolo,
1655 2467 1785 2521 illud

193 2563 358 2630 facio;
382 2561 646 2614 consentio
666 2560 763 2631 legi
789 2602 806 2628 ,
832 2561 1072 2631 quoniam
1105 2560 1233 2614 bona
1271 2570 1360 2614 est.
1388 2559 1524 2629 Quid
1552 2571 1630 2615 cst
1659 2560 1780 2625 hoc,

195 2650 250 2706 Si
271 2651 421 2722 quod
452 2651 592 2715 nolo,
615 2651 744 2705 illud
772 2653 940 2723 facio;
961 2652 1215 2706 consentio
1231 2650 1373 2722 Legi,
1396 2653 1634 2724 quoniam
1656 2653 1786 2705 bona

192 2747 302 2799 est?
347 2743 707 2799 Consentires
735 2743 837 2814 legi
863 2785 877 2810 ,
923 2741 972 2798 si
1001 2743 1140 2813 quod
1170 2744 1329 2799 vellet
1373 2744 1575 2799 laceres
1607 2761 1620 2797 :
1651 2743 1784 2799 facis

194 2835 327 2906 quod
366 2835 455 2890 lex
487 2834 620 2898 odit,
650 2833 920 2904 quomodo
946 2834 1218 2889 consentis
1249 2835 1394 2905 legi?
1428 2835 1684 2903 Prorsus,
1724 2835 1785 2890 Si

194 2931 319 2995 quod
348 2927 478 2980 nolo
502 2966 517 2989 ,
569 2925 664 2978 hoc
692 2925 866 2993 facio;
910 2926 1167 2979 consentio
1209 2926 1344 2996 legi,
1392 2927 1630 2995 quoniam
1656 2927 1785 2980 bona

195 3027 277 3071 est.
344 3016 669 3085 Quomodo?
712 3016 845 3083 Quia
885 3016 1034 3087 jubet
1086 3017 1206 3082 lex,
1259 3016 1377 3071 Non
1433 3019 1781 3086 concupisces,

193 3110 327 3178 Quid
362 3111 493 3164 volo
517 3111 653 3180 ego?
678 3124 784 3164 non
807 3111 1221 3180 concupiscere?
1255 3109 1489 3165 Volendo
1515 3111 1655 3181 quod
1679 3111 1788 3165 vult

195 3204 292 3267 les,
321 3202 590 3256 consentio
614 3202 730 3271 legi,
755 3202 994 3271 quoniam
1032 3201 1161 3255 bona
1202 3211 1292 3255 est.
1323 3201 1378 3256 Si
1428 3201 1630 3258 diceret
1677 3203 1782 3268 lex,

198 3291 314 3348 Non
355 3293 705 3363 concupisces,
753 3303 808 3348 et
844 3307 944 3364 ego
990 3293 1181 3348 vellem
1231 3294 1641 3364 concupiscere;
1681 3312 1785 3351 non

195 3384 565 3440 consentirem
587 3383 708 3454 legi,
737 3392 792 3438 et
810 3385 1026 3438 omnino
1052 3384 1119 3439 ab
1146 3384 1231 3438 illa
1257 3385 1540 3439 voluntatis
1573 3401 1790 3455 perver-

194 3479 354 3533 sitate
402 3476 647 3532 diversus
680 3477 984 3532 existerem.
1024 3477 1240 3532 Dicente
1286 3478 1427 3533 enim
1476 3479 1612 3548 lege,
1668 3479 1788 3533 Non

197 3569 548 3638 concupisces,
579 3575 634 3622 et
655 3581 755 3637 ego
777 3567 968 3622 vellem
996 3569 1412 3637 concupiscere;
1438 3585 1539 3623 non
1563 3585 1788 3624 consen-

199 3659 268 3712 tio
296 3659 411 3729 legi
442 3658 558 3713 Dei.
581 3657 716 3726 Quid
746 3657 946 3732 modo?
972 3658 1099 3729 quid
1128 3659 1279 3722 dicis,
1304 3675 1337 3714 o
1363 3659 1487 3714 lex?
1522 3659 1638 3713 Non
1666 3678 1789 3714 con-

196 3753 451 3822 cupisces.
484 3750 550 3804 Et
569 3764 670 3820 ego
695 3749 819 3804 nolo
839 3751 1236 3819 concupiscere,
1266 3759 1318 3804 et
1345 3766 1442 3819 ego
1467 3750 1619 3814 nolo;
1649 3753 1790 3820 quod

198 3856 300 3896 non
345 3841 431 3894 vis
455 3880 472 3902 ,
509 3840 673 3894 nolo:
701 3840 824 3895 ideo
857 3841 1135 3895 consentio
1158 3881 1174 3907 ,
1205 3840 1326 3910 quia
1367 3843 1506 3911 quod
1550 3859 1654 3896 non
1688 3843 1789 3908 vis,

198 3934 346 3988 nolo.
383 3931 502 3986 Non
547 3932 732 4002 implet
772 3931 940 4002 legem
964 3932 1246 3987 inﬁrmitas
1288 3950 1403 3986 mea
1433 3953 1445 3987 :
1477 3933 1568 3989 sed
1599 3934 1791 4004 Legem

200 4022 392 4078 laudat
419 4023 662 4078 voluntas
691 4037 829 4078 mea.
879 4023 1020 4094 Ergo
1065 4024 1110 4077 si
1156 4023 1295 4092 quod
1344 4025 1468 4079 nolo
1493 4065 1507 4090 ,
1530 4023 1631 4080 huc
1654 4040 1790 4095 ago;

199 4117 326 4173 ideo
376 4116 654 4170 consentio
700 4116 840 4186 legi,
865 4116 987 4186 quia
1038 4115 1163 4170 nolo
1201 4115 1341 4185 quod
1386 4131 1490 4170 non
1518 4118 1658 4182 vult,
1690 4135 1792 4171 non

198 4211 322 4279 quia
355 4223 462 4279 ago
486 4208 626 4278 quod
666 4208 810 4263 nolo.
850 4207 1027 4278 Ipsum
1054 4208 1196 4261 enim
1236 4223 1394 4278 agerc
1420 4208 1795 4277 concupiscere

195 4313 302 4368 est,
338 4317 452 4355 non
472 4300 915 4371 concupiscentia:
941 4300 1242 4356 consentire
1271 4319 1285 4355 :
1315 4315 1381 4354 ne
1402 4299 1592 4370 aliquis
1610 4301 1720 4370 jam
1743 4301 1794 4355 in

197 4392 474 4463 Apostolo
494 4391 745 4461 peccandi
775 4391 873 4446 sibi
901 4401 1104 4462 quaerat
1126 4391 1425 4461 exemplum
1446 4433 1459 4455 ,
1483 4401 1536 4446 et
1565 4392 1653 4446 det
1683 4408 1799 4446 ma-

105 4475 126 4482 ’
199 4489 312 4542 lum
373 4485 695 4555 exemplum.
746 4483 868 4540 Non
904 4484 1041 4555 quod
1061 4485 1175 4538 volo
1217 4501 1332 4556 ago.
1362 4486 1497 4552 Quid
1524 4487 1664 4541 enim
1716 4489 1799 4542 lex

197 4580 338 4633 dicit
356 4577 384 4631 ?
412 4574 534 4630 Non
558 4577 894 4645 concupisces.
927 4576 992 4630 Et
1018 4591 1117 4646 ego
1143 4574 1266 4629 nolo
1304 4577 1681 4644 concupiscere
1702 4619 1714 4640 ,
1747 4587 1801 4631 et

198 4681 396 4724 tamen
423 4667 742 4736 concupisco
764 4682 785 4735 ;
805 4667 1046 4736 quamvis
1079 4666 1519 4734 concupiscuntur:
1558 4682 1691 4722 mem
1720 4683 1804 4720 as-

197 4774 439 4815 sensum
465 4773 572 4812 non
599 4758 862 4826 praebeam
885 4800 900 4824 ,
929 4760 1168 4827 quamvis
1217 4767 1335 4826 post
1377 4772 1495 4810 eam
1526 4773 1630 4810 non
1659 4775 1798 4812 eam.

200 4854 432 4908 Resiste
458 4852 620 4910 enim.
639 4859 821 4904 averto
842 4859 1095 4912 mentem,
1123 4865 1254 4920 nego
1275 4865 1445 4912 arma,
1465 4857 1622 4904 teneo
1644 4867 1806 4905 ntem-

200 4944 304 4998 bra
328 4961 348 5008 ;
379 4951 432 4996 et
457 4951 633 4995 tamen
664 4941 792 4994 litin
816 4956 901 4994 me
926 4941 1068 5010 quod
1096 4940 1239 4994 nolo.
1258 4939 1408 5005 Quod
1435 4955 1537 4992 non
1564 4941 1672 4993 vnlt
1696 4941 1800 5007 lex,

199 5036 346 5090 nolo
368 5049 487 5087 cum
505 5033 638 5102 lege;
656 5032 794 5102 quod
807 5049 912 5086 non
930 5031 1058 5094 vult,
1077 5031 1198 5085 nnlo
1219 5049 1231 5084 :
1253 5047 1379 5101 ergo
1391 5033 1662 5086 consentio
1677 5033 1803 5102 legi.

279 5124 521 5180 CAPUT
567 5125 698 5178 V'lll.
726 5155 799 5163 —
826 5124 912 5178 il.
953 5122 1202 5193 Ignorare
1231 5132 1505 5192 peccatum.
1535 5121 1639 5178 Sed
1681 5123 1805 5193 quia

197 5233 313 5288 ego
342 5231 462 5270 sum
491 5215 542 5268 in
569 5231 728 5270 carne
753 5257 766 5278 ,
795 5229 894 5282 ego
919 5229 1034 5268 sum
1068 5215 1120 5268 in
1155 5224 1367 5281 mente;
1395 5216 1487 5271 sed
1516 5215 1683 5286 magis
1705 5232 1807 5286 ego

195 5325 336 5363 smn
375 5307 425 5360 in
452 5318 652 5372 mente,
683 5321 840 5374 quam
867 5307 918 5359 in
948 5321 1124 5360 carne.
1153 5305 1282 5373 Quia
1313 5307 1452 5360 enim
1481 5322 1578 5377 ego
1604 5322 1721 5361 smn
1753 5308 1805 5361 in

200 5411 423 5463 meme,
452 5415 552 5470 ego
581 5416 699 5453 sum
747 5399 799 5452 in
829 5410 1043 5468 regente
1078 5418 1091 5455 :
1123 5413 1272 5453 mens
1316 5399 1460 5456 enim
1485 5402 1657 5471 regit,
1682 5415 1806 5455 caro

198 5492 460 5558 regitur:
489 5502 543 5546 ct
573 5491 740 5560 magis
764 5507 882 5545 smn
921 5506 1020 5560 ego
1049 5495 1100 5545 in
1124 5505 1190 5545 eo
1229 5507 1334 5561 quo
1365 5491 1489 5561 rego
1511 5531 1527 5556 ,
1556 5507 1711 5560 quam
1753 5491 1805 5545 in

197 5602 274 5639 eo
307 5584 370 5637 in
397 5598 502 5652 quo
529 5597 701 5650 regor.
725 5582 855 5650 Quia
879 5597 1004 5652 ergo
1025 5582 1189 5651 magis
1216 5598 1314 5652 ego
1343 5583 1392 5636 in
1415 5589 1592 5636 mente
1615 5599 1627 5633 :
1656 5579 1808 5634 Nunc

195 5687 390 5732 autem
409 5678 522 5746 jam
553 5694 654 5730 non
675 5693 764 5748 ego
785 5691 963 5746 operor
989 5675 1134 5730 illud.
1166 5673 1315 5729 Nunc
1335 5686 1519 5740 autem,
1543 5675 1667 5743 quid
1697 5677 1808 5732 est?

1572 244 1800 303 SERMO
1831 244 1944 302 CLI
1954 246 2012 303 γ.

3357 267 3460 324 838

1879 359 2035 416 Nunc
2059 373 2247 429 dum,
2275 365 2383 435 jam
2411 367 2715 438 redemgnas
2733 412 2747 437 ,
2777 375 2864 442 qui
2894 375 2966 430 Ini
3010 388 3164 434 antea
3191 382 3290 438 sub
3332 401 3463 454 poc-

1879 460 2000 507 cato
2025 455 2375 512 venumdatus
2400 498 2414 523 ,
2438 460 2547 527 jam
2571 473 2785 532 accepta
2821 467 2986 535 gratia
3041 467 3331 528 Salvatoris
3359 517 3370 541 ,
3405 485 3464 530 ut

1879 553 2058 599 mente
2075 547 2413 604 condelecter
2447 551 2548 620 legi
2574 553 2696 618 Dei,
2725 571 2826 608 non
2849 573 2940 627 ego
2973 575 3153 630 operor
3185 563 3316 617 illud
3335 607 3348 629 ,
3376 567 3466 620 sed

1877 635 2012 706 quod
2043 636 2235 691 habitat
2258 639 2311 692 in
2333 657 2410 694 tne
2437 654 2710 712 peccatum.
2740 645 2858 700 Scio
2885 650 3017 702 enim
3047 652 3166 720 quia
3197 670 3296 707 non
3317 658 3463 709 habi-

1887 727 1967 814 tat
1994 726 2047 780 in
2087 744 2185 782 me.
2235 729 2427 785 lterum
2468 748 2594 802 ergo
2635 735 2687 788 in
2713 752 2789 789 me
2818 755 2836 791 :
2865 740 2984 794 andi
3016 743 3155 810 quod
3205 747 3462 814 Sequitur,

1883 813 2062 871 hocest
2085 819 2137 873 in
2165 836 2316 875 carne
2357 839 2468 876 mea
2493 823 2695 879 bonum.
2737 827 2876 883 Velle
2917 833 3048 885 enim
3082 834 3206 886 mihi
3243 813 3462 906 adjuvet.

1883 907 2024 962 Scio.
2063 911 2197 978 Quid
2241 915 2390 968 scis?
2420 915 2554 982 Quia
2599 935 2699 972 non
2739 921 2933 976 habitat
2971 925 3162 990 inme,
3192 927 3285 982 hoc
3322 942 3390 983 est
3413 932 3466 985 in

1880 1015 2032 1055 carne
2056 1020 2185 1069 mea,
2227 1004 2428 1060 bonum.
2467 1009 2784 1066 Iamdudum
2824 1015 3055 1082 dixeras,
3089 1018 3236 1084 Quod
3261 1038 3461 1089 aperor,

1878 1094 2074 1165 ignoro.
2105 1097 2161 1152 Si
2191 1098 2418 1168 ignoras,
2440 1105 2706 1170 quomodo
2729 1107 2866 1160 scis?
2886 1108 3038 1162 Modo
3059 1111 3210 1176 dicis,
3238 1111 3460 1184 Ignoro;

1882 1187 2042 1242 modo
2070 1189 2204 1244 dicis
2223 1232 2238 1256 ,
2274 1191 2394 1246 Scio
2420 1209 2438 1245 :
2463 1207 2562 1262 ego
2609 1197 2879 1264 quomodo
2907 1200 3192 1268 intelligant
3215 1243 3228 1262 ,
3263 1205 3463 1261 nescio.

1883 1277 1962 1329 An
1988 1278 2086 1334 hoc
2113 1291 2193 1334 est
2218 1283 2354 1351 quod
2385 1283 2654 1355 intelligo?
2676 1286 2771 1342 Ubi
2802 1290 2941 1343 enim
2961 1291 3054 1356 ait,
3087 1292 3235 1358 Quod
3258 1312 3461 1365 operor,

1881 1369 2098 1440 ignoro;
2135 1373 2268 1428 dixit
2292 1375 2497 1444 ignoro,
2530 1393 2633 1431 non
2658 1381 2894 1447 approbo
2913 1423 2927 1445 ,
2956 1397 3060 1436 non
3083 1395 3319 1453 accepto,
3359 1404 3462 1441 non

1885 1459 2011 1514 mihi
2044 1462 2249 1530 placet,
2282 1481 2384 1519 non
2419 1469 2730 1535 consentio,
2759 1486 2862 1524 non
2893 1471 3066 1525 laudo.
3096 1475 3212 1529 Non
3236 1479 3375 1531 enim
3409 1490 3468 1533 et

1882 1553 2126 1608 Christus
2152 1570 2246 1610 eos
2267 1556 2544 1624 ignorabit,
2586 1561 2776 1629 quibus
2804 1563 3041 1618 dicturus
3062 1576 3162 1632 est,
3200 1567 3318 1622 Non
3347 1571 3468 1624 novi

1883 1660 1968 1699 vos
2002 1644 2208 1716 (Matth.
2259 1664 2349 1714 vn,
2411 1650 2522 1720 23).
2575 1653 2800 1707 Prorsus
2852 1655 3010 1710 etiam
3057 1657 3156 1712 hoc
3206 1661 3461 1730 intelligo,

1888 1737 2037 1803 Quod
2063 1740 2192 1793 enim
2218 1757 2418 1808 operor,
2447 1743 2624 1813 ignoro
2644 1759 2664 1798 :
2688 1745 2806 1814 quia
2830 1749 2968 1816 quod
3000 1765 3100 1800 non
3127 1749 3277 1815 facio,
3315 1753 3465 1822 igno-

1887 1841 1967 1881 ro.
2000 1826 2119 1881 Non
2140 1830 2270 1882 enim
2295 1847 2384 1900 ego
2414 1848 2596 1901 operor
2622 1833 2770 1900 illud,
2793 1837 2881 1889 sed
2900 1836 2955 1889 id
2969 1839 3104 1909 quod
3128 1839 3179 1892 in
3211 1858 3287 1893 me
3323 1842 3468 1896 habi-

1885 1928 1958 1971 tat
2000 1930 2277 1988 peccatum.
2323 1922 2447 1978 Ideo
2477 1924 2698 1992 ignoro:
2734 1929 2854 1997 quia
2886 1946 2988 1984 non
3021 1947 3118 2001 ego
3145 1931 3300 1996 facio,
3331 1936 3466 1989 sicut

1885 2008 2080 2064 dictum
2100 2011 2273 2066 estde
2295 2012 2541 2081 Domino,
2573 2014 2704 2068 Eunt
2725 2019 2810 2085 qui
2839 2035 2938 2072 non
2969 2032 3175 2074 noverat
3209 2035 3467 2090 peccatum

1887 2097 1953 2170 (ll
1981 2098 2097 2153 Cor.
2128 2117 2178 2165 v,
2202 2103 2317 2171 21).
2341 2103 2476 2169 Quid
2514 2115 2629 2168 est,
2659 2123 2759 2160 non
2801 2113 3045 2164 noverat?
3068 2111 3206 2180 Ergo
3239 2129 3340 2167 non
3365 2131 3463 2167 no-
3549 2139 3560 2152 -

1889 2198 2033 2243 verat
2081 2191 2221 2258 quod
2261 2193 2549 2262 arguebat?
2575 2211 2680 2250 non
2722 2208 2942 2253 noverat
2990 2202 3130 2269 quod
3175 2205 3467 2271 puniebat?

1886 2281 1942 2336 Si
1963 2297 2091 2352 ergo
2119 2299 2222 2337 non
2252 2295 2470 2339 noverat
2495 2287 2635 2356 quod
2668 2291 2939 2358 puniebat,
2967 2291 3162 2363 injuste
3193 2297 3465 2366 puniebat.

1885 2372 2016 2441 Quia
2050 2391 2173 2430 vero
2193 2375 2334 2446 jnste
2365 2379 2648 2447 puniebat,
2681 2393 2900 2437 noverat
2936 2385 3074 2454 quod
3105 2388 3371 2456 puniebat.
3400 2390 3470 2444 Et

1888 2470 2062 2518 tamen
2097 2475 2364 2533 peccatum
2389 2483 2493 2521 non
2523 2478 2775 2537 noverat,
2805 2473 2926 2542 quia
2960 2486 3233 2542 peccatum
3263 2492 3368 2531 non
3393 2478 3470 2532 Γε-

1885 2563 2049 2608 cerat.
2083 2557 2232 2621 Quod
2257 2559 2386 2610 enim
2412 2575 2592 2627 operor
2611 2603 2625 2624 ,
2657 2561 2832 2631 ignoro
2859 2579 2879 2620 :
2909 2581 3009 2618 non
3035 2567 3166 2620 enim
3193 2569 3328 2638 quod
3355 2571 3466 2624 uolo

1887 2646 2122 2715 ago;sed
2148 2647 2284 2716 quod
2313 2649 2415 2712 odi,
2445 2648 2575 2702 illud
2599 2653 2747 2722 facio.
2779 2653 2838 2706 Si
2864 2665 3028 2708 autem
3051 2659 3186 2728 quod
3213 2659 3348 2722 nolo,
3374 2661 3469 2714 hoc

1887 2739 2052 2808 facio;
2078 2740 2332 2793 consentio
2380 2741 2496 2810 legi,
2524 2743 2762 2812 quoniam
2799 2745 2928 2798 bona
2957 2756 3046 2800 est.
3080 2746 3233 2802 Nunc
3274 2763 3460 2818 autem,

1886 2818 2099 2901 accepta
2126 2832 2234 2900 jam
2277 2835 2442 2903 gratia
2465 2877 2476 2897 ,
2509 2851 2608 2888 non
2645 2853 2736 2906 ego
2774 2855 2953 2906 operor
2980 2840 3110 2893 illud
3135 2858 3152 2894 :
3194 2843 3354 2896 libera
3387 2855 3470 2900 cst

1889 2938 2055 2998 meus,
2090 2941 2214 2977 caro
2242 2925 2467 2993 captiva.
2504 2925 2623 2980 Non
2653 2944 2744 2999 ego
2769 2945 2950 2998 aperor
2974 2931 3123 2999 illud,
3151 2933 3240 2987 sed
3264 2935 3318 2986 id
3336 2938 3472 3005 quod

1886 3015 1938 3068 in
1966 3032 2044 3069 me
2067 3015 2256 3068 habitat
2280 3028 2558 3085 peccatum.
2602 3017 2722 3073 Scio
2752 3023 2882 3075 enim
2909 3023 3027 3094 quia
3065 3042 3162 3079 non
3195 3027 3383 3080 habitat
3420 3029 3471 3081 in

1887 3121 1986 3171 nte,
2018 3107 2112 3159 hoc
2134 3118 2204 3160 est
2246 3109 2296 3160 in
2323 3125 2474 3162 carne
2498 3127 2626 3173 utea,
2656 3111 2861 3168 bonum.

1958 3198 2182 3255 CAPUT
2225 3200 2313 3254 IX.
2343 3231 2413 3241 —-
2443 3201 2525 3255 12.
2568 3201 2820 3272 Per/icere
2849 3206 3004 3277 legem
3025 3207 3075 3259 in
3100 3208 3193 3261 hac
3219 3211 3316 3263 vita
3354 3229 3473 3263 san-

1892 3291 1984 3343 ctis
2009 3307 2108 3344 non
2125 3295 2507 3346 conceditur.—
2519 3293 2658 3348 Velle
2674 3299 2804 3350 enim
2825 3298 3025 3369 atljacet
3045 3300 3166 3352 mihi
3187 3343 3200 3363 ,
3229 3302 3466 3367 perﬁcere

1891 3389 2058 3434 autem
2087 3381 2268 3435 bonmn
2299 3399 2398 3436 non
2429 3383 2647 3452 udjacet.
2692 3386 2900 3455 Adjucet
2928 3388 3081 3450 velle,
3110 3390 3348 3456 perﬁcere
3371 3407 3474 3443 non

1893 3472 2110 3542 adjacet.
2133 3472 2248 3527 Non
2284 3473 2449 3540 dixit,
2483 3473 2657 3529 facere
2695 3477 2849 3541 ;sed,
2883 3479 3138 3545 perﬁcere.
3179 3478 3293 3532 Non
3326 3481 3470 3534 enim

1895 3564 2022 3617 nihil
2049 3562 2200 3617 facis.
2231 3564 2472 3618 Rebellat
2494 3566 2945 3633 concupiscentia,
2970 3576 3026 3622 et
3047 3583 3149 3622 non
3173 3569 3470 3635 consentis;

1895 3656 2123 3710 delectat
2149 3671 2287 3710 uxor
2311 3658 2505 3720 aliena,
2536 3665 2589 3711 et
2618 3673 2721 3710 non
2746 3660 2956 3724 annuis,
2986 3669 3219 3713 mentem
3251 3661 3470 3727 avertis,

1896 3747 1947 3799 in
1976 3747 2319 3801 secretarium
2349 3748 2540 3801 mentis
2567 3749 2751 3802 intras.
2787 3748 2943 3803 \‘ides
2984 3748 3111 3803 foris
3150 3758 3472 3819 strepentem

1895 3839 2409 3909 concupiscentiam,
2444 3838 2644 3910 profers
2679 3839 2933 3895 adversus
2975 3856 3091 3894 eam
3132 3841 3472 3904 sententiam,

1899 3930 2158 3984 mnntlans
2187 3930 2589 3986 conscientiam.
2616 3931 2768 3995 Nolo,
2801 3932 2993 4000 inquis,
3026 3946 3126 3984 non
3161 3929 3311 3984 facio.
3343 3931 3476 3986 Puta

1899 4025 2018 4095 quia
2048 4025 2290 4088 delectat,
2322 4040 2427 4078 non
2452 4025 2605 4090 facio,
2631 4023 2800 4078 habeo
2842 4024 2926 4078 cui
2963 4024 3315 4078 condelecter.
3343 4021 3477 4079 Con-

1898 4117 2116 4170 delector
2138 4116 2267 4169 enim
2295 4115 2394 4186 legi
2428 4113 2524 4168 Dei
2565 4113 2840 4168 secundum
2877 4114 3160 4167 interiorem
3207 4115 3475 4168 hominem.

1900 4208 2035 4275 Quid
2066 4219 2117 4262 tu
2148 4207 2214 4261 dc
2243 4223 2404 4262 carne
2435 4218 2518 4261 tua
2552 4190 2922 4260 tumultuaris?
2945 4205 3078 4272 Quid
3102 4206 3482 4261 delectationes

1903 4300 2113 4362 stultas,
2148 4289 2465 4368 temporales
2487 4297 2678 4361 fluxas,
2711 4313 2894 4362 vanas,
2925 4298 3130 4359 noxias,
3163 4297 3484 4350 tumultuose

1904 4392 2161 4463 Suggeris,
2182 4401 2234 4444 et
2249 4406 2338 4445 eas
2356 4390 2503 4461 quasi
2528 4390 2734 4459 garrula
2759 4389 2885 4442 mihi
2906 4389 3115 4443 narras?
3138 4385 3484 4442 Narracerunt

1904 4485 2026 4538 mihi
2050 4482 2221 4552 injuin
2245 4481 2612 4535 delectationes.
2638 4479 2760 4534 Inde
2789 4487 2869 4533 est
2897 4485 2950 4533 et
2975 4479 3070 4533 ista
3099 4484 3484 4548 concupiscen-

1909 4578 1996 4629 tia.
2026 4573 2212 4629 Narrat
2243 4573 2366 4627 mihi
2408 4571 2816 4635 delectationes,
2846 4571 2934 4625 sed
2974 4588 3072 4625 non
3111 4572 3237 4624 sicut
3263 4573 3344 4624 lea;
3364 4581 3450 4623 tua
3469 4612 3483 4634 ,

1908 4665 2120 4718 Domine
2148 4663 2316 4733 (Psal.
2345 4679 2524 4726 cxvm,
2553 4661 2666 4730 85).
2696 4661 3020 4716 Condeleclor
3060 4661 3190 4713 enim
3231 4660 3327 4729 legi
3349 4659 3442 4712 Dei
3468 4674 3488 4712 :

1909 4773 2010 4809 non
2039 4756 2105 4810 dc
2135 4771 2219 4810 mc
2241 4796 2255 4819 ,
2279 4754 2370 4807 sed
2400 4753 2468 4806 de
2506 4753 2672 4821 gratia
2713 4751 2823 4804 Dei.
2856 4749 2934 4804 Tu
2979 4747 3403 4816 concupiscentia
3433 4748 3486 4800 iu

1907 4865 2066 4902 carne
2112 4845 2447 4901 tumultuaris
2468 4886 2482 4908 ,
2513 4850 2744 4896 mentem
2797 4840 2884 4893 tibi
2913 4856 3016 4892 non
3039 4839 3241 4894 Subdis.
3269 4836 3334 4890 In
3379 4837 3486 4891 Deo

1908 4941 2115 5010 sperabo
2135 4955 2154 5002 ;
2183 4955 2282 4991 non
2329 4935 2508 4988 timebo
2545 4934 2665 5002 quid
2695 4932 2848 5002 faciat
2875 4931 2995 4983 milii
3029 4945 3147 4983 caro
3195 4928 3360 4999 (Psal.
3396 4943 3484 4993 ιν,

1909 5031 1985 5101 5).
2020 5031 2121 5094 Με,
2153 5045 2258 5094 me,
2289 5029 2391 5082 hoc
2418 5036 2517 5087 est,
2543 5033 2720 5078 mente
2741 5037 2845 5075 non
2873 5021 3264 5085 consentiente,
3291 5019 3488 5072 tumul-

1911 5131 2086 5176 tuatur
2105 5136 2248 5173 caro.
2283 5116 2345 5170 In
2379 5115 2507 5182 Deo,
2537 5114 2723 5183 inquit,
2750 5111 2991 5181 sperabo;
3017 5127 3115 5164 non
3161 5112 3339 5162 timebo
3365 5108 3490 5180 quid

1911 5213 2063 5287 faciat
2105 5208 2227 5266 mihi
2254 5223 2392 5261 caro.
2430 5205 2578 5260 Sicut
2620 5219 2718 5258 nec
2757 5203 2950 5266 aliena,
2991 5200 3066 5253 ita
3085 5215 3180 5254 nec
3211 5215 3349 5253 mea.
3390 5198 3490 5264 Qui

1911 5320 2037 5376 ergo
2066 5303 2116 5358 in
2145 5318 2202 5357 se
2242 5303 2356 5356 lucc
2397 5299 2534 5370 agit,
2563 5297 2689 5352 nihil
2732 5294 2894 5349 facit?
2915 5294 3130 5347 Multum
3176 5291 3298 5347 facit
3329 5309 3343 5343 :
3375 5307 3492 5344 ma-

1911 5410 2071 5468 gnum
2103 5403 2183 5449 est
2219 5392 2358 5464 quod
2384 5389 2525 5454 facit,
2545 5388 2634 5442 sed
2661 5398 2834 5442 tamen
2870 5401 2974 5439 non
3001 5383 3224 5454 perlicit.
3245 5381 3380 5448 Quid
3413 5394 3496 5437 est

1913 5489 2052 5542 enim
2087 5485 2381 5556 perlicere?
2405 5483 2501 5538 Ubi
2527 5493 2597 5536 est
2621 5524 2634 5546 ,
2665 5497 2799 5534 mors
2820 5521 2834 5543 ,
2866 5478 3114 5532 contentio
3161 5477 3286 5530 tua?
3334 5473 3490 5544 Ergo,

1927 5579 2062 5634 Velle
2089 5573 2287 5647 adjacet
2320 5576 2460 5640 mihi,
2510 5574 2746 5644 per/icere
2772 5581 2938 5624 autem
2965 5569 3148 5622 bonum
3183 5584 3302 5620 non.

1995 5675 2072 5728 l3.
2100 5671 2247 5724 Idem
2281 5678 2518 5723 tractatur
2554 5675 2922 5736 argumentum.
2969 5692 3032 5703 -
3063 5660 3180 5714 Non
3209 5661 3335 5713 enim
3363 5659 3494 5729 quod
