3850 6188
479 298 584 359 8'69

474 415 607 478 volo,
630 413 761 482 facio
779 410 986 471 bonum;
1005 405 1094 459 sed
1113 404 1244 475 quod
1264 403 1379 456 nolo
1397 401 1600 463 malum,
1618 399 1710 451 hoc
1729 412 1844 468 ago.
1868 396 1936 450 Et
1954 410 2041 450 re-

478 503 626 572 petit,
655 500 716 555 Si
733 509 896 551 autem
933 494 1065 566 quod
1091 495 1206 548 uolo
1229 508 1338 563 ego,
1355 491 1447 545 hoc
1473 490 1623 560 facio,
1647 488 1697 542 id
1725 496 1827 552 est,
1845 501 2043 541 conon-

477 595 621 662 pisco
639 609 651 654 ;
663 592 774 661 jam
798 605 903 646 non
921 605 1010 659 ego
1027 603 1207 656 opst-or
1231 585 1376 648 illud,
1405 584 1494 639 sed
1520 583 1574 636 id
1597 581 1730 649 quod
1767 582 1820 634 in
1844 596 1924 633 me
1947 580 2043 631 ha-

473 683 593 736 bitat
618 690 892 750 pet-coturni.
932 676 1142 731 Invenio
1179 692 1296 746 ergo
1329 675 1486 744 legem
1527 672 1648 725 mihi
1669 670 1850 724 volenti
1879 672 2046 739 facere

472 775 672 828 bonum.
738 772 937 826 [limum
978 772 993 804 ¹
1041 770 1251 824 invenio
1307 767 1518 836 legem;
1568 763 1764 816 bonum
1805 770 1894 815 est,
1925 761 2038 824 lex,

475 865 668 916 bonum
708 861 902 929 aliquid
952 869 1032 914 est
1071 860 1172 912 lex.
1228 857 1376 912 Unde
1423 852 1626 923 probo?
1670 852 1802 918 Quia
1856 851 2044 919 imple-

474 969 532 1007 re
596 954 738 1006 volo.
809 950 1016 1004 Invenio
1082 965 1200 1019 ergo
1273 947 1430 1017 legem
1479 945 1596 997 mihi
1647 943 1827 998 uolenti
1879 945 2043 1012 facere

472 1043 690 1105 bonum;
721 1043 955 1111 quoniam
1003 1041 1124 1092 inibi
1173 1039 1361 1092 malum
1399 1037 1617 1106 arljacet.
1661 1035 1728 1087 Et
1763 1032 1862 1086 hoc
1897 1031 2038 1084 milii.

472 1132 589 1187 Non
620 1133 760 1187 enim
787 1147 912 1186 caro
941 1146 1044 1184 non
1068 1145 1203 1190 mea,
1231 1138 1321 1182 aut
1347 1127 1412 1181 de
1439 1127 1537 1180 alia
1568 1123 1856 1178 substantia
1878 1137 2003 1176 caro
2021 1161 2038 1182 ,

471 1232 563 1276 aut
591 1223 656 1276 de
677 1223 780 1276 alio
805 1221 1067 1292 principio
1091 1234 1235 1282 caro,
1257 1227 1349 1271 aut
1368 1217 1540 1270 anima
1582 1231 1646 1269 ex
1686 1215 1814 1273 Deo.
1838 1222 1890 1264 et
1914 1227 2041 1264 caro

471 1312 538 1366 de
567 1323 724 1380 gente
755 1311 1106 1366 tenebrarum.
1141 1307 1582 1376 AbsitlLauguor
1603 1311 1856 1373 repugnat
1893 1300 2039 1355 sani-

473 1404 584 1456 tati.
619 1403 915 1457 Semivirus
936 1402 1075 1471 jacet
1107 1402 1156 1454 in
1186 1401 1265 1453 via
1295 1399 1442 1469 (Luc.
1478 1413 1534 1462 ι,
1569 1397 1681 1467 30),
1713 1404 1928 1450 curatur
1950 1393 2040 1446 ad-

473 1490 593 1553 huc,
610 1502 860 1544 sanantur
880 1506 1067 1544 omnes
1087 1491 1367 1558 languores
1388 1489 1501 1555 ejus
1523 1485 1694 1556 (Psal.
1712 1500 1802 1546 cu,
1822 1485 1899 1552 5).
1922 1482 2040 1536 Non

468 1583 601 1649 quod
624 1581 734 1634 volo
762 1596 893 1651 ago;
918 1580 1004 1632 sed
1027 1579 1158 1646 quod
1183 1577 1286 1640 odi,
1313 1576 1441 1631 illud
1469 1577 1618 1645 facio.
1643 1573 1700 1627 Si
1718 1585 1882 1626 autem
1908 1573 2040 1641 quod

469 1672 584 1723 nolo
611 1688 723 1739 ego,
743 1671 870 1723 illud
901 1669 1052 1739 facio;
1076 1669 1272 1720 invenio
1297 1684 1412 1736 ergo
1444 1669 1598 1735 legem
1627 1664 1804 1718 volenti
1821 1665 1941 1716 milii
1962 1668 2040 1733 fa-

469 1776 578 1812 cere
603 1761 807 1822 bonum,
825 1760 1058 1826 quoniam
1082 1759 1202 1809 milii
1219 1759 1403 1810 malum
1427 1757 1490 1807 tul
1487 1757 1641 1826 jacet.
1656 1755 1804 1822 Quod
1823 1754 2040 1807 malum?

539 1848 714 1903 CAPU
737 1850 762 1900 Γ
812 1847 877 1901 Χ.
908 1877 977 1888 -ο
1008 1849 1088 1900 H.
1137 1847 1278 1900 Idem
1323 1855 1566 1898 tractatur
1601 1854 2041 1913 argumentum.—

473 1941 802 1995 Coudelector
822 1942 951 1994 enim
992 1941 1088 2009 legi
1117 1939 1210 1992 Dei
1254 1939 1522 1993 secundum
1559 1938 1842 1992 interiorem
1881 1936 2038 1989 [torni-

469 2049 599 2085 nem.
636 2031 790 2084 Video
810 2032 962 2084 aliam
990 2033 1144 2101 legem
1171 2032 1220 2083 iu
1243 2030 1472 2083 membris
1497 2030 1617 2082 meis
1637 2068 1653 2094 ,
1679 2037 2040 2098 repugnantem

469 2122 566 2189 legi
587 2121 761 2174 mentis
788 2136 930 2184 tttt’tl’,
963 2130 1006 2173 et
1037 2123 1285 2189 captitum
1315 2136 1391 2172 uze
1425 2119 1683 2171 ducentem
1709 2119 1758 2170 in
1791 2121 1895 2188 lege
1924 2135 2040 2186 pec-

468 2213 585 2278 cati,
611 2229 720 2282 quo:
740 2222 808 2265 est
839 2213 887 2264 in
912 2211 1140 2264 membris
1164 2211 1281 2263 iuris
1301 2206 1618 2278 :captit'ttm,
1643 2208 1733 2262 sed
1756 2225 1820 2262 ex
1843 2224 2034 2272 carne;

468 2303 751 2371 captivum,
779 2302 871 2355 sed
901 2317 961 2356 ex
987 2310 1152 2370 ptrte.
1184 2300 1313 2354 Nam
1350 2315 1498 2352 mens
1525 2307 1808 2368 repugnat,
1839 2308 1890 2350 et
1911 2314 2040 2352 cou-

467 2394 759 2470 delectatur
788 2394 885 2462 legi
909 2393 1019 2446 Dei.
1051 2393 1137 2447 Sic
1166 2392 1306 2445 enim
1350 2391 1642 2458 intelligere
1668 2391 1924 2444 debemus
1946 2431 1960 2455 ,
1994 2389 2040 2444 si

468 2485 534 2540 de
559 2501 619 2540 se
645 2487 758 2554 ipso
787 2485 1068 2553 Apostolus
1089 2484 1335 2552 loquitur.
1361 2480 1475 2536 Jam
1517 2497 1642 2550 ergo
1667 2482 1712 2534 si
1745 2495 1895 2534 tuens
1934 2497 2038 2534 non

468 2576 732 2629 consentit
755 2586 967 2643 peccato
997 2574 1248 2637 titillanti,
1279 2574 1577 2642 suggerenti
1600 2614 1614 2636 ,
1640 2572 1962 2637 blandienti;
1993 2574 2038 2628 si

470 2682 620 2720 mens
642 2681 743 2720 non
772 2668 1053 2731 consentit,
1082 2663 1330 2735 quoniam
1354 2663 1510 2718 habet
1548 2664 1678 2718 alias
1709 2665 1928 2718 interius
1949 2664 2041 2718 de-

470 2758 780 2813 lectationes
811 2772 950 2818 suas,
981 2755 1416 2810 delectationibus
1436 2755 1609 2809 carnis
1630 2771 1691 2808 ex
1719 2755 1860 2808 nulla
1891 2765 2039 2823 parte

471 2846 820 2902 conferendas
847 2865 859 2900 :
891 2847 934 2900 si
956 2861 1080 2915 ergo
1104 2860 1205 2899 non
1227 2846 1507 2909 consentit,
1531 2855 1582 2898 et
1603 2854 1681 2898 est
1708 2845 1756 2897 in
1784 2860 1867 2898 me
1889 2844 2040 2912 quid-

468 2938 589 2993 dam
621 2949 906 3004 mortuum,
935 2948 986 2992 et
1008 2937 1252 3008 quiddam
1282 2937 1500 3001 vivum’,
1535 2951 1677 2990 mors
1711 2936 1883 2989 adhuc
1909 2951 2038 2990 eou-

472 3032 656 3097 tendit,
689 3030 782 3085 svd
819 3045 968 3084 mens
1011 3031 1124 3083 viva
1167 3043 1270 3082 non
1297 3028 1578 3082 consentit.
1630 3027 1890 3096 Numquid
1930 3028 2038 3096 ipsa

471 3138 616 3178 mors
658 3138 761 3175 non
790 3131 868 3175 est
914 3121 962 3174 in
1014 3119 1106 3174 te?
1129 3119 1395 3188 Numquid
1428 3118 1553 3172 illtul
1597 3117 1734 3188 quod
1777 3128 2039 3172 mortuum

469 3223 588 3278 est,
617 3227 720 3266 non
760 3211 988 3280 pertinet
1032 3209 1096 3263 ad
1129 3209 1219 3264 te?
1261 3207 1448 3263 Adhuc
1493 3207 1584 3262 tibi
1632 3216 1713 3262 est
1751 3208 2037 3261 contentio.

469 3303 602 3372 Quid
632 3303 790 3358 etiam
813 3302 933 3356 inde
957 3300 1273 3371 sperandum
1302 3299 1422 3353 est?

543 3395 626 3448 15.
657 3391 800 3448 Idem
818 3401 1059 3445 tractatur
1091 3399 1536 3461 argumentum.—
1566 3386 1722 3441 Miser
1739 3404 1826 3458 ego
1857 3389 2000 3440 homo
2025 3402 2043 3439 :

469 3483 565 3539 etsi
597 3499 703 3536 non
732 3482 781 3536 in
817 3490 992 3536 mente
1013 3522 1027 3545 ,
1063 3490 1235 3534 tamen
1267 3479 1317 3532 in
1347 3492 1506 3532 carne
1531 3478 1690 3530 miser
1713 3477 1890 3529 hoino.
1928 3477 2040 3530 Non

469 3576 610 3630 cuitu
651 3575 702 3628 in
739 3581 916 3629 mente
964 3572 1156 3635 homo,
1185 3579 1238 3625 et
1276 3571 1326 3624 in
1370 3584 1528 3622 carne
1555 3584 1656 3621 non
1709 3568 1888 3620 homo.
1915 3566 2042 3634 Quis

469 3665 610 3718 enim
644 3679 870 3732 unquam
918 3677 1130 3715 carnem
1181 3675 1328 3713 suam
1374 3659 1495 3711 odio
1540 3657 1718 3711 habuit
1749 3656 2040 3727 (Ει)Ιιι’.ς.ν,

469 3757 600 3827 29)?
634 3757 786 3810 Miser
824 3773 912 3826 rgo
939 3757 1110 3819 ltomo,
1131 3756 1239 3824 quis
1266 3770 1342 3806 me
1364 3752 1587 3806 liberabit
1604 3751 1664 3804 de
1685 3767 1892 3819 corpore
1911 3766 2046 3803 mor-

472 3849 534 3902 tis
579 3845 764 3917 hujus?
787 3846 922 3913 Quid
970 3855 1049 3898 est
1099 3846 1232 3908 hoc,
1265 3842 1492 3896 fratres?
1521 3841 1678 3909 Quasi
1715 3857 1895 3895 carere
1934 3841 2044 3895 \‘llli.

471 3952 710 4008 corpore.
743 3936 876 4004 Quid
907 3933 1151 3989 festinas?
1179 3933 1233 3989 Si
1259 3943 1458 3987 tantum
1483 3933 1553 3986 ibi
1578 3939 1661 3985 est
1689 3931 1906 3985 intentio
1934 3942 2060 3995 tua,

471 4036 529 4082 ttt
553 4042 774 4095 corpore
801 4041 1010 4089 careas;
1042 4040 1184 4078 mors
1205 4023 1519 4093 quandoque
1541 4032 1756 4074 ventura
1786 4030 1884 4085 est,
1913 4029 1968 4074 et
1992 4029 2042 4073 te

469 4118 536 4172 ab
559 4118 656 4171 isto
681 4132 903 4186 corpore
933 4116 1117 4169 mortis
1141 4114 1254 4168 dies
1293 4113 1581 4167 adveniens
1615 4111 1829 4164 ultimus
1857 4110 2038 4179 procul

468 4209 630 4264 dubio
679 4209 937 4264 liberabit.
967 4206 1102 4275 Quid
1141 4215 1224 4261 est
1269 4204 1409 4275 quod
1459 4219 1558 4274 pro
1601 4218 1792 4272 magno
1832 4200 2043 4271 gemis?

469 4304 601 4371 Quid
633 4313 713 4356 est
734 4304 872 4372 quod
899 4303 1052 4367 dicis,
1079 4301 1203 4368 Quis
1221 4317 1297 4354 me
1317 4300 1577 4355 liberabit?
1600 4299 1832 4353 Mortalis
1859 4299 2040 4368 laque-

469 4395 561 4456 ris,
613 4393 897 4445 moriturus
935 4392 1186 4461 loqueris.
1243 4390 1516 4458 Separatio
1566 4390 1756 4443 utentis
1801 4405 1830 4442 a
1882 4405 2042 4444 carne

466 4483 782 4554 quandoque
807 4491 1021 4535 ventura
1043 4491 1124 4536 est
1147 4498 1159 4533 :
1195 4489 1407 4550 propter
1436 4479 1743 4534 brevitatem
1767 4481 1885 4534 vita:
1908 4497 2041 4534 ttttu-

467 4590 623 4645 quam
673 4575 824 4642 longe
871 4581 984 4633 est;
1013 4580 1227 4641 prapter
1264 4571 1598 4637 quotidianos
1639 4587 1790 4625 casus
1829 4571 2040 4642 quando

467 4667 554 4730 sit,
580 4664 770 4718 nescis.
802 4664 939 4732 Ergo
967 4664 1079 4718 sive
1109 4661 1344 4726 festines,
1369 4663 1478 4717 sive
1509 4661 1708 4727 tardes,
1739 4662 1912 4716 onmis
1933 4664 2037 4717 vita

467 4756 693 4808 humana
712 4754 884 4808 brevis
907 4761 989 4806 est
1017 4771 1029 4806 :
1063 4753 1185 4823 quid
1219 4768 1312 4822 pro
1354 4767 1542 4822 magno
1569 4752 1736 4822 gemis
1757 4793 1772 4818 ,
1804 4762 1858 4807 et
1885 4754 2037 4817 dicis,

469 4846 596 4915 Quis
623 4863 700 4900 me
724 4845 945 4900 liberabit
971 4845 1032 4898 de
1060 4862 1266 4913 corpore
1295 4846 1466 4898 mortis
1488 4845 1676 4913 hujus?

533 4937 757 4994 CAPUT
797 4935 885 4992 XI.
915 4967 988 4978 -—-
1016 4935 1101 4991 16.
1133 4935 1200 4989 In
1237 4935 1594 4989 resurrectione
1627 4933 1723 4988 soli
1752 4934 1885 5005 justi
1913 4933 2038 4987 libe-

465 5040 644 5082 rantur
668 5028 730 5081 de
757 5043 966 5098 corpore
987 5027 1182 5080 mortis.
1223 5026 1284 5080 Et
1323 5024 1560 5095 adjungit
1587 5041 1599 5076 :
1631 5023 1806 5078 Gratia
1836 5021 1931 5076 Dei
1952 5039 2040 5093 per

463 5120 637 5174 Iesum
676 5119 927 5174 Christum
975 5117 1244 5172 Dominum
1275 5128 1516 5171 nostrum.
1553 5116 1745 5186 Pagani
1777 5115 1917 5170 cuitu
1947 5114 2038 5185 qui

464 5227 568 5266 non
593 5212 789 5265 habent
821 5211 1040 5282 gratiam
1075 5210 1166 5264 Dei
1205 5225 1298 5278 per
1328 5208 1508 5264 Jesum
1551 5207 1818 5262 Christum
1864 5207 2040 5260 Domi-

467 5319 588 5357 num
634 5310 868 5357 nostrum
895 5343 910 5367 ,
958 5317 1060 5354 non
1103 5298 1434 5355 morientur?
1472 5313 1573 5352 non
1611 5297 1923 5366 quandoque
1953 5297 2039 5352 die

466 5395 650 5449 ultimo
677 5410 706 5448 a
736 5409 895 5449 carne
919 5392 1227 5448 solventur?
1249 5407 1349 5445 non
1379 5391 1469 5444 illo
1490 5390 1575 5444 die
1593 5405 1620 5442 a
1644 5405 1865 5458 corpore
1894 5406 2037 5444 mor-

465 5486 531 5539 tis
571 5486 726 5557 hujus
763 5484 1158 5539 liberabuntur?
1187 5483 1262 5537 Tu
1301 5482 1422 5554 quid
1445 5491 1526 5537 est
1545 5481 1683 5551 quod
1727 5497 1822 5550 pro
1851 5497 2038 5550 magno

528 5596 547 5627 ⁸
570 5602 698 5654 Mss,
725 5607 915 5647 Bonam.

525 5654 547 5685 ¹
570 5667 668 5706 Am.
692 5663 763 5705 Fr.
791 5663 841 5706 et
863 5664 966 5705 uss.
991 5665 1155 5707 carent
1177 5657 1251 5705 bis
1273 5659 1449 5716 verbis,
1474 5663 1518 5707 et
1542 5655 1775 5713 quiddam
1800 5657 1966 5706 l'lt‘ttm.

1713 286 1770 341 S.
1814 280 2177 339 AUGUSTINI
2217 281 2514 339 EPISCOPI
3562 309 3641 364 8ίο

2151 396 2332 463 gratim
2372 398 2461 450 Dei
2503 413 2597 467 per
2633 398 2810 452 Jesum
2852 399 3116 454 Christum
3161 400 3410 461 Dominum
3449 423 3642 470 nostrum

2152 488 2230 538 vis
2258 487 2506 550 tribuere,
2527 489 2647 557 quia
2663 490 2731 542 dc
2747 505 2972 561 corpore
2993 494 3177 547 mortis
3197 493 3340 561 hujus
3357 497 3642 558 liberaherisi

2156 578 2462 647 ReSpondet
2509 580 2599 633 tibi
2646 582 2954 650 Apostolus,
2980 583 3023 635 si
3051 598 3254 637 sensum
3291 587 3395 654 ejus
3430 595 3642 660 eejtiuuts,

2153 671 2259 722 imo
2283 669 2403 738 quia
2451 670 2675 724 Domino
2721 671 3039 738 adjuvante,
3073 674 3184 726 sine
3228 675 3376 731 dubio
3417 683 3640 750 cepimus;

2151 761 2437 830 respondet
2466 763 2554 816 tibi
2586 764 2888 832 Apostolus,
2920 773 2974 818 et
2999 765 3128 817 dicit
3155 782 3166 816 :
3194 766 3310 819 Scio
3341 770 3453 837 quid
3480 772 3644 842 loquar.

2153 853 2387 920 Paganos
2425 854 2560 906 dicis
2593 855 2805 908 liberari
2844 869 2873 908 a
2903 869 3125 923 corpore
3173 858 3346 911 mortis
3372 858 3644 932 hujus,quia

2152 945 2326 996 veniet
2347 945 2460 998 dies
2489 944 2703 998 ttltimus
2747 945 2866 997 vita:
2895 945 3076 1013 hujus,
3103 954 3155 999 et
3185 947 3435 1001 solventur
3458 951 3514 1003 ad
3537 961 3643 1005 tem-

2152 1048 2246 1100 pus
2271 1049 2299 1084 a
2328 1049 2552 1100 corpore
2595 1035 2778 1088 mortis
2817 1035 2991 1100 hujus.
3042 1035 3225 1088 Veniet
3264 1047 3314 1089 et
3337 1036 3457 1100 dies,
3483 1043 3646 1105 quando

2151 1139 2322 1175 omnes
2349 1124 2438 1193 qui
2463 1134 2577 1176 sunt
2603 1125 2655 1176 in
2704 1124 3030 1176 monumentis
3057 1125 3256 1177 audient
3299 1141 3446 1179 vorent
3471 1128 3590 1195 ejus;
3612 1141 3648 1182 et

2151 1215 2416 1281 precedent
2460 1216 2544 1281 qui
2572 1214 2702 1266 bona
2740 1215 2961 1281 fecerunt
2981 1253 2995 1278 ,
3025 1215 3078 1265 in
3121 1217 3502 1268 resurrectionem
3525 1219 3649 1271 vita:

2149 1320 2272 1359 ecce
2307 1305 2512 1360 liberati
2541 1321 2570 1358 a
2608 1321 2831 1376 corpore
2870 1306 3053 1358 mortis
3084 1304 3253 1372 hujus.
3284 1305 3377 1372 Qui
3401 1309 3517 1360 mala
3547 1310 3647 1376 {rce-

2149 1409 2282 1461 runt,
2304 1400 2355 1452 in
2379 1400 2780 1453 resurrectionem
2807 1399 2989 1468 judicii
3013 1396 3188 1465 (Joan.
3222 1413 3250 1447 ν
3269 1439 3283 1460 ,
3307 1397 3393 1461 28,
3412 1397 3494 1468 29)
3519 1417 3530 1450 :
3555 1415 3650 1454 ecce

2149 1487 2420 1541 redierunt
2445 1487 2507 1540 ad
2537 1503 2726 1555 corpus
2755 1487 2936 1540 mortis
2967 1486 3140 1555 hujus.
3173 1486 3368 1554 Corpus
3392 1488 3551 1541 mortis
3572 1487 3647 1540 htt-

2141 1577 2230 1644 jus
2275 1577 2410 1630 redit
2450 1576 2516 1630 ad
2562 1577 2810 1644 impium,
2837 1591 2936 1630 nec
2969 1576 3090 1630 inde
3127 1577 3400 1646 aliquando
3445 1578 3650 1631 solvetur.

2147 1667 2293 1719 Tunc
2337 1681 2438 1719 non
2483 1669 2585 1721 erit
2613 1668 2716 1720 t’ila
2751 1678 2980 1730 aeterna,
3011 1667 3104 1721 sed
3152 1682 3293 1721 mors
3329 1670 3651 1736 teterna,qnia

2147 1772 2300 1824 pinna
2329 1767 2523 1811 aeterna
2535 1799 2547 1810 .

2199 1829 2439 1903 ‘CAPUT
2479 1850 2590 1904 XII.
2619 1879 2690 1890 ο·-
2715 1851 2794 1904 i7.
2828 1849 3022 1921 Corpus
3047 1860 3331 1905 sanctorum
3355 1861 3454 1919 post
3476 1867 3656 1904 resurre-

2145 1940 2355 1992 ctionem
2377 1941 2654 1993 immortale
2690 1940 2766 1994 Tu
2791 1951 2985 2006 autem,
3007 1957 3038 1994 ο
3059 1942 3374 2004 Christiane,
3395 1956 3504 2010 roga
3521 1957 3655 2010 quatt-

2147 2040 2254 2084 tum
2287 2041 2465 2099 potes,
2500 2031 2733 2086 exclama
2763 2041 2814 2084 tt
2844 2032 2926 2084 die
2957 2049 2971 2086 :
3002 2030 3164 2085 Miser
3188 2047 3275 2102 ego
3308 2033 3462 2094 homo,
3486 2032 3658 2098 quisue

2147 2120 2373 2174 liberabit
2405 2122 2466 2178 tle
2491 2137 2700 2190 corpore
2732 2121 2904 2174 mortis
2945 2121 3133 2190 hujus?
3175 2121 3517 2189 Respondetur
3549 2120 3655 2172 tibi:

2145 2229 2364 2268 securus
2392 2213 2643 2277 eiiicer‘ts,
2673 2229 2777 2266 non
2817 2212 2882 2267 de
2911 2223 2980 2277 te,
3011 2213 3104 2268 sed
3133 2213 3206 2267 de
3235 2214 3441 2266 Domino
3466 2222 3569 2270 tuo:
3592 2225 3658 2264 se-

2144 2319 2302 2358 Cttt‘tts
2327 2303 2552 2357 elliceris
2577 2305 2642 2356 de
2671 2305 2886 2373 pignore
2916 2313 3022 2357 tuo.
3066 2302 3237 2372 Spera
3264 2318 3378 2357 cum
3403 2301 3662 2356 Christore-

2145 2414 2304 2468 gnum
2333 2397 2550 2461 Christi,
2594 2399 2701 2465 jam
2741 2398 2927 2468 pignus
2962 2407 3112 2453 tenes
3157 2395 3451 2466 sanguinem
3487 2393 3658 2447 Christi.

2147 2490 2263 2554 Dic,
2294 2489 2398 2547 die.
2433 2489 2558 2552 Quis
2584 2505 2660 2540 me
2685 2487 2908 2540 liberabit
2934 2487 2996 2540 tle
3020 2503 3238 2557 corpore
3261 2486 3424 2538 mortis
3445 2483 3658 2554 hujusiut

2147 2579 2530 2649 respondeatur
2555 2578 2668 2641 tibi,
2695 2577 2870 2633 Gratia
2901 2577 2992 2630 Dei
3015 2594 3101 2646 pcr
3129 2577 3307 2630 Jesum
3331 2575 3557 2630 Christum
3583 2571 3663 2624 Do-

2147 2672 2335 2724 minum
2363 2679 2607 2724 nostrum.
2637 2669 2753 2724 Non
2784 2669 2926 2723 enim
2950 2672 3026 2721 sic
3068 2667 3378 2722 liln-r.aberis
3403 2667 3464 2720 de
3485 2678 3663 2733 corpore

2145 2762 2330 2816 mortis
2355 2761 2531 2830 hujus,
2557 2770 2614 2814 ut
2635 2761 2734 2815 hoc
2753 2775 2944 2829 corpus
2969 2775 3075 2813 non
3101 2758 3322 2815 habeas.
3352 2756 3574 2820 Habebis,
3595 2752 3664 2806 5rd

2140 2852 2250 2922 jam
2276 2867 2380 2907 non
2405 2852 2589 2906 mortis
2613 2850 2786 2921 hujus.
2811 2851 2984 2921 Ipsum
3006 2851 3135 2918 erit,
3165 2851 3259 2905 sed
3285 2865 3384 2903 non
3406 2849 3553 2917 ipsum
3571 2844 3664 2898 erit.

2147 2944 2321 3014 Ipsum
2353 2944 2474 3007 erit,
2507 2944 2626 3012 quia
2654 2944 2764 3011 ipsa
2790 2957 2914 2996 caro
2941 2942 3041 2995 erit
3071 2959 3085 2995 :
3119 2958 3227 2996 non
3257 2942 3422 3009 ipsum
3448 2940 3552 2999 erit,
3573 2936 3667 3004 quia

2149 3034 2369 3088 mortale
2395 3050 2500 3088 non
2521 3034 2640 3086 erit.
2668 3031 2775 3096 Sic,
2802 3033 2877 3086 sic
2900 3032 3218 3088 liberaberis
3240 3049 3269 3084 a
3296 3045 3502 3100 corpore
3523 3026 3667 3081 mortis

2149 3126 2323 3193 hujus,
2356 3136 2411 3180 ut
2438 3124 2658 3180 mortale
2687 3125 2786 3178 hoc
2808 3123 2985 3178 induat
3019 3124 3486 3180 immortalitatem.
3509 3129 3554 3174 et
3573 3134 3666 3172 cur-

2149 3217 2390 3284 rnptibile
2410 3217 2506 3269 hoc
2532 3216 2710 3270 induat
2732 3215 3209 3284 ineorruptitntetn.
3231 3215 3268 3268 A
3289 3213 3411 3281 quo?
3431 3227 3510 3280 per
3527 3204 3667 3278 quem?

2148 3308 2322 3362 Gratia
2368 3306 2482 3370 Dei,
2525 3325 2612 3374 per
2645 3305 2823 3360 Iesum
2866 3307 3127 3361 Clu-istum
3171 3306 3436 3360 Dominum
3469 3310 3666 3356 nostrum.

2149 3401 2280 3464 Quia
2313 3415 2402 3468 per
2427 3414 2580 3450 unum
2613 3397 2862 3450 hominem
2895 3412 3061 3462 mors,
3089 3406 3147 3450 et
3173 3413 3263 3467 per
3292 3411 3439 3449 unum
3469 3391 3668 3446 hominem

2148 3490 2440 3543 resurrectio
2463 3499 2788 3540 mortuorum.
2814 3487 2956 3542 Sicut
2973 3488 3025 3540 in
3041 3487 3215 3540 Adam
3231 3502 3396 3540 omnes
3414 3483 3670 3537 moriuntur:

2150 3579 2269 3633 inde
2297 3589 2374 3632 est
2397 3580 2535 3648 quod
2561 3579 2748 3648 gentis.
2780 3577 2844 3630 In
2871 3577 3034 3630 Adam
3057 3594 3239 3632 omnes
3267 3577 3563 3630 moriuntur:
3582 3570 3672 3623 inde

2147 3681 2229 3725 est
2261 3672 2400 3740 quod
2430 3672 2626 3740 gentis,
2657 3669 2776 3724 inde
2809 3681 2887 3723 est
2914 3670 3054 3738 quod
3081 3685 3212 3724 cum
3249 3677 3414 3724 morte
3453 3662 3669 3730 conﬂigiS.

2150 3763 2270 3816 inde
2293 3771 2375 3816 est
2399 3777 2594 3830 corpus
2616 3761 2798 3814 mortis
2816 3759 2991 3828 hujus.
3019 3759 3133 3814 Sed
3156 3761 3286 3814 sicut
3302 3761 3355 3812 in
3381 3758 3529 3811 Adam
3545 3766 3673 3805 omnes

2150 3854 2449 3914 moriuntur,
2479 3853 2550 3904 sic
2574 3861 2619 3904 et
2641 3853 2691 3904 in
2713 3849 2912 3904 Christo
2934 3867 3106 3903 omnes
3133 3851 3504 3916 viviﬁcabuntur
3526 3844 3558 3913 (Ι
3583 3840 3670 3896 Cor.

2149 3960 2233 4006 sv,
2259 3944 2347 4007 2|,
2379 3941 2493 4011 22).
2532 3942 2865 3996 Vivit’icatus‘
2905 3951 3131 4010 accepto
3157 3957 3384 4011 corpore
3412 3934 3672 3993 immortali.

2149 4038 2232 4089 ubi
2261 4037 2426 4096 dicas,
2463 4035 2560 4089 Ubi
2597 4045 2688 4100 est,
2713 4021 2844 4088 mors
2863 4075 2877 4099 ,
2901 4036 3157 4088 contentio
3194 4035 3323 4088 tua?
3349 4033 3576 4087 liberatus
3596 4025 3672 4078 erit

2146 4147 2173 4184 a
2208 4145 2430 4196 corpore
2469 4128 2656 4182 mortis
2683 4129 2836 4194 hujus
2864 4145 2876 4180 :
2909 4142 3011 4180 non
3043 4137 3226 4182 tamen
3265 4127 3448 4180 tirtutc
3481 4133 3578 4182 tua,
3607 4114 3672 4169 srd

2145 4222 2308 4292 gratia
2333 4219 2422 4272 Dei
2449 4236 2532 4281 per
2551 4219 2722 4272 Iesum
2748 4217 2997 4274 Christum
3023 4217 3308 4272 Dominum
3330 4227 3551 4270 nostrum.
3571 4210 3670 4264 Cet;-

2145 4312 2285 4367 versi
2312 4311 2376 4365 ad
2408 4311 2704 4374 Dominum,
2735 4319 2838 4367 etc.

2650 4401 2877 4458 SERMO
2912 4402 3077 4457 CLV"
3112 4404 3214 4476 (a).

2149 4495 2223 4549 De
2250 4497 2408 4550 verbis
2439 4496 2684 4564 Apostot'i,
2717 4495 2861 4548 Rom.
2891 4511 3000 4558 vui,
3033 4497 3111 4549 l-l
3132 4498 3176 4557 l,
3203 4494 3359 4549 Nulla
3385 4506 3503 4562 ergo
3519 4483 3669 4543 contie-

2217 4587 2415 4640 mnatio
2456 4595 2537 4640 est
2563 4601 2702 4640 nunc
2725 4586 2806 4640 his
2823 4587 2909 4654 qui
2943 4597 3066 4638 sunt
3099 4586 3154 4639 in
3176 4584 3394 4640 Christo
3419 4583 3551 4642 Jesu.
3580 4585 3668 4634 ιιιοι

2215 4677 2397 4732 Contra
2431 4677 2728 4747 Pelagianos
2759 4677 2855 4746 (b).

2319 4769 2513 4818 Habitus
2533 4769 2581 4818 in
2597 4766 2788 4817 basilica
2810 4774 2880 4817 ss.
2906 4773 3157 4829 Martyrum
3178 4765 3528 4817 Scillitmsorum.

2215 4853 2436 4908 CAPUT
2477 4851 2756 4906 PRIMUM.
2803 4880 2854 4890 σ-
2883 4852 2931 4906 i.
2962 4851 3384 4921 Coucupiscentia
3410 4864 3496 4902 cur
3517 4849 3677 4898 vocem

2839 5032 2980 5086 beris.

2210 5041 2226 5072 ί
2252 5038 2472 5100 Plerique
2492 5044 2618 5095 Mss,
2643 5033 2741 5087 Viri

2764 5132 2780 5146 .
2801 5098 2881 5147 ob.
2902 5095 2934 5144 l'.
2964 5095 3020 5145 is.
3041 5108 3089 5159 ε.
3131 5095 3194 5144 lr.
3220 5109 3287 5146 ω.
3314 5106 3386 5158 pr.
3407 5105 3492 5143 rm.
3515 5089 3583 5140 vd.
3601 5098 3680 5136 Αιιι.

2208 5101 2222 5119 ‘
2241 5097 2446 5150 Collatus
2467 5112 2575 5148 cum
2599 5101 2679 5148 hu.

2143 5170 2216 5212 Er.
2249 5171 2348 5211 Par.
2385 5167 2493 5209 Lor.

2226 5225 2278 5288 (ι)
2302 5221 2440 5288 Alias,
2465 5223 2528 5273 de
2543 5221 2716 5288 Yet-bis
2739 5218 2940 5282 Apostoli
2963 5218 3010 5288 ti:

2227 5273 2277 5348 [ἡ
2301 5273 2439 5348 Plura
2461 5273 2635 5348 exhoc
2654 5273 2882 5348 sermone
2918 5279 3115 5348 collegit
3154 5278 3282 5328 Beda
3321 5278 3528 5348 adnom.‘
3543 5288 3622 5348 ".11
3631 5273 3683 5348 ξι

2143 5330 2387 5397 Flortisad
2411 5330 2629 5394 eamdem
2653 5345 2796 5404 Epist.
2823 5351 2875 5394 et
2907 5330 2967 5392 ad
2999 5330 3143 5390 Hebr.
3171 5355 3258 5404 3n.
3286 5341 3496 5404 (animum
3515 5338 3558 5384 in

2146 5410 2504 5470 licaMartyrum
2525 5401 2870 5470 scillitauorum
2891 5405 3034 5454 docet
3067 5401 3304 5470 prgel‘txus
3326 5401 3479 5470 eidem
3502 5402 3678 5470 quiq?!

2146 5469 2312 5520 titulus
2334 5461 2387 5516 iri
2406 5468 2558 5517 veteri
2577 5467 2740 5516 codice
2765 5473 2967 5515 Romano
2987 5461 3478 5515 PPICisterciensium
3496 5461 3683 5507 suum

2146 5532 2193 5580 in
2216 5528 2478 5580 Jerusalem
2501 5529 2564 5577 de
2589 5530 2727 5577 tirbe.
2748 5535 2857 5577 Haec
2877 5536 3132 5588 vero,qu:e
3151 5524 3280 5588 apud
3293 5521 3680 5588 Cardtaginemt}?

2145 5597 2319 5650 stabat,
2343 5590 2536 5640 basilica
2559 5588 2776 5640 laudatur
2798 5602 2827 5639 a
2856 5582 3056 5648 Victore;
3079 5585 3128 5634 in
3155 5582 3280 5635 libro
3303 5586 3450 5647 primo
3463 5582 3521 5628 de
3542 5583 3680 5626 tersa-

2146 5657 2335 5702 cutione
2362 5650 2622 5700 \‘anclallca.
