3850 6188
201 376 295 435 841
1618 358 1781 417 δειιι

1889 359 1970 414 σι,
1982 361 2037 415 Υ.

200 498 477 561 peccatum.
505 485 770 539 Peccatum
788 480 1035 551 quomodo
1060 493 1266 548 regnum
1289 476 1491 530 amittit.
1521 473 1776 528 Hesterna

202 581 352 637 latio
387 578 560 632 santui
589 574 830 645 Apostoli
864 584 928 627 eo
952 585 1117 640 usque
1144 567 1421 624 terminata
1447 573 1549 629 est,
1581 563 1667 618 ubi
1696 562 1777 617 di.

200 684 339 729 ctum
364 679 486 725 est:
518 667 683 739 Igitur
714 666 822 734 ipse
849 680 939 735 ego
968 672 1133 717 mente
1159 660 1318 716 servio
1358 660 1455 731 legi
1474 658 1599 725 Dei,
1632 673 1781 710 carne

200 771 363 816 autem
405 760 505 829 legi
544 756 754 828 peccati.
790 753 846 809 lu
880 769 981 822 qua
1021 751 1363 807 conclusione
1401 747 1786 804 demonstravit

201 852 509 923 ApoStOIus.
536 849 602 902 ad
632 848 732 902 hoc
760 861 819 901 se
846 845 1045 900 dixisse
1069 859 1187 914 qua:
1210 856 1371 911 supra
1409 840 1635 903 dixerat,
1660 836 1779 890 Iam

201 962 295 999 non
312 960 406 1013 ego
422 956 608 1011 operor
630 938 778 1001 illud,
805 936 892 993 sed
911 937 965 988 id
986 934 1192 1006 quodin
1214 949 1292 987 me
1311 933 1503 985 habitat
1524 938 1781 1000 peccatum

200 1034 373 1104 (Rom.
416 1047 512 1097 vn,
543 1029 635 1097 25,
664 1029 759 1097 30)
783 1044 797 1086 ;
827 1028 948 1097 quia
980 1040 1086 1080 non
1114 1032 1290 1078 mente
1314 1020 1631 1091 operabatur
1656 1033 1781 1073 eon-

196 1124 516 1188 sentiendo,
556 1120 651 1175 sed
676 1136 840 1174 carne
880 1115 1322 1187 concupiscendo.
1356 1114 1469 1169 iloc
1490 1113 1630 1169 enim
1662 1126 1783 1181 pec-

197 1217 293 1272 cati
320 1216 546 1271 nomine
583 1211 834 1281 appellat,
866 1207 1270 1263 unde‘orinntur
1305 1214 1493 1260 cuncta
1529 1211 1739 1273 peccata
1763 1241 1778 1266 ,

199 1307 246 1363 id
271 1317 390 1367 est.
421 1321 487 1360 ex
514 1303 716 1359 carnali
742 1298 1194 1370 concupiscentia.
1226 1294 1491 1365 Quidquid
1530 1295 1670 1349 enim
1701 1301 1783 1346 est

198 1408 542 1470 peccatorum
572 1397 622 1449 in
650 1395 828 1457 dictis,
862 1394 912 1446 in
941 1391 1113 1455 factis,
1139 1391 1193 1445 in
1213 1386 1645 1459 cognationibus,
1673 1399 1779 1438 non

195 1489 513 1545 exoriuntur
541 1486 640 1540 nisi
682 1500 746 1539 ex
786 1483 923 1538 mala
966 1480 1290 1550 cupiditate,
1330 1493 1438 1539 non
1471 1477 1784 1531 exoriuntur
1842 1486 1849 1491 ·

192 1578 293 1633 nisi
320 1594 393 1632 ex
426 1577 606 1631 illicita
625 1574 997 1630 delectatione.
1025 1571 1157 1625 lluic
1184 1583 1313 1638 ergo
1337 1568 1531 1622 illicitae
1555 1565 1783 1620 delecta-

195 1668 321 1722 tioni
355 1668 404 1722 si
437 1665 778 1729 resistamus,
805 1663 851 1718 si
880 1677 983 1716 non
1011 1660 1436 1724 consentiamus,
1465 1658 1510 1712 si
1543 1654 1780 1711 membra

196 1760 343 1815 velut
369 1773 525 1813 arma
549 1774 651 1812 nou
678 1756 1073 1820 ministremus;
1098 1769 1203 1808 non
1225 1760 1409 1821 regnat
1435 1759 1706 1820 peccatum
1729 1749 1781 1804 in

193 1862 385 1907 nostro
415 1850 628 1906 mortali
659 1850 906 1918 corpore.
934 1847 1215 1902 Peccatum
1238 1843 1383 1899 enim
1417 1850 1541 1896 ante
1558 1855 1779 1911 regnum

196 1942 393 2014 perdit,
422 1953 481 1997 et
506 1941 584 1996 sic
604 1941 756 2010 perit.
781 1938 839 1993 In
871 1938 969 1992 hac
986 1950 1115 2006 ergo
1141 1936 1265 1995 vita,
1297 1942 1550 2003 quantum
1572 1931 1638 1985 ad
1660 1945 1784 1985 san-

189 2044 302 2090 ctos
334 2034 570 2098 attinet,
600 2045 823 2101 regnum
855 2027 1058 2099 perdit,
1088 2027 1139 2081 in
1171 2024 1273 2080 alia
1317 2024 1471 2094 perit.
1496 2022 1599 2077 Hic
1638 2021 1780 2077 enim

195 2142 422 2199 regnum
451 2124 659 2196 perdit,
695 2121 908 2194 quando
934 2130 1059 2190 post
1089 2115 1546 2187 concupiscendus
1574 2122 1782 2168 nostras

195 2235 293 2275 non
321 2221 477 2274 imus
506 2230 529 2272 ιθ
556 2218 625 2272 ibi
654 2226 832 2271 autem
876 2212 1031 2282 perit,
1062 2208 1275 2281 quando
1300 2207 1522 2267 dicetur.
1571 2204 1667 2258 Ubi
1686 2213 1778 2272 est,

194 2329 323 2367 mors
340 2352 360 2376 ,
390 2309 643 2369 contentio
669 2316 756 2360 tua
775 2307 799 2360 .’
1060 2346 1064 2350 .

257 2401 348 2456 CA
362 2399 500 2455 PUT
541 2397 602 2452 Il.
625 2428 693 2438 —
716 2396 771 2450 2.
817 2391 1081 2462 Quomodo
1109 2391 1161 2444 in
1200 2389 1385 2443 sanctis
1406 2386 1555 2441 nulla
1580 2384 1660 2437 hic
1686 2385 1780 2436 da-

191 2495 406 2547 iunctio.
464 2492 604 2559 l-ngo
643 2502 763 2542 cum
804 2486 1023 2540 dixisset
1057 2479 1381 2550 Apostolus,
1418 2476 1589 2530 Mente
1624 2474 1783 2529 servio

193 2587 285 2657 tegi
306 2584 439 2650 Dei,
473 2596 623 2635 carne
646 2588 810 2633 autem
838 2576 936 2648 legi
964 2572 1187 2645 peccati;
1217 2585 1319 2625 non
1349 2566 1524 2635 dando
1545 2564 1782 2622 membra

192 2671 602 2729 committendis
624 2667 1007 2739 iniquitatibus,
1041 2665 1136 2719 sed
1168 2670 1371 2718 tantum
1404 2658 1786 2727 concupiscen-

188 2768 276 2833 do,
301 2781 415 2822 nec
447 2774 625 2819 tamen
656 2761 851 2815 illicita:
879 2754 1322 2826 concupiscentiae
1352 2763 1541 2805 manus
1567 2746 1780 2805 dando:

192 2876 311 2931 ergo
333 2874 470 2914 cum
498 2856 748 2918 dixisset,
782 2850 950 2906 Mente
973 2848 1130 2904 seruio
1157 2847 1255 2918 legi
1285 2845 1378 2899 Dei
1394 2886 1408 2909 ,
1441 2858 1591 2899 carne
1617 2849 1784 2895 autem

191 2952 282 3022 legi
304 2948 543 3019 peccati;
575 2943 799 3014 subjecit
828 2952 881 2997 ct
908 2942 1002 3006 ait,
1025 2938 1073 2993 Ν
1082 2938 1189 2993 ulla
1207 2954 1324 3007 ergo
1347 2933 1692 2989 condemnatio
1712 2940 1785 2988 cst

192 3061 319 3098 nunc
361 3043 448 3096 Itis
475 3040 561 3109 qui
586 3046 702 3092 sunt
726 3038 779 3090 in
817 3035 1016 3089 Christo
1042 3031 1167 3086 Jesu
1204 3029 1392 3099 (Rom.
1422 3044 1534 3091 vui,
1570 3024 1654 3097 l).
1690 3026 1785 3081 llis

191 3135 442 3203 quisnut
488 3131 541 3183 in
572 3143 735 3184 carne
777 3122 1150 3195 condemnatio
1172 3130 1251 3175 est
1294 3137 1306 3172 :
1341 3118 1424 3172 his
1449 3118 1537 3186 qui
1564 3123 1687 3172 sunt
1730 3116 1784 3170 in

137 3254 145 3260 -
189 3227 410 3279 Christo
446 3210 574 3276 Jesu
614 3217 756 3273 nulla
800 3212 1174 3270 corrdemnatio
1203 3226 1231 3263 c
1266 3219 1300 3262 ι.
1333 3208 1408 3262 Ne
1446 3217 1658 3276 putares
1681 3205 1784 3261 hoc

191 3325 379 3384 postea
416 3313 649 3366 futurum
670 3348 686 3372 ,
721 3306 840 3361 ideo
875 3303 1105 3367 addidit,
1137 3317 1286 3353 nunc.
1321 3299 1509 3353 Postea
1541 3295 1665 3350 illud
1692 3311 1786 3350 ex-

188 3416 402 3476 specta,
437 3412 496 3457 ut
533 3417 630 3456 nec
657 3395 1080 3467 concupiscentia
1121 3393 1191 3446 sit
1219 3392 1270 3444 in
1301 3400 1350 3444 te
1370 3432 1383 3455 ,
1410 3399 1593 3445 contra
1624 3403 1781 3456 quam

188 3498 512 3563 contendas,
543 3509 662 3549 cum
703 3508 804 3563 qua
851 3489 1140 3558 conﬂigas,
1178 3485 1261 3541 cui
1299 3501 1408 3539 non
1457 3480 1779 3542 consentias,

184 3605 352 3661 quam
381 3587 561 3642 [renes
587 3593 643 3640 et
680 3583 866 3637 domes
894 3598 908 3635 :
938 3587 1057 3649 post
1076 3584 1355 3646 chpecta,
1386 3574 1505 3643 quia
1538 3586 1635 3627 nec
1670 3570 1779 3640 ipsa

185 3681 304 3735 ait.
330 3678 395 3735 Si
421 3677 565 3731 enim
591 3672 732 3745 quod
761 3671 1033 3725 nobiscum
1055 3665 1326 3723 contendit
1345 3679 1408 3719 ex
1433 3661 1643 3718 mortali
1664 3677 1786 3721 cor-

185 3785 315 3840 pore
353 3768 517 3824 etiam
549 3773 730 3835 postea
759 3763 893 3828 erit;
924 3759 1022 3815 Ubi
1063 3766 1157 3821 est,
1178 3772 1312 3811 mors
1332 3796 1346 3819 ,
1388 3753 1635 3809 contentio
1661 3752 1784 3806 tua?

184 3861 386 3917 falsum
411 3859 538 3913 erit.
574 3855 711 3924 Quid
741 3867 868 3923 ergo
892 3860 1073 3922 postea
1107 3849 1337 3904 futurum
1366 3847 1455 3912 sit,
1485 3845 1715 3903 sciamus
1739 3846 1778 3898 ‘.

181 3952 331 4007 Tunc
361 3952 505 4008 enim
535 3951 619 4019 ﬁet
644 3962 809 4001 sermo
833 3945 919 4017 qui
934 3945 1153 4011 scriptus
1172 3950 1264 4005 est,
1289 3939 1538 4007 Absorpta
1557 3947 1626 3992 est
1648 3954 1781 3993 mors

180 4046 233 4098 in
249 4042 545 4098 uictoriam.
569 4038 667 4094 Ubi
685 4046 778 4102 est,
807 4053 960 4102 mors,
981 4035 1229 4088 contentio
1256 4042 1341 4087 tua
1357 4032 1383 4086 .7
1404 4030 1489 4085 ubi
1513 4037 1604 4096 est,
1623 4045 1777 4094 mors,

179 4138 404 4192 autem
434 4131 834 4203 ttutst‘Aculeus
863 4129 993 4182 enim
1023 4126 1195 4181 mortis
1218 4134 1289 4180 est
1313 4133 1604 4195 peccaturo,-
1628 4123 1781 4177 uirtus

178 4238 375 4283 autem
398 4225 607 4295 peccati,
633 4223 716 4277 lca:
739 4222 783 4292 (Ι
810 4220 926 4276 Cor.
960 4235 1047 4283 xv,
1075 4216 1275 4286 55-56).
1302 4216 1433 4282 Quia
1457 4230 1519 4269 es
1548 4214 1781 4287 prohibi-

182 4313 347 4374 tione
426 4324 639 4371 suetum
676 4323 756 4368 est
782 4311 1124 4376 desiderium,
1170 4323 1274 4363 non
1303 4307 1640 4363 exstinctum.
1670 4304 1779 4360 Lex

177 4417 418 4481 peccato
438 4407 584 4462 dedit
612 4407 856 4460 virtutem
874 4447 890 4469 ,
933 4400 1296 4458 tantummodo
1320 4414 1419 4469 per
1442 4398 1670 4453 litteram
1694 4397 1781 4466 ju-

174 4501 392 4564 bendo,
426 4515 531 4553 non
558 4513 657 4567 per
682 4497 923 4565 spiritum
942 4490 1320 4547 subvenieudo.
1353 4490 1491 4559 Ergo
1520 4498 1645 4545 tunc
1674 4503 1780 4543 non

172 4596 279 4651 erit
318 4594 467 4660 hoc,
482 4590 577 4645 sed
594 4588 718 4660 quid
746 4587 923 4643 nunc?
942 4585 1079 4653 Quid
1105 4585 1176 4639 sit
1200 4598 1359 4649 nunc,
1377 4581 1609 4653 quaeris?
1629 4580 1780 4648 Quod

172 4694 231 4739 et
260 4684 440 4755 paulo
465 4689 590 4735 ante
622 4680 756 4735 dixit
788 4697 802 4734 :
837 4676 988 4731 Nunc
1023 4685 1185 4729 autem
1205 4676 1321 4745 jam
1349 4691 1449 4728 non
1488 4690 1578 4744 ego
1602 4688 1783 4743 operor

172 4775 319 4829 illud
360 4790 380 4828 :
402 4783 458 4828 et
496 4772 566 4825 ibi
613 4787 765 4825 nunc.
807 4767 942 4836 Quid
974 4775 1052 4821 est
1076 4808 1090 4831 ,
1127 4783 1225 4821 non
1267 4780 1360 4835 ego
1397 4780 1578 4833 operor
1612 4761 1783 4817 illud?

174 4867 304 4921 Non
328 4864 637 4929 consentio,
661 4878 764 4917 non
787 4876 985 4922 annuo,
1009 4874 1114 4913 non
1141 4859 1393 4921 decerno,
1417 4872 1627 4926 semper
1651 4857 1780 4913 mihi

172 4957 443 5027 displicet
474 4973 486 5007 :
520 4953 756 5009 membra
784 4968 901 5007 mea
944 4960 1116 5007 teneo.
1158 4949 1224 5003 Et
1253 4963 1495 5017 maguum
1527 4956 1610 5002 est
1640 4947 1778 5005 hoc:

174 5063 313 5101 cum
338 5046 413 5100 sit
435 5060 501 5100 ex
541 5059 704 5100 carne
727 5041 1174 5112 concupiscentia,
1202 5048 1258 5094 et
1277 5039 1342 5092 ad
1373 5053 1588 5095 carnem
1621 5041 1783 5108 perti-

171 5147 360 5194 neant
399 5135 639 5206 corporis
674 5135 916 5191 membra
938 5176 953 5199 ,
986 5132 1197 5203 quando
1237 5145 1341 5186 non
1384 5138 1570 5200 regnat
1599 5145 1784 5200 pecca-

173 5241 331 5295 tum,
366 5228 419 5283 id
458 5235 564 5293 est,
596 5226 770 5281 carnis
810 5210 1265 5295 concupiscentia;
1310 5220 1428 5290 plus
1466 5219 1626 5275 habet
1647 5219 1782 5290 juris

172 5332 359 5374 mens
383 5317 447 5374 ad
481 5316 708 5373 tenenda
733 5316 969 5371 membra
996 5314 1188 5376 carnis,
1221 5328 1288 5367 ne
1315 5311 1507 5368 dentur
1545 5311 1598 5366 in
1636 5325 1782 5367 arma

174 5408 531 5478 iniquitatis,
559 5423 723 5479 quam
764 5408 878 5477 ipsa
916 5403 1339 5474 concupiscentia
1373 5403 1548 5457 carnis
1572 5402 1638 5455 ad
1670 5417 1785 5455 mo-

174 5499 379 5556 venda
408 5499 644 5554 membra
671 5498 867 5553 carnis.
901 5494 1080 5566 Itaque
1105 5491 1531 5564 concupiscentia
1561 5502 1644 5548 cst
1669 5507 1785 5548 car-

177 5592 303 5653 nis,
338 5596 397 5643 ct
420 5590 658 5644 uiembra
688 5588 868 5643 carnis
893 5604 908 5643 :
938 5600 1089 5655 meus
1112 5597 1285 5641 tamen
1308 5583 1429 5654 quia
1454 5583 1784 5638 dominatum

178 5681 397 5736 habet:
419 5681 461 5733 si
486 5691 661 5736 tamen
689 5678 919 5749 desuper
940 5678 1232 5749 adjuvetur,
1260 5692 1326 5733 ne
1344 5690 1464 5733 cum
1485 5675 1533 5731 ei
1561 5676 1784 5732 multum

250 5794 270 5829 ⁸
303 5791 528 5843 Manlii
554 5800 684 5851 Mss,
709 5791 903 5843 scimus.
1002 5826 1005 5829 -

338 5870 612 5931 Peraea.
653 5859 1015 5925 XXXVIII.

3363 374 3464 430 8483

1887 481 2072 525 contra
2100 473 2190 528 Dei
2219 475 2442 544 gratiam
2469 477 2675 543 damus,
2701 495 2806 535 non
2837 495 3036 551 regem,
3064 480 3157 536 sed
3184 490 3466 553 tyrannum

1886 561 2137 619 faciamus
2167 582 2180 618 :
2215 575 2418 622 tantum
2445 583 2572 639 ergo
2594 571 2736 625 valet
2764 586 2936 638 mens,
2966 572 3057 627 sic.
3076 572 3213 642 regit
3234 588 3353 626 cum
3383 589 3467 627 ro-
3514 628 3529 649 ,

1885 651 2054 721 gitur,
2092 662 2149 707 ut
2183 654 2251 710 dc
2280 657 2533 713 membris
2571 660 2734 729 ipsius
2766 662 2970 727 carnis,
3001 672 3185 718 contra
3210 663 3465 732 concupi-
3508 653 3517 666 “

1884 747 2141 802 scentiam
2156 749 2339 806 carnis
2369 750 2551 822 ipsius,
2576 754 2741 823 possit
2767 769 2928 823 agere
2965 754 3104 825 quod
3134 755 3207 809 ait
3232 755 3463 823 Apostoo

1884 835 1987 903 lus,
2014 836 2134 894 Non
2161 856 2280 912 ergo
2303 854 2474 913 regnet
2493 855 2749 913 peccatum
2769 848 2823 899 in
2838 857 2996 900 vestro
3014 847 3217 900 mortali
3235 863 3464 917 corpore,

1885 932 1953 984 ad
1974 933 2298 990 obedientium
2324 937 2587 998 desideriis
2615 942 2763 1011 ejus;
2790 958 2883 995 nec
2927 940 3197 996 cxhibcatis
3239 941 3468 995 ntembra

1883 1032 2046 1077 vestra
2075 1032 2217 1079 arma
2235 1027 2515 1096 iniquitatis
2538 1041 2740 1101 peccato
2769 1032 2942 1103 (Rom.
2969 1049 3045 1100 vs,
3070 1033 3156 1097 i2,
3190 1034 3300 1103 i3).

1938 1114 2179 1215 PdPUT
2429 1122 2482 1177 '5.
2514 1123 2557 1176 Α
2578 1125 2686 1194 lege
2713 1127 2903 1195 peccati
2926 1142 3070 1180 nemo
3107 1125 3231 1181 liber
3248 1126 3349 1179 nisi
3380 1143 3469 1197 per

1884 1207 2359 1276 gratiam—Nulla
2384 1230 2503 1284 ergo
2520 1217 2868 1270 condemnatio
2897 1226 2967 1271 est
2993 1233 3123 1270 nunc
3137 1217 3216 1271 his
3241 1218 3327 1289 qui
3350 1229 3468 1270 sunt

1884 1298 1937 1350 in
1982 1298 2184 1355 Christo
2228 1302 2372 1358 Iesu.
2423 1304 2536 1361 Non
2578 1307 2685 1362 sint
2726 1308 2973 1371 solliciti,
3011 1309 3055 1363 si
3089 1308 3466 1378 concupiscen-

1886 1390 1973 1444 tiis
1995 1390 2191 1447 illicitis
2219 1394 2499 1452 titillantur
2526 1417 2540 1452 :
2566 1414 2672 1453 non
2703 1399 2810 1454 sint
2835 1400 3061 1462 solliciti,
3090 1400 3234 1470 quod
3261 1399 3468 1454 videtur

1886 1479 2058 1535 adhuc
2085 1497 2208 1538 esse
2254 1484 2335 1540 lex
2383 1488 2435 1540 in
2476 1489 2729 1545 membris
2768 1505 3073 1562 repugnans
3112 1492 3210 1562 legi
3252 1492 3462 1547 mentis.

1886 1568 2052 1625 Nulla
2088 1574 2227 1627 enim
2253 1576 2603 1633 condemnatio
2631 1590 2723 1633 est.
2752 1579 2856 1636 Sed
2888 1582 3117 1653 quibus?
3143 1584 3303 1638 etiam
3333 1598 3467 1636 nunc

1885 1662 2113 1731 quibus?
2141 1665 2241 1732 Qui
2266 1678 2383 1722 sunt
2407 1669 2459 1724 in
2493 1669 2693 1726 Christo
2718 1671 2864 1727 Iesu.
2902 1673 2966 1729 Et
2992 1675 3077 1730 ubi
3117 1683 3199 1729 est
3230 1675 3318 1728 illa
3347 1688 3468 1728 sen-

1886 1753 2078 1821 tentia,
2107 1755 2173 1811 do
2207 1773 2310 1826 qua
2341 1759 2553 1816 dicebat
2578 1762 2735 1831 paulo
2760 1771 2909 1818 ante:
2944 1763 3096 1818 Video
3122 1764 3278 1818 aliam
3308 1764 3468 1835 legem

1884 1840 1937 1896 iu
1958 1844 2190 1900 membris
2213 1849 2334 1902 meis
2355 1862 2712 1921 repugnantem
2739 1852 3035 1923 tegimentis
3057 1870 3200 1921 metu,
3227 1865 3275 1908 et
3301 1857 3465 1925 capti-

1885 1945 2080 1990 vantem
2107 1954 2186 1992 me
2200 1940 2251 1993 in
2282 1939 2389 2012 lege
2414 1944 2605 2011 peccati
2628 1959 2740 2014 qua:
2767 1954 2838 1999 est
2868 1946 2921 1999 in
2948 1946 3179 2000 membris
3207 1947 3330 2001 meis
3355 1946 3463 2018 (Id.

1887 2040 1976 2089 vn,
1998 2025 2128 2096 25)?
2152 2026 2256 2083 Sed
2284 2046 2362 2084 me
2382 2031 2590 2087 dicebat
2611 2050 2674 2089 ex
2703 2047 2886 2100 carne,
2917 2051 3021 2090 non
3051 2051 3115 2090 ex
3146 2046 3342 2091 mente.
3368 2032 3465 2091 Ubi

1882 2131 2012 2187 ergo
2044 2119 2129 2173 illa
2157 2121 2260 2185 lex,
2292 2124 2335 2176 si
2383 2123 2525 2184 nulla
2553 2124 2900 2180 condemnatio
2939 2137 3013 2181 est
3041 2128 3119 2181 his
3150 2129 3236 2198 qui
3275 2138 3390 2182 sunt
3414 2130 3465 2180 in

1886 2208 2083 2263 Christo
2109 2210 2275 2265 Iesu?
2310 2212 2418 2267 Lex
2443 2215 2575 2267 enim
2616 2216 2822 2284 spiritus
2861 2217 2976 2271 uiue
3008 2217 3060 2269 in
3088 2216 3287 2271 Christo
3322 2216 3467 2274 Jesu.

1884 2300 1993 2355 Lex
2022 2302 2174 2369 enim,
2208 2318 2312 2358 non
2343 2305 2427 2359 illa
2466 2306 2516 2359 in
2543 2316 2724 2360 monte
2758 2308 2885 2363 Sina
2925 2321 3021 2378 per
3059 2307 3288 2362 litteram
3318 2326 3331 2360 :
3364 2306 3469 2361 Lex

1884 2394 2015 2447 enim
2037 2436 2050 2458 ,
2095 2411 2199 2447 non
2240 2394 2325 2451 illa
2359 2396 2409 2449 in
2439 2407 2700 2453 vetustate
2728 2399 2950 2462 linem;
2992 2398 3085 2454 sed
3117 2398 3223 2453 Lea:
3260 2399 3469 2469 spiritus

1884 2483 2000 2537 rita:
2017 2483 2069 2536 in
2097 2482 2299 2537 Christo
2320 2483 2355 2537 Ι
2358 2501 2471 2549 esu,
2495 2485 2721 2540 liberavit
2745 2496 2792 2539 te
2814 2504 2845 2540 a
2870 2488 2976 2559 lege
2991 2488 3180 2558 peccati
3203 2498 3250 2541 ct
3273 2489 3479 2543 mortis._

1888 2573 1954 2629 Ut
1979 2575 2121 2629 enim
2149 2575 2536 2633 condelccteris
2563 2579 2663 2651 legi
2704 2580 2795 2635 Dei
2830 2581 3133 2635 secundum
3163 2580 3467 2635 interiorem

1888 2666 2180 2736 hominem,
2207 2668 2347 2724 unde
2366 2669 2612 2736 haberes,
2630 2672 2731 2731 nisi
2750 2672 2831 2728 lex
2861 2673 3076 2741 spiritus
3103 2674 3224 2726 vita:
3246 2672 3296 2725 in
3318 2671 3471 2728 Chri-

1886 2756 2124 2835 sto,Jesu
2152 2758 2404 2816 liberaret
2445 2770 2499 2818 te
2525 2776 2555 2816 a
2590 2762 2707 2832 lege
2734 2764 2935 2832 peccati
2973 2772 3027 2818 et
3056 2763 3466 2827 mortis?.ldeo,

1886 2865 2040 2905 mens
2066 2851 2313 2917 humana,
2342 2868 2412 2909 ne
2438 2853 2530 2908 tibi
2567 2854 2787 2919 tribuas,
2811 2870 2879 2909 no
2908 2855 3131 2909 multum
3158 2854 3466 2926 superbiae;

1887 2940 1996 2996 imo
2024 2958 2091 2997 ne
2116 2946 2334 2999 omnino
2356 2946 2650 3015 superbius,
2685 2961 2718 3000 ο
2741 2960 2891 3002 mens
2918 2948 3169 3013 humana,
3193 2948 3337 3018 quod
3364 2963 3470 3003 non

1887 3035 2158 3089 censentis
2178 3034 2458 3091 desideriis
2483 3039 2677 3103 carnis,
2699 3038 2843 3107 quod
2866 3039 2952 3095 lex
2978 3042 3179 3110 peccati
3201 3056 3305 3097 non
3324 3051 3383 3097 te
3400 3042 3471 3096 de

1886 3137 2014 3180 arce
2040 3123 2258 3195 deponit
2282 3144 2296 3180 :
2329 3125 2436 3181 Ler
2459 3128 2669 3197 spiritus
2692 3130 2806 3183 vita
2833 3130 2885 3183 in
2913 3128 3114 3185 Christo
3135 3130 3261 3186 Iesu
3285 3132 3467 3186 libera-

1885 3214 1953 3267 uit
1979 3224 2027 3268 te
2050 3231 2082 3268 a
2112 3214 2219 3285 lege
2240 3219 2427 3287 peccati
2455 3228 2504 3272 et
2526 3221 2722 3272 mortis.
2755 3219 2870 3275 Non
2902 3229 2954 3275 te
2979 3221 3063 3275 illa
3091 3222 3173 3275 lex
3205 3221 3466 3286 liberavit,

1886 3304 1954 3360 de
1978 3320 2078 3375 qua
2109 3320 2264 3375 supra
2301 3308 2499 3363 dictum
2524 3317 2624 3371 est,
2659 3309 2725 3364 Ut
2749 3313 3022 3366 serviamus
3046 3313 3098 3367 in
3126 3314 3342 3367 nouitate
3355 3313 3470 3382 spi-

1887 3397 2043 3462 ritus,
2073 3406 2117 3451 et
2158 3414 2267 3462 non
2283 3399 2335 3452 in
2366 3410 2606 3454 uetustate
2635 3402 2813 3456 litterae
2838 3402 3013 3470 (Ibid.
3047 3404 3079 3458 ϐ
3099 3405 3139 3475 ).
3169 3405 3343 3471 Quare
3382 3406 3469 3459 illa

1888 3501 1992 3539 non
2034 3485 2315 3542 liberavit?
2340 3489 2526 3555 Non'ie
2561 3501 2615 3545 et
2644 3492 2755 3560 ipsa
2784 3492 2947 3561 digito
2977 3494 3067 3548 Dei
3116 3494 3311 3564 scripta
3354 3498 3468 3551 est?

1888 3575 2072 3633 Nonne
2099 3578 2296 3647 digitus
2324 3580 2417 3635 Dei
2452 3581 2680 3651 Spiritus
2717 3593 2931 3639 sanctus
2957 3584 3299 3654 intelligitur?
3329 3587 3468 3655 Lege

1886 3670 2259 3739 Evangelium,
2292 3681 2346 3737 et
2383 3675 2501 3728 vide
2535 3674 2654 3744 quia
2692 3676 2776 3729 ubi
2803 3676 2929 3731 dicit
2961 3692 3098 3731 unus
3120 3680 3461 3750 exangelista.

1890 3761 2112 3815 Domino
2139 3761 2369 3829 dicente,
2404 3763 2464 3817 Si
2492 3780 2581 3834 ego
2613 3764 2662 3817 iu
2694 3764 2892 3836 Spiritu
2922 3765 3016 3821 Dei
3042 3769 3190 3837 cjicio
3218 3770 3469 3824 daruouia

1891 3850 2102 3922 (ﬂama.
2134 3867 2229 3915 xu,
2260 3852 2389 3922 28);
2420 3853 2555 3907 alius
2581 3854 2728 3922 dicit,
2761 3855 2820 3911 Si
2845 3872 2932 3927 ego
2957 3857 3008 3910 in
3029 3858 3188 3929 digito
3212 3858 3306 3915 Dei
3322 3861 3468 3930 cjicio

1887 3942 2136 3997 dmuonia
2166 3948 2183 4012 (
2216 3941 2340 3997 Luc.
2383 3960 2456 4009 st,
2485 3944 2555 4000 20
2575 3944 2618 4016 ).
2648 3946 2702 3999 Si
2731 3960 2858 4016 ergo
2882 3956 2937 4002 et
2961 3946 3044 4002 lea
3072 3949 3157 4003 illa
3184 3950 3345 4021 digito
3365 3951 3466 4007 .Del

1885 4032 2079 4102 scripta
2106 4042 2208 4099 est,
2238 4033 2338 4089 hoc
2355 4043 2456 4101 est,
2480 4034 2679 4103 Spiritu
2705 4036 2829 4101 Dei;
2856 4053 2962 4108 quo
2989 4037 3189 4107 Spiritu
3212 4041 3332 4096 victi
3356 4057 3468 4096 tua-

1884 4124 1935 4193 gi
1960 4124 2247 4189 Pharaonis
2272 4126 2537 4191 dixerunt,
2564 4126 2763 4197 Digitus
2792 4127 2884 4183 Dei
2911 4140 2981 4184 est
3011 4131 3092 4184 hic
3125 4130 3324 4204 (Exod.
3356 4149 3465 4200 vin,

1891 4215 1974 4285 19)
2000 4234 2013 4268 :
2043 4215 2086 4268 si
2110 4230 2236 4285 ergo
2256 4225 2309 4270 ct
2332 4216 2465 4284 ipsa,
2493 4217 2599 4271 imo
2618 4232 2739 4272 Clllll
2771 4228 2826 4274 et
2853 4219 2963 4289 ipsa
2992 4220 3188 4290 Spiritu
3221 4222 3333 4290 Dei,
3367 4222 3468 4280 hoc

1884 4315 1985 4375 est,
2010 4303 2173 4376 digito
2202 4305 2292 4361 Dei
2315 4307 2615 4376 conscripta
2636 4309 2722 4371 sit,
2747 4325 2911 4379 qttat'c
2931 4325 3036 4366 non
3059 4312 3125 4367 de
3144 4311 3229 4366 illa
3251 4313 3464 4381 dicitur,

1883 4396 1993 4452 Leu:
2014 4400 2145 4452 enim
2173 4398 2376 4469 spiritus
2403 4401 2513 4453 rita:
2542 4400 2594 4454 in
2625 4399 2822 4456 Christo
2845 4403 3013 4457 Iesu?

1956 4487 2179 4543 CAPUT
2220 4487 2307 4542 ιν.
2336 4490 2476 4542 -4.
2520 4488 2630 4545 Lex
2683 4492 2870 4561 peccati
2907 4502 2953 4547 et
3001 4496 3172 4548 mortis
3211 4511 3466 4566 quamam.

1885 4578 1994 4635 Lex
2017 4577 2184 4651 Moysi
2202 4594 2294 4632 cur
2313 4579 2452 4633 data.
2483 4580 2590 4635 Lex
2633 4582 2774 4636 enim
2803 4585 2989 4638 mortis
3028 4599 3131 4638 non
3175 4586 3285 4655 ipsa
3328 4586 3464 4641 dici-

1887 4678 1991 4735 tur,
2022 4671 2102 4723 lex
2118 4671 2318 4739 peceati
2352 4680 2408 4726 et
2433 4672 2620 4726 mortis
2642 4688 2747 4727 non
2767 4673 2854 4726 illa
2880 4673 2963 4728 les
2981 4673 3176 4729 dicitur
3202 4692 3319 4745 qum
3344 4677 3466 4732 data

1885 4774 1968 4818 est
1995 4764 2047 4819 in
2077 4772 2258 4819 monte
2281 4763 2425 4820 Sina.
2451 4764 2558 4819 Lex
2603 4766 2803 4834 peccati
2832 4772 2885 4820 et
2909 4768 3097 4822 mortis
3137 4768 3223 4821 illa
3274 4768 3466 4823 dicitur

1888 4855 1961 4909 de
1974 4871 2074 4926 qua
2097 4869 2314 4924 gemens
2336 4854 2429 4920 ait,
2462 4853 2618 4909 Video
2637 4856 2791 4908 aliaat
2817 4856 2972 4924 legem
2998 4856 3051 4910 in
3068 4857 3300 4914 membris
3320 4860 3463 4917 meis.

1886 4956 2246 5017 repugnantem
2288 4945 2385 5015 legi
2426 4945 2601 4998 utentis
2641 4960 2779 5009 metu.
2803 4944 2908 5001 Sed
2952 4945 3038 5000 illa
3087 4948 3193 5011 lex,
3227 4946 3338 5016 ipsa
3382 4958 3467 5002 est

1885 5055 2004 5110 quae
2032 5040 2170 5093 dicta
2208 5046 2310 5100 est,
2340 5036 2521 5107 Itaque
2542 5038 2623 5091 (cx
2640 5036 2838 5107 quidem
2867 5046 3061 5104 sancta,
3098 5048 3142 5093 et
3172 5039 3466 5094 ntandatum

1888 5138 2131 5194 sanctum,
2160 5138 2206 5181 ct
2223 5129 2441 5197 justum,
2484 5137 2529 5181 et
2578 5128 2780 5183 bonum.
2810 5130 2875 5183 Et
2895 5129 3139 5197 subjecit,
3173 5129 3320 5197 Quod
3343 5146 3465 5201 ergo

1862 5278 1865 5283 ,
1888 5222 2072 5276 bonum
2088 5229 2177 5285 est,
2200 5219 2323 5273 mihi
2339 5222 2530 5291 factum
2545 5229 2620 5274 est
2641 5221 2811 5275 mors?
2827 5221 2989 5275 Absit.
3014 5221 3121 5274 Sed
3135 5232 3389 5291 peccaturi:
3410 5235 3465 5277 ut

1886 5323 2131 5386 appareat
2161 5321 2441 5385 peccaturo,
2473 5329 2562 5384 per
2590 5312 2773 5367 bonum
2796 5311 2916 5367 mihi
2941 5323 3200 5383 operatum
3225 5324 3296 5367 est
3332 5331 3465 5369 mor-

1890 5416 2011 5471 tem;
2035 5416 2090 5460 ut
2121 5405 2211 5475 ﬁat
2234 5421 2389 5474 supra
2426 5405 2632 5458 modum
2674 5414 2902 5475 peccator
2942 5414 3034 5460 aut
3073 5416 3329 5476 peccatum
3378 5424 3470 5476 per

1890 5497 2206 5551 mandatum.
2270 5496 2405 5563 Quid
2462 5503 2567 5561 est,
2620 5512 2777 5565 supra
2825 5496 3067 5552 modum?
3136 5496 3205 5554 Ut
3246 5497 3467 5553 addatur

1891 5588 2279 5658 przevaricatio.
2308 5586 2436 5641 Data
2466 5596 2557 5642 est
2582 5601 2713 5658 ergo
2756 5587 2838 5643 lex
2879 5588 2987 5650 illa,
3047 5598 3101 5643 ut
3145 5589 3468 5646 inveniretur

1892 5677 2187 5734 inﬁrmitas.
2208 5677 2401 5732 Parum
2430 5687 2513 5732 est
2537 5677 2661 5747 hoc,
2692 5693 2797 5733 non
2820 5678 2990 5735 solum
3034 5689 3093 5733 ut
3121 5680 3467 5752 inveniretur,

1893 5773 1988 5831 sed
2032 5775 2190 5828 etiam
2223 5780 2279 5826 ut
2305 5781 2606 5842 angeretur,
2639 5781 2693 5829 et
2722 5772 2805 5827 vel
2829 5772 2904 5828 sic
2934 5771 3171 5828 medicus
3195 5789 3462 5844 quarere-

2725 5861 2980 5943 {i’ing‘t-
2999 5864 3192 5943 sapt.)
