3910 6184
393 224 498 279 8.3

393 350 499 398 tur.
517 342 570 398 Si
582 342 722 397 enim
739 340 869 394 levis
879 338 1099 394 morbus
1114 350 1275 404 esset,
1292 348 1723 394 contemneretur
1745 358 1758 394 :
1775 338 1820 393 si
1839 352 1972 392 mor-

393 437 493 492 bus
515 443 968 497 contenmeretur,
990 432 1230 489 medicus
1255 451 1360 489 non
1390 444 1717 505 quaereretur
1746 452 1757 488 :
1787 435 1831 489 si
1863 449 1973 489 me-

391 528 546 584 dicus
574 541 678 582 non
704 533 1058 597 quaireretur,
1079 525 1296 581 morbus
1323 541 1427 581 non
1460 525 1716 581 ﬁniretur.
1746 524 1869 580 Ideo
1887 524 1977 580 ubi

390 619 681 679 abundavit
717 628 1015 691 peccatum,
1067 619 1521 688 superabundavit
1565 618 1732 689 gratia
1777 617 1970 689 (Itoni.

393 730 446 779 ι,
471 711 567 784 20)
599 726 614 764 :
642 726 762 782 qua:
789 710 991 766 delevit
1026 720 1219 766 cuncta
1245 720 1461 781 peccata
1489 725 1610 780 qua:
1653 709 1875 774 invenit,
1920 716 1976 762 et

388 802 456 857 ad
481 816 586 867 non
613 799 939 870 peccandum
972 799 1226 855 voluntati
1272 809 1473 855 nostra:
1502 799 1716 855 conanti
1760 798 1972 867 adjuto-

388 893 528 947 rium
550 890 1001 957 subministravit;
1019 899 1077 946 ut
1102 891 1213 961 ipsa
1232 890 1479 945 voluntas
1503 899 1683 945 nostra
1710 902 1815 943 non
1838 889 1890 943 in
1915 903 1975 943 se

390 987 528 1055 ipsa,
559 983 654 1040 sed
686 984 739 1038 in
768 983 876 1039 Deo
903 983 1227 1039 laudaretur.
1255 981 1323 1036 In
1346 981 1454 1036 Deo
1483 983 1625 1037 enim
1656 980 1976 1035 laudabimur

392 1085 499 1130 tota
541 1075 624 1129 die
670 1072 837 1147 (Psal.
861 1090 1008 1141 mn,
1030 1075 1088 1143 9)
1120 1083 1231 1138 :et,
1283 1072 1350 1126 In
1403 1072 1624 1127 Domino
1686 1071 1976 1126 laudabitur

392 1166 566 1220 anima
607 1180 755 1229 mea;
803 1166 1014 1218 audiant
1060 1165 1225 1230 mites,
1288 1174 1335 1218 et
1364 1162 1712 1234 jucundentur
1775 1158 1971 1235 (Psal.

392 1271 580 1321 sunt,
608 1256 682 1327 ὅ).
716 1254 941 1309 Αιιάίαηι
964 1254 1108 1309 mites
1131 1269 1150 1308 :
1170 1269 1293 1308 nam
1313 1253 1524 1324 superbi
1553 1261 1610 1308 et
1633 1252 1844 1323 litigiosi
1869 1268 1973 1307 non

390 1347 629 1401 audiunt.
683 1346 823 1417 Ergo
870 1361 1035 1415 quare
1075 1362 1181 1401 non
1232 1345 1345 1416 ipsa
1398 1353 1482 1399 est
1524 1344 1634 1400 Lex
1676 1344 1840 1414 digito
1882 1342 1974 1398 Dei

389 1438 608 1508 scripta,
640 1453 758 1507 qua:
778 1437 871 1491 dat
897 1436 1217 1507 adiutorium
1242 1436 1343 1492 hoc
1388 1435 1592 1506 gratim,
1622 1434 1690 1491 de
1738 1450 1846 1504 qua
1893 1435 1975 1487 lo-

389 1531 640 1601 quimur?
668 1530 881 1599 Quare?
905 1529 1039 1598 Quia
1062 1529 1119 1605 in
1157 1527 1355 1583 tabulis
1395 1527 1615 1598 lapideis
1644 1528 1840 1597 scripta
1869 1535 1970 1593 est,

392 1638 496 1676 non
524 1622 576 1676 in
608 1610 796 1677 tabulis
819 1620 997 1677 cordis
1025 1619 1328 1676 carnalibus
1345 1618 1410 1694 (ll
1441 1619 1557 1674 Cor.
1589 1636 1667 1685 tu,
1700 1618 1779 1690 5).

460 1710 683 1766 CAPUT
728 1710 787 1764 ν.
816 1740 887 1751 ——
910 1711 965 1765 5.
999 1709 1188 1766 Veteris
1207 1726 1442 1766 acuant:
1489 1710 1638 1781 Legis
1680 1709 1971 1764 concordia.

400 1801 657 1870 Denique,
684 1799 875 1855 fratres
900 1799 1029 1865 mei,
1057 1801 1108 1853 in
1139 1808 1333 1871 magno
1359 1800 1616 1872 mysterio
1647 1800 1822 1856 videte
1841 1815 1974 1855 con-

393 1890 630 1945 cordiam
653 1930 667 1957 ,
709 1890 888 1946 videte
920 1889 1267 1955 distantiam;
1297 1890 1636 1946 concordiam
1673 1890 1849 1961 Legis,
1889 1890 1973 1946 di-

393 1981 643 2035 stantiam
670 1980 860 2051 plebis.
891 1979 1204 2036 Celebratur
1238 1980 1441 2035 Pascha
1468 1981 1521 2035 in
1552 1981 1717 2036 veteri
1756 1982 1972 2052 populo,

387 2073 523 2127 sicut
562 2073 729 2127 nostis
768 2072 1036 2127 occisione
1080 2071 1201 2142 agni
1227 2086 1349 2127 cun:
1374 2071 1575 2144 azymis
1606 2086 1621 2126 :
1648 2072 1735 2127 ubi
1779 2072 1976 2128 occisia

386 2163 503 2216 ovis
523 2144 1089 2232 Christutiisigtiilicat.
1121 2177 1305 2233 azyma
1342 2172 1519 2217 autem
1553 2177 1742 2217 novam
1778 2163 1972 2229 vitam,

389 2255 491 2310 hoc
511 2263 614 2321 est,
644 2254 760 2310 sine
781 2262 1048 2310 vetustate
1085 2252 1353 2309 fermenti.
1385 2252 1536 2310 Unde
1553 2254 1706 2309 nobis
1744 2254 1975 2323 Aposto-

387 2351 471 2403 lus
496 2348 627 2403 dicit
658 2365 672 2402 :
700 2347 997 2419 Expurgate
1032 2355 1173 2401 cetus
1216 2349 1537 2418 fermentum,
1588 2354 1641 2399 ut
1685 2345 1794 2401 sitis
1848 2362 1976 2401 nova

386 2441 695 2513 conspersio,
742 2440 870 2494 sicut
914 2439 1033 2494 estis
1083 2439 1255 2510 azymi
1284 2455 1302 2493 :
1332 2437 1534 2494 Pascha
1571 2438 1704 2493 enim
1747 2448 1975 2494 nostrum

386 2532 678 2587 immolatus
716 2542 787 2586 est
831 2530 1064 2588 Christus
1090 2532 1132 2603 (l
1157 2530 1276 2588 Cor.
1306 2547 1358 2600 v,
1388 2532 1463 2602 7).
1512 2531 1846 2588 Celebratum
1893 2542 1976 2589 est

384 2639 514 2694 ergo
539 2623 739 2679 Pascha
770 2622 824 2678 in
849 2623 940 2678 illo
961 2623 1123 2679 veteri
1145 2623 1363 2694 populo,
1383 2622 1617 2680 nondum
1646 2625 1700 2680 in
1719 2625 1840 2682 lucc
1868 2622 1974 2679 ful-

386 2723 565 2785 gente,
597 2713 691 2769 sed
718 2714 771 2769 in
803 2714 989 2769 umbra
1033 2714 1366 2785 signiﬁcante
1410 2715 1737 2772 celebratum
1766 2725 1849 2772 est
1876 2733 1891 2771 :
1921 2725 1976 2772 et

387 2796 508 2875 post
528 2805 907 2876 quinquaginta
933 2804 1047 2861 dies
1085 2822 1117 2860 a
1156 2806 1519 2862 celebratione
1548 2807 1787 2873 Pasclnc,
1835 2807 1977 2862 sicut

385 2906 700 2966 computans
725 2896 959 2952 inveniet
981 2896 1071 2967 qui
1105 2896 1353 2963 voluerit,
1381 2896 1538 2953 datur
1566 2896 1676 2953 Lex
1702 2898 1754 2952 in
1792 2906 1974 2953 monte

379 2996 535 3065 Sina,
557 2996 753 3068 scripta
773 2996 940 3067 digito
972 2995 1090 3051 Dei.
1128 2993 1288 3050 Venit
1312 3011 1496 3051 verum
1527 2995 1752 3062 Pascha,
1783 2995 1974 3049 immo-

386 3088 526 3142 latur
572 3086 856 3143 Christus:
890 3087 1173 3141 transitum
1206 3084 1335 3141 facit
1376 3101 1406 3139 a
1457 3093 1630 3141 morte
1666 3085 1734 3139 ad
1786 3085 1967 3140 vitam.

385 3179 662 3234 Transitus
688 3179 830 3234 enim
858 3179 1240 3249 interpretatur
1285 3176 1533 3233 hebraice
1560 3176 1761 3232 Pascha
1796 3175 1973 3247 :qund

384 3272 650 3343 expressit
669 3273 989 3343 evangelista
1016 3271 1223 3339 dicens,
1243 3268 1375 3327 Cum
1401 3280 1572 3325 autem
1615 3270 1803 3325 ueniret
1846 3269 1972 3323 hora

384 3376 438 3420 ut
468 3366 704 3423 transiret
754 3364 910 3420 Jesus
956 3366 1019 3420 de
1057 3366 1153 3420 hoc
1180 3364 1368 3419 mundo
1414 3363 1484 3417 ad
1527 3361 1733 3417 Patrem
1763 3360 1782 3434 (
1810 3359 1967 3415 Joan.

384 3473 498 3526 λιιι,
523 3457 603 3530 1).
631 3458 943 3515 Celebratur
988 3474 1117 3530 ergo
1146 3459 1370 3524 Pascha,
1421 3456 1652 3526 resurgit
1691 3454 1966 3520 Dominus,

385 3549 509 3606 facit
534 3552 815 3607 transitum
840 3566 870 3606 a
890 3561 1063 3607 morte
1082 3551 1150 3607 ad
1178 3551 1362 3618 vitam,
1392 3548 1532 3621 quod
1553 3558 1636 3604 est
1662 3546 1862 3605 Pascha
1882 3564 1897 3607 ς
1918 3556 1973 3602 et

385 3653 734 3699 numerantur
809 3642 1192 3714 quinquaginta
1245 3641 1383 3710 dies,
1453 3650 1506 3696 et
1556 3639 1703 3695 venit
1742 3638 1971 3709 Spiritus

381 3742 621 3801 sanctus,
649 3734 846 3805 digitus
862 3733 976 3788 Dei.

452 3823 679 3882 CAPUT
734 3823 819 3880 Vl.
848 3854 921 3865 —
948 3824 1001 3880 6.
1068 3822 1259 3896 Legum
1319 3823 1608 3878 earumdem
1658 3820 1965 3889 differentia.

384 3916 492 3974 Sed
520 3915 699 3973 videte
725 3916 794 3972 ibi
832 3915 1122 3987 quomodo,
1153 3925 1208 3972 et
1251 3915 1337 3971 hic
1364 3915 1651 3986 quomodo.
1698 3915 1773 3970 lbi
1819 3913 1969 3986 plebs

388 4010 545 4080 longe
569 4009 767 4076 stabat,
801 4009 960 4063 timor
983 4016 1119 4075 erat,
1150 4023 1303 4063 amor
1322 4022 1426 4063 non
1452 4016 1587 4063 erat.
1633 4007 1766 4062 Nam
1801 4020 1968 4077 usque

383 4102 519 4157 adeo
541 4092 858 4166 timuerunt,
879 4108 936 4156 ut
955 4101 1193 4156 dicerent
1218 4100 1284 4154 ad
1306 4099 1526 4172 Moysen
1544 4119 1556 4155 :
1571 4099 1798 4167 Loquere
1822 4109 1876 4154 tu
1899 4099 1967 4153 ad

382 4209 494 4258 nos,
545 4202 593 4246 ct
633 4209 733 4247 non
772 4192 914 4247 nobis
956 4192 1189 4263 loquatur
1238 4190 1507 4259 Dominus,
1566 4208 1627 4246 ne
1671 4191 1963 4246 moriamur.

386 4281 668 4339 Descendit
691 4296 840 4352 ergo,
864 4282 1001 4337 sicut
1026 4282 1282 4351 scriptum
1334 4290 1437 4348 est,
1470 4283 1614 4337 Deus
1655 4283 1706 4336 in
1755 4281 1880 4339 Sina
1911 4281 1967 4336 in

383 4374 504 4443 igne
532 4389 547 4430 :
576 4371 668 4426 sed
701 4372 908 4441 plebem
952 4371 1108 4440 longe
1138 4380 1366 4425 stantem
1396 4372 1668 4438 territans,
1702 4383 1756 4427 et
1795 4370 1966 4442 digito

381 4479 482 4518 suo
521 4462 761 4517 scribens
817 4462 869 4517 in
910 4460 1084 4532 lapide
1111 4460 1307 4531 (Exod.
1339 4477 1445 4526 six,
1476 4478 1563 4528 xx,
1596 4472 1643 4517 et
1665 4479 1808 4529 χχιι,
1848 4463 1961 4535 18),

382 4571 487 4610 non
515 4553 567 4609 in
595 4553 779 4609 corde.
804 4553 917 4609 lluc
933 4562 1112 4608 autem
1144 4551 1356 4623 quando
1378 4552 1522 4607 venit
1573 4551 1804 4624 Spiritus
1836 4569 1964 4609 san-

378 4659 517 4715 ctus,
549 4646 854 4718 congregati
885 4654 1039 4701 erant
1067 4642 1251 4699 ﬁdeles
1274 4643 1324 4698 in
1349 4659 1511 4699 unum
1540 4662 1553 4700 :
1580 4659 1679 4701 nec
1705 4645 1755 4700 in
1784 4655 1963 4703 monte

382 4739 590 4804 terruit,
615 4736 710 4795 sed
740 4738 956 4792 intravit
1002 4736 1056 4791 in
1093 4735 1330 4790 domum.
1360 4733 1439 4791 De
1466 4735 1604 4792 cmlo
1643 4735 1856 4806 quidem
1894 4737 1964 4793 la-

377 4841 496 4887 ctus
515 4838 597 4886 est
635 4829 810 4885 subito
831 4843 1015 4895 sonus,
1047 4827 1197 4898 quasi
1213 4826 1444 4883 ferretur
1461 4825 1618 4883 llatus
1640 4826 1956 4884 vehemens:

377 4921 577 4985 sonuit,
609 4920 704 4976 sed
748 4920 928 4975 nullus
974 4916 1213 4989 expavit.
1243 4917 1451 4974 Audisti
1500 4933 1713 4985 sonum,
1754 4918 1874 4975 vide
1907 4928 1961 4975 et

380 5017 589 5086 ignem;
621 5014 744 5084 quia
764 5020 818 5068 et
841 5012 897 5067 in
937 5019 1118 5067 monte
1143 5018 1429 5081 utrumque
1457 5018 1592 5077 erat,
1643 5020 1694 5066 et
1724 5010 1859 5081 ignis
1903 5021 1961 5066 et

377 5106 584 5161 sonitus
616 5104 750 5164 :sed
777 5103 888 5160 illic
907 5103 1072 5159 etiam
1108 5100 1305 5167 fumus,
1358 5100 1445 5156 hic
1485 5116 1614 5157 vero
1651 5101 1783 5172 ignis
1806 5115 1957 5157 sere-

377 5213 494 5253 nus.
540 5197 668 5251 Visa:
691 5205 809 5250 sunt
851 5195 993 5249 enim
1046 5192 1177 5260 illis,
1214 5191 1382 5262 inquit
1426 5190 1722 5262 Scriptura,
1772 5192 1960 5263 tinguat

375 5290 571 5353 divisae,
601 5287 731 5341 velut
759 5286 909 5355 ignis.
953 5282 1218 5353 Numquid
1260 5283 1328 5337 de
1353 5283 1642 5353 longinquo
1672 5282 1956 5338 territans?

378 5380 548 5437 Absit.
603 5376 736 5433 Nam
783 5375 966 5430 insedit
1013 5390 1165 5446 super
1209 5389 1607 5444 unumquemque
1669 5389 1862 5440 eorum,
1904 5384 1955 5429 et

373 5482 630 5542 creperum
651 5467 835 5538 linguis
864 5467 1024 5535 loqui,
1052 5466 1181 5519 sicut
1211 5463 1433 5535 Spiritus
1456 5464 1606 5516 dabat
1632 5464 1702 5517 cis
1730 5480 1954 5535 pronun-

380 5566 660 5629 ιιινειιιςι.
693 5575 749 5623 ιι,
777 5559 914 5626 1-4).
938 5558 1073 5612 Audi
1104 5558 1333 5626 linguam
1365 5556 1687 5625 loquentem,
1715 5567 1769 5612 et
1800 5557 1954 5611 intel-

381 5651 476 5722 bgc
498 5651 775 5720 Spiritum,
828 5647 1013 5705 nonin
1063 5647 1254 5719 lapide,
1278 5646 1373 5704 sed
1421 5647 1474 5703 in
1512 5647 1673 5704 corde
1708 5648 1950 5706 scriben-

1604 223 1661 276 ὃ.
1706 219 2067 276 Αιιῑιδτιικι
2111 220 2409 275 EPISCOPI

3559 230 3651 284 illi

2087 345 2212 391 tem.
2240 335 2341 391 Ler
2363 352 2488 406 ergo
2514 339 2720 407 spiritus
2741 341 2877 405 uitia,
2917 342 3110 411 scripta
3132 342 3182 395 in
3225 345 3407 396 cordo.
3464 361 3567 398 tum
3602 349 3651 402 in

2084 429 2294 499 lapide;
2323 431 2374 484 in
2400 431 2600 485 Christo
2628 431 2773 498 Jesn,
2802 434 2852 486 in
2901 450 3008 503 qua
3035 435 3354 490 celebratum
3392 446 3476 492 est
3499 443 3654 494 veris-

2082 520 2276 576 simum
2328 523 2528 579 Pascha
2554 542 2567 589 ;
2595 524 2817 580 liberavit
2841 528 2853 556 '
2882 536 2928 580 te
2946 543 2979 581 a
3009 529 3114 598 lege
3172 530 3361 599 peccati
3391 541 3437 583 et
3463 534 3648 587 mortis.

2081 611 2212 668 Nam
2237 624 2294 669 ut
2314 615 2524 702 noveris:
2542 616 2706 685 ipsam
2731 630 2848 672 esse
2876 616 3179 672 distantiam
3212 620 3652 679 evidentissimum

2069 716 2278 779 )‘eterts
2306 715 2360 760 ct
2382 707 2502 759 novi
2532 705 2887 773 Testamenti;
2929 709 3069 764 unde
3095 721 3147 765 et
3186 711 3317 766 dicit
3353 713 3649 781 Apostolus.

2080 797 2203 853 Non
2233 800 2284 853 in
2307 798 2488 853 tabulis
2516 798 2749 869 lapideis,
2778 800 2865 854 sed
2884 801 2936 855 in
2961 802 3145 857 tabulis
3173 803 3339 859 cordis
3372 807 3650 862 carnalibus

2082 889 2147 961 (ll
2175 889 2293 945 Cor.
2325 906 2403 955 nt,
2426 891 2502 959 5).
2535 890 2786 944 Dominus
2836 891 2973 960 apud
3013 893 3319 963 prOphctam
3340 894 3487 960 dicit,
3530 895 3653 952 Ecce

2079 982 2186 1037 dics
2211 983 2434 1050 veniunt,
2466 983 2588 1036 dicit
2616 982 2882 1052 Dominus,
2908 994 2957 1039 et
2994 986 3353 1042 consummabo
3376 1005 3526 1060 super
3558 991 3648 1043 do-

2080 1089 2219 1127 mum
2244 1071 2405 1127 Jacob
2429 1081 2775 1127 testamentum
2813 1092 3016 1142 novum,
3048 1093 3147 1130 non
3185 1079 3460 1132 secundum
3502 1089 3647 1135 testa.

2081 1174 2302 1217 mentum
2323 1165 2457 1234 quod
2491 1164 2721 1218 constitui
2760 1166 2983 1235 patribus
3010 1183 3202 1231 eorum,
3229 1169 3282 1221 iu
3302 1169 3384 1222 die
3432 1186 3532 1238 qua
3559 1189 3646 1238 ap-

2083 1255 2324 1324 prehendi
2353 1271 2557 1308 mauum
2582 1270 2774 1321 eorum,
2801 1266 2845 1309 et
2876 1256 3000 1311 duxi
3027 1274 3111 1312 eos
3155 1258 3218 1312 de
3259 1268 3393 1313 terra
3418 1259 3644 1330 Afygpti.

2085 1344 2286 1398 Deinde
2348 1345 2514 1413 ipsam
2566 1343 2919 1400 dillerentiam
2992 1346 3267 1402 evidenter
3320 1352 3641 1405 ostendens:

2085 1435 2245 1500 Dans,
2276 1437 2462 1507 inquit,
2492 1437 2619 1508 leges
2644 1455 2778 1493 meas
2802 1443 2853 1492 in
2881 1439 3114 1493 cordibus
3162 1456 3371 1505 eorum;
3412 1442 3464 1495 in
3488 1443 3644 1496 cordi-

2080 1527 2192 1594 bus,
2251 1528 2441 1595 inquit,
2498 1545 2668 1583 corum
2713 1530 3079 1600 super-scribam
3125 1547 3228 1585 eas.
3254 1531 3480 1601 (Jeretn.
3510 1550 3643 1598 sui,

2082 1616 2297 1688 51-35).
2321 1616 2376 1674 Si
2402 1633 2530 1689 ergo
2559 1620 2820 1674 scribatur
2860 1619 2941 1674 lex
2982 1620 3074 1675 Dei
3118 1620 3171 1674 in
3199 1621 3361 1677 corde
3412 1631 3523 1688 tuo,
3551 1640 3645 1678 num

2082 1709 2210 1765 foris
2262 1719 2477 1777 terreat,
2533 1710 2626 1765 sed
2671 1711 2811 1765 intus
2836 1712 3094 1777 mulceat;
3137 1720 3262 1768 tunc
3314 1711 3421 1768 La
3457 1716 3648 1782 spiritus

2080 1801 2197 1856 vitta
2243 1802 2296 1855 in
2355 1801 2555 1857 Christo
2598 1800 2722 1857 Iesu
2775 1801 2998 1859 liberavit
3054 1814 3101 1858 te
3154 1821 3187 1857 a
3241 1804 3348 1876 lege
3384 1808 3573 1878 peccati
3610 1818 3646 1860 et

2080 1892 2274 1945 mortis.

2150 1981 2375 2038 CAPUT
2402 1982 2508 2040 VII.
2526 1984 2664 2038 --7.
2683 1983 2834 2056 Legis
2858 1985 3123 2056 infirmitas
3151 2002 3214 2040 ea:
3235 2002 3406 2041 carne.
3435 1984 3650 2042 Christus

2080 2075 2132 2128 in
2160 2075 2485 2129 similitudine
2509 2076 2676 2132 carnis
2696 2077 2981 2146 peccati.—
2999 2077 3146 2145 Quod
3183 2078 3315 2132 enim
3354 2078 3655 2151 impossibile

2080 2173 2188 2218 erat
2220 2163 2384 2236 Legis.
2430 2164 2541 2220 lloc
2583 2166 2724 2220 enim
2755 2166 2992 2236 sequitur
3016 2167 3064 2220 in
3116 2167 3348 2223 lectione
3397 2169 3654 2238 Apostolt.

2084 2254 2231 2320 Quod
2272 2255 2578 2326 impossibile
2625 2266 2732 2311 erat
2780 2256 2950 2328 Legis.
2980 2259 3047 2312 Et
3083 2274 3149 2313 ne
3178 2259 3290 2329 ipsa
3332 2259 3656 2329 culparetur,

2079 2347 2205 2419 quid
2236 2348 2541 2418 subjuuxit?
2571 2348 2636 2403 In
2664 2366 2762 2419 quo
2795 2349 3145 2419 inﬁrmabatur
3183 2368 3271 2423 per
3300 2367 3525 2406 carnem.
3555 2352 3655 2407 ιω

2078 2438 2219 2493 enim
2243 2438 2480 2510 jnhebat,
2525 2447 2581 2495 et
2631 2454 2736 2494 non
2789 2440 3066 2510 implebat;
3094 2442 3219 2511 quia
3246 2456 3394 2505 caro,
3434 2442 3522 2498 ubi
3555 2461 3657 2496 non

2079 2540 2195 2587 erat
2221 2533 2411 2603 gratia,
2443 2532 2784 2588 invictissime
2813 2533 3111 2588 resistebat.
3162 2533 3227 2587 Et
3257 2534 3343 2589 lex
3365 2536 3660 2604 ἱιιίὶι-ιιιαιιαι

2078 2634 2162 2678 ιιιι·
2188 2641 2275 2694 per
2292 2641 2494 2679 carnem
2515 2641 2534 2680 :
2557 2625 2676 2697 quia
2695 2626 2778 2681 lea:
2802 2626 3085 2695 spiritualis
3107 2636 3213 2691 est;
3233 2642 3323 2698 ego
3352 2637 3519 2680 autem
3545 2645 3660 2680 care

2080 2717 2213 2771 nalis
2254 2734 2387 2771 sum.
2429 2717 2710 2786 Quomodo
2754 2733 2882 2789 ergo
2911 2719 2991 2773 lex
3021 2719 3150 2773 mihi
3189 2719 3538 2788 opitularetur
3574 2722 3661 2788 jn~

2080 2808 2212 2863 bens
2242 2824 2334 2877 per
2362 2808 2612 2875 litteram,
2641 2818 2693 2863 et
2720 2825 2822 2863 non
2845 2809 2980 2863 dans
2998 2808 3262 2880 gratiam?
3290 2807 3663 2878 Iri/ﬁrmabatur

2080 2915 2168 2968 per
2191 2915 2411 2954 carnem.
2456 2899 2592 2968 Quid
2624 2900 2748 2956 fecit
2798 2900 2957 2965 Deus,
3023 2917 3145 2956 cum
3193 2901 3295 2958 hoc
3334 2903 3665 2972 impossibile

2080 2999 2223 3044 esset
2251 2988 2403 3060 legis,
2423 2999 2482 3044 et
2510 2990 2867 3046 inlicmaretnr
2894 3006 2990 3061 per
3021 2991 3273 3046 Carnem?
3300 2991 3440 3047 Deus
3468 2992 3666 3047 Filium

2077 3093 2225 3131 suum
2275 3078 2428 3133 misit.
2476 3078 2577 3133 Per
2627 3080 2752 3150 quid
2809 3079 3174 3135 iulirmabatur
3214 3080 3319 3147 lex,
3367 3092 3419 3136 et
3447 3093 3668 3153 proliter

2077 3169 2200 3240 quid
2231 3180 2346 3224 erat
2368 3170 2470 3225 hoc
2496 3171 2821 3240 impossibile
2844 3171 3008 3242 legis?
3037 3170 3401 3241 Inﬁrmabatur
3431 3190 3521 3242 per
3544 3190 3667 3227 car—

2079 3276 2210 3313 nem.
2241 3259 2376 3327 Quid
2405 3276 2532 3331 ergo
2553 3260 2726 3316 Deus?
2746 3261 2939 3316 Contra
2963 3277 3177 3316 carnem
3223 3262 3369 3317 misit
3390 3278 3611 3319 carnem
3648 3282 3664 3318 :

2078 3352 2185 3405 imo
2210 3352 2369 3406 etiam
2403 3367 2498 3421 pro
2543 3367 2702 3407 carne
2733 3352 2875 3407 misit
2904 3368 3141 3408 carnem.
3195 3352 3478 3409 Peccatum
3518 3356 3668 3409 enim

2076 3444 2254 3497 carnis
2307 3443 2518 3508 accidit,
2572 3458 2751 3498 carnis
2796 3445 3144 3499 substantiam
3194 3446 3459 3502 liberavit.
3517 3447 3669 3501 Misit

2077 3535 2216 3590 Deus
2246 3534 2295 3589 Γ
2296 3537 2437 3590 ilium
2460 3552 2607 3590 suum
2651 3536 2704 3590 in
2739 3537 3119 3592 similitudinem
3158 3539 3327 3593 carnis
3363 3540 3577 3609 pcccati.
3609 3539 3669 3594 lu

2075 3643 2236 3685 carne
2252 3629 2466 3700 quidem
2507 3644 2651 3693 vera,
2681 3629 2775 3683 sed
2813 3643 2917 3683 non
2948 3629 2998 3683 in
3055 3643 3217 3683 carne
3256 3630 3479 3699 peccati.
3522 3631 3668 3696 Quid

2072 3729 2274 3789 autem,
2305 3721 2358 3775 in
2383 3720 2760 3775 similitudinem
2778 3720 2948 3773 carnis
2966 3720 3155 3791 pecuni
3167 3720 3193 3773 ?
3215 3719 3270 3774 id
3292 3728 3397 3786 est,
3429 3730 3489 3774 ut
3514 3732 3671 3776 esset

2074 3829 2221 3882 caro,
2249 3828 2375 3870 vera
2401 3827 2545 3869 caro.
2589 3812 2655 3866 Et
2682 3812 2822 3868 unde
2869 3812 3158 3867 similitudo
3203 3814 3380 3867 carnis
3424 3813 3669 3883 peccati?

2073 3905 2206 3975 Quia
2225 3905 2293 3960 de
2321 3912 2538 3975 peccato
2564 3918 2710 3959 mors
2734 3920 2747 3956 :
2771 3918 2915 3958 mors
2935 3912 3018 3959 est
3036 3904 3220 3974 utique
3247 3904 3299 3957 in
3323 3903 3469 3957 omni
3496 3917 3669 3960 came

2075 3997 2309 4069 peccati;
2339 3996 2408 4051 de
2431 4010 2533 4066 qua
2564 3995 2695 4051 dicit
2735 3994 3042 4066 Apostolus,
3074 3993 3143 4050 Ut
3163 4004 3494 4049 euacuaretur
3544 4012 3668 4049 cor-

2074 4105 2170 4161 pus
2196 4088 2385 4157 peccati
2424 4084 2600 4160 (Rom.
2625 4102 2695 4153 vi,
2717 4085 2796 4157 6).
2819 4084 2953 4154 Quia
2989 4099 3116 4156 ergo
3152 4099 3296 4140 mors
3320 4094 3405 4142 cst
3430 4086 3482 4140 in
3508 4090 3665 4142 omni

2074 4197 2235 4238 carne
2262 4180 2467 4254 peccati
2490 4198 2504 4234 :
2531 4178 2627 4234 sed
2655 4187 2937 4248 utrumque
2966 4176 3035 4232 ibi
3054 4186 3157 4241 est,
3187 4184 3241 4231 et
3265 4190 3413 4231 mors
3439 4184 3496 4232 et
3524 4193 3663 4249 pec-

2072 4283 2250 4330 eatum
2279 4274 2330 4328 in
2358 4287 2519 4329 carne
2546 4281 2759 4328 cmtera.
2791 4268 2847 4323 in
2868 4284 3028 4325 carne
3058 4269 3257 4340 peccati
3285 4277 3344 4325 et
3367 4285 3519 4326 mors
3549 4282 3659 4335 est,

2071 4376 2130 4424 et
2180 4374 2452 4437 peccatum
2485 4365 2577 4420 :in
2624 4362 2968 4420 similitudine
3017 4363 3193 4419 carnis
3254 4370 3458 4434 peccati
3505 4380 3665 4422 mors

2071 4468 2208 4525 erat,
2229 4468 2283 4514 et
2311 4467 2585 4529 peccatum
2630 4471 2734 4511 non
2758 4460 2895 4511 erat.
2922 4452 2978 4510 Si
3005 4455 3145 4509 enim
3170 4470 3293 4509 caro
3331 4456 3543 4526 peccati
3575 4473 3666 4512 cs-

2071 4556 2174 4616 set,
2201 4556 2256 4603 et
2286 4547 2476 4603 merito
2505 4546 2703 4616 peccati
2735 4559 2946 4615 petram
2993 4545 3180 4600 mortis
3214 4545 3404 4612 lueret,
3429 4560 3543 4602 non
3578 4547 3665 4601 di-

2067 4649 2215 4696 ceret
2239 4639 2353 4710 ipse
2381 4638 2658 4703 Dominus,
2686 4637 2817 4693 Ecce
2840 4639 2969 4692 venit
3012 4638 3245 4708 princeps
3280 4640 3479 4702 mundi,
3525 4652 3580 4694 α
3607 4642 3663 4695 its

2069 4748 2149 4786 me
2174 4732 2302 4785 nihil
2325 4730 2540 4785 inveniet
2566 4728 2745 4800 (Joan.
2773 4745 2880 4796 stv,
2910 4727 3026 4801 '50).
3055 4728 3231 4798 Quare
3254 4744 3383 4800 ergo
3407 4733 3662 4801 mqocci-

2069 4822 2180 4879 dit?
2229 4823 2360 4890 Quia
2397 4836 2512 4892 quw
2560 4836 2661 4874 non
2706 4819 2874 4891 rapui,
2915 4828 3034 4873 tunc
3083 4810 3396 4873 exsolvi-bam
3447 4818 3660 4893 (Psal.

2069 4930 2253 4981 stnt,
2275 4910 2363 4985 5).
2396 4913 2620 4967 Prorsus
2640 4910 2779 4980 quod
2813 4908 2937 4966 fecit
2959 4908 3028 4964 de
3056 4908 3275 4975 tributo,
3304 4910 3405 4964 hoc
3431 4910 3560 4965 fecit
3589 4912 3660 4966 de

2068 5015 2257 5061 morte.
2289 5003 2612 5075 Exigebatur
2653 5002 2928 5071 tributum,
2959 4999 3269 5056 didrachma
3298 5018 3312 5054 :
3345 5000 3541 5068 Quare,
3575 5003 3659 5057 in-

2066 5095 2199 5166 quit,
2231 5104 2286 5148 ιιι
2313 5105 2360 5150 et
2382 5093 2618 5164 discipuli
2645 5093 2727 5147 tui
2757 5108 2859 5147 non
2886 5092 3095 5146 redditis
3118 5090 3402 5145 tributum?
3434 5090 3659 5147 \‘ocavit

2066 5187 2134 5244 ad
2162 5202 2221 5244 se
2256 5187 2492 5252 Petrum,
2546 5194 2602 5240 et
2623 5185 2699 5239 ait
2733 5185 2821 5240 ei:
2852 5184 3013 5257 Reges
3044 5183 3219 5238 mundi
3267 5199 3300 5237 a
3341 5184 3524 5254 quibus
3544 5187 3659 5238 esi-

2067 5288 2193 5351 gunt
2221 5277 2460 5331 tributum
2478 5276 2559 5329 .911
2587 5276 2707 5345 ﬁliis
2732 5274 2856 5341 suis,
2881 5290 2951 5329 an
2976 5274 3041 5328 ab
3067 5273 3289 5330 alienis?
3308 5273 3655 5343 Responsum

2063 5380 2145 5427 est
2173 5388 2187 5425 :
2223 5369 2295 5423 Ab
2324 5368 2521 5423 alienis.
2548 5365 2707 5439 Ergo,
2754 5366 2943 5436 inquit,
2973 5365 3114 5420 liberi
3155 5373 3275 5419 sunt
3294 5365 3410 5435 ﬁlii.
3455 5363 3653 5419 Tamen

2064 5443 2548 5515 nescandaliscirttts
2573 5473 2676 5524 eos,
2706 5456 2834 5511 uade
2873 5456 2942 5509 ad
2971 5471 3129 5520 mare,
3164 5455 3301 5510 mitte
3340 5454 3568 5515 Irarum»,
3601 5464 3652 5506 ct

2062 5553 2147 5623 qui
2179 5553 2370 5621 primus
2391 5550 2679 5612 surrexerit,
2707 5547 2755 5601 id
2780 5556 2861 5602 est
2882 5589 2896 5613 ,
2928 5547 3310 5618 primogenitus
3338 5561 3367 5597 a
3390 5544 3648 5601 mortuis:

2124 5654 2261 5704 'llss.
2289 5654 2366 5704 hic
2390 5660 2437 5704 ιιι
2464 5650 2601 5702 infra.
2625 5645 2856 5702 liberabit.
