3850 6188
260 286 362 344 8ξὸ

256 401 416 471 aperi,
450 395 642 469 inquit,
673 416 726 451 os
768 396 897 469 ejus,
936 409 980 452 et
1009 398 1226 453 inuenies
1274 397 1340 450 ibi
1360 406 1614 459 steteram,
1646 393 1695 447 id
1745 400 1846 453 est,

258 492 387 546 duas
435 491 812 556 didrachmas,
857 501 1084 563 quatuor
1155 490 1437 546 drachmas
1472 489 1628 558 :quia
1671 486 1848 542 didra-

258 583 435 648 clnna,
472 582 521 636 id
544 593 645 651 est,
670 583 786 639 dum
810 584 1101 652 draclunze,
1132 584 1184 639 in
1206 594 1365 655 caput
1390 583 1720 654 exigebatur.
1752 581 1849 635 1n-

259 675 421 729 rcnies
447 676 516 728 ibi
542 685 797 743 staterem,
826 676 929 732 hoc
956 688 1056 741 est,
1089 686 1316 747 quatuor
1335 677 1637 741 drachmas,
1688 676 1755 729 da
1781 678 1852 730 eis

262 784 353 837 pro
380 783 462 821 me
491 778 536 821 et
582 778 630 820 te
658 767 869 838 (Matth.
902 785 1029 835 xvu,
1076 770 1148 824 25
1178 768 1295 842 25).
1342 769 1478 836 Quid
1520 780 1623 834 est,
1651 767 1850 822 Prome

258 868 303 910 et
334 858 419 911 te?
443 856 563 927 Ipse
587 855 850 923 Christus,
883 861 1092 928 Petrus,
1124 861 1360 916 Ecclesia
1397 859 1616 925 Christi,
1663 860 1850 915 Eccle-

257 949 351 1002 sia:
381 959 613 1019 quatuor
643 950 947 1020 Evangelia.
991 952 1299 1023 Mysterium
1342 952 1538 1007 latebat
1570 970 1583 1006 :
1610 952 1853 1008 Christus

259 1048 438 1095 tamen
468 1039 721 1095 tributum
744 1057 849 1095 non
893 1041 1127 1098 debitum
1153 1044 1508 1113 persolvebat.
1527 1044 1615 1098 Sic
1644 1042 1851 1113 persol-

257 1132 333 1185 vit
358 1140 413 1186 et
443 1140 671 1187 mortem
702 1151 714 1185 :
751 1149 856 1188 non
886 1132 1131 1199 debebat,
1169 1144 1223 1190 et
1247 1135 1601 1205 persolvebat.
1642 1135 1729 1189 Ille
1751 1134 1851 1188 nisi

259 1226 555 1281 indebitum
626 1227 878 1294 solveret,
931 1244 1199 1299 nunquam
1254 1245 1351 1285 nos
1419 1244 1449 1283 a
1486 1229 1665 1285 debito
1714 1229 1851 1283 libe-

258 1332 316 1370 ra
323 1333 380 1371 l‘C
388 1328 424 1371 1,.

332 1409 561 1466 CAPUT
602 1410 811 1466 Vill.—
834 1411 890 1467 8.
915 1411 1142 1468 Christus
1160 1423 1414 1484 peccatum
1427 1415 1685 1485 faclus.——-
1704 1413 1853 1480 Quod

259 1516 390 1571 ergo
414 1502 725 1573 impossibile
765 1514 871 1558 erat
902 1503 1073 1575 Legis,
1103 1521 1224 1576 qua:
1273 1506 1497 1561 faciebat
1533 1507 1850 1575 praevarica-

259 1601 457 1658 torem,
487 1595 609 1663 quia
642 1593 876 1649 nondum
908 1611 1063 1651 mens
1084 1599 1327 1651 convicta
1354 1598 1639 1667 quaesierat
1663 1596 1851 1653 Salva-

261 1692 466 1753 torem;
499 1690 551 1740 iu
598 1704 697 1755 quo
722 1689 1081 1758 in/irmabatur
1128 1708 1216 1762 per
1251 1707 1475 1759 carnem,
1530 1693 1666 1746 misit
1717 1691 1854 1748 Deus

265 1776 460 1831 Filium
480 1795 625 1833 suum
652 1780 706 1833 in
730 1781 1111 1836 similitudinem
1139 1784 1306 1837 carnis
1338 1786 1547 1855 peccati,
1577 1795 1624 1837 et
1643 1787 1707 1838 de
1732 1801 1851 1854 pec-

260 1880 376 1924 cato
400 1872 662 1927 damnavit
683 1884 944 1944 peccatum
964 1875 1017 1929 in
1048 1892 1217 1929 carne.
1250 1876 1531 1945 Quomodo
1567 1893 1695 1949 ergo
1744 1894 1850 1932 non

264 1961 496 2018 habebat
522 1976 818 2033 peccatum,
849 1966 893 2020 si
914 1965 980 2021 de
1000 1976 1218 2035 peccato
1247 1966 1517 2023 damnavit
1543 1969 1854 2038 peccatum?

261 2052 380 2108 Jam
404 2055 691 2124 aliquando
742 2058 1089 2127 exposuimus
1133 2058 1283 2113 vobis
1330 2060 1431 2114 hoc
1461 2057 1534 2132 (η)
1571 2079 1584 2115 :
1619 2060 1712 2116 sed
1762 2061 1850 2130 qui

266 2147 646 2214 meminerunt,
696 2160 1116 2220 recognoscant;
1165 2152 1253 2221 qui
1285 2168 1390 2206 nun
1418 2153 1720 2216 audierunt,
1753 2168 1852 2207 au-

264 2237 444 2302 diant;
486 2239 577 2308 qui
599 2239 745 2294 obliti
769 2250 913 2306 sunt,
940 2242 1196 2296 recolant.
1242 2243 1523 2298 Peccatum
1567 2243 1855 2299 vocabatur

268 2328 318 2381 in
348 2328 490 2399 Lege
519 2330 836 2386 sacriﬁcium
892 2348 988 2401 pro
1038 2341 1273 2402 peceato.
1318 2334 1545 2389 Assidue
1593 2335 1701 2389 Lex
1754 2335 1856 2390 hoc

266 2433 649 2477 commemorat
681 2441 694 2476 :
727 2438 832 2477 non
852 2426 1036 2490 semel,
1064 2441 1165 2479 non
1197 2427 1408 2489 iterum,
1437 2427 1528 2480 sed
1562 2427 1856 2496 smpissimc

268 2527 480 2582 peccata
512 2515 824 2570 diecbantttr
850 2516 1110 2572 sacriﬁcia
1145 2533 1238 2587 pro
1268 2520 1520 2589 pet-eatis.
1549 2520 1677 2575 Tale
1726 2536 1854 2591 pec-

267 2615 439 2659 eatum
470 2616 586 2660 erat
616 2606 881 2663 Christus.
912 2609 1047 2675 Quid
1076 2611 1216 2664 enim
1259 2610 1539 2666 dicamus“!
1570 2612 1854 2667 Peccatum

269 2697 533 2752 habebat?
562 2698 733 2752 Absit.
769 2699 1048 2755 Peccatum
1071 2718 1174 2755 nan
1217 2701 1464 2767 habebat,
1487 2712 1539 2759 et
1576 2715 1855 2775 peccatum

269 2800 398 2843 erat.
426 2790 708 2845 Peccatum
738 2800 872 2858 erat,
897 2791 1028 2856 dixi,
1069 2809 1111 2846 St
1130 2794 1359 2848 cundum
1383 2794 1526 2849 illam
1550 2796 1855 2867 intelligen-

269 2881 414 2945 tiam,
444 2882 567 2951 quia
613 2882 929 2938 sacriﬁcium
972 2899 1070 2955 pro
1113 2896 1350 2955 peccato.
1398 2887 1535 2943 Audi
1585 2890 1706 2960 quia
1756 2888 1858 2945 hoc

270 2973 427 3027 modo
449 2982 722 3042 peccatum
754 2983 890 3041 erat,
916 2975 1089 3045 ipsqu
1124 2978 1434 3048 Apostoluan
1483 2982 1622 3035 audi.
1662 2983 1732 3035 De
1764 2983 1856 3036 illo

270 3060 496 3133 loquens
541 3065 808 3119 aitzEum
836 3069 922 3137 qui
948 3086 1048 3122 non
1091 3082 1293 3124 noverat
1345 3084 1624 3153 peccatum.
1684 3074 1854 3144 Ipsam

270 3156 588 3210 sententiam
618 3157 766 3212 vobis
794 3160 1148 3228 exponebam,
1180 3163 1392 3232 quando
1428 3165 1525 3218 ista
1572 3166 1812 3222 dicebam
1838 3184 1853 3219 :

270 3245 425 3311 Eum,
460 3248 650 3317 inquit,
679 3250 765 3318 qui
794 3267 894 3303 non
922 3263 1127 3304 noverat
1152 3267 1431 3319 peccatum,
1457 3257 1504 3310 id
1534 3267 1615 3312 est
1633 3302 1645 3321 ,
1677 3259 1857 3324 Domi-

268 3354 396 3391 num
421 3350 662 3393 nostrum
698 3340 879 3395 Jesum
929 3339 1219 3408 Christum,
1256 3344 1395 3400 Deus
1438 3346 1595 3401 Pater
1630 3365 1742 3402 eum
1770 3346 1861 3419 qui

268 3446 371 3483 non
398 3441 603 3485 noverat
626 3444 905 3502 peccatum,
940 3451 1032 3504 pro
1060 3436 1200 3490 nobis
1231 3448 1491 3507 peccatum
1513 3440 1627 3510 fecit
1645 3441 1711 3509 (ll
1735 3440 1851 3495 Cor.

266 3539 321 3588 v,
350 3522 446 3593 2|)
471 3542 483 3576 :
508 3541 619 3577 eum
648 3524 822 3593 ipsum
841 3525 1110 3582 Christum
1132 3529 1216 3599 qui
1232 3546 1331 3583 non
1353 3541 1555 3584 noverat
1575 3516 1853 3603 peccatum,

270 3616 411 3670 Deus
439 3614 595 3670 Pater
620 3634 711 3685 pro
742 3618 882 3673 nobis
918 3630 1176 3688 peceatum
1203 3622 1341 3690 fecit,
1379 3632 1433 3675 ut
1461 3639 1551 3676 nos
1581 3625 1736 3678 simus
1777 3626 1857 3694 ju—

264 3700 407 3752 stitia
436 3698 532 3753 De:
555 3701 606 3754 in
637 3701 767 3772 ipso.
800 3702 982 3757 Videte
1011 3704 1137 3771 duo,
1161 3705 1363 3774 justitia
1388 3706 1484 3760 Dei
1511 3723 1616 3760 non
1645 3717 1853 3769 nostra;

265 3794 318 3845 in
352 3794 483 3863 ipso,
509 3810 613 3848 non
647 3795 697 3849 in
732 3796 901 3849 nobis.
947 3796 1073 3852 lude
1115 3797 1187 3851 illi
1220 3799 1394 3869 magni
1439 3800 1629 3863 sancti,
1655 3801 1720 3856 de
1742 3799 1858 3870 qui-

268 3885 368 3939 bus
397 3887 527 3941 dicit
572 3887 832 3955 Psalmus,
860 3888 1071 3944 Iustitia
1099 3900 1183 3944 tua
1206 3892 1335 3946 sicut
1386 3904 1578 3948 montes
1635 3894 1744 3949 Dei.
1794 3896 1859 3950 Et

263 3979 421 4049 quasi
452 3978 718 4033 diceretur
740 3979 789 4033 iu
820 3981 935 4051 ipso
960 3981 1189 4045 Psalmo,
1227 3983 1315 4055 ubi
1351 3983 1548 4039 dictum
1586 3995 1685 4050 est,
1732 3984 1859 4041 Jus-

271 4070 383 4121 titia
411 4079 497 4122 tua
521 4087 540 4123 :
570 4086 673 4124 non
705 4072 846 4125 enim
881 4072 1085 4142 justitia
1138 4088 1342 4138 eorum,
1375 4076 1489 4139 sed,
1523 4076 1733 4131 Iustitia
1772 4088 1858 4133 tua

265 4161 400 4212 velut
435 4172 629 4215 montes
660 4161 752 4216 De’i
781 4180 800 4217 :
830 4162 1014 4217 Levavi
1035 4166 1176 4219 enim
1207 4166 1383 4221 oculos
1405 4186 1538 4223 meos
1564 4170 1615 4223 in
1644 4180 1854 4237 montes,

269 4251 406 4304 unde
463 4253 624 4306 ueniet
670 4256 920 4308 auxilium
973 4256 1133 4321 mihi;
1174 4258 1267 4311 sed
1314 4275 1418 4313 non
1468 4274 1496 4312 a
1551 4262 1854 4316 montibus:

266 4345 534 4397 Auxilium
557 4347 697 4400 enim
725 4364 886 4400 meum
907 4367 937 4401 a
966 4347 1182 4403 Domino
1205 4369 1224 4417 ;
1248 4348 1330 4421 qui
1348 4352 1465 4422 fecit
1494 4354 1673 4407 (mlum
1695 4364 1738 4409 et
1757 4365 1858 4410 ter-

265 4454 383 4488 ram
410 4435 581 4509 (Psal.
600 4450 726 4503 cxx,
759 4440 808 4501 l,
836 4438 891 4511 2)
930 4457 942 4493 :
973 4456 1099 4512 ergo
1127 4457 1246 4496 cum
1269 4442 1513 4511 dixisset,
1531 4441 1743 4500 Iustitia
1774 4458 1860 4502 tua

264 4532 396 4583 sicut
424 4541 618 4584 montes
647 4529 774 4595 Dei;
800 4533 948 4603 quasi
998 4545 1348 4604 quarreretur,
1389 4536 1583 4608 thuid
1610 4556 1737 4610 ergo
1766 4542 1854 4596 alii

266 4625 600 4677 nascuntur‘
632 4628 718 4693 qui
745 4641 846 4679 nan
872 4628 1218 4695 pertinentad
1238 4630 1496 4698 justitiam
1526 4624 1660 4687 Dei?
1683 4634 1861 4703 subje-

261 4714 362 4775 cit,
393 4713 604 4767 Judicia
648 4725 733 4768 tua
758 4717 887 4769 sicut
938 4717 1096 4772 multa
1138 4718 1546 4792 abyssus(Psal.
1590 4740 1754 4790 xxxv,
1779 4726 1857 4796 7).

260 4804 405 4872 Quid
436 4817 539 4868 est,
571 4808 700 4861 sicut
723 4809 881 4862 multa
908 4810 1159 4882 abyssus?
1184 4812 1362 4867 Altum
1398 4824 1501 4879 est,
1538 4816 1858 4886 impenetra-

262 4897 377 4952 bile
399 4907 503 4964 est,
536 4899 867 4955 inaccessum
910 4913 991 4956 est
1027 4900 1272 4958 humana-
1308 4906 1607 4961 intentioni.
1653 4907 1861 4968 Divitizn

260 4991 409 5044 enim
436 4992 529 5046 Dei
555 4992 926 5049 inscrutabiles
955 5014 966 5047 :
1004 4996 1359 5065 inscrutahilia
1386 4996 1580 5069 judicia
1612 5002 1747 5072 ejus,
1776 5005 1860 5060 in-

263 5083 723 5151 vestigabilesvize
752 5087 869 5154 ejus
900 5082 1075 5155 (Rom.
1104 5104 1178 5152 xi,
1200 5086 1311 5163 35).
1340 5091 1483 5162 Ergo
1506 5103 1560 5147 et
1580 5094 1687 5161 hic,
1717 5095 1859 5151 Misit

263 5170 409 5226 Deus
440 5173 633 5227 Filium
659 5193 822 5241 suum,
858 5188 1075 5247 propter
1100 5182 1392 5248 pr.escitos,
1423 5193 1478 5236 et
1507 5187 1862 5253 pr.~rdcstina-

262 5278 377 5332 tos,
409 5268 702 5334 vocandas,
742 5266 1133 5339 justiﬁcaudos.
1177 5272 1554 5341 gloriﬁcaudos
1587 5296 1598 5331 :
1627 5287 1682 5333 ut
1710 5296 1860 5336 mon-

337 5381 350 5448 ξ
374 5380 448 5448 sic
471 5386 579 5448 διες».
604 5380 719 5448 Editi
741 5394 878 5441 vero,
902 5380 1079 5448 etquid
1099 5383 1400 5448 ergoaliqij,
1424 5397 1519 5439 etc.

333 5439 404 5502 (ιι)
427 5443 567 5517 ῃίαἱι
588 5443 649 5517 ad
672 5439 1078 5517 Semnonum-13$.
1114 5439 1176 5517 ηξ
1187 5439 1398 5517 μξςαέ
1418 5451 1598 5517 verbis
1618 5453 1862 5517 Evangelii

246 5509 409 5578 .lssan._
439 5505 501 5561 8;
528 5504 792 5578 velpotius
906 5507 1126 5578 152,_nn.
1156 5504 1497 5578 19,_it._ltun_c
1520 5514 1668 5571 enim,
1696 5504 1867 5578 iavqno

246 5568 492 5614 eaautem
516 5568 811 5616 sententiam
847 5570 1054 5630 Apostoli
1081 5584 1143 5618 ex
1179 5571 1380 5631 Epistula
1420 5573 1477 5619 ad
1516 5568 1746 5624 Romanos
1783 5568 1864 5626 'su-

244 5636 491 5700 sccperat
517 5631 875 5700 exlmnendam,
919 5631 995 5700 his
1031 5644 1141 5681 mox
1170 5632 1335 5700 verbis
1359 5640 1528 5700 notare
1560 5634 1752 5685 videtur
1776 5648 1864 5687 ttu-

240 5690 522 5754 gustiuns:
552 5710 572 5733 ι
593 5690 805 5750 ipsum»
828 5693 1008 5754 inquit,
1034 5711 1053 5739 ει
1072 5693 1366 5743 sententiam
1386 5693 1522 5743 vobis
1535 5700 1867 5754 exponebam.

241 5750 458 5808 quando
480 5753 571 5800 ista
596 5754 836 5801 (limi-am.
855 5770 876 5799 ι

1686 278 1915 334 SERMO
1954 276 2103 333 Cl.\'.

3434 284 3541 350 846

1960 399 2038 444 tes
2076 392 2164 445 Dei
2210 392 2407 457 dicant,
2468 394 2527 448 Si
2570 393 2701 448 Deus
2746 406 2837 466 pro
2883 397 3043 464 nobis,
3083 400 3193 469 quis
3224 400 3531 459 contrarios

1956 480 2129 553 (Rom.
2146 499 2253 547 vlu,
2270 484 2492 555 9.9-51)?
2506 485 2644 539 .llisit
2662 485 2797 541 Deus
2822 487 3011 543 Filium
3022 493 3233 547 suumin
3248 496 3541 551 similitudi-
3574 533 3588 565 ,

1954 590 2068 628 nem
2097 577 2264 630 carnis
2292 579 2504 648 peccati,
2531 589 2574 632 et
2597 580 2658 633 de
2682 591 2888 650 peccato
2910 584 3166 638 damnavit
3201 599 3460 657 peccatum
3488 593 3539 644 in
3572 600 3583 650 ξ

1954 685 2126 737 carne,
2140 681 2193 724 ut
2211 672 2413 743 justitia
2429 670 2552 744 legis
2564 673 2854 743 impleretur
2876 677 2928 728 in
2950 676 3111 751 nobis.
3137 676 3254 732 Non
3286 680 3544 749 impleba-
3574 682 3581 715 ‘

1956 769 2041 816 tur
2066 778 2159 833 per
2180 778 2259 830 se,
2293 763 2506 834 impleta
2537 775 2621 820 est
2644 781 2738 836 per
2770 766 3059 823 Christum.
3088 769 3202 825 Non
3235 772 3377 827 enim
3401 776 3543 830 venit

1955 853 2124 924 legem
2147 856 2375 921 solvere,
2403 857 2495 913 sed
2524 858 2746 929 implere
2767 857 2979 931 (Matth.
3004 877 3056 926 v,
3084 862 3194 935 i7).

2024 947 2250 1006 CAPUT
2291 950 2380 1006 IX.
2422 982 2494 991 —
2536 952 2589 1007 9.
2614 952 2887 1007 Ambulare
2930 954 3206 1010 secundum
3243 972 3447 1013 carnem
3492 968 3540 1012 et

1954 1042 2227 1095 secundum
2269 1043 2540 1113 Spiritum.
2572 1042 2784 1097 Justitia
2825 1045 2950 1115 legis
2986 1048 3236 1114 quomodo
3265 1065 3401 1102 nunc
3442 1050 3543 1104 im-

1956 1132 2142 1202 pletur.
2177 1133 2282 1188 Sed
2312 1134 2582 1205 quomodo
2597 1137 2802 1206 justitia
2845 1137 2968 1209 legis
3019 1139 3312 1209 impleretur
3362 1142 3415 1195 in
3445 1156 3539 1196 πρέ

1955 1222 2059 1288 bis,
2110 1225 2191 1279 vel
2243 1226 2509 1295 quomodo
2555 1227 2805 1297 impletur
2852 1230 3044 1294 nobis,
3077 1232 3158 1287 vel
3206 1233 3401 1303 quibus
3442 1251 3541 1288 nos

1955 1313 2079 1368 bis?
2113 1315 2199 1368 Vis
2228 1316 2414 1373 audire
2458 1318 2509 1371 in
2550 1320 2742 1389 quibus
2785 1320 2973 1375 nobis?
3002 1320 3107 1388 Qui
3135 1340 3235 1377 non
3268 1326 3541 1379 secundum

1953 1422 2157 1460 carnem
2209 1409 2560 1477 ambulamus,
2615 1412 2704 1466 sed
2769 1416 3045 1468 secundum
3095 1417 3351 1485 spiritum.
3404 1418 3538 1487 Quid

1954 1507 2056 1564 est,
2115 1499 2409 1554 secundum
2458 1518 2671 1558 carnem
2715 1504 3030 1561 ambulare?
3069 1507 3384 1564 Carnutibus
3408 1525 3538 1564 cou-

1953 1590 2298 1658 cupiscentiis
2351 1594 2675 1649 consentire.
2733 1594 2870 1663 Quid
2927 1605 3049 1663 est,
3092 1598 3386 1654 secundum
3434 1601 3544 1670 Spi-

1953 1681 2112 1736 ritum
2176 1682 2491 1739 ambulare?
2535 1685 2787 1755 Adjuvari
2846 1689 3033 1758 spiritu
3096 1691 3147 1745 in
3205 1703 3432 1756 mente,
3489 1704 3544 1746 et

1954 1777 2399 1846 concupiscentiis
2443 1779 2620 1833 carnis
2666 1795 2770 1834 non
2819 1781 3062 1837 obedire.
3110 1782 3201 1838 Sie
3254 1799 3382 1855 ergo
3440 1787 3542 1839 im-

1955 1868 2130 1936 pletur
2174 1869 2225 1923 iu
2268 1871 2421 1925 nobis
2468 1871 2548 1927 lex
2579 1913 2592 1937 ,
2635 1874 2886 1942 impletur
2913 1875 2964 1929 in
2997 1876 3167 1947 nobis
3193 1877 3396 1947 justitia
3425 1880 3541 1934 Dei.-

1956 1958 2116 2013 Modo
2143 1960 2357 2015 interim
2388 1962 2658 2033 impletur,
2690 1962 2815 2019 Post
2837 1944 3275 2035 concupiscendus
3301 1978 3411 2023 tuas
3441 1987 3542 2025 non

1954 2069 2040 2107 eos
2070 2052 2256 2123 (Eccli.
2292 2070 2439 2120 svnt,
2473 2056 2586 2118 50).
2626 2054 2753 2111 Post
2781 2061 3215 2130 concupiscentias
3240 2071 3353 2116 tuas
3379 2104 3392 2124 ,
3421 2077 3543 2116 cum

1954 2144 2106 2197 audis
2129 2185 2143 2209 ,
2187 2144 2397 2202 illicitas
2435 2147 2638 2216 accipe.
2683 2146 2809 2203 Post
2844 2151 3274 2220 concupiscentias
3303 2163 3414 2206 tuas
3444 2171 3545 2207 non

1954 2249 2039 2287 eas
2058 2274 2073 2297 ,
2103 2233 2264 2290 debet
2305 2235 2511 2305 impleri
2557 2253 2624 2292 ex
2652 2237 2928 2295 voluntate
2963 2250 3144 2297 nostra
3171 2243 3350 2312 adjuta
3378 2247 3545 2316 gratia

1955 2324 2079 2389 Dei;
2107 2325 2264 2382 debet
2291 2327 2532 2397 impleri,
2566 2327 2690 2383 Post
2719 2332 3150 2402 concupiscentia:
3175 2343 3290 2389 tuas
3318 2353 3418 2390 non
3439 2355 3542 2392 eas.

1957 2416 2223 2488 Quidquid
2255 2420 2397 2473 enim
2429 2420 2514 2473 illa
2534 2422 2964 2492 concupiscentia
2986 2426 3163 2481 carnis
3178 2427 3285 2497 egit
3308 2428 3359 2482 iu
3392 2429 3545 2483 nobis

1958 2511 2354 2580 praeteritorum
2382 2523 2717 2582 peccatorum
2744 2557 2758 2582 ,
2787 2515 2903 2570 sive
2935 2515 2987 2570 in
3015 2515 3169 2572 factis
3194 2561 3208 2586 ,
3240 2520 3352 2575 sive
3386 2522 3440 2575 in
3462 2523 3545 2575 dia

1957 2606 2060 2660 ctis
2083 2647 2098 2671 ,
2132 2606 2245 2661 sive
2273 2608 2322 2660 in
2351 2607 2798 2674 cogitationibus;
2828 2617 2996 2663 totum
3018 2609 3253 2667 deletum
3282 2622 3364 2667 est
3392 2628 3547 2669 sacro

1958 2696 2285 2766 Baptismatc
2326 2715 2340 2752 :
2384 2699 2560 2752 omnia
2601 2698 2780 2754 debita
2821 2699 3025 2755 delevit
3061 2717 3162 2757 una
3194 2703 3544 2774 indulgentia.

1958 2785 2145 2842 Restat
2173 2802 2301 2857 ergo
2348 2803 2469 2842 cum
2515 2803 2677 2844 carne
2719 2788 3182 2862 conﬁictus:quia
3233 2792 3409 2849 deleta
3459 2806 3543 2850 est

1960 2877 2231 2947 iniquitas,
2252 2879 2344 2934 sed
2370 2889 2549 2934 manet
2580 2880 2881 2937 inﬁrmitas.
2907 2881 3072 2949 Inest,
3105 2884 3281 2939 titillat
3308 2885 3546 2942 delecta.

1962 2968 2035 3022 tio
2067 2968 2265 3024 illicitae
2292 2971 2743 3040 concupiscentiae
2777 2988 2790 3024 :
2826 2988 3020 3043 pugna,
3051 2974 3258 3040 resiste,
3284 2976 3391 3030 noli
3419 2993 3548 3032 con.

1958 3060 2191 3124 sentire;
2241 3069 2296 3115 et
2336 3061 2589 3131 impletur
2637 3063 2723 3118 hic
2745 3104 2759 3128 ,
2796 3061 2921 3119 Post
2962 3066 3391 3135 concupiscentia:
3434 3075 3550 3123 tuas

1959 3166 2060 3203 non
2116 3167 2243 3205 eas:
2287 3152 2410 3222 quia
2460 3162 2515 3207 et
2561 3152 2607 3207 si
2646 3153 2860 3224 quando
2905 3154 3236 3226 subrepunt,
3279 3167 3334 3213 et
3382 3174 3537 3214 usur‘

1961 3250 2088 3309 rant
2135 3244 2235 3299 sibi
2289 3246 2502 3300 oculum
2529 3287 2543 3311 ,
2574 3261 2761 3300 aurtun
2785 3288 2798 3312 ,
2832 3247 3095 3319 linguam,
3134 3250 3414 3304 volaticam
3446 3265 3539 3305 co-

1960 3335 2269 3403 gitationem
2295 3378 2310 3400 ,
2357 3352 2456 3392 nec
2507 3338 2586 3392 sic
2640 3339 2990 3407 desperemus
3025 3340 3092 3395 de
3130 3341 3302 3395 salute
3345 3350 3545 3396 nostra.

1962 3426 2087 3480 ideo
2135 3428 2373 3498 quotidie
2418 3427 2646 3482 dicimus
2673 3468 2686 3491 ,
2734 3427 2944 3483 Dimitte
2984 3431 3125 3484 nobis
3162 3431 3328 3484 debita
3379 3440 3551 3484 nostra

1962 3517 2253 3589 (ΜαιιΙι.γι,
2275 3518 2385 3589 12).
2403 3517 2634 3585 Iustitia,
2656 3519 2845 3589 inquit,
2866 3521 2991 3590 legis
3004 3521 3297 3591 impleretur
3316 3521 3368 3573 in
3383 3522 3545 3574 nobis.

2029 3608 2257 3664 CAPUT
2296 3608 2363 3663 Χ.
2392 3596 2471 3649 -”
2495 3611 2580 3665 10.
2610 3608 2892 3664 Prudentia
2914 3611 3084 3665 carnis
3113 3620 3161 3665 et
3181 3611 3411 3681 spiritus.
3439 3612 3547 3666 Sed

1961 3702 2012 3755 in
2043 3701 2238 3772 quibus
2269 3701 2460 3756 nobis?
2505 3704 2604 3769 Qui
2630 3719 2730 3756 non
2770 3704 3046 3758 secundum
3085 3720 3288 3758 carnem
3318 3704 3550 3758 ambula-

1961 3810 2074 3848 mus
2093 3835 2108 3861 ,
2149 3794 2238 3848 sed
2262 3794 2537 3848 secundant
2566 3794 2821 3865 spiritum.
2852 3794 2951 3862 Qui
2971 3795 3103 3848 enim
3134 3794 3408 3849 secundum
3436 3810 3549 3847 car-

1962 3903 2075 3939 nem
2103 3895 2220 3940 sunt
2246 3927 2262 3953 ,
2292 3900 2406 3956 qua:
2433 3886 2601 3939 carnis
2629 3895 2747 3940 sunt
2771 3886 2977 3957 sapiunt
3000 3902 3018 3950 ;
3044 3886 3130 3956 qui
3168 3894 3336 3939 autem
3363 3902 3544 3939 secuu‘

1965 3981 2088 4034 dum
2134 3979 2414 4050 spiritum,
2454 3994 2568 4048 quea
2611 3988 2730 4032 sunt
2794 3978 3023 4048 spiritus.
3082 3976 3367 4051 Prudentia
3417 3978 3551 4032 enim

1961 4073 2131 4127 carnis
2158 4088 2294 4125 mors
2322 4082 2393 4124 est
2423 4088 2441 4126 :
2469 4072 2736 4143 prudentia
2763 4083 2933 4125 mitem
2957 4073 3167 4142 spiritus
3196 4073 3295 4126 vita
3335 4082 3380 4127 et
3425 4091 3547 4143 pax.

1964 4162 2251 4217 Prudentia
2298 4165 2433 4218 enim
2478 4166 2649 4219 carnis
2695 4164 2898 4218 inimica
2944 4165 2999 4219 in
3035 4163 3221 4220 Deum.
3266 4164 3391 4236 Legi
3419 4168 3554 4220 enim

1962 4256 2058 4311 Dei
2086 4272 2187 4310 non
2216 4266 2289 4310 est
2318 4258 2542 4328 subjecta
2582 4275 2602 4313 :
2640 4274 2797 4327 neque
2835 4258 2970 4312 enim
3013 4268 3195 4330 potest.
3249 4259 3387 4329 Quid
3425 4271 3510 4316 est
3534 4305 3547 4323 ,

1964 4365 2120 4418 neque
2144 4349 2277 4403 enim
2303 4350 2511 4420 potest?
2538 4350 2653 4404 Non
2677 4350 2838 4404 homo
2864 4366 2972 4405 non
3001 4359 3194 4420 remst,
3238 4367 3344 4407 non
3374 4353 3553 4406 anium

1968 4459 2073 4497 non
2116 4453 2293 4512 potest
2319 4483 2335 4509 ,
2379 4457 2483 4497 non
2514 4443 2745 4514 denique
2767 4443 2879 4514 ipsa
2910 4459 3035 4499 caro
3063 4485 3079 4511 ,
3111 4445 3233 4515 quia
3267 4444 3359 4500 Dei
3395 4460 3549 4501 crea-

1968 4544 2081 4590 tura
2108 4576 2123 4601 ,
2173 4551 2276 4589 non
2314 4544 2489 4605 potest
2531 4555 2545 4589 :
2576 4535 2669 4590 sed
2697 4535 2973 4605 prudentia
3005 4535 3182 4591 carnis
3206 4553 3311 4590 non
3342 4545 3510 4607 potest
3534 4579 3549 4601 ,

1964 4628 2152 4682 vilium
2186 4642 2290 4681 non
2321 4635 2514 4696 potest,
2552 4643 2658 4681 non
2686 4636 2895 4681 natura.
2926 4627 3212 4696 Quomodo
3236 4628 3280 4683 si
3310 4628 3517 4684 diceres
3536 4670 3549 4685 .

1963 4717 2293 4772 (llaudicatio
2321 4727 2480 4772 rectm
2506 4718 2850 4772 ambulationi
2871 4733 2977 4772 non
2994 4726 3078 4773 est
3092 4719 3330 4787 subjecta
3350 4737 3363 4771 :
3381 4734 3554 4788 neque

1964 4811 2107 4864 enim
2145 4818 2335 4878 potest.
2369 4810 2473 4863 Pes
2511 4817 2706 4879 potest,
2739 4809 2833 4862 sed
2862 4809 3182 4864 claudicatio
3210 4824 3322 4864 non
3351 4819 3548 4878 potest.

1964 4903 2117 4957 Tulle
2137 4902 2601 4966 claudicationem,
2613 4911 2668 4954 et
2682 4900 2884 4955 videbis
2900 4911 3100 4955 rectam
3113 4900 3552 4955 ambulationem.

1964 4995 2068 5048 Sed
2082 4994 2332 5063 quamdiu
2359 4992 2678 5047 claudicatio
2701 5003 2803 5056 est,
2823 5006 2927 5046 non
2950 5000 3126 5062 potest
3153 5008 3167 5045 :
3197 4992 3277 5047 sie
3299 4991 3554 5062 quamdiu

1969 5087 2248 5154 prudentia
2278 5085 2455 5140 carnis
2483 5093 2569 5140 est
2591 5126 2605 5149 ,
2642 5101 2746 5140 non
2778 5095 2969 5155 potest.
3003 5085 3118 5141 Non
3162 5087 3232 5141 sit
3275 5087 3555 5156 prudentia

1966 5182 2162 5239 carnis.
2195 5189 2248 5234 et
2280 5180 2440 5233 homo
2464 5187 2658 5250 potest.
2686 5176 2971 5234 Prudentia
2989 5180 3197 5250 spiritus
3226 5181 3327 5235 vita
3350 5188 3399 5237 et
3430 5196 3555 5254 pax.

1965 5270 2119 5340 Quod
2147 5287 2279 5341 ergo
2317 5274 2391 5326 ait
2420 5312 2435 5337 ,
2485 5270 2763 5325 Prudentia
2791 5272 2960 5326 carnis
3004 5271 3209 5325 inimica
3247 5273 3300 5325 in
3350 5272 3513 5325 Deum
3536 5313 3557 5339 ,

1973 5367 2079 5420 noti
2106 5367 2183 5421 sic
2208 5366 2453 5436 accipere
2483 5408 2497 5432 ,
2553 5367 2703 5436 quasi
2751 5367 2965 5420 inimica
3010 5367 3109 5421 ista
3146 5369 3314 5437 possit
3361 5368 3558 5422 hedera.

1973 5458 2158 5512 Deum.
2209 5457 2529 5513 Rcsistendo
2560 5458 2770 5511 inimica
2802 5467 2885 5513 est
2911 5500 2925 5524 ,
2980 5474 3083 5513 non
3131 5459 3445 5515 occidendo.
3476 5461 3554 5516 llli

1968 5560 2147 5604 autem
2176 5559 2335 5604 nocet
2361 5592 2377 5617 ,
2414 5550 2464 5604 in
2496 5565 2601 5619 quo
2629 5560 2711 5604 est
2743 5551 3020 5620 prudentia
3047 5554 3226 5608 carnis
3266 5571 3279 5607 :
3322 5554 3445 5625 quia
3474 5557 3557 5609 vi-

1970 5641 2097 5697 tium
2132 5653 2335 5698 naturze
2369 5651 2524 5697 noeet
2557 5683 2569 5702 .
2621 5642 2674 5696 iu
2728 5657 2830 5715 qua
2860 5654 3047 5699 natura
3092 5645 3247 5701 inest.
3291 5645 3554 5703 Medicina

1968 5746 2142 5791 autem
2173 5735 2291 5792 ideo
2321 5735 2531 5791 iuventa
2560 5744 2664 5800 est,
2694 5745 2752 5789 ut
2780 5736 3006 5798 pellatur
3031 5737 3219 5793 vitium
3239 5777 3258 5804 ,
3287 5749 3342 5796 et
3381 5754 3546 5794 sauc-
