3850 6188
381 352 480 409 Hi

385 461 468 504 tur
494 456 702 502 natura.
758 443 910 500 Venit
956 454 1083 510 ergo
1133 438 1373 496 Salvator
1417 435 1483 490 ad
1547 432 1711 506 genus
1765 434 1954 488 imma-

385 557 542 602 uum,
584 536 784 592 nullum
831 549 1018 590 sanum
1062 530 1296 598 invenit,
1327 528 1444 584 ideo
1471 529 1691 598 magnus
1717 525 1955 580 medicus

384 633 544 686 venit.

453 723 540 776 11.
571 713 970 773 Alanis-timum
1003 731 1160 768 error.
1201 713 1312 767 lloc
1342 719 1618 781 propterea
1649 708 1804 774 dixit,
1833 707 1955 777 quia

385 812 660 870 ﬂanicbzei
699 810 938 864 volentes
980 808 1135 860 aliam
1170 814 1351 860 contra
1389 805 1552 858 Deum
1579 801 1829 856 inducere
1857 814 1954 853 na-

385 917 552 958 turam
588 901 708 955 mali
735 942 750 964 ,
785 899 1107 968 aliquantum
1136 896 1204 950 de
1249 895 1348 949 hoc
1379 891 1619 963 Apostoli
1652 889 1958 945 testimonio

383 1009 616 1052 errorem
645 1008 797 1048 suum
822 991 1130 1045 existimant
1157 986 1432 1057 adjuvari,
1476 992 1531 1039 et
1582 991 1768 1053 putant
1808 983 1957 1052 quasi

385 1085 693 1142 naturaliter
718 1082 946 1143 dictum,
978 1081 1097 1150 quia
1125 1077 1323 1132 dictum
1355 1086 1435 1130 est
1462 1118 1475 1140 ,
1504 1091 1605 1128 non
1632 1082 1827 1144 potest,
1862 1071 1962 1125 iui-

383 1180 513 1232 mica
555 1185 626 1230 est
665 1175 718 1228 in
766 1172 926 1226 Deum
966 1188 983 1225 :
1028 1169 1146 1240 Legi
1175 1169 1304 1222 enim
1337 1167 1429 1221 Dei
1457 1183 1556 1220 non
1600 1174 1671 1218 est
1699 1164 1920 1234 subjecta
1943 1203 1958 1227 ,

381 1285 540 1342 neque
575 1267 704 1322 enim
737 1273 895 1336 potest
932 1271 1023 1315 :ct
1048 1277 1150 1315 non
1183 1258 1521 1313 attendcrunt
1545 1271 1648 1310 non
1695 1255 1763 1310 de
1802 1268 1962 1308 carne

382 1360 581 1412 dictum
610 1372 750 1422 esse,
775 1371 874 1407 non
893 1362 1050 1423 potest
1069 1366 1206 1405 :non
1235 1349 1301 1402 de
1331 1348 1545 1401 homine
1573 1347 1771 1401 dictum
1798 1359 1917 1399 csse
1946 1385 1960 1408 ,

386 1469 484 1503 non
542 1457 735 1519 potest;
787 1461 891 1498 non
953 1442 1020 1496 de
1062 1441 1238 1494 anima
1276 1439 1472 1493 dictum
1525 1451 1685 1500 esse,
1726 1450 1824 1488 non
1869 1449 1962 1504 po-

387 1552 500 1604 test;
523 1539 613 1594 sed
633 1538 697 1592 de
715 1534 989 1607 prudentia
1008 1532 1202 1588 carnis.
1226 1528 1506 1584 Prudentia
1533 1527 1631 1581 ista
1653 1523 1837 1579 vitium
1859 1532 1962 1578 est.

456 1648 678 1705 CAPUT
717 1646 808 1702 XI.
838 1676 910 1686 -—
936 1644 1030 1699 V'is
1059 1657 1218 1697 nosse
1260 1640 1383 1710 quid
1425 1647 1507 1694 est
1530 1679 1543 1705 ,
1576 1653 1750 1707 sapere
1781 1651 1964 1690 secun-

387 1744 504 1796 dum
536 1739 782 1793 carnem?
815 1737 958 1791 Mors
985 1745 1076 1789 est.
1109 1732 1214 1788 Sed
1246 1733 1335 1786 ille
1359 1732 1471 1800 ipse
1499 1743 1634 1782 unus
1665 1730 1844 1789 homo,
1877 1739 1966 1780 ca-

387 1833 613 1899 dentque
645 1839 831 1881 natura
859 1841 885 1879 a
917 1825 1142 1879 Domino
1171 1824 1279 1876 Deo
1306 1835 1434 1874 vero
1463 1829 1515 1874 et
1545 1818 1685 1872 bono
1713 1815 1922 1871 cendita
1946 1855 1959 1878 ,

391 1921 503 1974 heri
533 1917 767 1987 sapiebat
819 1913 1110 1970 secundum
1139 1925 1354 1965 carnem
1382 1951 1394 1975 ,
1423 1908 1581 1963 hodie
1606 1907 1743 1976 sapit
1772 1919 1963 1959 secun-

389 2012 511 2065 dum
539 2008 782 2078 spiritum
806 2025 819 2061 :
851 2005 1127 2074 expulsum
1152 2011 1232 2057 est
1262 2000 1470 2066 vitium,
1501 2005 1684 2052 sanata
1703 2004 1783 2050 est
1812 2003 1968 2048 natu-

393 2119 469 2155 ra.
501 2100 630 2156 Nam
657 2097 910 2168 quamdiu
938 2104 1076 2150 esset
1105 2091 1380 2162 prudentia
1412 2089 1499 2144 illa
1527 2087 1723 2152 carnis,
1751 2085 1968 2140 omnino

392 2194 488 2263 tegi
511 2192 600 2246 Dei
629 2189 864 2258 subjecta
881 2201 1001 2241 esse
1026 2200 1130 2239 non
1155 2189 1358 2254 posset.
1381 2178 1640 2246 Quamdiu
1655 2175 1800 2232 enim
1828 2175 1969 2232 inest

393 2300 485 2354 per
511 2283 691 2337 vitium
725 2278 1044 2334 claudicatio
1065 2319 1078 2341 ,
1112 2274 1254 2329 nullo
1284 2272 1446 2327 modo
1480 2277 1657 2341 potest
1679 2283 1800 2324 esse
1825 2276 1968 2323 recta

393 2375 699 2430 ambulatio.
741 2371 942 2427 Sanato
968 2376 1146 2423 autem
1182 2366 1309 2420 vitio
1333 2408 1346 2432 ,
1390 2373 1629 2434 reparata
1655 2371 1737 2418 est
1761 2369 1966 2416 natura.

397 2469 585 2524 Fuistis
623 2465 896 2537 aliquando
924 2461 1173 2523 tensbrw;
1210 2476 1340 2512 nunc
1365 2468 1530 2511 autent
1564 2458 1653 2510 lux
1678 2456 1729 2509 in
1749 2453 1968 2508 Domino

393 2557 608 2630 (Ephes.
637 2571 688 2622 ν,
718 2554 795 2624 8).

466 2650 554 2704 12.
597 2647 663 2700 1η
705 2661 856 2700 carne
879 2660 980 2699 non
1010 2657 1133 2697 esse.
1167 2638 1354 2695 Videte
1375 2653 1503 2708 ergo
1527 2635 1652 2708 quid
1685 2634 1925 2704 sequitur
1955 2650 1965 2685 :

399 2745 496 2809 Qui
537 2751 700 2795 autem
735 2739 789 2792 in
819 2752 969 2791 carne
994 2743 1106 2788 sunt
1130 2750 1148 2799 ;
1181 2733 1232 2787 id
1271 2740 1352 2788 est
1374 2772 1389 2797 ,
1419 2731 1506 2800 qui
1536 2729 1588 2782 in
1614 2741 1774 2781 carne
1801 2723 1972 2780 conli-

397 2837 549 2899 dunt,
583 2833 671 2902 qui
698 2826 1159 2898 concupiscentias
1185 2838 1310 2878 suas
1335 2828 1648 2891 sequuntur,
1679 2817 1769 2887 qui
1810 2817 1862 2870 in
1889 2814 1972 2870 his

398 2927 650 2990 habitant,
667 2923 754 2994 qui
768 2936 948 2978 earum
963 2916 1321 2988 voluptatibus
1334 2914 1686 2973 obiectantur,
1707 2908 1794 2978 qui
1811 2907 1862 2961 in
1879 2921 1939 2961 ea
1952 2936 1968 2945 -

398 3036 514 3076 rum
541 3013 977 3073 delectationibus
1002 3010 1208 3065 beatam
1238 3007 1550 3073 felicemque
1583 3002 1739 3054 vitam
1769 2999 1970 3053 consti-

401 3120 586 3177 tuunt,
616 3111 714 3179 ipsi
739 3115 864 3162 sunt
901 3104 953 3159 in
999 3109 1200 3164 carne;
1235 3099 1339 3153 Deo
1365 3097 1561 3168 placere
1598 3108 1701 3147 non
1742 3098 1968 3162 possunt.

398 3203 514 3258 Non
544 3199 685 3255 enim
713 3199 790 3252 sic
812 3195 1012 3251 dictum
1058 3201 1139 3247 est
1163 3232 1178 3256 ,
1209 3190 1308 3255 Qui
1334 3197 1502 3241 autem
1526 3185 1578 3239 in
1620 3199 1770 3237 carne
1813 3190 1929 3235 sunt
1957 3223 1969 3242 ,

405 3291 512 3346 Deo
544 3290 739 3361 placere
767 3303 864 3340 non
893 3291 1140 3356 possunt;
1186 3279 1334 3351 quasi
1362 3278 1559 3332 dictum
1590 3282 1766 3339 esset,
1796 3271 1849 3326 In
1877 3271 1974 3324 hac

401 3385 504 3438 vita
552 3396 673 3437 cum
715 3386 837 3433 sunt
883 3376 1162 3439 homines,
1213 3372 1320 3426 Deo
1361 3370 1570 3440 placere
1596 3382 1701 3420 non
1734 3371 1970 3433 possunt.

405 3475 546 3545 Ergo
595 3489 700 3528 non
748 3471 1058 3540 placuerunt
1107 3463 1272 3519 sancti
1318 3457 1675 3515 Patriarclue?
1703 3456 1841 3526 Ergo
1871 3469 1974 3508 non

404 3568 716 3638 placuerunt
757 3561 922 3616 sancti
970 3555 1290 3627 Prophetze'!
1341 3555 1476 3622 Ergo
1524 3566 1626 3606 non
1668 3549 1977 3619 placuerunt

403 3657 569 3713 sancti
619 3651 902 3725 Apostoli?
939 3649 1053 3704 Non
1103 3647 1413 3718 placuerunt
1463 3643 1630 3698 sancti
1670 3649 1970 3712 martyres,

403 3751 490 3820 qui
525 3758 807 3816 antequam
836 3756 1028 3812 corpus
1053 3740 1384 3810 deponerent
1415 3733 1680 3804 patiendo,
1705 3732 1976 3788 Christum

406 3837 709 3896 conﬁtendo
733 3877 748 3899 ,
797 3849 904 3889 non
945 3833 1117 3886 solum
1167 3829 1486 3898 voluptatem
1526 3823 1973 3888 contemnebant,

402 3931 497 3988 sed
543 3930 757 3986 dolores
799 3940 1008 3996 quoque
1036 3920 1419 3994 patientissime
1457 3915 1829 3987 perferebant?
1859 3914 1978 3968 Pla-

405 4032 646 4086 rnerunt,
668 4019 762 4075 sed
787 4019 837 4074 in
863 4032 1024 4073 carne
1051 4029 1154 4069 non
1173 4012 1405 4068 fuerunt.
1428 4008 1716 4065 Portabant
1740 4019 1974 4067 carnem,

359 4141 372 4158 ν
408 4133 511 4169 non
540 4111 885 4184 portabantur
903 4123 932 4160 a
963 4120 1141 4160 carne.
1161 4103 1275 4159 Jam
1299 4102 1437 4157 enim
1462 4099 1752 4170 paralytico
1779 4096 1978 4151 dictum

407 4215 540 4270 erat,
569 4201 713 4256 Tolle
736 4200 1000 4271 grabatum
1022 4205 1166 4249 tuum
1199 4193 1386 4266 (Marc.
1422 4206 1480 4256 tt,
1515 4190 1624 4260 11).
1652 4187 1749 4252 Qui
1768 4203 1886 4257 ergo
1927 4187 1979 4239 in

407 4311 557 4349 carne
581 4302 698 4348 sunt
722 4333 737 4358 ,
765 4287 1206 4362 quemadmodum
1240 4284 1376 4349 dixi,
1407 4278 1849 4352 quemadmodum
1873 4278 1978 4348 jam

406 4386 666 4457 exposui,
716 4397 822 4438 non
873 4382 924 4436 in
973 4379 1076 4433 hoc
1118 4376 1315 4431 stoeulo
1355 4373 1582 4428 vivendo
1601 4413 1626 4438 .,
1668 4371 1762 4426 sed
1807 4370 1982 4426 carnis

408 4473 854 4546 concupiscentiis
875 4467 1275 4534 consentiendo,
1298 4465 1402 4519 Deo
1420 4466 1614 4534 placere
1631 4481 1729 4517 non
1749 4473 1977 4534 possunt.

477 4587 702 4644 CAPUT
728 4584 840 4640 XII.
866 4613 939 4624 -
963 4583 1049 4637 15.
1078 4579 1194 4634 Non
1213 4580 1264 4632 in
1284 4594 1452 4645 carne,
1475 4578 1562 4630 sed
1581 4577 1634 4631 in
1658 4577 1836 4646 spiritu
1856 4593 1977 4631 esse.

416 4682 651 4752 Denique
674 4677 851 4732 audite
881 4676 1075 4744 ipsum,
1107 4671 1456 4743 quaestionem
1484 4668 1600 4722 sine
1627 4668 1731 4721 ulla
1771 4667 1980 4723 dubita-

412 4777 560 4834 tione
578 4773 892 4829 solventem.
915 4767 1108 4822 Vivens
1129 4765 1146 4794 ¹
1166 4763 1345 4832 utique
1365 4761 1415 4816 in
1434 4760 1536 4815 hoc
1554 4773 1777 4828 corpore
1799 4758 1982 4827 loque-

413 4869 611 4924 batur:
656 4871 710 4918 ει
753 4869 928 4916 tamen
972 4854 1251 4925 adjunxit,
1299 4850 1394 4907 Vos
1443 4860 1736 4904 autemnon
1771 4848 1889 4903 estis
1930 4848 1984 4902 ia

411 4974 580 5015 carne.
611 4957 793 5018 Putas,
815 4961 897 5008 est
922 4948 1116 5020 aliquis
1144 4945 1230 5000 hic
1256 4945 1307 4999 in
1336 4942 1509 5007 nobis,
1536 4940 1620 4996 cui
1646 4939 1844 4995 dictum
1867 4940 1982 4993 est?

410 5051 550 5107 Ecce
597 5046 795 5120 populo
843 5043 938 5099 Dci
992 5040 1168 5106 dixit,
1209 5035 1464 5092 Ecclesia:
1514 5033 1696 5088 dixit:
1729 5031 1981 5086 Romanis

410 5143 624 5216 quidem
679 5137 988 5216 scribebat;
1027 5131 1122 5188 sed
1175 5130 1436 5184 universa:
1478 5124 1676 5181 Christi
1729 5122 1982 5178 Ecclesiae

411 5214 577 5300 dixit;
614 5233 709 5290 sed
739 5214 912 5285 tritico
941 5225 1101 5290 dixit,
1145 5237 1248 5277 non
1291 5221 1498 5291 paleae;
1538 5233 1726 5272 massa:
1752 5216 1886 5271 dixit
1911 5217 1986 5269 la-

412 5328 578 5392 tenti.
624 5339 730 5380 non
778 5319 987 5390 stipula:
1033 5313 1328 5386 apparenti.
1353 5310 1723 5379 Unusquisque
1748 5308 1799 5362 in
1823 5307 1986 5363 corde

415 5433 514 5474 suo
557 5421 829 5484 agnoscat.
879 5409 988 5465 Nos
1034 5404 1251 5459 auribus
1299 5401 1584 5472 loquimur,
1632 5398 1985 5454 conscientias

417 5522 524 5568 non
554 5503 797 5560 videmus
829 5519 844 5556 :
876 5509 1051 5554 tamen
1076 5493 1366 5551 secundum
1400 5506 1460 5548 ea
1492 5504 1610 5562 quae
1635 5487 1879 5559 superius
1903 5487 1983 5542 lo-

419 5598 530 5654 cuti
545 5608 764 5659 sumus,
793 5590 1040 5648 existimo
1065 5587 1116 5642 in
1149 5586 1363 5641 nomine
1389 5581 1582 5639 Christi
1609 5594 1728 5638 esse
1753 5579 1806 5634 in
1834 5577 1986 5650 plebe

483 5742 500 5777 ι
514 5738 590 5787 Sic
605 5739 715 5790 ωδ.
736 5735 958 5804 plerique
979 5752 993 5800 ;
1018 5738 1066 5787 in
1088 5745 1158 5800 3.,
1176 5735 1303 5788 vivit.
1323 5741 1476 5797 forte,
1497 5731 1628 5786 vitis.
1681 5741 1735 5783 st.

1602 321 1660 378 S.
1703 319 2064 376 AUGUSTINI
2109 319 2408 374 EPlSCOPl
3497 333 3583 388 848

2069 432 2265 488 Christi
2295 434 2483 502 quibus
2509 432 2704 487 dictum
2736 441 2835 496 est,
2873 433 2972 488 l'os
3001 443 3160 488 autem
3185 453 3275 490 non
3305 449 3407 491 estis
3430 441 3474 492 in
3493 461 3587 495 ear-

2065 542 2144 588 ne,
2177 525 2264 578 sed
2306 527 2357 578 in
2397 524 2642 593 Spiritu:
2684 525 2726 579 si
2772 536 2934 578 tamen
2965 524 3185 596 Spiritus
3231 527 3317 581 Dei
3360 533 3524 585 habitat
3547 538 3587 589 in

2064 613 2216 668 robis.
2252 613 2369 667 Non
2391 615 2507 668 estis
2533 615 2583 666 in
2610 629 2776 673 carne.
2797 615 2916 684 quia
2947 631 3050 668 non
3080 613 3244 670 facitis
3268 634 3416 688 npem
3443 627 3590 678 ςτιτιιίς

2064 703 2444 759 consentiendo
2464 705 2911 774 concupiscentiis
2932 707 3134 771 carnis;
3158 709 3242 760 sed
3261 710 3378 763 estis
3391 710 3436 763 ia
3457 711 3592 781 Spiri-

2066 798 2266 868 tu,qnia
2290 797 2579 852 secundum
2599 797 2906 851 interiorem
2923 797 3187 853 hominem
3201 799 3592 860 condelectaminl

2067 887 2165 956 legi
2198 887 2289 940 Dei
2319 904 2331 938 :
2364 895 2416 940 et
2444 885 2544 940 hoc
2569 895 2681 952 est,
2715 885 2776 941 Si
2803 896 2968 942 tamen
2995 885 3212 958 Spiritus
3243 888 3328 943 De:
3365 889 3531 944 habitat
3552 897 3595 946 in

2067 978 2220 1030 vobis.
2251 976 2382 1031 Nam
2413 977 2456 1030 si
2496 976 2563 1031 de
2589 976 2777 1046 spiritu
2805 985 2982 1031 vostro
3009 978 3318 1046 praesumitis
3337 1020 3350 1043 ,
3377 979 3529 1034 adhuc
3553 983 3594 1035 in

2065 1083 2226 1123 carne
2256 1071 2405 1122 estis.
2435 1067 2490 1122 Si
2517 1082 2646 1137 ergo
2675 1083 2775 1121 non
2803 1068 2933 1122 estis
2960 1068 3011 1122 in
3038 1082 3195 1122 carne
3219 1109 3232 1132 ,
3280 1066 3332 1121 ut
3363 1069 3410 1123 in
3429 1069 3595 1138 Spiritu

2071 1159 2164 1213 Dei
2195 1158 2350 1223 sitis;
2395 1167 2518 1212 tunc
2541 1158 2682 1212 enim
2716 1159 2766 1211 in
2812 1173 2973 1212 carne
3002 1173 3106 1212 non
3138 1160 3279 1212 estis.
3318 1158 3437 1212 Nam
3465 1161 3502 1214 si
3527 1178 3596 1215 re-

2068 1251 2219 1306 cedat
2251 1251 2480 1320 Spiritus
2511 1251 2601 1305 Dei
2625 1291 2638 1314 ,
2680 1249 2915 1318 pondere
2941 1265 3036 1302 suo
3059 1250 3276 1318 Spiritus
3297 1249 3504 1305 hominis
3528 1269 3597 1306 re-

2069 1342 2297 1396 volvitur
2316 1342 2367 1395 in
2396 1357 2608 1396 carnem
2636 1384 2649 1407 ,
2700 1341 2832 1395 redit
2857 1341 2922 1394 ad
2950 1339 3082 1396 facta
3119 1343 3340 1395 carnalia
3365 1384 3378 1408 ,
3410 1343 3524 1398 redit
3546 1347 3596 1398 ad

2069 1433 2522 1504 concupiscentias
2571 1433 2850 1488 saeculares
2881 1450 2894 1485 :
2927 1441 2982 1486 et
3029 1440 3186 1487 erunt
3223 1431 3358 1487 illius
3403 1435 3621 1528 hominisl

2070 1525 2246 1594 pejora
2295 1525 2576 1579 novissima
2626 1540 2782 1594 quam
2827 1532 2980 1578 erant
3026 1525 3192 1594 prima
3224 1524 3366 1596 (Luc.
3395 1524 3621 1602 v.26),

2069 1614 2157 1670 Sic
2205 1631 2330 1685 ergo
2371 1615 2563 1670 habete
2627 1616 2849 1669 liberum
2893 1615 3206 1680 arbitrium,
3251 1625 3304 1669 ut
3348 1611 3622 1684 imploretis'

2069 1706 2341 1760 auxilium.
2359 1704 2478 1759 Non
2503 1706 2617 1759 estis
2637 1706 2686 1760 in
2712 1722 2881 1772 carne,
2901 1705 3075 1760 ethoc
3102 1721 3167 1760 ex
3193 1694 3384 1760 viribus
3403 1710 3566 1761 vestris
3585 1706 3622 1760 ‘:‘

2069 1796 2237 1850 Absit.
2271 1795 2421 1850 Unde
2460 1811 2588 1866 ergo
2603 1796 2630 1850 ?

2178 1886 2401 1942 CAPUT
2427 1886 2562 1940 XIII.
2591 1915 2656 1926 -—-
2681 1886 2742 1940 Si
2777 1895 2940 1939 tamen
2981 1886 3210 1955 Spiritus
3247 1885 3335 1939 Dei
3358 1887 3529 1939 habitat
3566 1888 3605 1939 in

2070 1977 2223 2030 t-obis.
2273 1977 2333 2032 Si
2361 1978 2473 2047 quis
2507 1987 2674 2031 autem
2709 1977 2960 2045 Spiritum
2994 1976 3181 2032 Christi
3209 1994 3303 2030 non
3347 1977 3512 2043 habet,
3541 1978 3608 2029 hic

2071 2081 2170 2118 non
2195 2074 2263 2119 est
2292 2067 2417 2137 ejus.
2458 2065 2571 2120 Non
2601 2080 2727 2135 ergo
2766 2081 2824 2121 se
2873 2065 3127 2121 extendat
3155 2107 3168 2129 ,
3202 2082 3302 2119 non
3355 2081 3407 2120 se
3440 2067 3605 2135 jactct,

2072 2170 2176 2208 non
2215 2155 2315 2210 sibi
2345 2165 2560 2226 arroget
2602 2157 2846 2209 virtutem
2875 2156 3145 2225 propriam
3173 2198 3188 2222 ,
3215 2171 3371 2225 egena
3391 2165 3440 2210 et
3463 2158 3609 2209 vitiata

2072 2254 2275 2300 natura.
2301 2245 2344 2300 Ο
2385 2246 2612 2300 humana
2667 2249 2888 2301 natura!
2930 2261 2964 2301 0
2996 2247 3169 2300 Adam
3195 2289 3208 2311 ,
3240 2247 3440 2316 quando
3478 2262 3608 2302 satius

2073 2351 2191 2413 cras
2214 2380 2226 2402 ,
2263 2353 2370 2392 non
2399 2339 2589 2392 stetisti
2619 2378 2634 2403 ,
2667 2347 2720 2392 et
2749 2340 2850 2391 tuis
2873 2338 3078 2392 viribus
3108 2339 3411 2392 surrexisti?
3449 2336 3500 2392 Si
3520 2339 3611 2407 quis

2073 2427 2330 2498 Spiritum
2379 2426 2566 2482 Christi
2592 2445 2690 2481 non
2741 2427 2928 2481 habet:
2954 2427 3070 2496 ipse
3101 2429 3239 2480 enim
3269 2427 3477 2496 Spiritus
3502 2426 3608 2488 Dei,

2073 2517 2161 2587 qui
2188 2517 2653 2588 SpiritusChristi;
2685 2527 2738 2572 et
2767 2517 2936 2572 Patris
2953 2525 3036 2573 est
3056 2518 3202 2573 enim
3229 2516 3427 2572 etFilii:
3460 2516 3610 2586 Siquis

2075 2605 2326 2679 Spiritum
2353 2607 2541 2662 Christi
2571 2625 2670 2663 non
2696 2609 2878 2674 habet,
2909 2623 3013 2662 non
3036 2622 3101 2662 se
3131 2607 3301 2672 fallat,
3334 2607 3408 2659 hic
3431 2624 3518 2660 non
3556 2616 3611 2658 est

2073 2715 2200 2766 eius.

2148 2790 2232 2843 14.
2279 2783 2364 2843 De
2409 2807 2558 2844 carue
2606 2791 2726 2860 quid
2755 2789 3082 2858 sperandum.
3144 2789 3281 2843 Ecce
3311 2829 3325 2854 ,
3374 2787 3614 2854 adjuvante

2076 2881 2239 2950 ipsius
2268 2881 2628 2936 misericordia
2657 2921 2672 2946 ,
2704 2880 2958 2949 Spiritum
3003 2877 3211 2934 Christi
3254 2879 3526 2932 habemus:
3561 2890 3614 2931 es

2077 2971 2188 3040 ipsa
2221 2970 2504 3026 dilectione
2528 2971 2746 3040 justitia:
2774 2971 2813 3035 ⁸,
2844 2971 3044 3040 integra
3081 2969 3212 3036 ﬁde,
3243 2967 3485 3023 catholica
3513 2964 3613 3028 ﬁde,

2075 3063 2332 3130 Spiritum
2364 3063 2456 3118 Dei
2485 3061 2636 3116 nobis
2680 3063 2857 3117 inesse
2886 3061 3280 3132 eognoseimns.
3308 3059 3407 3114 Sed
3435 3055 3540 3127 quid
3562 3054 3616 3109 de

2075 3168 2235 3208 carne
2263 3153 2350 3208 illa
2381 3153 2626 3208 mortali?
2656 3152 2789 3220 Quid
2816 3151 2883 3206 de
2912 3153 3025 3222 lege
3069 3152 3126 3206 in
3169 3151 3412 3207 membris
3454 3147 3617 3203 nostris

2077 3252 2403 3314 repugnante
2431 3244 2530 3314 legi
2563 3241 2791 3298 mentis?
2819 3241 2954 3310 Quid
2985 3241 3052 3295 de
3095 3242 3188 3296 illo
3216 3241 3406 3311 gemitu
3430 3280 3444 3305 ,
3488 3236 3618 3290 Miser

2077 3354 2166 3426 ego
2213 3337 2406 3420 homo?
2435 3337 2566 3390 Audi
2593 3377 2606 3400 ,
2658 3335 2716 3389 Si
2743 3344 2908 3387 autem
2935 3331 3170 3387 Christus
3193 3334 3245 3386 in
3279 3331 3439 3395 vobis,
3467 3341 3618 3398 corpus

2077 3432 2274 3501 quidem
2314 3439 2564 3486 mortuum
2595 3438 2665 3482 est
2696 3437 2897 3496 praptcr
2923 3435 3185 3495 peccatum
3205 3465 3220 3490 ,
3261 3425 3456 3494 spiritus
3477 3429 3616 3473 autem

2077 3523 2176 3574 vita
2203 3531 2270 3574 est
2295 3529 2496 3590 propter
2523 3518 2795 3589 justitiam.
2817 3516 2953 3585 Ergo
2976 3514 3040 3569 de
3064 3529 3293 3584 corpore
3315 3524 3508 3567 mortua
3526 3522 3617 3578 pra-

2080 3623 2198 3684 pter
2215 3611 2625 3682 peccatum,jam
2653 3606 3039 3678 desperandum
3072 3606 3192 3661 est?
3217 3605 3366 3658 Nulla
3393 3616 3503 3672 spes
3522 3598 3618 3653 est?

2078 3703 2167 3759 Sic
2182 3703 2393 3768 dormit,
2413 3710 2468 3754 ut
2485 3716 2585 3754 non
2600 3699 2808 3768 adjiciat
2825 3705 2879 3750 ut
2894 3704 3139 3764 resurgat
3156 3693 3319 3767 (Psal.
3348 3684 3620 3760 x1.,9)l’Ab-

2080 3795 2162 3849 sit.
2196 3794 2388 3864 Corpus
2408 3792 2607 3864 quidem
2635 3797 2888 3843 mortuum
2916 3795 2986 3840 est
3016 3795 3226 3857 prapter
3245 3793 3507 3856 peccatum,
3534 3779 3620 3846 spi-

2080 3889 2206 3940 ritus
2231 3897 2395 3939 autem
2419 3886 2518 3938 vita
2536 3892 2604 3936 est
2633 3889 2836 3951 prapter
2856 3877 3133 3949 justitiam.
3151 3874 3421 3931 Remansit
3444 3869 3619 3935 tristitia

2080 3983 2147 4036 de
2167 3990 2347 4036 nostro
2371 3991 2615 4046 corpore.
2640 3974 2806 4028 Nemo
2831 3981 3007 4026 autem
3024 3985 3243 4025 carnem
3258 3983 3402 4022 suam
3419 3963 3527 4018 odio
3549 3963 3621 4013 hn-

2083 4072 2192 4126 buit
2215 4070 2428 4143 (Ep/tes.
2461 4083 2516 4134 ν,
2529 4065 2645 4137 ‘29).
2665 4063 2916 4118 Videmus
2931 4076 3089 4130 quam
3107 4059 3333 4115 sollicite
3345 4063 3540 4112 curetur
3553 4065 3620 4104 se.

2085 4164 2291 4233 pultura
2322 4167 2672 4214 mortuorum.
2700 4154 2894 4224 Corpus
2914 4150 3117 4221 quidem
3144 4157 3392 4202 mortuum
3435 4152 3502 4219 est
3529 4153 3622 4207 pro-

2085 4232 2193 4324 pter
2225 4260 2500 4325 peccatum,
2523 4245 2726 4319 spiritus
2749 4252 2916 4297 autem
2947 4242 3046 4293 vita
3074 4250 3150 4295 est
3177 4250 3375 4313 propter
3387 4232 3619 4307 justitiam.

2083 4345 2198 4401 iam
2251 4343 2466 4398 dicebas
2509 4338 2573 4392 ad
2627 4335 3077 4396 consorationcm’,
3108 4329 3313 4385 Vellem
3355 4325 3546 4396 quidem
3581 4327 3622 4370 et

2084 4449 2279 4504 corpus
2306 4444 2481 4486 meum
2505 4433 2648 4482 esset
2676 4425 2728 4480 in
2750 4423 2853 4476 vita
2904 4439 2917 4474 :
2961 4421 3055 4475 sed
3085 4420 3209 4490 quia
3235 4433 3340 4472 non
3365 4421 3546 4486 potest,
3569 4410 3622 4462 sit

2085 4528 2168 4582 vel
2195 4525 2411 4596 spiritus
2438 4533 2588 4575 meus
2606 4560 2620 4585 ,
2648 4519 2717 4573 sit
2740 4516 2824 4572 vel
2850 4516 3021 4570 anima
3050 4528 3192 4567 mea.
3223 4511 3475 4580 ExSpecta
3498 4547 3510 4570 ,
3537 4500 3621 4557 noli

2084 4633 2204 4674 esse
2229 4614 2504 4670 sollicitus.

2156 4706 2377 4763 CAPUT
2417 4702 2554 4759 XIV.
2587 4731 2656 4741 —
2689 4701 2774 4756 15.
2804 4698 2985 4752 Carnis
3005 4696 3258 4750 restitutio
3283 4703 3330 4747 et
3357 4685 3622 4744 immortali-

2087 4812 2164 4856 tas
2189 4799 2287 4873 piis
2310 4793 2573 4870 promissa.
2602 4823 2671 4832 --
2695 4790 2751 4846 Si
2777 4790 2909 4844 enim
2931 4788 3153 4857 Spiritus
3177 4787 3287 4854 ejus
3302 4783 3386 4854 qui
3403 4774 3622 4835 εωάιανίι

2085 4865 2261 4947 Jesum
2289 4865 2579 4952 amortuis',
2608 4883 2797 4936 habitat
2834 4882 2886 4934 in
2910 4879 3046 4933 vobis
3072 4894 3089 4942 ;
3114 4878 3198 4947 qui
3231 4873 3476 4928 suscitauit
3500 4865 3622 4924 Chri-

2087 4991 2219 5036 stum
2261 4979 2293 5033 J
2300 4994 2437 5032 esum
2463 4993 2493 5028 α
2518 4974 2725 5028 mortuis
2745 5013 2760 5038 ,
2785 4970 3055 5039 viviﬁcabit
3083 4977 3129 5021 et
3168 4964 3402 5020 mortalia
3443 4970 3625 5027 corpora

2089 5081 2269 5126 vestra.
2313 5067 2447 5136 Quid
2479 5064 2674 5120 timetis
2694 5063 2717 5116 ‘i
2741 5061 2877 5127 Quid
2906 5059 3063 5113 etiam
3093 5071 3189 5126 pro
3216 5055 3326 5124 ipsa
3363 5065 3512 5106 carne
3537 5045 3624 5100 sol-

2090 5161 2220 5217 liciti
2236 5157 2395 5214 estis?
2412 5156 2641 5225 Capillus
2660 5152 2837 5222 capitis
2857 5149 3004 5204 vestri
3025 5163 3122 5201 non
3154 5144 3331 5215 peribit
3353 5140 3496 5214 (Luc.
3523 5149 3621 5200 ut,

2092 5263 2202 5330 18).
2252 5259 2418 5314 Adam
2463 5253 2730 5326 peccando
2765 5251 3035 5315 damnavit
3077 5250 3126 5301 in
3172 5253 3394 5302 mortem
3432 5243 3622 5330 corpora

2091 5360 2267 5409 vestra
2294 5368 2308 5411 ;
2339 5349 2432 5403 sed
2460 5348 2614 5402 .lesns
2639 5387 2652 5412 ,
2679 5347 2720 5398 si
2762 5351 2831 5397 est
2862 5341 3088 5412 Spiritus
3112 5342 3224 5409 ejus
3252 5339 3304 5389 in
3332 5331 3459 5389 vobis
3480 5368 3494 5391 ,
3521 5320 3618 5374 vit-i-

2093 5444 2264 5514 ﬁcabit
2291 5452 2338 5496 et
2364 5439 2597 5493 mortalia
2622 5451 2835 5505 corpora
2860 5443 3061 5500 vestra,-
3100 5429 3221 5500 quia
3261 5439 3407 5481 suum
3445 5413 3623 5514 satlgtll'

2097 5551 2217 5592 nem
2257 5531 2400 5586 dedit
2429 5545 2522 5600 pro
2551 5528 2722 5583 salute
2748 5533 2945 5580 vestra.
2985 5520 3306 5580 Promissum
3335 5508 3471 5567 reddi
3495 5500 3621 5558 dlllll-

2158 5669 2174 5701 ι
2201 5666 2378 5721 Florus.
2420 5674 2485 5712 ea:
2514 5664 2621 5727 ipsa
2637 5657 2950 5727 delectatione
2977 5650 3206 5727 justitiq.‘
3216 5642 3471 5727 Δξξς-Ἧξςι
3492 5628 3616 5689 Beda:

2096 5730 2178 5794 qui
2202 5705 2378 5790 iiiis'iZ-Z
2388 5705 2493 5790 p.36,
2516 5705 2898 5782 'c’aiitiiiei'ﬁdi',’
2911 5705 3085 5776 habet,
3101 5705 3330 5763 catholica
3346 5711 3472 5769 pato.
