  <div class='ocr_page' id='page_1' title='image "/cluster/home/n/w/nwhite01/storage/ocr_20150623/38/hvd.32044096580600/430.png"; bbox 0 0 3850 6188; ppageno 0'>
   <div class='ocr_carea' id='block_1_1' title="bbox 280 326 2102 413">
    <p class='ocr_par' dir='ltr' id='par_1_1' title="bbox 280 326 2102 413">
     <span class='ocr_line' id='line_1_1' title="bbox 280 326 2102 413; baseline -0.005 -21"><span class='ocrx_word' id='word_1_1' title='bbox 280 335 351 413; x_wconf 70' lang='grc' dir='ltr'><strong>ιιι</strong></span> <span class='ocrx_word' id='word_1_2' title='bbox 1654 327 1887 385; x_wconf 75' lang='lat' dir='ltr'><strong>suum</strong></span> <span class='ocrx_word' id='word_1_3' title='bbox 1923 326 2102 384; x_wconf 81' lang='lat' dir='ltr'><strong>CLvt.</strong></span> 
     </span>
    </p>
   </div>
   <div class='ocr_carea' id='block_1_2' title="bbox 283 444 1823 529">
    <p class='ocr_par' dir='ltr' id='par_1_2' title="bbox 283 444 1823 529">
     <span class='ocr_line' id='line_1_2' title="bbox 283 444 1823 529; baseline -0.003 -27"><span class='ocrx_word' id='word_1_4' title='bbox 283 461 362 514; x_wconf 80' lang='lat' dir='ltr'><strong>Ias,</strong></span> <span class='ocrx_word' id='word_1_5' title='bbox 387 447 475 520; x_wconf 20' lang='lat' dir='ltr'><strong>qui.</strong></span> <span class='ocrx_word' id='word_1_6' title='bbox 507 445 607 501; x_wconf 88' lang='lat' dir='ltr'><strong>tale</strong></span> <span class='ocrx_word' id='word_1_7' title='bbox 633 444 822 529; x_wconf 79' lang='lat' dir='ltr'><strong>pignus</strong></span> <span class='ocrx_word' id='word_1_8' title='bbox 851 444 1043 500; x_wconf 77' lang='lat' dir='ltr'><strong>tenes?</strong></span> <span class='ocrx_word' id='word_1_9' title='bbox 1077 444 1155 501; x_wconf 91' lang='lat' dir='ltr'><strong>sic</strong></span> <span class='ocrx_word' id='word_1_10' title='bbox 1178 461 1329 516; x_wconf 73' lang='lat' dir='ltr'><strong>ergo,</strong></span> <span class='ocrx_word' id='word_1_11' title='bbox 1362 444 1541 507; x_wconf 87' lang='lat' dir='ltr'><strong>homo,</strong></span> <span class='ocrx_word' id='word_1_12' title='bbox 1573 459 1678 498; x_wconf 88' lang='lat' dir='ltr'><strong>non</strong></span> <span class='ocrx_word' id='word_1_13' title='bbox 1720 446 1823 499; x_wconf 90' lang='lat' dir='ltr'><strong>erit</strong></span> 
     </span>
    </p>
   </div>
   <div class='ocr_carea' id='block_1_3' title="bbox 281 536 1821 611">
    <p class='ocr_par' dir='ltr' id='par_1_3' title="bbox 281 536 1821 611">
     <span class='ocr_line' id='line_1_3' title="bbox 281 536 1821 611; baseline 0.002 -17"><span class='ocrx_word' id='word_1_14' title='bbox 281 538 425 595; x_wconf 75' lang='lat' dir='ltr'><strong>mortis</strong></span> <span class='ocrx_word' id='word_1_15' title='bbox 446 538 532 595; x_wconf 78' lang='lat' dir='ltr'><strong>illa</strong></span> <span class='ocrx_word' id='word_1_16' title='bbox 560 537 852 601; x_wconf 70' lang='lat' dir='ltr'><strong>contentio,</strong></span> <span class='ocrx_word' id='word_1_17' title='bbox 878 536 957 593; x_wconf 79' lang='lat' dir='ltr'><strong>sic</strong></span> <span class='ocrx_word' id='word_1_18' title='bbox 983 536 1289 609; x_wconf 86' lang='lat' dir='ltr'><strong>implebitur</strong></span> <span class='ocrx_word' id='word_1_19' title='bbox 1312 536 1454 606; x_wconf 90' lang='lat' dir='ltr'><strong>quod</strong></span> <span class='ocrx_word' id='word_1_20' title='bbox 1480 536 1679 591; x_wconf 87' lang='lat' dir='ltr'><strong>dictum</strong></span> <span class='ocrx_word' id='word_1_21' title='bbox 1708 547 1821 611; x_wconf 70' lang='lat' dir='ltr'><strong>est.</strong></span> 
     </span>
    </p>
   </div>
   <div class='ocr_carea' id='block_1_4' title="bbox 279 616 1825 701">
    <p class='ocr_par' dir='ltr' id='par_1_4' title="bbox 279 616 1825 701">
     <span class='ocr_line' id='line_1_4' title="bbox 279 616 1825 701; baseline -0.003 -14"><span class='ocrx_word' id='word_1_22' title='bbox 279 630 403 687; x_wconf 78' lang='lat' dir='ltr'><strong>lliser</strong></span> <span class='ocrx_word' id='word_1_23' title='bbox 432 647 523 701; x_wconf 85' lang='lat' dir='ltr'><strong>ego</strong></span> <span class='ocrx_word' id='word_1_24' title='bbox 554 630 706 684; x_wconf 87' lang='lat' dir='ltr'><strong>homo</strong></span> <span class='ocrx_word' id='word_1_25' title='bbox 732 671 745 693; x_wconf 91' lang='lat'><strong>,</strong></span> <span class='ocrx_word' id='word_1_26' title='bbox 770 616 883 700; x_wconf 82' lang='lat' dir='ltr'><strong>quis</strong></span> <span class='ocrx_word' id='word_1_27' title='bbox 930 645 1008 682; x_wconf 88' lang='lat' dir='ltr'><strong>me</strong></span> <span class='ocrx_word' id='word_1_28' title='bbox 1035 629 1263 683; x_wconf 85' lang='lat' dir='ltr'><strong>liberabit</strong></span> <span class='ocrx_word' id='word_1_29' title='bbox 1302 629 1364 683; x_wconf 88' lang='lat' dir='ltr'><strong>de</strong></span> <span class='ocrx_word' id='word_1_30' title='bbox 1399 643 1611 698; x_wconf 83' lang='lat' dir='ltr'><strong>corpore</strong></span> <span class='ocrx_word' id='word_1_31' title='bbox 1646 628 1825 683; x_wconf 82' lang='lat' dir='ltr'><strong>mortis</strong></span> 
     </span>
    </p>
   </div>
   <div class='ocr_carea' id='block_1_5' title="bbox 273 720 1825 797">
    <p class='ocr_par' dir='ltr' id='par_1_5' title="bbox 273 720 1825 797">
     <span class='ocr_line' id='line_1_5' title="bbox 273 720 1825 797; baseline -0.001 -20"><span class='ocrx_word' id='word_1_32' title='bbox 273 721 582 797; x_wconf 79' lang='lat' dir='ltr'><strong>hujus(Rom.</strong></span> <span class='ocrx_word' id='word_1_33' title='bbox 619 738 713 790; x_wconf 91' lang='lat' dir='ltr'><strong>vn,</strong></span> <span class='ocrx_word' id='word_1_34' title='bbox 741 722 873 791; x_wconf 65' lang='lat'><strong>24)?</strong></span> <span class='ocrx_word' id='word_1_35' title='bbox 895 721 1027 790; x_wconf 83' lang='lat' dir='ltr'><strong>Quia</strong></span> <span class='ocrx_word' id='word_1_36' title='bbox 1059 721 1302 777; x_wconf 88' lang='lat' dir='ltr'><strong>Christus</strong></span> <span class='ocrx_word' id='word_1_37' title='bbox 1328 721 1504 786; x_wconf 79' lang='lat' dir='ltr'><strong>Jcsus,</strong></span> <span class='ocrx_word' id='word_1_38' title='bbox 1531 721 1575 776; x_wconf 90' lang='lat' dir='ltr'><strong>si</strong></span> <span class='ocrx_word' id='word_1_39' title='bbox 1597 720 1825 792; x_wconf 79' lang='lat' dir='ltr'><strong>Spiritus</strong></span> 
     </span>
    </p>
   </div>
   <div class='ocr_carea' id='block_1_6' title="bbox 270 812 1825 883">
    <p class='ocr_par' dir='ltr' id='par_1_6' title="bbox 270 812 1825 883">
     <span class='ocr_line' id='line_1_6' title="bbox 270 812 1825 883; baseline -0.001 -14"><span class='ocrx_word' id='word_1_40' title='bbox 270 815 349 883; x_wconf 73' lang='lat' dir='ltr'><strong>ejus</strong></span> <span class='ocrx_word' id='word_1_41' title='bbox 391 813 583 869; x_wconf 82' lang='lat' dir='ltr'><strong>habitat</strong></span> <span class='ocrx_word' id='word_1_42' title='bbox 624 813 676 867; x_wconf 90' lang='lat' dir='ltr'><strong>in</strong></span> <span class='ocrx_word' id='word_1_43' title='bbox 718 812 890 878; x_wconf 78' lang='lat' dir='ltr'><strong>vobis,</strong></span> <span class='ocrx_word' id='word_1_44' title='bbox 919 812 1188 880; x_wconf 82' lang='lat' dir='ltr'><strong>viviﬁcabit</strong></span> <span class='ocrx_word' id='word_1_45' title='bbox 1229 822 1275 867; x_wconf 91' lang='lat' dir='ltr'><strong>et</strong></span> <span class='ocrx_word' id='word_1_46' title='bbox 1329 812 1568 867; x_wconf 79' lang='lat' dir='ltr'><strong>mortalia</strong></span> <span class='ocrx_word' id='word_1_47' title='bbox 1610 829 1825 882; x_wconf 85' lang='lat' dir='ltr'><strong>corpora</strong></span> 
     </span>
    </p>
   </div>
   <div class='ocr_carea' id='block_1_7' title="bbox 267 903 1822 976">
    <p class='ocr_par' dir='ltr' id='par_1_7' title="bbox 267 903 1822 976">
     <span class='ocr_line' id='line_1_7' title="bbox 267 903 1822 976; baseline -0.001 -17"><span class='ocrx_word' id='word_1_48' title='bbox 267 916 416 961; x_wconf 78' lang='lat' dir='ltr'><strong>mira.</strong></span> <span class='ocrx_word' id='word_1_49' title='bbox 451 903 541 961; x_wconf 88' lang='lat' dir='ltr'><strong>Sic</strong></span> <span class='ocrx_word' id='word_1_50' title='bbox 568 903 882 959; x_wconf 85' lang='lat' dir='ltr'><strong>liberaheris</strong></span> <span class='ocrx_word' id='word_1_51' title='bbox 908 903 974 959; x_wconf 90' lang='lat' dir='ltr'><strong>de</strong></span> <span class='ocrx_word' id='word_1_52' title='bbox 1003 919 1230 973; x_wconf 89' lang='lat' dir='ltr'><strong>corpore</strong></span> <span class='ocrx_word' id='word_1_53' title='bbox 1256 904 1447 960; x_wconf 89' lang='lat' dir='ltr'><strong>mortis</strong></span> <span class='ocrx_word' id='word_1_54' title='bbox 1490 904 1648 976; x_wconf 85' lang='lat' dir='ltr'><strong>hujus</strong></span> <span class='ocrx_word' id='word_1_55' title='bbox 1672 946 1687 971; x_wconf 91' lang='lat'><strong>,</strong></span> <span class='ocrx_word' id='word_1_56' title='bbox 1717 920 1822 975; x_wconf 86' lang='lat' dir='ltr'><strong>non</strong></span> 
     </span>
    </p>
   </div>
   <div class='ocr_carea' id='block_1_8' title="bbox 263 995 1821 1067">
    <p class='ocr_par' dir='ltr' id='par_1_8' title="bbox 263 995 1821 1067">
     <span class='ocr_line' id='line_1_8' title="bbox 263 995 1821 1067; baseline 0.001 -15"><span class='ocrx_word' id='word_1_57' title='bbox 263 1012 429 1067; x_wconf 85' lang='lat' dir='ltr'><strong>corpus</strong></span> <span class='ocrx_word' id='word_1_58' title='bbox 454 1014 559 1053; x_wconf 91' lang='lat' dir='ltr'><strong>non</strong></span> <span class='ocrx_word' id='word_1_59' title='bbox 590 995 859 1064; x_wconf 87' lang='lat' dir='ltr'><strong>habendo,</strong></span> <span class='ocrx_word' id='word_1_60' title='bbox 892 997 975 1052; x_wconf 89' lang='lat' dir='ltr'><strong>vel</strong></span> <span class='ocrx_word' id='word_1_61' title='bbox 999 997 1225 1052; x_wconf 89' lang='lat' dir='ltr'><strong>alterum</strong></span> <span class='ocrx_word' id='word_1_62' title='bbox 1257 996 1504 1053; x_wconf 90' lang='lat' dir='ltr'><strong>habendo</strong></span> <span class='ocrx_word' id='word_1_63' title='bbox 1529 1014 1545 1064; x_wconf 93' lang='lat'><strong>;</strong></span> <span class='ocrx_word' id='word_1_64' title='bbox 1587 996 1683 1054; x_wconf 86' lang='lat' dir='ltr'><strong>sed</strong></span> <span class='ocrx_word' id='word_1_65' title='bbox 1714 1014 1821 1054; x_wconf 92' lang='lat' dir='ltr'><strong>non</strong></span> 
     </span>
    </p>
   </div>
   <div class='ocr_carea' id='block_1_9' title="bbox 262 1088 1817 1163">
    <p class='ocr_par' dir='ltr' id='par_1_9' title="bbox 262 1088 1817 1163">
     <span class='ocr_line' id='line_1_9' title="bbox 262 1088 1817 1163; baseline 0.001 -20"><span class='ocrx_word' id='word_1_66' title='bbox 262 1088 459 1145; x_wconf 87' lang='lat' dir='ltr'><strong>ulterius</strong></span> <span class='ocrx_word' id='word_1_67' title='bbox 479 1088 780 1144; x_wconf 82' lang='lat' dir='ltr'><strong>moriendo.</strong></span> <span class='ocrx_word' id='word_1_68' title='bbox 805 1088 862 1144; x_wconf 92' lang='lat' dir='ltr'><strong>Si</strong></span> <span class='ocrx_word' id='word_1_69' title='bbox 882 1089 1023 1144; x_wconf 89' lang='lat' dir='ltr'><strong>enim</strong></span> <span class='ocrx_word' id='word_1_70' title='bbox 1050 1105 1155 1145; x_wconf 92' lang='lat' dir='ltr'><strong>non</strong></span> <span class='ocrx_word' id='word_1_71' title='bbox 1175 1089 1418 1155; x_wconf 86' lang='lat' dir='ltr'><strong>adderet,</strong></span> <span class='ocrx_word' id='word_1_72' title='bbox 1448 1091 1623 1147; x_wconf 86' lang='lat' dir='ltr'><strong>martis</strong></span> <span class='ocrx_word' id='word_1_73' title='bbox 1644 1091 1817 1163; x_wconf 86' lang='lat' dir='ltr'><strong>hujus,</strong></span> 
     </span>
    </p>
   </div>
   <div class='ocr_carea' id='block_1_10' title="bbox 258 1180 1822 1253">
    <p class='ocr_par' dir='ltr' id='par_1_10' title="bbox 258 1180 1822 1253">
     <span class='ocr_line' id='line_1_10' title="bbox 258 1180 1822 1253; baseline -0.002 -15"><span class='ocrx_word' id='word_1_74' title='bbox 258 1181 525 1247; x_wconf 86' lang='lat' dir='ltr'><strong>etdiceret,</strong></span> <span class='ocrx_word' id='word_1_75' title='bbox 548 1180 674 1249; x_wconf 81' lang='lat' dir='ltr'><strong>Quis</strong></span> <span class='ocrx_word' id='word_1_76' title='bbox 701 1197 780 1235; x_wconf 88' lang='lat' dir='ltr'><strong>me</strong></span> <span class='ocrx_word' id='word_1_77' title='bbox 807 1181 1034 1236; x_wconf 72' lang='lat' dir='ltr'><strong>liberabit</strong></span> <span class='ocrx_word' id='word_1_78' title='bbox 1055 1182 1118 1236; x_wconf 89' lang='lat' dir='ltr'><strong>de</strong></span> <span class='ocrx_word' id='word_1_79' title='bbox 1140 1182 1387 1253; x_wconf 80' lang='lat' dir='ltr'><strong>corpore?</strong></span> <span class='ocrx_word' id='word_1_80' title='bbox 1412 1180 1552 1237; x_wconf 84' lang='lat' dir='ltr'><strong>forte</strong></span> <span class='ocrx_word' id='word_1_81' title='bbox 1574 1197 1822 1253; x_wconf 74' lang='lat' dir='ltr'><strong>suggere-</strong></span> 
     </span>
    </p>
   </div>
   <div class='ocr_carea' id='block_1_11' title="bbox 257 1271 1823 1342">
    <p class='ocr_par' dir='ltr' id='par_1_11' title="bbox 257 1271 1823 1342">
     <span class='ocr_line' id='line_1_11' title="bbox 257 1271 1823 1342; baseline 0 -14"><span class='ocrx_word' id='word_1_82' title='bbox 257 1284 384 1329; x_wconf 84' lang='lat' dir='ltr'><strong>retur</strong></span> <span class='ocrx_word' id='word_1_83' title='bbox 412 1288 568 1329; x_wconf 88' lang='lat' dir='ltr'><strong>error</strong></span> <span class='ocrx_word' id='word_1_84' title='bbox 594 1271 904 1342; x_wconf 68' lang='lat' dir='ltr'><strong>cogitationi</strong></span> <span class='ocrx_word' id='word_1_85' title='bbox 930 1271 1175 1327; x_wconf 78' lang='lat' dir='ltr'><strong>humana:</strong></span> <span class='ocrx_word' id='word_1_86' title='bbox 1199 1313 1214 1339; x_wconf 90' lang='lat'><strong>,</strong></span> <span class='ocrx_word' id='word_1_87' title='bbox 1241 1280 1295 1328; x_wconf 90' lang='lat' dir='ltr'><strong>et</strong></span> <span class='ocrx_word' id='word_1_88' title='bbox 1321 1271 1587 1329; x_wconf 88' lang='lat' dir='ltr'><strong>diceretur</strong></span> <span class='ocrx_word' id='word_1_89' title='bbox 1619 1291 1633 1327; x_wconf 88' lang='lat'>:</span> <span class='ocrx_word' id='word_1_90' title='bbox 1662 1272 1823 1328; x_wconf 85' lang='lat' dir='ltr'><strong>Vides</strong></span> 
     </span>
    </p>
   </div>
   <div class='ocr_carea' id='block_1_12' title="bbox 253 1360 1823 1434">
    <p class='ocr_par' dir='ltr' id='par_1_12' title="bbox 253 1360 1823 1434">
     <span class='ocr_line' id='line_1_12' title="bbox 253 1360 1823 1434; baseline 0.002 -19"><span class='ocrx_word' id='word_1_91' title='bbox 253 1364 356 1433; x_wconf 83' lang='lat' dir='ltr'><strong>quia</strong></span> <span class='ocrx_word' id='word_1_92' title='bbox 402 1377 506 1417; x_wconf 90' lang='lat' dir='ltr'><strong>non</strong></span> <span class='ocrx_word' id='word_1_93' title='bbox 545 1363 657 1417; x_wconf 93' lang='lat' dir='ltr'><strong>vult</strong></span> <span class='ocrx_word' id='word_1_94' title='bbox 697 1360 835 1417; x_wconf 90' lang='lat' dir='ltr'><strong>Deus</strong></span> <span class='ocrx_word' id='word_1_95' title='bbox 866 1377 963 1417; x_wconf 90' lang='lat' dir='ltr'><strong>nos</strong></span> <span class='ocrx_word' id='word_1_96' title='bbox 988 1377 1106 1418; x_wconf 90' lang='lat' dir='ltr'><strong>esse</strong></span> <span class='ocrx_word' id='word_1_97' title='bbox 1144 1378 1264 1418; x_wconf 92' lang='lat' dir='ltr'><strong>cum</strong></span> <span class='ocrx_word' id='word_1_98' title='bbox 1295 1365 1563 1434; x_wconf 78' lang='lat' dir='ltr'><strong>corpore?</strong></span> <span class='ocrx_word' id='word_1_99' title='bbox 1598 1362 1675 1419; x_wconf 87' lang='lat' dir='ltr'><strong>De</strong></span> <span class='ocrx_word' id='word_1_100' title='bbox 1710 1379 1823 1418; x_wconf 77' lang='lat' dir='ltr'><strong>cor~</strong></span> 
     </span>
    </p>
   </div>
   <div class='ocr_carea' id='block_1_13' title="bbox 252 1453 1825 1524">
    <p class='ocr_par' dir='ltr' id='par_1_13' title="bbox 252 1453 1825 1524">
     <span class='ocr_line' id='line_1_13' title="bbox 252 1453 1825 1524; baseline 0.002 -14"><span class='ocrx_word' id='word_1_101' title='bbox 252 1471 376 1523; x_wconf 70' lang='lat' dir='ltr'><strong>rore,</strong></span> <span class='ocrx_word' id='word_1_102' title='bbox 406 1453 596 1524; x_wconf 90' lang='lat' dir='ltr'><strong>inquit,</strong></span> <span class='ocrx_word' id='word_1_103' title='bbox 622 1453 795 1507; x_wconf 89' lang='lat' dir='ltr'><strong>mortis</strong></span> <span class='ocrx_word' id='word_1_104' title='bbox 821 1453 995 1524; x_wconf 84' lang='lat' dir='ltr'><strong>hujus.</strong></span> <span class='ocrx_word' id='word_1_105' title='bbox 1021 1453 1239 1508; x_wconf 76' lang='lat' dir='ltr'><strong>Mortem</strong></span> <span class='ocrx_word' id='word_1_106' title='bbox 1271 1454 1418 1518; x_wconf 87' lang='lat' dir='ltr'><strong>tolle.</strong></span> <span class='ocrx_word' id='word_1_107' title='bbox 1442 1463 1494 1509; x_wconf 89' lang='lat' dir='ltr'><strong>et</strong></span> <span class='ocrx_word' id='word_1_108' title='bbox 1519 1454 1713 1521; x_wconf 85' lang='lat' dir='ltr'><strong>bonum</strong></span> <span class='ocrx_word' id='word_1_109' title='bbox 1742 1464 1825 1513; x_wconf 81' lang='lat' dir='ltr'><strong>cst</strong></span> 
     </span>
    </p>
   </div>
   <div class='ocr_carea' id='block_1_14' title="bbox 250 1545 1825 1619">
    <p class='ocr_par' dir='ltr' id='par_1_14' title="bbox 250 1545 1825 1619">
     <span class='ocr_line' id='line_1_14' title="bbox 250 1545 1825 1619; baseline -0.001 -16"><span class='ocrx_word' id='word_1_110' title='bbox 250 1563 448 1619; x_wconf 80' lang='lat' dir='ltr'><strong>corpus.</strong></span> <span class='ocrx_word' id='word_1_111' title='bbox 468 1548 784 1602; x_wconf 90' lang='lat' dir='ltr'><strong>Detrahatur</strong></span> <span class='ocrx_word' id='word_1_112' title='bbox 807 1560 953 1600; x_wconf 83' lang='lat' dir='ltr'><strong>lllOl‘S</strong></span> <span class='ocrx_word' id='word_1_113' title='bbox 974 1545 1261 1601; x_wconf 83' lang='lat' dir='ltr'><strong>novissima</strong></span> <span class='ocrx_word' id='word_1_114' title='bbox 1275 1546 1512 1617; x_wconf 85' lang='lat' dir='ltr'><strong>inimica,</strong></span> <span class='ocrx_word' id='word_1_115' title='bbox 1538 1557 1591 1602; x_wconf 89' lang='lat' dir='ltr'><strong>et</strong></span> <span class='ocrx_word' id='word_1_116' title='bbox 1611 1547 1713 1602; x_wconf 92' lang='lat' dir='ltr'><strong>erit</strong></span> <span class='ocrx_word' id='word_1_117' title='bbox 1735 1547 1825 1609; x_wconf 82' lang='lat' dir='ltr'><strong>mi-</strong></span> 
     </span>
    </p>
   </div>
   <div class='ocr_carea' id='block_1_15' title="bbox 249 1636 1822 1711">
    <p class='ocr_par' dir='ltr' id='par_1_15' title="bbox 249 1636 1822 1711">
     <span class='ocr_line' id='line_1_15' title="bbox 249 1636 1822 1711; baseline -0.003 -15"><span class='ocrx_word' id='word_1_118' title='bbox 249 1644 294 1697; x_wconf 85' lang='lat' dir='ltr'><strong>hi</strong></span> <span class='ocrx_word' id='word_1_119' title='bbox 318 1644 366 1696; x_wconf 92' lang='lat' dir='ltr'><strong>in</strong></span> <span class='ocrx_word' id='word_1_120' title='bbox 396 1649 657 1695; x_wconf 70' lang='lat' dir='ltr'><strong>aeternum</strong></span> <span class='ocrx_word' id='word_1_121' title='bbox 678 1652 804 1693; x_wconf 86' lang='lat' dir='ltr'><strong>caro</strong></span> <span class='ocrx_word' id='word_1_122' title='bbox 826 1654 941 1691; x_wconf 84' lang='lat' dir='ltr'><strong>mea</strong></span> <span class='ocrx_word' id='word_1_123' title='bbox 983 1638 1176 1692; x_wconf 84' lang='lat' dir='ltr'><strong>amica.</strong></span> <span class='ocrx_word' id='word_1_124' title='bbox 1218 1636 1388 1694; x_wconf 86' lang='lat' dir='ltr'><strong>Nemo</strong></span> <span class='ocrx_word' id='word_1_125' title='bbox 1418 1638 1560 1693; x_wconf 85' lang='lat' dir='ltr'><strong>enim</strong></span> <span class='ocrx_word' id='word_1_126' title='bbox 1591 1653 1822 1711; x_wconf 81' lang='lat' dir='ltr'><strong>unquam</strong></span> 
     </span>
    </p>
   </div>
   <div class='ocr_carea' id='block_1_16' title="bbox 246 1728 1824 1799">
    <p class='ocr_par' dir='ltr' id='par_1_16' title="bbox 246 1728 1824 1799">
     <span class='ocr_line' id='line_1_16' title="bbox 246 1728 1824 1799; baseline -0.002 -11"><span class='ocrx_word' id='word_1_127' title='bbox 246 1748 449 1788; x_wconf 85' lang='lat' dir='ltr'><strong>carnem</strong></span> <span class='ocrx_word' id='word_1_128' title='bbox 495 1745 646 1785; x_wconf 89' lang='lat' dir='ltr'><strong>suam</strong></span> <span class='ocrx_word' id='word_1_129' title='bbox 688 1729 813 1783; x_wconf 93' lang='lat' dir='ltr'><strong>odio</strong></span> <span class='ocrx_word' id='word_1_130' title='bbox 840 1728 1044 1782; x_wconf 80' lang='lat' dir='ltr'><strong>habuit.</strong></span> <span class='ocrx_word' id='word_1_131' title='bbox 1077 1728 1189 1785; x_wconf 87' lang='lat' dir='ltr'><strong>Etsi</strong></span> <span class='ocrx_word' id='word_1_132' title='bbox 1232 1729 1451 1799; x_wconf 85' lang='lat' dir='ltr'><strong>spiritus</strong></span> <span class='ocrx_word' id='word_1_133' title='bbox 1495 1729 1824 1799; x_wconf 87' lang='lat' dir='ltr'><strong>concupiscit</strong></span> 
     </span>
    </p>
   </div>
   <div class='ocr_carea' id='block_1_17' title="bbox 244 1820 1825 1891">
    <p class='ocr_par' dir='ltr' id='par_1_17' title="bbox 244 1820 1825 1891">
     <span class='ocr_line' id='line_1_17' title="bbox 244 1820 1825 1891; baseline -0.003 -12"><span class='ocrx_word' id='word_1_134' title='bbox 244 1835 417 1879; x_wconf 88' lang='lat' dir='ltr'><strong>contra</strong></span> <span class='ocrx_word' id='word_1_135' title='bbox 464 1838 715 1885; x_wconf 88' lang='lat' dir='ltr'><strong>carnem,</strong></span> <span class='ocrx_word' id='word_1_136' title='bbox 750 1831 802 1876; x_wconf 89' lang='lat' dir='ltr'><strong>et</strong></span> <span class='ocrx_word' id='word_1_137' title='bbox 831 1835 958 1874; x_wconf 88' lang='lat' dir='ltr'><strong>caro</strong></span> <span class='ocrx_word' id='word_1_138' title='bbox 1015 1820 1347 1888; x_wconf 88' lang='lat' dir='ltr'><strong>concupiscit</strong></span> <span class='ocrx_word' id='word_1_139' title='bbox 1384 1820 1641 1875; x_wconf 86' lang='lat' dir='ltr'><strong>adversus</strong></span> <span class='ocrx_word' id='word_1_140' title='bbox 1669 1820 1825 1891; x_wconf 84' lang='lat' dir='ltr'><strong>spiri-</strong></span> 
     </span>
    </p>
   </div>
   <div class='ocr_carea' id='block_1_18' title="bbox 244 1913 1821 1989">
    <p class='ocr_par' dir='ltr' id='par_1_18' title="bbox 244 1913 1821 1989">
     <span class='ocr_line' id='line_1_18' title="bbox 244 1913 1821 1989; baseline -0.003 -16"><span class='ocrx_word' id='word_1_141' title='bbox 244 1931 344 1973; x_wconf 86' lang='lat' dir='ltr'><strong>tum</strong></span> <span class='ocrx_word' id='word_1_142' title='bbox 374 1916 573 1989; x_wconf 77' lang='lat' dir='ltr'><strong>(Colat.</strong></span> <span class='ocrx_word' id='word_1_143' title='bbox 601 1931 653 1983; x_wconf 92' lang='lat' dir='ltr'><strong>v,</strong></span> <span class='ocrx_word' id='word_1_144' title='bbox 691 1914 776 1985; x_wconf 84' lang='lat' dir='ltr'><strong>l7)</strong></span> <span class='ocrx_word' id='word_1_145' title='bbox 802 1931 816 1976; x_wconf 94' lang='lat'><strong>;</strong></span> <span class='ocrx_word' id='word_1_146' title='bbox 847 1913 945 1969; x_wconf 92' lang='lat' dir='ltr'><strong>etsi</strong></span> <span class='ocrx_word' id='word_1_147' title='bbox 973 1913 1132 1970; x_wconf 87' lang='lat' dir='ltr'><strong>modo</strong></span> <span class='ocrx_word' id='word_1_148' title='bbox 1155 1914 1270 1969; x_wconf 88' lang='lat' dir='ltr'><strong>rixa</strong></span> <span class='ocrx_word' id='word_1_149' title='bbox 1298 1925 1380 1977; x_wconf 87' lang='lat' dir='ltr'><strong>est</strong></span> <span class='ocrx_word' id='word_1_150' title='bbox 1412 1914 1465 1969; x_wconf 90' lang='lat' dir='ltr'><strong>in</strong></span> <span class='ocrx_word' id='word_1_151' title='bbox 1493 1914 1591 1969; x_wconf 90' lang='lat' dir='ltr'><strong>ista</strong></span> <span class='ocrx_word' id='word_1_152' title='bbox 1620 1913 1782 1969; x_wconf 88' lang='lat' dir='ltr'><strong>domo</strong></span> <span class='ocrx_word' id='word_1_153' title='bbox 1804 1955 1821 1980; x_wconf 86' lang='lat'><strong>.</strong></span> 
     </span>
    </p>
   </div>
   <div class='ocr_carea' id='block_1_19' title="bbox 243 2003 1823 2078">
    <p class='ocr_par' dir='ltr' id='par_1_19' title="bbox 243 2003 1823 2078">
     <span class='ocr_line' id='line_1_19' title="bbox 243 2003 1823 2078; baseline -0.004 -14"><span class='ocrx_word' id='word_1_154' title='bbox 243 2009 459 2064; x_wconf 85' lang='lat' dir='ltr'><strong>maritus</strong></span> <span class='ocrx_word' id='word_1_155' title='bbox 502 2008 712 2078; x_wconf 76' lang='lat' dir='ltr'><strong>litigans</strong></span> <span class='ocrx_word' id='word_1_156' title='bbox 743 2048 757 2072; x_wconf 93' lang='lat'><strong>,</strong></span> <span class='ocrx_word' id='word_1_157' title='bbox 814 2022 919 2060; x_wconf 86' lang='lat' dir='ltr'><strong>non</strong></span> <span class='ocrx_word' id='word_1_158' title='bbox 960 2005 1248 2075; x_wconf 89' lang='lat' dir='ltr'><strong>perniciem</strong></span> <span class='ocrx_word' id='word_1_159' title='bbox 1274 2045 1290 2071; x_wconf 93' lang='lat'><strong>,</strong></span> <span class='ocrx_word' id='word_1_160' title='bbox 1341 2003 1441 2058; x_wconf 90' lang='lat' dir='ltr'><strong>sed</strong></span> <span class='ocrx_word' id='word_1_161' title='bbox 1482 2004 1823 2077; x_wconf 81' lang='lat' dir='ltr'><strong>concordiam</strong></span> 
     </span>
    </p>
   </div>
   <div class='ocr_carea' id='block_1_20' title="bbox 239 2096 1825 2175">
    <p class='ocr_par' dir='ltr' id='par_1_20' title="bbox 239 2096 1825 2175">
     <span class='ocr_line' id='line_1_20' title="bbox 239 2096 1825 2175; baseline -0.004 -18"><span class='ocrx_word' id='word_1_162' title='bbox 239 2103 427 2175; x_wconf 66' lang='lat' dir='ltr'><strong>qumrit</strong></span> <span class='ocrx_word' id='word_1_163' title='bbox 458 2102 659 2157; x_wconf 78' lang='lat' dir='ltr'><strong>uxoris.</strong></span> <span class='ocrx_word' id='word_1_164' title='bbox 704 2100 857 2156; x_wconf 82' lang='lat' dir='ltr'><strong>Absit</strong></span> <span class='ocrx_word' id='word_1_165' title='bbox 882 2140 897 2166; x_wconf 91' lang='lat'><strong>,</strong></span> <span class='ocrx_word' id='word_1_166' title='bbox 940 2097 1131 2171; x_wconf 78' lang='lat' dir='ltr'><strong>fratres</strong></span> <span class='ocrx_word' id='word_1_167' title='bbox 1156 2097 1296 2163; x_wconf 91' lang='lat' dir='ltr'><strong>mei,</strong></span> <span class='ocrx_word' id='word_1_168' title='bbox 1322 2096 1460 2153; x_wconf 87' lang='lat' dir='ltr'><strong>absit</strong></span> <span class='ocrx_word' id='word_1_169' title='bbox 1503 2107 1558 2151; x_wconf 89' lang='lat' dir='ltr'><strong>ut</strong></span> <span class='ocrx_word' id='word_1_170' title='bbox 1607 2097 1825 2171; x_wconf 79' lang='lat' dir='ltr'><strong>spiritus</strong></span> 
     </span>
    </p>
   </div>
   <div class='ocr_carea' id='block_1_21' title="bbox 238 2189 1824 2267">
    <p class='ocr_par' dir='ltr' id='par_1_21' title="bbox 238 2189 1824 2267">
     <span class='ocr_line' id='line_1_21' title="bbox 238 2189 1824 2267; baseline -0.004 -16"><span class='ocrx_word' id='word_1_171' title='bbox 238 2193 669 2266; x_wconf 75' lang='lat' dir='ltr'><strong>toncupiscendo</strong></span> <span class='ocrx_word' id='word_1_172' title='bbox 715 2201 907 2261; x_wconf 11' lang='lat' dir='ltr'><strong>contra,</strong></span> <span class='ocrx_word' id='word_1_173' title='bbox 951 2206 1169 2267; x_wconf 81' lang='lat' dir='ltr'><strong>carnem</strong></span> <span class='ocrx_word' id='word_1_174' title='bbox 1216 2189 1389 2265; x_wconf 83' lang='lat' dir='ltr'><strong>oderit</strong></span> <span class='ocrx_word' id='word_1_175' title='bbox 1416 2204 1652 2244; x_wconf 85' lang='lat' dir='ltr'><strong>carnem.</strong></span> <span class='ocrx_word' id='word_1_176' title='bbox 1687 2189 1824 2244; x_wconf 74' lang='lat' dir='ltr'><strong>Vitia</strong></span> 
     </span>
    </p>
   </div>
   <div class='ocr_carea' id='block_1_22' title="bbox 238 2268 1824 2359">
    <p class='ocr_par' dir='ltr' id='par_1_22' title="bbox 238 2268 1824 2359">
     <span class='ocr_line' id='line_1_22' title="bbox 238 2268 1824 2359; baseline -0.005 -15"><span class='ocrx_word' id='word_1_177' title='bbox 238 2289 412 2344; x_wconf 77' lang='lat' dir='ltr'><strong>carnis</strong></span> <span class='ocrx_word' id='word_1_178' title='bbox 461 2286 616 2352; x_wconf 85' lang='lat' dir='ltr'><strong>odit,</strong></span> <span class='ocrx_word' id='word_1_179' title='bbox 660 2284 999 2359; x_wconf 85' lang='lat' dir='ltr'><strong>prudentiam</strong></span> <span class='ocrx_word' id='word_1_180' title='bbox 1042 2284 1220 2339; x_wconf 89' lang='lat' dir='ltr'><strong>carnis</strong></span> <span class='ocrx_word' id='word_1_181' title='bbox 1240 2281 1387 2347; x_wconf 83' lang='lat' dir='ltr'><strong>odit,</strong></span> <span class='ocrx_word' id='word_1_182' title='bbox 1427 2268 1824 2354; x_wconf 64' lang='lat' dir='ltr'><strong>contentionem</strong></span> 
     </span>
    </p>
   </div>
   <div class='ocr_carea' id='block_1_23' title="bbox 238 2366 1823 2455">
    <p class='ocr_par' dir='ltr' id='par_1_23' title="bbox 238 2366 1823 2455">
     <span class='ocr_line' id='line_1_23' title="bbox 238 2366 1823 2455; baseline -0.005 -17"><span class='ocrx_word' id='word_1_183' title='bbox 238 2385 424 2455; x_wconf 86' lang='lat' dir='ltr'><strong>mortis</strong></span> <span class='ocrx_word' id='word_1_184' title='bbox 445 2366 580 2439; x_wconf 75' lang='lat' dir='ltr'><strong>odit.</strong></span> <span class='ocrx_word' id='word_1_185' title='bbox 609 2379 970 2451; x_wconf 85' lang='lat' dir='ltr'><strong>Corruptibile</strong></span> <span class='ocrx_word' id='word_1_186' title='bbox 994 2377 1096 2433; x_wconf 85' lang='lat' dir='ltr'><strong>hoc</strong></span> <span class='ocrx_word' id='word_1_187' title='bbox 1121 2376 1305 2432; x_wconf 87' lang='lat' dir='ltr'><strong>induat</strong></span> <span class='ocrx_word' id='word_1_188' title='bbox 1328 2375 1780 2445; x_wconf 86' lang='lat' dir='ltr'><strong>incorruptionem</strong></span> <span class='ocrx_word' id='word_1_189' title='bbox 1807 2416 1823 2442; x_wconf 86' lang='lat'><strong>,</strong></span> 
     </span>
    </p>
   </div>
   <div class='ocr_carea' id='block_1_24' title="bbox 237 2456 1828 2547">
    <p class='ocr_par' dir='ltr' id='par_1_24' title="bbox 237 2456 1828 2547">
     <span class='ocr_line' id='line_1_24' title="bbox 237 2456 1828 2547; baseline -0.004 -14"><span class='ocrx_word' id='word_1_190' title='bbox 237 2488 289 2533; x_wconf 79' lang='lat' dir='ltr'><strong>rt</strong></span> <span class='ocrx_word' id='word_1_191' title='bbox 338 2456 569 2534; x_wconf 85' lang='lat' dir='ltr'><strong>mortale</strong></span> <span class='ocrx_word' id='word_1_192' title='bbox 618 2477 721 2532; x_wconf 84' lang='lat' dir='ltr'><strong>hoc</strong></span> <span class='ocrx_word' id='word_1_193' title='bbox 759 2475 943 2547; x_wconf 88' lang='lat' dir='ltr'><strong>induat</strong></span> <span class='ocrx_word' id='word_1_194' title='bbox 994 2472 1488 2542; x_wconf 77' lang='lat' dir='ltr'><strong>immortalitatem;</strong></span> <span class='ocrx_word' id='word_1_195' title='bbox 1529 2470 1828 2531; x_wconf 85' lang='lat' dir='ltr'><strong>scminetur</strong></span> 
     </span>
    </p>
   </div>
   <div class='ocr_carea' id='block_1_25' title="bbox 237 2562 1823 2641">
    <p class='ocr_par' dir='ltr' id='par_1_25' title="bbox 237 2562 1823 2641">
     <span class='ocr_line' id='line_1_25' title="bbox 237 2562 1823 2641; baseline -0.003 -17"><span class='ocrx_word' id='word_1_196' title='bbox 237 2588 433 2641; x_wconf 70' lang='lat' dir='ltr'><strong>corpus</strong></span> <span class='ocrx_word' id='word_1_197' title='bbox 458 2571 711 2639; x_wconf 88' lang='lat' dir='ltr'><strong>animale,</strong></span> <span class='ocrx_word' id='word_1_198' title='bbox 737 2576 979 2639; x_wconf 74' lang='lat' dir='ltr'><strong>resurgat</strong></span> <span class='ocrx_word' id='word_1_199' title='bbox 1002 2580 1199 2636; x_wconf 88' lang='lat' dir='ltr'><strong>corpus</strong></span> <span class='ocrx_word' id='word_1_200' title='bbox 1218 2565 1492 2635; x_wconf 85' lang='lat' dir='ltr'><strong>spirituale</strong></span> <span class='ocrx_word' id='word_1_201' title='bbox 1519 2562 1563 2638; x_wconf 88' lang='lat' dir='ltr'><strong>(l</strong></span> <span class='ocrx_word' id='word_1_202' title='bbox 1585 2562 1703 2623; x_wconf 82' lang='lat' dir='ltr'><strong>Cor.</strong></span> <span class='ocrx_word' id='word_1_203' title='bbox 1733 2579 1823 2633; x_wconf 81' lang='lat' dir='ltr'><strong>xv,</strong></span> 
     </span>
    </p>
   </div>
   <div class='ocr_carea' id='block_1_26' title="bbox 238 2656 1822 2733">
    <p class='ocr_par' dir='ltr' id='par_1_26' title="bbox 238 2656 1822 2733">
     <span class='ocr_line' id='line_1_26' title="bbox 238 2656 1822 2733; baseline -0.004 -14"><span class='ocrx_word' id='word_1_204' title='bbox 238 2664 327 2723; x_wconf 76' lang='lat'><strong>53.</strong></span> <span class='ocrx_word' id='word_1_205' title='bbox 371 2662 502 2733; x_wconf 66' lang='lat' dir='ltr'><strong>is);</strong></span> <span class='ocrx_word' id='word_1_206' title='bbox 544 2670 599 2716; x_wconf 90' lang='lat' dir='ltr'><strong>et</strong></span> <span class='ocrx_word' id='word_1_207' title='bbox 642 2660 848 2717; x_wconf 82' lang='lat' dir='ltr'><strong>videbis</strong></span> <span class='ocrx_word' id='word_1_208' title='bbox 898 2660 1108 2729; x_wconf 81' lang='lat' dir='ltr'><strong>plenam</strong></span> <span class='ocrx_word' id='word_1_209' title='bbox 1156 2656 1555 2727; x_wconf 77' lang='lat' dir='ltr'><strong>perfectamque</strong></span> <span class='ocrx_word' id='word_1_210' title='bbox 1600 2670 1822 2715; x_wconf 88' lang='lat' dir='ltr'><strong>concor-</strong></span> 
     </span>
    </p>
   </div>
   <div class='ocr_carea' id='block_1_27' title="bbox 240 2746 1829 2821">
    <p class='ocr_par' dir='ltr' id='par_1_27' title="bbox 240 2746 1829 2821">
     <span class='ocr_line' id='line_1_27' title="bbox 240 2746 1829 2821; baseline -0.003 -13"><span class='ocrx_word' id='word_1_211' title='bbox 240 2755 403 2820; x_wconf 84' lang='lat' dir='ltr'><strong>diam,</strong></span> <span class='ocrx_word' id='word_1_212' title='bbox 435 2752 640 2821; x_wconf 83' lang='lat' dir='ltr'><strong>videbis</strong></span> <span class='ocrx_word' id='word_1_213' title='bbox 664 2761 966 2807; x_wconf 81' lang='lat' dir='ltr'><strong>creaturam</strong></span> <span class='ocrx_word' id='word_1_214' title='bbox 998 2749 1217 2805; x_wconf 80' lang='lat' dir='ltr'><strong>laudare</strong></span> <span class='ocrx_word' id='word_1_215' title='bbox 1246 2746 1576 2811; x_wconf 82' lang='lat' dir='ltr'><strong>Creatorem.</strong></span> <span class='ocrx_word' id='word_1_216' title='bbox 1606 2747 1667 2805; x_wconf 84' lang='lat' dir='ltr'><strong>Si</strong></span> <span class='ocrx_word' id='word_1_217' title='bbox 1697 2762 1829 2819; x_wconf 79' lang='lat' dir='ltr'><strong>ergo</strong></span> 
     </span>
    </p>
   </div>
   <div class='ocr_carea' id='block_1_28' title="bbox 245 2840 1830 2920">
    <p class='ocr_par' dir='ltr' id='par_1_28' title="bbox 245 2840 1830 2920">
     <span class='ocr_line' id='line_1_28' title="bbox 245 2840 1830 2920; baseline -0.004 -18"><span class='ocrx_word' id='word_1_218' title='bbox 245 2848 469 2919; x_wconf 81' lang='lat' dir='ltr'><strong>Spiritus</strong></span> <span class='ocrx_word' id='word_1_219' title='bbox 511 2849 623 2920; x_wconf 86' lang='lat' dir='ltr'><strong>ejus</strong></span> <span class='ocrx_word' id='word_1_220' title='bbox 660 2848 750 2917; x_wconf 85' lang='lat' dir='ltr'><strong>qui</strong></span> <span class='ocrx_word' id='word_1_221' title='bbox 787 2845 1046 2901; x_wconf 72' lang='lat' dir='ltr'><strong>suscitavit</strong></span> <span class='ocrx_word' id='word_1_222' title='bbox 1073 2843 1253 2900; x_wconf 76' lang='lat' dir='ltr'><strong>Iesum</strong></span> <span class='ocrx_word' id='word_1_223' title='bbox 1290 2859 1324 2897; x_wconf 88' lang='lat' dir='ltr'><strong>a</strong></span> <span class='ocrx_word' id='word_1_224' title='bbox 1365 2842 1599 2907; x_wconf 84' lang='lat' dir='ltr'><strong>mortuis,</strong></span> <span class='ocrx_word' id='word_1_225' title='bbox 1638 2840 1830 2897; x_wconf 79' lang='lat' dir='ltr'><strong>habitat</strong></span> 
     </span>
    </p>
   </div>
   <div class='ocr_carea' id='block_1_29' title="bbox 245 2932 1827 3009">
    <p class='ocr_par' dir='ltr' id='par_1_29' title="bbox 245 2932 1827 3009">
     <span class='ocr_line' id='line_1_29' title="bbox 245 2932 1827 3009; baseline -0.003 -19"><span class='ocrx_word' id='word_1_226' title='bbox 245 2940 296 2992; x_wconf 88' lang='lat' dir='ltr'><strong>in</strong></span> <span class='ocrx_word' id='word_1_227' title='bbox 340 2939 511 3005; x_wconf 77' lang='lat' dir='ltr'><strong>vobis;</strong></span> <span class='ocrx_word' id='word_1_228' title='bbox 563 2938 648 3009; x_wconf 82' lang='lat' dir='ltr'><strong>qui</strong></span> <span class='ocrx_word' id='word_1_229' title='bbox 694 2937 954 2997; x_wconf 78' lang='lat' dir='ltr'><strong>suscitavit</strong></span> <span class='ocrx_word' id='word_1_230' title='bbox 998 2933 1254 2992; x_wconf 81' lang='lat' dir='ltr'><strong>Christum</strong></span> <span class='ocrx_word' id='word_1_231' title='bbox 1299 2951 1332 2988; x_wconf 91' lang='lat' dir='ltr'><strong>a</strong></span> <span class='ocrx_word' id='word_1_232' title='bbox 1370 2933 1619 2999; x_wconf 82' lang='lat' dir='ltr'><strong>mortuis,</strong></span> <span class='ocrx_word' id='word_1_233' title='bbox 1662 2932 1827 3002; x_wconf 73' lang='lat' dir='ltr'><strong>viviﬁ-</strong></span> 
     </span>
    </p>
   </div>
   <div class='ocr_carea' id='block_1_30' title="bbox 246 3022 1828 3105">
    <p class='ocr_par' dir='ltr' id='par_1_30' title="bbox 246 3022 1828 3105">
     <span class='ocr_line' id='line_1_30' title="bbox 246 3022 1828 3105; baseline -0.003 -22"><span class='ocrx_word' id='word_1_234' title='bbox 246 3031 376 3105; x_wconf 79' lang='lat' dir='ltr'><strong>eabit</strong></span> <span class='ocrx_word' id='word_1_235' title='bbox 425 3040 473 3086; x_wconf 85' lang='lat' dir='ltr'><strong>et</strong></span> <span class='ocrx_word' id='word_1_236' title='bbox 521 3028 760 3085; x_wconf 84' lang='lat' dir='ltr'><strong>mortalia</strong></span> <span class='ocrx_word' id='word_1_237' title='bbox 795 3043 1012 3098; x_wconf 85' lang='lat' dir='ltr'><strong>corpora</strong></span> <span class='ocrx_word' id='word_1_238' title='bbox 1052 3035 1215 3082; x_wconf 79' lang='lat' dir='ltr'><strong>vestra</strong></span> <span class='ocrx_word' id='word_1_239' title='bbox 1232 3066 1248 3091; x_wconf 94' lang='lat'><strong>,</strong></span> <span class='ocrx_word' id='word_1_240' title='bbox 1287 3034 1491 3095; x_wconf 78' lang='lat' dir='ltr'><strong>propter</strong></span> <span class='ocrx_word' id='word_1_241' title='bbox 1536 3022 1828 3085; x_wconf 77' lang='lat' dir='ltr'><strong>inhabitan-</strong></span> 
     </span>
    </p>
   </div>
   <div class='ocr_carea' id='block_1_31' title="bbox 249 3117 1831 3192">
    <p class='ocr_par' dir='ltr' id='par_1_31' title="bbox 249 3117 1831 3192">
     <span class='ocr_line' id='line_1_31' title="bbox 249 3117 1831 3192; baseline -0.001 -18"><span class='ocrx_word' id='word_1_242' title='bbox 249 3132 342 3176; x_wconf 87' lang='lat' dir='ltr'><strong>tem</strong></span> <span class='ocrx_word' id='word_1_243' title='bbox 368 3121 620 3192; x_wconf 74' lang='lat' dir='ltr'><strong>Spiritum</strong></span> <span class='ocrx_word' id='word_1_244' title='bbox 650 3121 760 3192; x_wconf 85' lang='lat' dir='ltr'><strong>ejus</strong></span> <span class='ocrx_word' id='word_1_245' title='bbox 803 3120 893 3191; x_wconf 83' lang='lat' dir='ltr'><strong>qui</strong></span> <span class='ocrx_word' id='word_1_246' title='bbox 935 3118 1127 3173; x_wconf 77' lang='lat' dir='ltr'><strong>habitat</strong></span> <span class='ocrx_word' id='word_1_247' title='bbox 1166 3117 1221 3172; x_wconf 85' lang='lat' dir='ltr'><strong>in</strong></span> <span class='ocrx_word' id='word_1_248' title='bbox 1269 3117 1406 3177; x_wconf 70' lang='lat' dir='ltr'><strong>vobis</strong></span> <span class='ocrx_word' id='word_1_249' title='bbox 1436 3131 1455 3170; x_wconf 90' lang='lat'><strong><em>:</em></strong></span> <span class='ocrx_word' id='word_1_250' title='bbox 1479 3131 1586 3177; x_wconf 85' lang='lat' dir='ltr'><strong>non</strong></span> <span class='ocrx_word' id='word_1_251' title='bbox 1614 3123 1831 3187; x_wconf 81' lang='lat' dir='ltr'><strong>prepter</strong></span> 
     </span>
    </p>
   </div>
   <div class='ocr_carea' id='block_1_32' title="bbox 250 3204 1829 3281">
    <p class='ocr_par' dir='ltr' id='par_1_32' title="bbox 250 3204 1829 3281">
     <span class='ocr_line' id='line_1_32' title="bbox 250 3204 1829 3281; baseline 0.002 -17"><span class='ocrx_word' id='word_1_252' title='bbox 250 3212 435 3269; x_wconf 86' lang='lat' dir='ltr'><strong>merita</strong></span> <span class='ocrx_word' id='word_1_253' title='bbox 464 3221 665 3274; x_wconf 87' lang='lat' dir='ltr'><strong>vestra,</strong></span> <span class='ocrx_word' id='word_1_254' title='bbox 694 3210 794 3267; x_wconf 88' lang='lat' dir='ltr'><strong>sed</strong></span> <span class='ocrx_word' id='word_1_255' title='bbox 821 3218 1039 3281; x_wconf 77' lang='lat' dir='ltr'><strong>propter</strong></span> <span class='ocrx_word' id='word_1_256' title='bbox 1065 3222 1287 3269; x_wconf 88' lang='lat' dir='ltr'><strong>munera</strong></span> <span class='ocrx_word' id='word_1_257' title='bbox 1334 3221 1450 3264; x_wconf 88' lang='lat' dir='ltr'><strong>sua.</strong></span> <span class='ocrx_word' id='word_1_258' title='bbox 1476 3205 1734 3264; x_wconf 83' lang='lat' dir='ltr'><strong>Conversi</strong></span> <span class='ocrx_word' id='word_1_259' title='bbox 1761 3204 1829 3267; x_wconf 83' lang='lat' dir='ltr'><strong>ad</strong></span> 
     </span>
    </p>
   </div>
   <div class='ocr_carea' id='block_1_33' title="bbox 248 3304 691 3373">
    <p class='ocr_par' dir='ltr' id='par_1_33' title="bbox 248 3304 691 3373">
     <span class='ocr_line' id='line_1_33' title="bbox 248 3304 691 3373; baseline 0 -14"><span class='ocrx_word' id='word_1_260' title='bbox 248 3304 523 3361; x_wconf 86' lang='lat' dir='ltr'><strong>Dominum</strong></span> <span class='ocrx_word' id='word_1_261' title='bbox 537 3346 554 3373; x_wconf 92' lang='lat'><strong>,</strong></span> <span class='ocrx_word' id='word_1_262' title='bbox 585 3312 691 3360; x_wconf 88' lang='lat' dir='ltr'><strong>etc.</strong></span> 
     </span>
    </p>
   </div>
   <div class='ocr_carea' id='block_1_34' title="bbox 739 3392 1326 3465">
    <p class='ocr_par' dir='ltr' id='par_1_34' title="bbox 739 3392 1326 3465">
     <span class='ocr_line' id='line_1_34' title="bbox 739 3392 1326 3465; baseline -0.005 -15"><span class='ocrx_word' id='word_1_263' title='bbox 739 3393 970 3453; x_wconf 77' lang='lat' dir='ltr'><strong>SERMO</strong></span> <span class='ocrx_word' id='word_1_264' title='bbox 1006 3392 1161 3450; x_wconf 85' lang='lat' dir='ltr'><strong>CLVI</strong></span> <span class='ocrx_word' id='word_1_265' title='bbox 1186 3396 1203 3417; x_wconf 85' lang='grc'><strong>·</strong></span> <span class='ocrx_word' id='word_1_266' title='bbox 1228 3392 1326 3465; x_wconf 77' lang='grc' dir='ltr'><strong>(α).</strong></span> 
     </span>
    </p>
   </div>
   <div class='ocr_carea' id='block_1_35' title="bbox 240 3474 1827 3553">
    <p class='ocr_par' dir='ltr' id='par_1_35' title="bbox 240 3474 1827 3553">
     <span class='ocr_line' id='line_1_35' title="bbox 240 3474 1827 3553; baseline 0 -20"><span class='ocrx_word' id='word_1_267' title='bbox 240 3478 325 3536; x_wconf 82' lang='lat' dir='ltr'><strong>De</strong></span> <span class='ocrx_word' id='word_1_268' title='bbox 350 3481 505 3536; x_wconf 72' lang='lat' dir='ltr'><strong>verbis</strong></span> <span class='ocrx_word' id='word_1_269' title='bbox 530 3480 792 3553; x_wconf 78' lang='lat' dir='ltr'><strong>Apostoli,</strong></span> <span class='ocrx_word' id='word_1_270' title='bbox 824 3478 975 3534; x_wconf 84' lang='lat' dir='ltr'><strong>Rom.</strong></span> <span class='ocrx_word' id='word_1_271' title='bbox 1006 3492 1095 3533; x_wconf 87' lang='lat' dir='ltr'><strong>vnt</strong></span> <span class='ocrx_word' id='word_1_272' title='bbox 1119 3517 1135 3544; x_wconf 94' lang='lat'><strong>,</strong></span> <span class='ocrx_word' id='word_1_273' title='bbox 1166 3476 1328 3534; x_wconf 66' lang='lat'><strong>{2-17</strong></span> <span class='ocrx_word' id='word_1_274' title='bbox 1348 3515 1367 3544; x_wconf 91' lang='lat'><strong>,</strong></span> <span class='ocrx_word' id='word_1_275' title='bbox 1397 3476 1570 3547; x_wconf 71' lang='lat' dir='ltr'><strong>Ergo,</strong></span> <span class='ocrx_word' id='word_1_276' title='bbox 1599 3474 1827 3536; x_wconf 76' lang='lat' dir='ltr'><strong>fratres.</strong></span> 
     </span>
    </p>
   </div>
   <div class='ocr_carea' id='block_1_36' title="bbox 310 3566 1860 3634">
    <p class='ocr_par' dir='ltr' id='par_1_36' title="bbox 310 3566 1860 3634">
     <span class='ocr_line' id='line_1_36' title="bbox 310 3566 1860 3634; baseline -0.006 -6"><span class='ocrx_word' id='word_1_277' title='bbox 310 3572 581 3630; x_wconf 82' lang='lat' dir='ltr'><strong>debitores</strong></span> <span class='ocrx_word' id='word_1_278' title='bbox 609 3586 797 3628; x_wconf 90' lang='lat' dir='ltr'><strong>sumus</strong></span> <span class='ocrx_word' id='word_1_279' title='bbox 826 3586 933 3625; x_wconf 91' lang='lat' dir='ltr'><strong>non</strong></span> <span class='ocrx_word' id='word_1_280' title='bbox 963 3569 1111 3624; x_wconf 87' lang='lat' dir='ltr'><strong>carui</strong></span> <span class='ocrx_word' id='word_1_281' title='bbox 1129 3609 1145 3634; x_wconf 91' lang='lat'><strong>,</strong></span> <span class='ocrx_word' id='word_1_282' title='bbox 1190 3577 1249 3623; x_wconf 91' lang='lat' dir='ltr'><strong>ut</strong></span> <span class='ocrx_word' id='word_1_283' title='bbox 1290 3566 1585 3624; x_wconf 88' lang='lat' dir='ltr'><strong>secundum</strong></span> <span class='ocrx_word' id='word_1_284' title='bbox 1613 3580 1860 3623; x_wconf 89' lang='lat' dir='ltr'><strong>carnem-</strong></span> 
     </span>
    </p>
   </div>
   <div class='ocr_carea' id='block_1_37' title="bbox 309 3656 1377 3738">
    <p class='ocr_par' dir='ltr' id='par_1_37' title="bbox 309 3656 1377 3738">
     <span class='ocr_line' id='line_1_37' title="bbox 309 3656 1377 3738; baseline -0.007 -19"><span class='ocrx_word' id='word_1_285' title='bbox 309 3665 573 3729; x_wconf 82' lang='lat' dir='ltr'><strong>vivamus,</strong></span> <span class='ocrx_word' id='word_1_286' title='bbox 604 3673 700 3718; x_wconf 87' lang='lat' dir='ltr'><strong>etc.</strong></span> <span class='ocrx_word' id='word_1_287' title='bbox 719 3661 918 3738; x_wconf 75' lang='lat' dir='ltr'><strong>Contra</strong></span> <span class='ocrx_word' id='word_1_288' title='bbox 948 3659 1255 3732; x_wconf 78' lang='lat' dir='ltr'><strong>Pelagianos</strong></span> <span class='ocrx_word' id='word_1_289' title='bbox 1283 3656 1377 3731; x_wconf 86' lang='lat' dir='ltr'><strong>(b).</strong></span> 
     </span>
    </p>
   </div>
   <div class='ocr_carea' id='block_1_38' title="bbox 229 3746 1835 3886">
    <p class='ocr_par' dir='ltr' id='par_1_38' title="bbox 229 3746 1835 3886">
     <span class='ocr_line' id='line_1_38' title="bbox 229 3746 1835 3886; baseline -0.005 -58"><span class='ocrx_word' id='word_1_290' title='bbox 229 3746 438 3828; x_wconf 63' lang='lat' dir='ltr'><strong>‘m</strong></span> <span class='ocrx_word' id='word_1_291' title='bbox 485 3778 537 3828; x_wconf 87' lang='lat' dir='ltr'><strong>in</strong></span> <span class='ocrx_word' id='word_1_292' title='bbox 581 3774 776 3826; x_wconf 78' lang='lat' dir='ltr'><strong>basilica</strong></span> <span class='ocrx_word' id='word_1_293' title='bbox 820 3771 1178 3886; x_wconf 44' lang='grc' dir='ltr'><strong>ωιξὲἐέυὲξε</strong></span> <span class='ocrx_word' id='word_1_294' title='bbox 1220 3770 1366 3823; x_wconf 84' lang='lat' dir='ltr'><strong>natali</strong></span> <span class='ocrx_word' id='word_1_295' title='bbox 1407 3775 1667 3835; x_wconf 68' lang='lat' dir='ltr'><strong>imam</strong></span> <span class='ocrx_word' id='word_1_296' title='bbox 1709 3768 1835 3823; x_wconf 79' lang='lat' dir='ltr'><strong>son-</strong></span> 
     </span>
    </p>
   </div>
   <div class='ocr_carea' id='block_1_39' title="bbox 303 3938 1835 4014">
    <p class='ocr_par' dir='ltr' id='par_1_39' title="bbox 303 3938 1835 4014">
     <span class='ocr_line' id='line_1_39' title="bbox 303 3938 1835 4014; baseline -0.007 -12"><span class='ocrx_word' id='word_1_297' title='bbox 303 3946 540 4003; x_wconf 75' lang='lat' dir='ltr'><strong>CAPUT</strong></span> <span class='ocrx_word' id='word_1_298' title='bbox 594 3943 876 4014; x_wconf 52' lang='lat' dir='ltr'><strong>PRIMUM,</strong></span> <span class='ocrx_word' id='word_1_299' title='bbox 918 3972 991 3985; x_wconf 83' lang='lat'><strong>-—</strong></span> <span class='ocrx_word' id='word_1_300' title='bbox 1040 3943 1091 4009; x_wconf 70' lang='grc'><strong>1.</strong></span> <span class='ocrx_word' id='word_1_301' title='bbox 1152 3940 1220 3996; x_wconf 86' lang='lat' dir='ltr'><strong>In</strong></span> <span class='ocrx_word' id='word_1_302' title='bbox 1276 3939 1555 4011; x_wconf 82' lang='lat' dir='ltr'><strong>Scripturis</strong></span> <span class='ocrx_word' id='word_1_303' title='bbox 1603 3938 1835 4009; x_wconf 64' lang='lat' dir='ltr'><strong>quedam</strong></span> 
     </span>
    </p>
   </div>
   <div class='ocr_carea' id='block_1_40' title="bbox 224 4031 1833 4109">
    <p class='ocr_par' dir='ltr' id='par_1_40' title="bbox 224 4031 1833 4109">
     <span class='ocr_line' id='line_1_40' title="bbox 224 4031 1833 4109; baseline -0.003 -19"><span class='ocrx_word' id='word_1_304' title='bbox 224 4038 435 4105; x_wconf 73' lang='lat' dir='ltr'><strong>derasa,</strong></span> <span class='ocrx_word' id='word_1_305' title='bbox 464 4037 697 4108; x_wconf 65' lang='lat' dir='ltr'><strong>quadarn</strong></span> <span class='ocrx_word' id='word_1_306' title='bbox 718 4045 913 4107; x_wconf 85' lang='lat' dir='ltr'><strong>aperta,</strong></span> <span class='ocrx_word' id='word_1_307' title='bbox 936 4034 1105 4099; x_wconf 79' lang='lat' dir='ltr'><strong>Verbi</strong></span> <span class='ocrx_word' id='word_1_308' title='bbox 1126 4033 1223 4109; x_wconf 78' lang='lat' dir='ltr'><strong>Dei</strong></span> <span class='ocrx_word' id='word_1_309' title='bbox 1243 4031 1464 4089; x_wconf 84' lang='lat' dir='ltr'><strong>altitudo</strong></span> <span class='ocrx_word' id='word_1_310' title='bbox 1489 4039 1704 4089; x_wconf 78' lang='lat' dir='ltr'><strong>exercet</strong></span> <span class='ocrx_word' id='word_1_311' title='bbox 1722 4039 1833 4086; x_wconf 58' lang='lat' dir='ltr'><strong>stu.</strong></span> 
     </span>
    </p>
   </div>
   <div class='ocr_carea' id='block_1_41' title="bbox 224 4124 1833 4203">
    <p class='ocr_par' dir='ltr' id='par_1_41' title="bbox 224 4124 1833 4203">
     <span class='ocr_line' id='line_1_41' title="bbox 224 4124 1833 4203; baseline -0.004 -20"><span class='ocrx_word' id='word_1_312' title='bbox 224 4130 410 4203; x_wconf 81' lang='lat' dir='ltr'><strong>dium,</strong></span> <span class='ocrx_word' id='word_1_313' title='bbox 443 4144 549 4184; x_wconf 90' lang='lat' dir='ltr'><strong>non</strong></span> <span class='ocrx_word' id='word_1_314' title='bbox 576 4127 807 4197; x_wconf 80' lang='lat' dir='ltr'><strong>denegat,</strong></span> <span class='ocrx_word' id='word_1_315' title='bbox 829 4126 1172 4189; x_wconf 84' lang='lat' dir='ltr'><strong>intellectum.</strong></span> <span class='ocrx_word' id='word_1_316' title='bbox 1203 4124 1261 4181; x_wconf 87' lang='lat' dir='ltr'><strong>Si</strong></span> <span class='ocrx_word' id='word_1_317' title='bbox 1285 4125 1427 4183; x_wconf 87' lang='lat' dir='ltr'><strong>enim</strong></span> <span class='ocrx_word' id='word_1_318' title='bbox 1448 4124 1627 4181; x_wconf 86' lang='lat' dir='ltr'><strong>omnia</strong></span> <span class='ocrx_word' id='word_1_319' title='bbox 1652 4124 1833 4178; x_wconf 83' lang='lat' dir='ltr'><strong>clausa</strong></span> 
     </span>
    </p>
   </div>
   <div class='ocr_carea' id='block_1_42' title="bbox 222 4214 1835 4287">
    <p class='ocr_par' dir='ltr' id='par_1_42' title="bbox 222 4214 1835 4287">
     <span class='ocr_line' id='line_1_42' title="bbox 222 4214 1835 4287; baseline -0.002 -14"><span class='ocrx_word' id='word_1_320' title='bbox 222 4230 443 4285; x_wconf 77' lang='lat' dir='ltr'><strong>essent,</strong></span> <span class='ocrx_word' id='word_1_321' title='bbox 473 4218 608 4274; x_wconf 88' lang='lat' dir='ltr'><strong>nihil</strong></span> <span class='ocrx_word' id='word_1_322' title='bbox 636 4226 780 4274; x_wconf 86' lang='lat' dir='ltr'><strong>esset</strong></span> <span class='ocrx_word' id='word_1_323' title='bbox 802 4217 941 4272; x_wconf 89' lang='lat' dir='ltr'><strong>unde</strong></span> <span class='ocrx_word' id='word_1_324' title='bbox 966 4216 1333 4287; x_wconf 83' lang='lat' dir='ltr'><strong>revelarentur</strong></span> <span class='ocrx_word' id='word_1_325' title='bbox 1355 4214 1602 4271; x_wconf 86' lang='lat' dir='ltr'><strong>obscura.</strong></span> <span class='ocrx_word' id='word_1_326' title='bbox 1628 4214 1835 4271; x_wconf 74' lang='lat' dir='ltr'><strong>Rursus</strong></span> 
     </span>
    </p>
   </div>
   <div class='ocr_carea' id='block_1_43' title="bbox 224 4306 1834 4376">
    <p class='ocr_par' dir='ltr' id='par_1_43' title="bbox 224 4306 1834 4376">
     <span class='ocr_line' id='line_1_43' title="bbox 224 4306 1834 4376; baseline -0.002 -12"><span class='ocrx_word' id='word_1_327' title='bbox 224 4310 273 4364; x_wconf 77' lang='lat' dir='ltr'><strong>si</strong></span> <span class='ocrx_word' id='word_1_328' title='bbox 306 4311 497 4365; x_wconf 79' lang='lat' dir='ltr'><strong>orzniia</strong></span> <span class='ocrx_word' id='word_1_329' title='bbox 530 4317 667 4365; x_wconf 90' lang='lat' dir='ltr'><strong>tecta</strong></span> <span class='ocrx_word' id='word_1_330' title='bbox 696 4318 895 4370; x_wconf 86' lang='lat' dir='ltr'><strong>essent,</strong></span> <span class='ocrx_word' id='word_1_331' title='bbox 918 4322 1025 4364; x_wconf 92' lang='lat' dir='ltr'><strong>non</strong></span> <span class='ocrx_word' id='word_1_332' title='bbox 1052 4316 1197 4362; x_wconf 87' lang='lat' dir='ltr'><strong>esset</strong></span> <span class='ocrx_word' id='word_1_333' title='bbox 1218 4306 1358 4361; x_wconf 90' lang='lat' dir='ltr'><strong>unde</strong></span> <span class='ocrx_word' id='word_1_334' title='bbox 1378 4307 1688 4362; x_wconf 85' lang='lat' dir='ltr'><strong>alimentum</strong></span> <span class='ocrx_word' id='word_1_335' title='bbox 1717 4321 1834 4376; x_wconf 86' lang='lat' dir='ltr'><strong>per-</strong></span> 
     </span>
    </p>
   </div>
   <div class='ocr_carea' id='block_1_44' title="bbox 221 4396 1833 4472">
    <p class='ocr_par' dir='ltr' id='par_1_44' title="bbox 221 4396 1833 4472">
     <span class='ocr_line' id='line_1_44' title="bbox 221 4396 1833 4472; baseline -0.002 -14"><span class='ocrx_word' id='word_1_336' title='bbox 221 4404 446 4472; x_wconf 86' lang='lat' dir='ltr'><strong>ciperet</strong></span> <span class='ocrx_word' id='word_1_337' title='bbox 466 4404 664 4470; x_wconf 83' lang='lat' dir='ltr'><strong>anima,</strong></span> <span class='ocrx_word' id='word_1_338' title='bbox 687 4411 742 4458; x_wconf 89' lang='lat' dir='ltr'><strong>et</strong></span> <span class='ocrx_word' id='word_1_339' title='bbox 762 4400 984 4465; x_wconf 81' lang='lat' dir='ltr'><strong>haberet</strong></span> <span class='ocrx_word' id='word_1_340' title='bbox 1002 4401 1143 4456; x_wconf 83' lang='lat' dir='ltr'><strong>vires</strong></span> <span class='ocrx_word' id='word_1_341' title='bbox 1158 4396 1352 4471; x_wconf 85' lang='lat' dir='ltr'><strong>quibus</strong></span> <span class='ocrx_word' id='word_1_342' title='bbox 1372 4408 1551 4469; x_wconf 86' lang='lat' dir='ltr'><strong>posset</strong></span> <span class='ocrx_word' id='word_1_343' title='bbox 1570 4399 1637 4454; x_wconf 85' lang='lat' dir='ltr'><strong>ad</strong></span> <span class='ocrx_word' id='word_1_344' title='bbox 1654 4399 1833 4454; x_wconf 87' lang='lat' dir='ltr'><strong>clausa</strong></span> 
     </span>
    </p>
   </div>
   <div class='ocr_carea' id='block_1_45' title="bbox 225 4490 1839 4562">
    <p class='ocr_par' dir='ltr' id='par_1_45' title="bbox 225 4490 1839 4562">
     <span class='ocr_line' id='line_1_45' title="bbox 225 4490 1839 4562; baseline -0.002 -14"><span class='ocrx_word' id='word_1_345' title='bbox 225 4495 477 4561; x_wconf 73' lang='lat' dir='ltr'><strong>pulsare.</strong></span> <span class='ocrx_word' id='word_1_346' title='bbox 514 4494 571 4549; x_wconf 91' lang='lat' dir='ltr'><strong>In</strong></span> <span class='ocrx_word' id='word_1_347' title='bbox 602 4493 920 4549; x_wconf 88' lang='lat' dir='ltr'><strong>lectionibus</strong></span> <span class='ocrx_word' id='word_1_348' title='bbox 944 4491 1253 4562; x_wconf 85' lang='lat' dir='ltr'><strong>apostolicis</strong></span> <span class='ocrx_word' id='word_1_349' title='bbox 1278 4490 1672 4561; x_wconf 89' lang='lat' dir='ltr'><strong>superioribus,</strong></span> <span class='ocrx_word' id='word_1_350' title='bbox 1703 4505 1839 4561; x_wconf 89' lang='lat' dir='ltr'><strong>quas</strong></span> 
     </span>
    </p>
   </div>
   <div class='ocr_carea' id='block_1_46' title="bbox 219 4580 1836 4654">
    <p class='ocr_par' dir='ltr' id='par_1_46' title="bbox 219 4580 1836 4654">
     <span class='ocr_line' id='line_1_46' title="bbox 219 4580 1836 4654; baseline -0.001 -16"><span class='ocrx_word' id='word_1_351' title='bbox 219 4584 503 4640; x_wconf 80' lang='lat' dir='ltr'><strong>Clmritati</strong></span> <span class='ocrx_word' id='word_1_352' title='bbox 527 4594 741 4649; x_wconf 71' lang='lat' dir='ltr'><strong>vestrm,</strong></span> <span class='ocrx_word' id='word_1_353' title='bbox 769 4591 1023 4654; x_wconf 89' lang='lat' dir='ltr'><strong>quantum</strong></span> <span class='ocrx_word' id='word_1_354' title='bbox 1050 4581 1303 4636; x_wconf 88' lang='lat' dir='ltr'><strong>Dominus</strong></span> <span class='ocrx_word' id='word_1_355' title='bbox 1322 4580 1574 4652; x_wconf 87' lang='lat' dir='ltr'><strong>adjuvare</strong></span> <span class='ocrx_word' id='word_1_356' title='bbox 1589 4580 1836 4651; x_wconf 79' lang='lat' dir='ltr'><strong>dignatus</strong></span> 
     </span>
    </p>
   </div>
   <div class='ocr_carea' id='block_1_47' title="bbox 217 4671 1846 4745">
    <p class='ocr_par' dir='ltr' id='par_1_47' title="bbox 217 4671 1846 4745">
     <span class='ocr_line' id='line_1_47' title="bbox 217 4671 1846 4745; baseline -0.002 -15"><span class='ocrx_word' id='word_1_357' title='bbox 217 4686 309 4732; x_wconf 85' lang='lat' dir='ltr'><strong>est</strong></span> <span class='ocrx_word' id='word_1_358' title='bbox 338 4718 357 4743; x_wconf 87' lang='lat'><strong>,</strong></span> <span class='ocrx_word' id='word_1_359' title='bbox 389 4676 764 4745; x_wconf 74' lang='lat' dir='ltr'><strong>exposuimus,</strong></span> <span class='ocrx_word' id='word_1_360' title='bbox 798 4674 1024 4728; x_wconf 90' lang='lat' dir='ltr'><strong>multum</strong></span> <span class='ocrx_word' id='word_1_361' title='bbox 1054 4672 1288 4728; x_wconf 90' lang='lat' dir='ltr'><strong>laborem</strong></span> <span class='ocrx_word' id='word_1_362' title='bbox 1330 4681 1385 4726; x_wconf 88' lang='lat' dir='ltr'><strong>et</strong></span> <span class='ocrx_word' id='word_1_363' title='bbox 1422 4671 1846 4737; x_wconf 57' lang='lat' dir='ltr'><strong>sollicitudinem,</strong></span> 
     </span>
    </p>
   </div>
   <div class='ocr_carea' id='block_1_48' title="bbox 293 4774 1837 4842">
    <p class='ocr_par' dir='ltr' id='par_1_48' title="bbox 293 4774 1837 4842">
     <span class='ocr_line' id='line_1_48' title="bbox 293 4774 1837 4842; baseline -0.001 -13"><span class='ocrx_word' id='word_1_364' title='bbox 293 4780 311 4796; x_wconf 89' lang='lat'><strong>‘</strong></span> <span class='ocrx_word' id='word_1_365' title='bbox 340 4780 618 4842; x_wconf 73' lang='lat' dir='ltr'><strong>Castigatus</strong></span> <span class='ocrx_word' id='word_1_366' title='bbox 637 4777 697 4842; x_wconf 87' lang='lat' dir='ltr'><strong>ad</strong></span> <span class='ocrx_word' id='word_1_367' title='bbox 733 4789 906 4829; x_wconf 71' lang='lat' dir='ltr'><strong>annos</strong></span> <span class='ocrx_word' id='word_1_368' title='bbox 926 4783 1033 4827; x_wconf 78' lang='lat' dir='ltr'><strong>Mss.</strong></span> <span class='ocrx_word' id='word_1_369' title='bbox 1072 4781 1127 4828; x_wconf 89' lang='lat' dir='ltr'><strong>et</strong></span> <span class='ocrx_word' id='word_1_370' title='bbox 1154 4774 1268 4829; x_wconf 68' lang='grc' dir='ltr'><strong>ΕΜ.</strong></span> <span class='ocrx_word' id='word_1_371' title='bbox 1306 4775 1358 4826; x_wconf 83' lang='lat' dir='ltr'><strong>in</strong></span> <span class='ocrx_word' id='word_1_372' title='bbox 1389 4786 1617 4826; x_wconf 81' lang='lat' dir='ltr'><strong>sermone</strong></span> <span class='ocrx_word' id='word_1_373' title='bbox 1656 4788 1837 4839; x_wconf 69' lang='lat' dir='ltr'><strong>prece-</strong></span> 
     </span>
    </p>
   </div>
   <div class='ocr_carea' id='block_1_49' title="bbox 212 4839 870 4902">
    <p class='ocr_par' dir='ltr' id='par_1_49' title="bbox 212 4839 870 4902">
     <span class='ocr_line' id='line_1_49' title="bbox 212 4839 870 4902; baseline -0.005 -12"><span class='ocrx_word' id='word_1_374' title='bbox 212 4839 376 4890; x_wconf 78' lang='lat' dir='ltr'><strong>dcnti</strong></span> <span class='ocrx_word' id='word_1_375' title='bbox 401 4839 545 4889; x_wconf 77' lang='lat' dir='ltr'><strong>modo</strong></span> <span class='ocrx_word' id='word_1_376' title='bbox 576 4841 870 4902; x_wconf 78' lang='lat' dir='ltr'><strong>designatos.</strong></span> 
     </span>
    </p>
   </div>
   <div class='ocr_carea' id='block_1_50' title="bbox 293 4896 1164 4962">
    <p class='ocr_par' dir='ltr' id='par_1_50' title="bbox 293 4896 1164 4962">
     <span class='ocr_line' id='line_1_50' title="bbox 293 4896 1164 4962; baseline -0.002 -13"><span class='ocrx_word' id='word_1_377' title='bbox 293 4902 384 4962; x_wconf 80' lang='grc' dir='ltr'><strong>(η)</strong></span> <span class='ocrx_word' id='word_1_378' title='bbox 410 4902 554 4962; x_wconf 75' lang='lat' dir='ltr'><strong>Alias,</strong></span> <span class='ocrx_word' id='word_1_379' title='bbox 577 4901 643 4951; x_wconf 89' lang='lat' dir='ltr'><strong>de</strong></span> <span class='ocrx_word' id='word_1_380' title='bbox 666 4896 837 4950; x_wconf 59' lang='lat' dir='ltr'><strong>V&#39;erbis</strong></span> <span class='ocrx_word' id='word_1_381' title='bbox 858 4898 1065 4962; x_wconf 82' lang='lat' dir='ltr'><strong>Apostoli</strong></span> <span class='ocrx_word' id='word_1_382' title='bbox 1089 4896 1164 4962; x_wconf 74' lang='lat' dir='ltr'><strong>l3.</strong></span> 
     </span>
    </p>
   </div>
   <div class='ocr_carea' id='block_1_51' title="bbox 290 4959 1834 5024">
    <p class='ocr_par' dir='ltr' id='par_1_51' title="bbox 290 4959 1834 5024">
     <span class='ocr_line' id='line_1_51' title="bbox 290 4959 1834 5024; baseline 0 -10"><span class='ocrx_word' id='word_1_383' title='bbox 290 4959 380 5024; x_wconf 69' lang='grc' dir='ltr'>(ὁ)</span> <span class='ocrx_word' id='word_1_384' title='bbox 403 4959 582 5015; x_wconf 73' lang='lat' dir='ltr'><strong>litatur</strong></span> <span class='ocrx_word' id='word_1_385' title='bbox 602 4976 631 5012; x_wconf 89' lang='lat' dir='ltr'><strong>a</strong></span> <span class='ocrx_word' id='word_1_386' title='bbox 655 4962 781 5013; x_wconf 83' lang='lat' dir='ltr'><strong>Beda</strong></span> <span class='ocrx_word' id='word_1_387' title='bbox 804 4970 858 5013; x_wconf 87' lang='lat' dir='ltr'><strong>et</strong></span> <span class='ocrx_word' id='word_1_388' title='bbox 895 4959 1030 5011; x_wconf 70' lang='lat' dir='ltr'><strong>Floro</strong></span> <span class='ocrx_word' id='word_1_389' title='bbox 1051 4961 1111 5024; x_wconf 86' lang='lat' dir='ltr'><strong>ad</strong></span> <span class='ocrx_word' id='word_1_390' title='bbox 1148 4968 1277 5011; x_wconf 77' lang='lat' dir='ltr'><strong>Rom.</strong></span> <span class='ocrx_word' id='word_1_391' title='bbox 1300 4974 1402 5024; x_wconf 76' lang='lat' dir='ltr'><strong>vui,</strong></span> <span class='ocrx_word' id='word_1_392' title='bbox 1424 4965 1477 5011; x_wconf 89' lang='lat' dir='ltr'><strong>et</strong></span> <span class='ocrx_word' id='word_1_393' title='bbox 1500 4960 1563 5010; x_wconf 79' lang='lat' dir='ltr'><strong>ad</strong></span> <span class='ocrx_word' id='word_1_394' title='bbox 1582 4959 1730 5013; x_wconf 76' lang='lat' dir='ltr'><strong>Galat.</strong></span> <span class='ocrx_word' id='word_1_395' title='bbox 1768 4978 1834 5014; x_wconf 86' lang='grc' dir='ltr'>ιιι.</span> 
     </span>
    </p>
   </div>
   <div class='ocr_carea' id='block_1_52' title="bbox 218 5022 1839 5087">
    <p class='ocr_par' dir='ltr' id='par_1_52' title="bbox 218 5022 1839 5087">
     <span class='ocr_line' id='line_1_52' title="bbox 218 5022 1839 5087; baseline 0.001 -14"><span class='ocrx_word' id='word_1_396' title='bbox 218 5022 419 5075; x_wconf 63' lang='lat' dir='ltr'><strong>totum</strong></span> <span class='ocrx_word' id='word_1_397' title='bbox 440 5027 673 5087; x_wconf 80' lang='lat' dir='ltr'><strong>diemque</strong></span> <span class='ocrx_word' id='word_1_398' title='bbox 697 5025 848 5073; x_wconf 87' lang='lat' dir='ltr'><strong>habiti</strong></span> <span class='ocrx_word' id='word_1_399' title='bbox 880 5023 1138 5087; x_wconf 80' lang='lat' dir='ltr'><strong>sermonis,</strong></span> <span class='ocrx_word' id='word_1_400' title='bbox 1161 5035 1309 5087; x_wconf 82' lang='lat' dir='ltr'><strong>quem</strong></span> <span class='ocrx_word' id='word_1_401' title='bbox 1333 5022 1412 5073; x_wconf 87' lang='lat' dir='ltr'><strong>hic</strong></span> <span class='ocrx_word' id='word_1_402' title='bbox 1435 5029 1674 5087; x_wconf 82' lang='lat' dir='ltr'><strong>notamus,</strong></span> <span class='ocrx_word' id='word_1_403' title='bbox 1699 5025 1839 5075; x_wconf 80' lang='lat' dir='ltr'><strong>exhi-</strong></span> 
     </span>
    </p>
   </div>
   <div class='ocr_carea' id='block_1_53' title="bbox 219 5081 1837 5137">
    <p class='ocr_par' dir='ltr' id='par_1_53' title="bbox 219 5081 1837 5137">
     <span class='ocr_line' id='line_1_53' title="bbox 219 5081 1837 5137; baseline 0.002 -3"><span class='ocrx_word' id='word_1_404' title='bbox 219 5088 346 5137; x_wconf 71' lang='lat' dir='ltr'><strong>imit.</strong></span> <span class='ocrx_word' id='word_1_405' title='bbox 377 5097 519 5137; x_wconf 84' lang='lat' dir='ltr'><strong>vetus</strong></span> <span class='ocrx_word' id='word_1_406' title='bbox 540 5081 695 5136; x_wconf 78' lang='lat' dir='ltr'><strong>codex</strong></span> <span class='ocrx_word' id='word_1_407' title='bbox 724 5081 1212 5135; x_wconf 79' lang='lat' dir='ltr'><strong>PP.-Cisterciensium</strong></span> <span class='ocrx_word' id='word_1_408' title='bbox 1234 5085 1283 5133; x_wconf 86' lang='lat' dir='ltr'><strong>in</strong></span> <span class='ocrx_word' id='word_1_409' title='bbox 1301 5081 1571 5134; x_wconf 86' lang='lat' dir='ltr'><strong>Jerusalem</strong></span> <span class='ocrx_word' id='word_1_410' title='bbox 1603 5081 1668 5134; x_wconf 82' lang='lat' dir='ltr'><strong>de</strong></span> <span class='ocrx_word' id='word_1_411' title='bbox 1690 5088 1837 5137; x_wconf 79' lang='lat' dir='ltr'><strong>L‘rbe.</strong></span> 
     </span>
    </p>
   </div>
   <div class='ocr_carea' id='block_1_54' title="bbox 221 5147 1840 5211">
    <p class='ocr_par' dir='ltr' id='par_1_54' title="bbox 221 5147 1840 5211">
     <span class='ocr_line' id='line_1_54' title="bbox 221 5147 1840 5211; baseline 0.001 -15"><span class='ocrx_word' id='word_1_412' title='bbox 221 5156 392 5211; x_wconf 71' lang='lat' dir='ltr'><strong>mm</strong></span> <span class='ocrx_word' id='word_1_413' title='bbox 408 5148 743 5205; x_wconf 80' lang='lat' dir='ltr'><strong>calendarium</strong></span> <span class='ocrx_word' id='word_1_414' title='bbox 762 5148 1141 5211; x_wconf 63' lang='lat' dir='ltr'><strong>carthaginense</strong></span> <span class='ocrx_word' id='word_1_415' title='bbox 1174 5147 1456 5211; x_wconf 74' lang='lat' dir='ltr'><strong>nuperrime</strong></span> <span class='ocrx_word' id='word_1_416' title='bbox 1476 5155 1733 5211; x_wconf 82' lang='lat' dir='ltr'><strong>repertum</strong></span> <span class='ocrx_word' id='word_1_417' title='bbox 1754 5161 1840 5198; x_wconf 79' lang='lat' dir='ltr'><strong>na-</strong></span> 
     </span>
    </p>
   </div>
   <div class='ocr_carea' id='block_1_55' title="bbox 221 5206 1841 5272">
    <p class='ocr_par' dir='ltr' id='par_1_55' title="bbox 221 5206 1841 5272">
     <span class='ocr_line' id='line_1_55' title="bbox 221 5206 1841 5272; baseline 0.001 -13"><span class='ocrx_word' id='word_1_418' title='bbox 221 5209 398 5272; x_wconf 74' lang='lat' dir='ltr'><strong>talitia</strong></span> <span class='ocrx_word' id='word_1_419' title='bbox 418 5217 697 5260; x_wconf 72' lang='lat' dir='ltr'><strong>sanctorum</strong></span> <span class='ocrx_word' id='word_1_420' title='bbox 724 5206 1043 5272; x_wconf 70' lang='lat' dir='ltr'><strong>\‘olitauorum</strong></span> <span class='ocrx_word' id='word_1_421' title='bbox 1065 5221 1157 5257; x_wconf 89' lang='lat' dir='ltr'><strong>seu</strong></span> <span class='ocrx_word' id='word_1_422' title='bbox 1174 5206 1491 5272; x_wconf 58' lang='lat' dir='ltr'><strong>[solitanorum</strong></span> <span class='ocrx_word' id='word_1_423' title='bbox 1520 5206 1735 5272; x_wconf 70' lang='lat' dir='ltr'><strong>assignat</strong></span> <span class='ocrx_word' id='word_1_424' title='bbox 1758 5224 1841 5261; x_wconf 74' lang='lat' dir='ltr'><strong>xvi</strong></span> 
     </span>
    </p>
   </div>
   <div class='ocr_carea' id='block_1_56' title="bbox 221 5270 1841 5335">
    <p class='ocr_par' dir='ltr' id='par_1_56' title="bbox 221 5270 1841 5335">
     <span class='ocr_line' id='line_1_56' title="bbox 221 5270 1841 5335; baseline 0.001 -15"><span class='ocrx_word' id='word_1_425' title='bbox 221 5271 331 5335; x_wconf 75' lang='lat' dir='ltr'><strong>cal.</strong></span> <span class='ocrx_word' id='word_1_426' title='bbox 362 5286 475 5323; x_wconf 86' lang='lat' dir='ltr'><strong>nov.</strong></span> <span class='ocrx_word' id='word_1_427' title='bbox 501 5278 565 5320; x_wconf 75' lang='lat' dir='ltr'><strong>Ex</strong></span> <span class='ocrx_word' id='word_1_428' title='bbox 591 5285 690 5335; x_wconf 91' lang='lat' dir='ltr'><strong>quo</strong></span> <span class='ocrx_word' id='word_1_429' title='bbox 703 5272 835 5321; x_wconf 87' lang='lat' dir='ltr'><strong>diem</strong></span> <span class='ocrx_word' id='word_1_430' title='bbox 858 5270 1030 5335; x_wconf 65' lang='lat' dir='ltr'><strong>habes,</strong></span> <span class='ocrx_word' id='word_1_431' title='bbox 1053 5282 1151 5335; x_wconf 81' lang='lat' dir='ltr'><strong>non</strong></span> <span class='ocrx_word' id='word_1_432' title='bbox 1185 5270 1331 5335; x_wconf 83' lang='lat' dir='ltr'><strong>hujus</strong></span> <span class='ocrx_word' id='word_1_433' title='bbox 1360 5270 1725 5335; x_wconf 60' lang='lat' dir='ltr'><strong>tantummodo,</strong></span> <span class='ocrx_word' id='word_1_434' title='bbox 1746 5272 1841 5323; x_wconf 87' lang='lat' dir='ltr'><strong>sed</strong></span> 
     </span>
    </p>
   </div>
   <div class='ocr_carea' id='block_1_57' title="bbox 225 5331 1841 5395">
    <p class='ocr_par' dir='ltr' id='par_1_57' title="bbox 225 5331 1841 5395">
     <span class='ocr_line' id='line_1_57' title="bbox 225 5331 1841 5395; baseline -0.001 -11"><span class='ocrx_word' id='word_1_435' title='bbox 225 5334 399 5384; x_wconf 66' lang='lat' dir='ltr'><strong>Ptianii</strong></span> <span class='ocrx_word' id='word_1_436' title='bbox 419 5331 1073 5395; x_wconf 32' lang='lat' dir='ltr'><strong>superiorissermoniskqui</strong></span> <span class='ocrx_word' id='word_1_437' title='bbox 1094 5332 1241 5383; x_wconf 88' lang='lat' dir='ltr'><strong>tertio</strong></span> <span class='ocrx_word' id='word_1_438' title='bbox 1253 5331 1377 5395; x_wconf 67' lang='lat' dir='ltr'><strong>ante</strong></span> <span class='ocrx_word' id='word_1_439' title='bbox 1398 5332 1527 5381; x_wconf 87' lang='lat' dir='ltr'><strong>hunc</strong></span> <span class='ocrx_word' id='word_1_440' title='bbox 1560 5331 1642 5395; x_wconf 86' lang='lat' dir='ltr'><strong>die</strong></span> <span class='ocrx_word' id='word_1_441' title='bbox 1680 5333 1841 5389; x_wconf 75' lang='lat' dir='ltr'><strong>dictus</strong></span> 
     </span>
    </p>
   </div>
   <div class='ocr_carea' id='block_1_58' title="bbox 226 5393 1840 5469">
    <p class='ocr_par' dir='ltr' id='par_1_58' title="bbox 226 5393 1840 5469">
     <span class='ocr_line' id='line_1_58' title="bbox 226 5393 1840 5469; baseline 0.001 -25"><span class='ocrx_word' id='word_1_442' title='bbox 226 5393 539 5469; x_wconf 72' lang='lat' dir='ltr'><strong>intelligitur</strong></span> <span class='ocrx_word' id='word_1_443' title='bbox 566 5409 638 5469; x_wconf 69' lang='lat' dir='ltr'><strong>ex</strong></span> <span class='ocrx_word' id='word_1_444' title='bbox 677 5394 774 5469; x_wconf 64' lang='lat' dir='ltr'><strong>illis</strong></span> <span class='ocrx_word' id='word_1_445' title='bbox 793 5394 965 5469; x_wconf 11' lang='lat' dir='ltr'><strong>verbis,</strong></span> <span class='ocrx_word' id='word_1_446' title='bbox 1076 5406 1180 5469; x_wconf 85' lang='lat' dir='ltr'><strong>cap.</strong></span> <span class='ocrx_word' id='word_1_447' title='bbox 1200 5394 1293 5469; x_wconf 40' lang='grc' dir='ltr'><strong>ιδ.-</strong></span> <span class='ocrx_word' id='word_1_448' title='bbox 1314 5411 1339 5469; x_wconf 9' lang='lat' dir='ltr'><strong>re</strong></span> <span class='ocrx_word' id='word_1_449' title='bbox 1356 5400 1458 5469; x_wconf 75' lang='lat' dir='ltr'><strong>tam</strong></span> <span class='ocrx_word' id='word_1_450' title='bbox 1471 5393 1840 5469; x_wconf 47' lang='lat' dir='ltr'><strong>nudiustertius</strong></span> 
     </span>
    </p>
   </div>
   <div class='ocr_carea' id='block_1_59' title="bbox 221 5453 1847 5589">
    <p class='ocr_par' dir='ltr' id='par_1_59' title="bbox 221 5453 1847 5589">
     <span class='ocr_line' id='line_1_59' title="bbox 232 5453 1841 5520; baseline 0 -15"><span class='ocrx_word' id='word_1_451' title='bbox 232 5474 257 5500; x_wconf 76' lang='grc' dir='ltr'><strong>ε</strong></span> <span class='ocrx_word' id='word_1_452' title='bbox 282 5459 385 5520; x_wconf 80' lang='lat' dir='ltr'><strong>qui</strong></span> <span class='ocrx_word' id='word_1_453' title='bbox 409 5453 643 5516; x_wconf 67' lang='lat' dir='ltr'><strong>adJuistis,</strong></span> <span class='ocrx_word' id='word_1_454' title='bbox 667 5456 884 5513; x_wconf 83' lang='lat' dir='ltr'><strong>audistis,</strong></span> <span class='ocrx_word' id='word_1_455' title='bbox 900 5472 923 5499; x_wconf 70' lang='grc' dir='ltr'><strong>ι</strong></span> <span class='ocrx_word' id='word_1_456' title='bbox 947 5463 1036 5504; x_wconf 81' lang='lat' dir='ltr'><strong>etc</strong></span> <span class='ocrx_word' id='word_1_457' title='bbox 1063 5453 1251 5505; x_wconf 77' lang='lat' dir='ltr'><strong>necnon</strong></span> <span class='ocrx_word' id='word_1_458' title='bbox 1271 5455 1513 5505; x_wconf 77' lang='lat' dir='ltr'><strong>Sermonis</strong></span> <span class='ocrx_word' id='word_1_459' title='bbox 1532 5453 1594 5503; x_wconf 72' lang='lat'><strong>26</strong></span> <span class='ocrx_word' id='word_1_460' title='bbox 1609 5457 1841 5518; x_wconf 79' lang='lat' dir='ltr'><strong>(pronun—</strong></span> 
     </span>
     <span class='ocr_line' id='line_1_60' title="bbox 221 5514 1847 5589; baseline 0.002 -21"><span class='ocrx_word' id='word_1_461' title='bbox 221 5520 372 5589; x_wconf 72' lang='lat' dir='ltr'><strong>tiati,</strong></span> <span class='ocrx_word' id='word_1_462' title='bbox 381 5520 696 5589; x_wconf 39' lang='lat' dir='ltr'><strong>ut‘recentius</strong></span> <span class='ocrx_word' id='word_1_463' title='bbox 714 5516 1037 5589; x_wconf 52' lang='lat' dir='ltr'><strong>didicimusin</strong></span> <span class='ocrx_word' id='word_1_464' title='bbox 1048 5514 1245 5589; x_wconf 68' lang='lat' dir='ltr'><strong>basilica</strong></span> <span class='ocrx_word' id='word_1_465' title='bbox 1257 5516 1628 5589; x_wconf 65' lang='lat' dir='ltr'><strong>Theodosiana),</strong></span> <span class='ocrx_word' id='word_1_466' title='bbox 1641 5518 1690 5566; x_wconf 92' lang='lat' dir='ltr'><strong>in</strong></span> <span class='ocrx_word' id='word_1_467' title='bbox 1699 5521 1847 5589; x_wconf 82' lang='lat' dir='ltr'><strong>cujus</strong></span> 
     </span>
    </p>
   </div>
   <div class='ocr_carea' id='block_1_60' title="bbox 224 5578 1839 5642">
    <p class='ocr_par' dir='ltr' id='par_1_60' title="bbox 224 5578 1839 5642">
     <span class='ocr_line' id='line_1_61' title="bbox 224 5578 1839 5642; baseline 0.002 -14"><span class='ocrx_word' id='word_1_468' title='bbox 224 5588 310 5642; x_wconf 71' lang='lat' dir='ltr'><strong>ca]</strong></span> <span class='ocrx_word' id='word_1_469' title='bbox 333 5582 410 5632; x_wconf 84' lang='lat' dir='ltr'><strong>ite</strong></span> <span class='ocrx_word' id='word_1_470' title='bbox 431 5583 463 5629; x_wconf 84' lang='lat'><strong>8</strong></span> <span class='ocrx_word' id='word_1_471' title='bbox 476 5583 575 5631; x_wconf 78' lang='lat' dir='ltr'><strong>iste</strong></span> <span class='ocrx_word' id='word_1_472' title='bbox 594 5586 761 5629; x_wconf 82' lang='lat' dir='ltr'><strong>Sermo</strong></span> <span class='ocrx_word' id='word_1_473' title='bbox 778 5578 869 5642; x_wconf 71' lang='grc'><strong>156</strong></span> <span class='ocrx_word' id='word_1_474' title='bbox 888 5579 959 5628; x_wconf 81' lang='lat' dir='ltr'><strong>sic</strong></span> <span class='ocrx_word' id='word_1_475' title='bbox 974 5578 1236 5642; x_wconf 81' lang='lat' dir='ltr'><strong>indicatur,</strong></span> <span class='ocrx_word' id='word_1_476' title='bbox 1255 5578 1420 5637; x_wconf 71' lang='lat' dir='ltr'><strong>sQuod</strong></span> <span class='ocrx_word' id='word_1_477' title='bbox 1444 5580 1590 5642; x_wconf 78' lang='lat' dir='ltr'><strong>etiam</strong></span> <span class='ocrx_word' id='word_1_478' title='bbox 1604 5578 1839 5631; x_wconf 76' lang='lat' dir='ltr'><strong>hesterno</strong></span> 
     </span>
    </p>
   </div>
   <div class='ocr_carea' id='block_1_61' title="bbox 235 5638 1841 5705">
    <p class='ocr_par' dir='ltr' id='par_1_61' title="bbox 235 5638 1841 5705">
     <span class='ocr_line' id='line_1_62' title="bbox 235 5638 1841 5705; baseline -0.001 -11"><span class='ocrx_word' id='word_1_479' title='bbox 235 5662 258 5694; x_wconf 73' lang='grc' dir='ltr'><strong><em>ο</em></strong></span> <span class='ocrx_word' id='word_1_480' title='bbox 295 5638 394 5705; x_wconf 70' lang='lat' dir='ltr'><strong>&#39;die</strong></span> <span class='ocrx_word' id='word_1_481' title='bbox 428 5641 966 5705; x_wconf 59' lang='lat' dir='ltr'><strong>commemoravimus.)</strong></span> <span class='ocrx_word' id='word_1_482' title='bbox 1012 5639 1288 5705; x_wconf 65' lang='lat' dir='ltr'><strong>manuum</strong></span> <span class='ocrx_word' id='word_1_483' title='bbox 1324 5653 1442 5705; x_wconf 68' lang='lat' dir='ltr'><strong>vero</strong></span> <span class='ocrx_word' id='word_1_484' title='bbox 1463 5638 1555 5690; x_wconf 69' lang='lat'><strong>417</strong></span> <span class='ocrx_word' id='word_1_485' title='bbox 1587 5642 1841 5705; x_wconf 84' lang='lat' dir='ltr'><strong>pertinere</strong></span> 
     </span>
    </p>
   </div>
   <div class='ocr_carea' id='block_1_62' title="bbox 228 5699 1840 5769">
    <p class='ocr_par' dir='ltr' id='par_1_62' title="bbox 228 5699 1840 5769">
     <span class='ocr_line' id='line_1_63' title="bbox 228 5699 1840 5769; baseline 0.005 -22"><span class='ocrx_word' id='word_1_486' title='bbox 228 5704 477 5769; x_wconf 71' lang='lat' dir='ltr'><strong>nitentiu-</strong></span> <span class='ocrx_word' id='word_1_487' title='bbox 503 5705 887 5769; x_wconf 40' lang='lat' dir='ltr'><strong>istihsermpnes,</strong></span> <span class='ocrx_word' id='word_1_488' title='bbox 911 5701 1098 5769; x_wconf 69' lang='lat' dir='ltr'><strong>sivead</strong></span> <span class='ocrx_word' id='word_1_489' title='bbox 1128 5699 1259 5769; x_wconf 80' lang='lat' dir='ltr'><strong>idem</strong></span> <span class='ocrx_word' id='word_1_490' title='bbox 1295 5700 1486 5754; x_wconf 84' lang='lat' dir='ltr'><strong>circiter</strong></span> <span class='ocrx_word' id='word_1_491' title='bbox 1516 5699 1713 5769; x_wconf 78' lang='lat' dir='ltr'><strong>tempus</strong></span> <span class='ocrx_word' id='word_1_492' title='bbox 1740 5716 1840 5768; x_wconf 78' lang='lat' dir='ltr'><strong>quo</strong></span> 
     </span>
    </p>
   </div>
   <div class='ocr_carea' id='block_1_63' title="bbox 227 5762 1175 5828">
    <p class='ocr_par' dir='ltr' id='par_1_63' title="bbox 227 5762 1175 5828">
     <span class='ocr_line' id='line_1_64' title="bbox 227 5762 1175 5828; baseline 0.002 -18"><span class='ocrx_word' id='word_1_493' title='bbox 227 5768 461 5828; x_wconf 58' lang='lat' dir='ltr'><strong>scriptus</strong></span> <span class='ocrx_word' id='word_1_494' title='bbox 481 5772 557 5816; x_wconf 80' lang='lat' dir='ltr'><strong>est</strong></span> <span class='ocrx_word' id='word_1_495' title='bbox 580 5765 704 5816; x_wconf 82' lang='lat' dir='ltr'><strong>liber</strong></span> <span class='ocrx_word' id='word_1_496' title='bbox 726 5764 792 5815; x_wconf 84' lang='lat' dir='ltr'><strong>de</strong></span> <span class='ocrx_word' id='word_1_497' title='bbox 814 5764 969 5814; x_wconf 85' lang='lat' dir='ltr'><strong>Gratia</strong></span> <span class='ocrx_word' id='word_1_498' title='bbox 989 5762 1175 5814; x_wconf 82' lang='lat' dir='ltr'><strong>Christi.</strong></span> 
     </span>
    </p>
   </div>
   <div class='ocr_carea' id='block_1_64' title="bbox 1938 442 3495 515">
    <p class='ocr_par' dir='ltr' id='par_1_64' title="bbox 1938 442 3495 515">
     <span class='ocr_line' id='line_1_65' title="bbox 1938 442 3495 515; baseline 0.008 -21"><span class='ocrx_word' id='word_1_499' title='bbox 1938 442 2076 513; x_wconf 87' lang='lat' dir='ltr'><strong>passi</strong></span> <span class='ocrx_word' id='word_1_500' title='bbox 2106 457 2314 503; x_wconf 88' lang='lat' dir='ltr'><strong>sumus.</strong></span> <span class='ocrx_word' id='word_1_501' title='bbox 2345 442 2816 514; x_wconf 75' lang='lat' dir='ltr'><strong>Cptnpatiehamur</strong></span> <span class='ocrx_word' id='word_1_502' title='bbox 2847 445 3032 515; x_wconf 88' lang='lat' dir='ltr'><strong>vobis,</strong></span> <span class='ocrx_word' id='word_1_503' title='bbox 3063 457 3120 504; x_wconf 91' lang='lat' dir='ltr'><strong>et</strong></span> <span class='ocrx_word' id='word_1_504' title='bbox 3160 450 3376 508; x_wconf 81' lang='lat' dir='ltr'><strong>solliciti</strong></span> <span class='ocrx_word' id='word_1_505' title='bbox 3400 468 3495 515; x_wconf 71' lang='lat' dir='ltr'><strong>era</strong></span> 
     </span>
    </p>
   </div>
   <div class='ocr_carea' id='block_1_65' title="bbox 1934 535 3521 619">
    <p class='ocr_par' dir='ltr' id='par_1_65' title="bbox 1934 535 3521 619">
     <span class='ocr_line' id='line_1_66' title="bbox 1934 535 3521 619; baseline 0.004 -28"><span class='ocrx_word' id='word_1_506' title='bbox 1934 550 2055 591; x_wconf 88' lang='lat' dir='ltr'><strong>mus</strong></span> <span class='ocrx_word' id='word_1_507' title='bbox 2093 544 2149 591; x_wconf 89' lang='lat' dir='ltr'><strong>et</strong></span> <span class='ocrx_word' id='word_1_508' title='bbox 2179 550 2276 606; x_wconf 88' lang='lat' dir='ltr'><strong>pro</strong></span> <span class='ocrx_word' id='word_1_509' title='bbox 2300 535 2458 609; x_wconf 80' lang='lat' dir='ltr'><strong>nobis</strong></span> <span class='ocrx_word' id='word_1_510' title='bbox 2486 544 2539 603; x_wconf 87' lang='lat' dir='ltr'><strong>c_t</strong></span> <span class='ocrx_word' id='word_1_511' title='bbox 2566 551 2664 607; x_wconf 87' lang='lat' dir='ltr'><strong>pro</strong></span> <span class='ocrx_word' id='word_1_512' title='bbox 2694 538 2863 595; x_wconf 82' lang='lat' dir='ltr'><strong>vobis.</strong></span> <span class='ocrx_word' id='word_1_513' title='bbox 2907 538 3174 606; x_wconf 85' lang='lat' dir='ltr'><strong>Quantum</strong></span> <span class='ocrx_word' id='word_1_514' title='bbox 3201 551 3377 598; x_wconf 82' lang='lat' dir='ltr'><strong>autem</strong></span> <span class='ocrx_word' id='word_1_515' title='bbox 3407 543 3521 619; x_wconf 69' lang='lat' dir='ltr'><strong>cxi-</strong></span> 
     </span>
    </p>
   </div>
   <div class='ocr_carea' id='block_1_66' title="bbox 1934 628 3519 706">
    <p class='ocr_par' dir='ltr' id='par_1_66' title="bbox 1934 628 3519 706">
     <span class='ocr_line' id='line_1_67' title="bbox 1934 628 3519 706; baseline 0.002 -22"><span class='ocrx_word' id='word_1_516' title='bbox 1934 629 2116 701; x_wconf 84' lang='lat' dir='ltr'><strong>stimo,</strong></span> <span class='ocrx_word' id='word_1_517' title='bbox 2144 628 2349 699; x_wconf 85' lang='lat' dir='ltr'><strong>adjuvit</strong></span> <span class='ocrx_word' id='word_1_518' title='bbox 2370 630 2624 694; x_wconf 85' lang='lat' dir='ltr'><strong>Dominus</strong></span> <span class='ocrx_word' id='word_1_519' title='bbox 2649 640 2701 688; x_wconf 89' lang='lat' dir='ltr'><strong>et</strong></span> <span class='ocrx_word' id='word_1_520' title='bbox 2722 644 2822 687; x_wconf 86' lang='lat' dir='ltr'><strong>nos</strong></span> <span class='ocrx_word' id='word_1_521' title='bbox 2842 643 2897 687; x_wconf 88' lang='lat' dir='ltr'><strong>et</strong></span> <span class='ocrx_word' id='word_1_522' title='bbox 2920 647 3042 697; x_wconf 88' lang='lat' dir='ltr'><strong>vos;</strong></span> <span class='ocrx_word' id='word_1_523' title='bbox 3072 640 3125 695; x_wconf 83' lang='lat' dir='ltr'><strong>et</strong></span> <span class='ocrx_word' id='word_1_524' title='bbox 3144 648 3206 689; x_wconf 88' lang='lat' dir='ltr'><strong>ea</strong></span> <span class='ocrx_word' id='word_1_525' title='bbox 3227 650 3345 705; x_wconf 72' lang='lat' dir='ltr'><strong>qua:</strong></span> <span class='ocrx_word' id='word_1_526' title='bbox 3374 651 3519 706; x_wconf 67' lang='grc' dir='ltr'>ιιιιυπε</span> 
     </span>
    </p>
   </div>
   <div class='ocr_carea' id='block_1_67' title="bbox 1932 721 3519 795">
    <p class='ocr_par' dir='ltr' id='par_1_67' title="bbox 1932 721 3519 795">
     <span class='ocr_line' id='line_1_68' title="bbox 1932 721 3519 795; baseline 0.003 -18"><span class='ocrx_word' id='word_1_527' title='bbox 1932 736 2025 777; x_wconf 90' lang='lat' dir='ltr'><strong>sus</strong></span> <span class='ocrx_word' id='word_1_528' title='bbox 2053 721 2362 778; x_wconf 76' lang='lat' dir='ltr'><strong>difﬁcillima</strong></span> <span class='ocrx_word' id='word_1_529' title='bbox 2391 721 2734 789; x_wconf 86' lang='lat' dir='ltr'><strong>videbantur,</strong></span> <span class='ocrx_word' id='word_1_530' title='bbox 2783 724 2863 780; x_wconf 89' lang='lat' dir='ltr'><strong>sic</strong></span> <span class='ocrx_word' id='word_1_531' title='bbox 2905 739 3000 795; x_wconf 90' lang='lat' dir='ltr'><strong>per</strong></span> <span class='ocrx_word' id='word_1_532' title='bbox 3038 738 3138 780; x_wconf 88' lang='lat' dir='ltr'><strong>nos</strong></span> <span class='ocrx_word' id='word_1_533' title='bbox 3164 725 3398 783; x_wconf 88' lang='lat' dir='ltr'><strong>enodare</strong></span> <span class='ocrx_word' id='word_1_534' title='bbox 3435 728 3519 782; x_wconf 90' lang='lat' dir='ltr'><strong>di-</strong></span> 
     </span>
    </p>
   </div>
   <div class='ocr_carea' id='block_1_68' title="bbox 1929 798 3522 886">
    <p class='ocr_par' dir='ltr' id='par_1_68' title="bbox 1929 798 3522 886">
     <span class='ocr_line' id='line_1_69' title="bbox 1929 798 3522 886; baseline 0.006 -20"><span class='ocrx_word' id='word_1_535' title='bbox 1929 822 2123 882; x_wconf 78' lang='lat' dir='ltr'><strong>gnatus</strong></span> <span class='ocrx_word' id='word_1_536' title='bbox 2143 821 2247 880; x_wconf 87' lang='lat' dir='ltr'><strong>est,</strong></span> <span class='ocrx_word' id='word_1_537' title='bbox 2270 820 2327 868; x_wconf 92' lang='lat' dir='ltr'><strong>ut</strong></span> <span class='ocrx_word' id='word_1_538' title='bbox 2343 813 2487 867; x_wconf 91' lang='lat' dir='ltr'><strong>nulla</strong></span> <span class='ocrx_word' id='word_1_539' title='bbox 2509 813 2734 883; x_wconf 68' lang='lat' dir='ltr'><strong>qumstio</strong></span> <span class='ocrx_word' id='word_1_540' title='bbox 2756 798 3077 883; x_wconf 83' lang='lat' dir='ltr'><strong>remaneret,</strong></span> <span class='ocrx_word' id='word_1_541' title='bbox 3098 831 3218 886; x_wconf 74' lang='lat' dir='ltr'><strong>qua:</strong></span> <span class='ocrx_word' id='word_1_542' title='bbox 3241 818 3522 875; x_wconf 83' lang='lat' dir='ltr'><strong>conturbet</strong></span> 
     </span>
    </p>
   </div>
   <div class='ocr_carea' id='block_1_69' title="bbox 1933 903 3517 979">
    <p class='ocr_par' dir='ltr' id='par_1_69' title="bbox 1933 903 3517 979">
     <span class='ocr_line' id='line_1_70' title="bbox 1933 903 3517 979; baseline 0.005 -21"><span class='ocrx_word' id='word_1_543' title='bbox 1933 913 2168 961; x_wconf 88' lang='lat' dir='ltr'><strong>mentem</strong></span> <span class='ocrx_word' id='word_1_544' title='bbox 2194 909 2357 975; x_wconf 87' lang='lat' dir='ltr'><strong>piam.</strong></span> <span class='ocrx_word' id='word_1_545' title='bbox 2389 903 2553 975; x_wconf 85' lang='lat' dir='ltr'><strong>Impia</strong></span> <span class='ocrx_word' id='word_1_546' title='bbox 2582 905 2725 963; x_wconf 88' lang='lat' dir='ltr'><strong>enim</strong></span> <span class='ocrx_word' id='word_1_547' title='bbox 2746 921 2900 963; x_wconf 91' lang='lat' dir='ltr'><strong>mens</strong></span> <span class='ocrx_word' id='word_1_548' title='bbox 2921 908 3032 965; x_wconf 91' lang='lat' dir='ltr'><strong>odit</strong></span> <span class='ocrx_word' id='word_1_549' title='bbox 3051 908 3212 964; x_wconf 87' lang='lat' dir='ltr'><strong>etiam</strong></span> <span class='ocrx_word' id='word_1_550' title='bbox 3236 908 3410 979; x_wconf 90' lang='lat' dir='ltr'><strong>ipsum</strong></span> <span class='ocrx_word' id='word_1_551' title='bbox 3436 911 3517 966; x_wconf 86' lang='lat' dir='ltr'><strong>ln-</strong></span> 
     </span>
    </p>
   </div>
   <div class='ocr_carea' id='block_1_70' title="bbox 1933 995 3521 1071">
    <p class='ocr_par' dir='ltr' id='par_1_70' title="bbox 1933 995 3521 1071">
     <span class='ocr_line' id='line_1_71' title="bbox 1933 995 3521 1071; baseline 0.004 -22"><span class='ocrx_word' id='word_1_552' title='bbox 1933 995 2234 1062; x_wconf 88' lang='lat' dir='ltr'><strong>tellectum;</strong></span> <span class='ocrx_word' id='word_1_553' title='bbox 2266 1004 2322 1053; x_wconf 87' lang='lat' dir='ltr'><strong>et</strong></span> <span class='ocrx_word' id='word_1_554' title='bbox 2344 995 2505 1051; x_wconf 87' lang='lat' dir='ltr'><strong>homo</strong></span> <span class='ocrx_word' id='word_1_555' title='bbox 2524 996 2810 1067; x_wconf 81' lang='lat' dir='ltr'><strong>aliquando</strong></span> <span class='ocrx_word' id='word_1_556' title='bbox 2829 998 3048 1055; x_wconf 89' lang='lat' dir='ltr'><strong>nimium</strong></span> <span class='ocrx_word' id='word_1_557' title='bbox 3069 1009 3250 1056; x_wconf 90' lang='lat' dir='ltr'><strong>mente</strong></span> <span class='ocrx_word' id='word_1_558' title='bbox 3270 1016 3521 1071; x_wconf 82' lang='lat' dir='ltr'><strong>perversa</strong></span> 
     </span>
    </p>
   </div>
   <div class='ocr_carea' id='block_1_71' title="bbox 1932 1087 3516 1162">
    <p class='ocr_par' dir='ltr' id='par_1_71' title="bbox 1932 1087 3516 1162">
     <span class='ocr_line' id='line_1_72' title="bbox 1932 1087 3516 1162; baseline 0.006 -21"><span class='ocrx_word' id='word_1_559' title='bbox 1932 1087 2084 1143; x_wconf 87' lang='lat' dir='ltr'><strong>timet</strong></span> <span class='ocrx_word' id='word_1_560' title='bbox 2108 1088 2424 1160; x_wconf 75' lang='lat' dir='ltr'><strong>intelligere,</strong></span> <span class='ocrx_word' id='word_1_561' title='bbox 2457 1105 2526 1144; x_wconf 87' lang='lat' dir='ltr'><strong>ne</strong></span> <span class='ocrx_word' id='word_1_562' title='bbox 2550 1097 2772 1160; x_wconf 74' lang='lat' dir='ltr'><strong>cogatur</strong></span> <span class='ocrx_word' id='word_1_563' title='bbox 2795 1090 2938 1162; x_wconf 90' lang='lat' dir='ltr'><strong>quod</strong></span> <span class='ocrx_word' id='word_1_564' title='bbox 2978 1092 3299 1149; x_wconf 79' lang='lat' dir='ltr'><strong>intellexerit</strong></span> <span class='ocrx_word' id='word_1_565' title='bbox 3321 1092 3516 1150; x_wconf 77' lang='lat' dir='ltr'><strong>facere.</strong></span> 
     </span>
    </p>
   </div>
   <div class='ocr_carea' id='block_1_72' title="bbox 1932 1177 3521 1253">
    <p class='ocr_par' dir='ltr' id='par_1_72' title="bbox 1932 1177 3521 1253">
     <span class='ocr_line' id='line_1_73' title="bbox 1932 1177 3521 1253; baseline 0.003 -21"><span class='ocrx_word' id='word_1_566' title='bbox 1932 1177 2010 1233; x_wconf 89' lang='lat' dir='ltr'><strong>De</strong></span> <span class='ocrx_word' id='word_1_567' title='bbox 2036 1178 2231 1234; x_wconf 85' lang='lat' dir='ltr'><strong>talibus</strong></span> <span class='ocrx_word' id='word_1_568' title='bbox 2255 1179 2329 1234; x_wconf 88' lang='lat' dir='ltr'><strong>ait</strong></span> <span class='ocrx_word' id='word_1_569' title='bbox 2356 1179 2637 1237; x_wconf 87' lang='lat' dir='ltr'><strong>Psalmus:</strong></span> <span class='ocrx_word' id='word_1_570' title='bbox 2670 1178 2960 1238; x_wconf 78' lang='lat' dir='ltr'><strong>Nolueram</strong></span> <span class='ocrx_word' id='word_1_571' title='bbox 2984 1182 3287 1253; x_wconf 78' lang='lat' dir='ltr'><strong>intelligere,</strong></span> <span class='ocrx_word' id='word_1_572' title='bbox 3318 1191 3371 1239; x_wconf 77' lang='lat' dir='ltr'><strong>ut</strong></span> <span class='ocrx_word' id='word_1_573' title='bbox 3398 1182 3521 1240; x_wconf 82' lang='lat' dir='ltr'><strong>bene</strong></span> 
     </span>
    </p>
   </div>
   <div class='ocr_carea' id='block_1_73' title="bbox 1928 1270 3519 1349">
    <p class='ocr_par' dir='ltr' id='par_1_73' title="bbox 1928 1270 3519 1349">
     <span class='ocr_line' id='line_1_74' title="bbox 1928 1270 3519 1349; baseline 0.003 -24"><span class='ocrx_word' id='word_1_574' title='bbox 1928 1279 2131 1342; x_wconf 82' lang='lat' dir='ltr'><strong>agerent</strong></span> <span class='ocrx_word' id='word_1_575' title='bbox 2162 1270 2335 1343; x_wconf 75' lang='lat' dir='ltr'><strong>(Prol.</strong></span> <span class='ocrx_word' id='word_1_576' title='bbox 2367 1287 2529 1341; x_wconf 76' lang='lat' dir='ltr'><strong>xxxv,</strong></span> <span class='ocrx_word' id='word_1_577' title='bbox 2556 1271 2645 1349; x_wconf 71' lang='grc' dir='ltr'><strong>ι).</strong></span> <span class='ocrx_word' id='word_1_578' title='bbox 2667 1273 2775 1330; x_wconf 86' lang='lat' dir='ltr'><strong>Vos</strong></span> <span class='ocrx_word' id='word_1_579' title='bbox 2799 1282 3001 1343; x_wconf 87' lang='lat' dir='ltr'><strong>autem,</strong></span> <span class='ocrx_word' id='word_1_580' title='bbox 3030 1274 3329 1331; x_wconf 81' lang='lat' dir='ltr'><strong>charissimi</strong></span> <span class='ocrx_word' id='word_1_581' title='bbox 3349 1315 3366 1343; x_wconf 87' lang='lat'><strong>,</strong></span> <span class='ocrx_word' id='word_1_582' title='bbox 3397 1276 3519 1347; x_wconf 82' lang='lat' dir='ltr'><strong>quia</strong></span> 
     </span>
    </p>
   </div>
   <div class='ocr_carea' id='block_1_74' title="bbox 1929 1356 3597 1436">
    <p class='ocr_par' dir='ltr' id='par_1_74' title="bbox 1929 1356 3597 1436">
     <span class='ocr_line' id='line_1_75' title="bbox 1929 1356 3597 1436; baseline 0.001 -17"><span class='ocrx_word' id='word_1_583' title='bbox 1929 1361 2128 1419; x_wconf 87' lang='lat' dir='ltr'><strong>bonum</strong></span> <span class='ocrx_word' id='word_1_584' title='bbox 2153 1372 2234 1418; x_wconf 91' lang='lat' dir='ltr'><strong>est</strong></span> <span class='ocrx_word' id='word_1_585' title='bbox 2261 1363 2401 1420; x_wconf 85' lang='lat' dir='ltr'><strong>bene</strong></span> <span class='ocrx_word' id='word_1_586' title='bbox 2414 1366 2616 1420; x_wconf 88' lang='lat' dir='ltr'><strong>sentire</strong></span> <span class='ocrx_word' id='word_1_587' title='bbox 2636 1364 2704 1420; x_wconf 88' lang='lat' dir='ltr'><strong>de</strong></span> <span class='ocrx_word' id='word_1_588' title='bbox 2729 1365 2903 1433; x_wconf 87' lang='lat' dir='ltr'><strong>vobis,</strong></span> <span class='ocrx_word' id='word_1_589' title='bbox 2925 1365 3140 1436; x_wconf 78' lang='lat' dir='ltr'><strong>exigitis</strong></span> <span class='ocrx_word' id='word_1_590' title='bbox 3167 1366 3515 1435; x_wconf 80' lang='lat' dir='ltr'><strong>intellectum,</strong></span> <span class='ocrx_word' id='word_1_591' title='bbox 3592 1356 3597 1361; x_wconf 73' lang='grc'><strong>’</strong></span> 
     </span>
    </p>
   </div>
   <div class='ocr_carea' id='block_1_75' title="bbox 1928 1453 3516 1527">
    <p class='ocr_par' dir='ltr' id='par_1_75' title="bbox 1928 1453 3516 1527">
     <span class='ocr_line' id='line_1_76' title="bbox 1928 1453 3516 1527; baseline 0.001 -16"><span class='ocrx_word' id='word_1_592' title='bbox 1928 1453 2090 1525; x_wconf 71' lang='lat' dir='ltr'><strong>exigit</strong></span> <span class='ocrx_word' id='word_1_593' title='bbox 2125 1454 2265 1511; x_wconf 90' lang='lat' dir='ltr'><strong>Deus</strong></span> <span class='ocrx_word' id='word_1_594' title='bbox 2289 1453 2542 1512; x_wconf 83' lang='lat' dir='ltr'><strong>fructum.</strong></span> <span class='ocrx_word' id='word_1_595' title='bbox 2571 1454 2865 1515; x_wconf 71' lang='lat' dir='ltr'><strong>Intellectus</strong></span> <span class='ocrx_word' id='word_1_596' title='bbox 2894 1456 3066 1522; x_wconf 83' lang='lat' dir='ltr'><strong>enim,</strong></span> <span class='ocrx_word' id='word_1_597' title='bbox 3097 1456 3234 1512; x_wconf 89' lang='lat' dir='ltr'><strong>sicut</strong></span> <span class='ocrx_word' id='word_1_598' title='bbox 3260 1457 3516 1527; x_wconf 87' lang='lat' dir='ltr'><strong>scriptum</strong></span> 
     </span>
    </p>
   </div>
   <div class='ocr_carea' id='block_1_76' title="bbox 1929 1545 3516 1619">
    <p class='ocr_par' dir='ltr' id='par_1_76' title="bbox 1929 1545 3516 1619">
     <span class='ocr_line' id='line_1_77' title="bbox 1929 1545 3516 1619; baseline 0.003 -19"><span class='ocrx_word' id='word_1_599' title='bbox 1929 1554 2030 1611; x_wconf 86' lang='lat' dir='ltr'><strong>est,</strong></span> <span class='ocrx_word' id='word_1_600' title='bbox 2060 1545 2219 1609; x_wconf 84' lang='lat' dir='ltr'><strong>bonus</strong></span> <span class='ocrx_word' id='word_1_601' title='bbox 2246 1548 2476 1602; x_wconf 86' lang='lat' dir='ltr'><strong>omnibus</strong></span> <span class='ocrx_word' id='word_1_602' title='bbox 2496 1547 2796 1619; x_wconf 80' lang='lat' dir='ltr'><strong>facientibus</strong></span> <span class='ocrx_word' id='word_1_603' title='bbox 2817 1564 2932 1602; x_wconf 87' lang='lat' dir='ltr'><strong>eum</strong></span> <span class='ocrx_word' id='word_1_604' title='bbox 2955 1546 3125 1619; x_wconf 88' lang='lat' dir='ltr'><strong>(Psal.</strong></span> <span class='ocrx_word' id='word_1_605' title='bbox 3149 1563 3243 1613; x_wconf 81' lang='lat' dir='ltr'><strong>cx,</strong></span> <span class='ocrx_word' id='word_1_606' title='bbox 3270 1546 3382 1618; x_wconf 78' lang='grc'><strong>10).</strong></span> <span class='ocrx_word' id='word_1_607' title='bbox 3409 1546 3516 1605; x_wconf 81' lang='lat' dir='ltr'><strong>Hoc</strong></span> 
     </span>
    </p>
   </div>
   <div class='ocr_carea' id='block_1_77' title="bbox 1930 1637 3517 1708">
    <p class='ocr_par' dir='ltr' id='par_1_77' title="bbox 1930 1637 3517 1708">
     <span class='ocr_line' id='line_1_78' title="bbox 1930 1637 3517 1708; baseline -0.001 -16"><span class='ocrx_word' id='word_1_608' title='bbox 1930 1645 2106 1693; x_wconf 82' lang='lat' dir='ltr'><strong>tamen</strong></span> <span class='ocrx_word' id='word_1_609' title='bbox 2136 1637 2279 1708; x_wconf 90' lang='lat' dir='ltr'><strong>quod</strong></span> <span class='ocrx_word' id='word_1_610' title='bbox 2307 1646 2475 1694; x_wconf 89' lang='lat' dir='ltr'><strong>restat</strong></span> <span class='ocrx_word' id='word_1_611' title='bbox 2501 1648 2557 1693; x_wconf 88' lang='lat' dir='ltr'><strong>et</strong></span> <span class='ocrx_word' id='word_1_612' title='bbox 2600 1638 2759 1694; x_wconf 87' lang='lat' dir='ltr'><strong>hodie</strong></span> <span class='ocrx_word' id='word_1_613' title='bbox 2798 1639 3077 1695; x_wconf 85' lang='lat' dir='ltr'><strong>recitatum</strong></span> <span class='ocrx_word' id='word_1_614' title='bbox 3119 1645 3229 1702; x_wconf 86' lang='lat' dir='ltr'><strong>est.</strong></span> <span class='ocrx_word' id='word_1_615' title='bbox 3275 1638 3517 1707; x_wconf 73' lang='lat' dir='ltr'><strong>quamvis</strong></span> 
     </span>
    </p>
   </div>
   <div class='ocr_carea' id='block_1_78' title="bbox 1930 1729 3521 1801">
    <p class='ocr_par' dir='ltr' id='par_1_78' title="bbox 1930 1729 3521 1801">
     <span class='ocr_line' id='line_1_79' title="bbox 1930 1729 3521 1801; baseline 0 -18"><span class='ocrx_word' id='word_1_616' title='bbox 1930 1744 2035 1783; x_wconf 91' lang='lat' dir='ltr'><strong>non</strong></span> <span class='ocrx_word' id='word_1_617' title='bbox 2067 1729 2257 1785; x_wconf 87' lang='lat' dir='ltr'><strong>haheat</strong></span> <span class='ocrx_word' id='word_1_618' title='bbox 2285 1738 2484 1785; x_wconf 88' lang='lat' dir='ltr'><strong>tantam</strong></span> <span class='ocrx_word' id='word_1_619' title='bbox 2514 1730 2907 1797; x_wconf 79' lang='lat' dir='ltr'><strong>difﬁcultatem,</strong></span> <span class='ocrx_word' id='word_1_620' title='bbox 2936 1739 3188 1801; x_wconf 81' lang='lat' dir='ltr'><strong>quantam</strong></span> <span class='ocrx_word' id='word_1_621' title='bbox 3218 1730 3521 1791; x_wconf 87' lang='lat' dir='ltr'><strong>habuerunt</strong></span> 
     </span>
    </p>
   </div>
   <div class='ocr_carea' id='block_1_79' title="bbox 1929 1819 3516 1892">
    <p class='ocr_par' dir='ltr' id='par_1_79' title="bbox 1929 1819 3516 1892">
     <span class='ocr_line' id='line_1_80' title="bbox 1929 1819 3516 1892; baseline -0.002 -18"><span class='ocrx_word' id='word_1_622' title='bbox 1929 1819 2227 1890; x_wconf 85' lang='lat' dir='ltr'><strong>superiora,</strong></span> <span class='ocrx_word' id='word_1_623' title='bbox 2257 1836 2382 1891; x_wconf 39' lang='lat' dir='ltr'><strong>quae.</strong></span> <span class='ocrx_word' id='word_1_624' title='bbox 2398 1821 2532 1892; x_wconf 87' lang='lat' dir='ltr'><strong>jam,</strong></span> <span class='ocrx_word' id='word_1_625' title='bbox 2559 1830 2615 1876; x_wconf 94' lang='lat' dir='ltr'><strong>ut</strong></span> <span class='ocrx_word' id='word_1_626' title='bbox 2642 1823 2931 1892; x_wconf 86' lang='lat' dir='ltr'><strong>potuimus,</strong></span> <span class='ocrx_word' id='word_1_627' title='bbox 2960 1821 3247 1891; x_wconf 79' lang='lat' dir='ltr'><strong>adjuvantc</strong></span> <span class='ocrx_word' id='word_1_628' title='bbox 3270 1821 3516 1885; x_wconf 82' lang='lat' dir='ltr'><strong>Domino,</strong></span> 
     </span>
    </p>
   </div>
   <div class='ocr_carea' id='block_1_80' title="bbox 1930 1911 3516 1985">
    <p class='ocr_par' dir='ltr' id='par_1_80' title="bbox 1930 1911 3516 1985">
     <span class='ocr_line' id='line_1_81' title="bbox 1930 1911 3516 1985; baseline 0 -18"><span class='ocrx_word' id='word_1_629' title='bbox 1930 1911 2217 1970; x_wconf 78' lang='lat' dir='ltr'><strong>transvecti</strong></span> <span class='ocrx_word' id='word_1_630' title='bbox 2244 1928 2460 1979; x_wconf 86' lang='lat' dir='ltr'><strong>sumus,</strong></span> <span class='ocrx_word' id='word_1_631' title='bbox 2505 1912 2777 1985; x_wconf 59' lang='lat' dir='ltr'><strong>desidetat</strong></span> <span class='ocrx_word' id='word_1_632' title='bbox 2818 1922 2996 1971; x_wconf 82' lang='lat' dir='ltr'><strong>tamen</strong></span> <span class='ocrx_word' id='word_1_633' title='bbox 3035 1913 3380 1977; x_wconf 82' lang='lat' dir='ltr'><strong>intentionem</strong></span> <span class='ocrx_word' id='word_1_634' title='bbox 3426 1929 3516 1967; x_wconf 82' lang='lat' dir='ltr'><strong>ve-</strong></span> 
     </span>
    </p>
   </div>
   <div class='ocr_carea' id='block_1_81' title="bbox 1929 2004 3516 2076">
    <p class='ocr_par' dir='ltr' id='par_1_81' title="bbox 1929 2004 3516 2076">
     <span class='ocr_line' id='line_1_82' title="bbox 1929 2004 3516 2076; baseline 0.002 -18"><span class='ocrx_word' id='word_1_635' title='bbox 1929 2012 2094 2075; x_wconf 82' lang='lat' dir='ltr'><strong>stram</strong></span> <span class='ocrx_word' id='word_1_636' title='bbox 2119 2022 2132 2059; x_wconf 90' lang='lat'><strong>:</strong></span> <span class='ocrx_word' id='word_1_637' title='bbox 2163 2007 2306 2062; x_wconf 88' lang='lat' dir='ltr'><strong>velut</strong></span> <span class='ocrx_word' id='word_1_638' title='bbox 2332 2006 2474 2063; x_wconf 88' lang='lat' dir='ltr'><strong>enim</strong></span> <span class='ocrx_word' id='word_1_639' title='bbox 2497 2008 2768 2063; x_wconf 84' lang='lat' dir='ltr'><strong>conclusio</strong></span> <span class='ocrx_word' id='word_1_640' title='bbox 2791 2007 2867 2070; x_wconf 90' lang='lat' dir='ltr'><strong>lit,</strong></span> <span class='ocrx_word' id='word_1_641' title='bbox 2893 2017 3110 2076; x_wconf 76' lang='lat' dir='ltr'><strong>promer</strong></span> <span class='ocrx_word' id='word_1_642' title='bbox 3130 2006 3216 2067; x_wconf 89' lang='lat' dir='ltr'><strong>illa</strong></span> <span class='ocrx_word' id='word_1_643' title='bbox 3242 2022 3360 2076; x_wconf 76' lang='lat' dir='ltr'><strong>qua:</strong></span> <span class='ocrx_word' id='word_1_644' title='bbox 3378 2004 3516 2067; x_wconf 81' lang='lat' dir='ltr'><strong>dicta</strong></span> 
     </span>
    </p>
   </div>
   <div class='ocr_carea' id='block_1_82' title="bbox 1928 2082 3520 2166">
    <p class='ocr_par' dir='ltr' id='par_1_82' title="bbox 1928 2082 3520 2166">
     <span class='ocr_line' id='line_1_83' title="bbox 1928 2082 3520 2166; baseline 0.003 -17"><span class='ocrx_word' id='word_1_645' title='bbox 1928 2105 2053 2150; x_wconf 90' lang='lat' dir='ltr'><strong>sunt</strong></span> <span class='ocrx_word' id='word_1_646' title='bbox 2080 2095 2133 2150; x_wconf 93' lang='lat' dir='ltr'><strong>in</strong></span> <span class='ocrx_word' id='word_1_647' title='bbox 2159 2082 2523 2166; x_wconf 76' lang='lat' dir='ltr'><strong>superioribus</strong></span> <span class='ocrx_word' id='word_1_648' title='bbox 2554 2097 2872 2161; x_wconf 86' lang='lat' dir='ltr'><strong>lectionibus</strong></span> <span class='ocrx_word' id='word_1_649' title='bbox 2891 2135 2907 2163; x_wconf 89' lang='lat'><strong>,</strong></span> <span class='ocrx_word' id='word_1_650' title='bbox 2941 2097 3030 2152; x_wconf 89' lang='lat' dir='ltr'><strong>ubi</strong></span> <span class='ocrx_word' id='word_1_651' title='bbox 3060 2095 3419 2162; x_wconf 87' lang='lat' dir='ltr'><strong>laborabatur,</strong></span> <span class='ocrx_word' id='word_1_652' title='bbox 3452 2113 3520 2153; x_wconf 87' lang='lat' dir='ltr'><strong>nu</strong></span> 
     </span>
    </p>
   </div>
   <div class='ocr_carea' id='block_1_83' title="bbox 1930 2186 3518 2262">
    <p class='ocr_par' dir='ltr' id='par_1_83' title="bbox 1930 2186 3518 2262">
     <span class='ocr_line' id='line_1_84' title="bbox 1930 2186 3518 2262; baseline 0.003 -22"><span class='ocrx_word' id='word_1_653' title='bbox 1930 2186 2068 2242; x_wconf 79' lang='lat' dir='ltr'><strong>forte</strong></span> <span class='ocrx_word' id='word_1_654' title='bbox 2098 2204 2220 2245; x_wconf 90' lang='lat' dir='ltr'><strong>reus</strong></span> <span class='ocrx_word' id='word_1_655' title='bbox 2248 2190 2663 2253; x_wconf 84' lang='lat' dir='ltr'><strong>constitueretur</strong></span> <span class='ocrx_word' id='word_1_656' title='bbox 2701 2189 2990 2262; x_wconf 82' lang='lat' dir='ltr'><strong>Apostolus</strong></span> <span class='ocrx_word' id='word_1_657' title='bbox 3018 2190 3257 2245; x_wconf 89' lang='lat' dir='ltr'><strong>omnium</strong></span> <span class='ocrx_word' id='word_1_658' title='bbox 3287 2188 3518 2258; x_wconf 76' lang='lat' dir='ltr'><strong>qundam</strong></span> 
     </span>
    </p>
   </div>
   <div class='ocr_carea' id='block_1_84' title="bbox 1930 2278 3520 2352">
    <p class='ocr_par' dir='ltr' id='par_1_84' title="bbox 1930 2278 3520 2352">
     <span class='ocr_line' id='line_1_85' title="bbox 1930 2278 3520 2352; baseline 0.002 -20"><span class='ocrx_word' id='word_1_659' title='bbox 1930 2278 2090 2333; x_wconf 80' lang='lat' dir='ltr'><strong>niodo</strong></span> <span class='ocrx_word' id='word_1_660' title='bbox 2116 2290 2457 2349; x_wconf 87' lang='lat' dir='ltr'><strong>peccatorum</strong></span> <span class='ocrx_word' id='word_1_661' title='bbox 2499 2280 2757 2346; x_wconf 76' lang='lat' dir='ltr'><strong>dicendo,</strong></span> <span class='ocrx_word' id='word_1_662' title='bbox 2811 2280 2931 2337; x_wconf 82' lang='lat' dir='ltr'><strong>Non</strong></span> <span class='ocrx_word' id='word_1_663' title='bbox 2961 2280 3095 2336; x_wconf 85' lang='lat' dir='ltr'><strong>enim</strong></span> <span class='ocrx_word' id='word_1_664' title='bbox 3118 2281 3253 2350; x_wconf 77' lang='lat' dir='ltr'><strong>quod</strong></span> <span class='ocrx_word' id='word_1_665' title='bbox 3286 2281 3398 2336; x_wconf 79' lang='lat' dir='ltr'><strong>uolo</strong></span> <span class='ocrx_word' id='word_1_666' title='bbox 3421 2297 3520 2352; x_wconf 76' lang='lat' dir='ltr'><strong>ago</strong></span> 
     </span>
    </p>
   </div>
   <div class='ocr_carea' id='block_1_85' title="bbox 1932 2367 3520 2440">
    <p class='ocr_par' dir='ltr' id='par_1_85' title="bbox 1932 2367 3520 2440">
     <span class='ocr_line' id='line_1_86' title="bbox 1932 2367 3520 2440; baseline 0.002 -18"><span class='ocrx_word' id='word_1_667' title='bbox 1932 2367 2107 2439; x_wconf 83' lang='lat' dir='ltr'><strong>(Rom.</strong></span> <span class='ocrx_word' id='word_1_668' title='bbox 2139 2384 2241 2437; x_wconf 87' lang='lat' dir='ltr'><strong>vn,</strong></span> <span class='ocrx_word' id='word_1_669' title='bbox 2276 2370 2384 2440; x_wconf 74' lang='grc'><strong>15).</strong></span> <span class='ocrx_word' id='word_1_670' title='bbox 2413 2369 2615 2426; x_wconf 84' lang='lat' dir='ltr'><strong>Deinde</strong></span> <span class='ocrx_word' id='word_1_671' title='bbox 2642 2388 2708 2426; x_wconf 90' lang='lat' dir='ltr'><strong>ne</strong></span> <span class='ocrx_word' id='word_1_672' title='bbox 2736 2371 2822 2425; x_wconf 84' lang='lat' dir='ltr'><strong>lex</strong></span> <span class='ocrx_word' id='word_1_673' title='bbox 2857 2370 3129 2427; x_wconf 81' lang='lat' dir='ltr'><strong>videretur</strong></span> <span class='ocrx_word' id='word_1_674' title='bbox 3153 2377 3244 2425; x_wconf 85' lang='lat' dir='ltr'><strong>aut</strong></span> <span class='ocrx_word' id='word_1_675' title='bbox 3272 2368 3520 2427; x_wconf 67' lang='lat' dir='ltr'><strong>sufﬁcere</strong></span> 
     </span>
    </p>
   </div>
   <div class='ocr_carea' id='block_1_86' title="bbox 1930 2452 3520 2531">
    <p class='ocr_par' dir='ltr' id='par_1_86' title="bbox 1930 2452 3520 2531">
     <span class='ocr_line' id='line_1_87' title="bbox 1930 2452 3520 2531; baseline 0.003 -17"><span class='ocrx_word' id='word_1_676' title='bbox 1930 2474 2089 2531; x_wconf 88' lang='lat' dir='ltr'><strong>posse</strong></span> <span class='ocrx_word' id='word_1_677' title='bbox 2113 2460 2313 2517; x_wconf 89' lang='lat' dir='ltr'><strong>homini</strong></span> <span class='ocrx_word' id='word_1_678' title='bbox 2341 2462 2554 2517; x_wconf 83' lang='lat' dir='ltr'><strong>babenti</strong></span> <span class='ocrx_word' id='word_1_679' title='bbox 2583 2462 2806 2517; x_wconf 88' lang='lat' dir='ltr'><strong>liberum</strong></span> <span class='ocrx_word' id='word_1_680' title='bbox 2834 2452 3134 2529; x_wconf 85' lang='lat' dir='ltr'><strong>arbitrium,</strong></span> <span class='ocrx_word' id='word_1_681' title='bbox 3166 2460 3375 2518; x_wconf 83' lang='lat' dir='ltr'><strong>etiamsi</strong></span> <span class='ocrx_word' id='word_1_682' title='bbox 3396 2462 3520 2518; x_wconf 87' lang='lat' dir='ltr'><strong>nul-</strong></span> 
     </span>
    </p>
   </div>
   <div class='ocr_carea' id='block_1_87' title="bbox 1930 2550 3523 2623">
    <p class='ocr_par' dir='ltr' id='par_1_87' title="bbox 1930 2550 3523 2623">
     <span class='ocr_line' id='line_1_88' title="bbox 1930 2550 3523 2623; baseline 0.001 -17"><span class='ocrx_word' id='word_1_683' title='bbox 1930 2550 2040 2609; x_wconf 89' lang='lat' dir='ltr'><strong>lum</strong></span> <span class='ocrx_word' id='word_1_684' title='bbox 2079 2553 2217 2608; x_wconf 88' lang='lat' dir='ltr'><strong>ultra</strong></span> <span class='ocrx_word' id='word_1_685' title='bbox 2254 2553 2506 2609; x_wconf 79' lang='lat' dir='ltr'><strong>auxilium</strong></span> <span class='ocrx_word' id='word_1_686' title='bbox 2540 2552 2778 2608; x_wconf 89' lang='lat' dir='ltr'><strong>divinum</strong></span> <span class='ocrx_word' id='word_1_687' title='bbox 2826 2553 3208 2623; x_wconf 70' lang='lat' dir='ltr'><strong>porrigeretur,</strong></span> <span class='ocrx_word' id='word_1_688' title='bbox 3258 2561 3351 2610; x_wconf 90' lang='lat' dir='ltr'><strong>aut</strong></span> <span class='ocrx_word' id='word_1_689' title='bbox 3376 2562 3523 2609; x_wconf 81' lang='lat' dir='ltr'><strong>certe</strong></span> 
     </span>
    </p>
   </div>
   <div class='ocr_carea' id='block_1_88' title="bbox 1932 2640 3523 2716">
    <p class='ocr_par' dir='ltr' id='par_1_88' title="bbox 1932 2640 3523 2716">
     <span class='ocr_line' id='line_1_89' title="bbox 1932 2640 3523 2716; baseline 0.002 -19"><span class='ocrx_word' id='word_1_690' title='bbox 1932 2640 2127 2698; x_wconf 72' lang='lat' dir='ltr'><strong>frustra</strong></span> <span class='ocrx_word' id='word_1_691' title='bbox 2148 2641 2271 2698; x_wconf 88' lang='lat' dir='ltr'><strong>data</strong></span> <span class='ocrx_word' id='word_1_692' title='bbox 2292 2642 2317 2698; x_wconf 73' lang='grc' dir='ltr'><strong>Γ</strong></span> <span class='ocrx_word' id='word_1_693' title='bbox 2317 2643 2458 2713; x_wconf 81' lang='lat' dir='ltr'><strong>uisse</strong></span> <span class='ocrx_word' id='word_1_694' title='bbox 2486 2643 2816 2711; x_wconf 84' lang='lat' dir='ltr'><strong>crederetur,</strong></span> <span class='ocrx_word' id='word_1_695' title='bbox 2839 2644 2978 2699; x_wconf 88' lang='lat' dir='ltr'><strong>dicta</strong></span> <span class='ocrx_word' id='word_1_696' title='bbox 3000 2655 3083 2699; x_wconf 90' lang='lat' dir='ltr'><strong>est</strong></span> <span class='ocrx_word' id='word_1_697' title='bbox 3102 2653 3157 2700; x_wconf 91' lang='lat' dir='ltr'><strong>et</strong></span> <span class='ocrx_word' id='word_1_698' title='bbox 3178 2658 3338 2700; x_wconf 77' lang='lat' dir='ltr'><strong>causa</strong></span> <span class='ocrx_word' id='word_1_699' title='bbox 3357 2659 3523 2716; x_wconf 82' lang='lat' dir='ltr'><strong>quare</strong></span> 
     </span>
    </p>
   </div>
   <div class='ocr_carea' id='block_1_89' title="bbox 1929 2731 3523 2813">
    <p class='ocr_par' dir='ltr' id='par_1_89' title="bbox 1929 2731 3523 2813">
     <span class='ocr_line' id='line_1_90' title="bbox 1929 2731 3523 2813; baseline 0.003 -26"><span class='ocrx_word' id='word_1_700' title='bbox 1929 2731 2002 2788; x_wconf 85' lang='lat' dir='ltr'><strong>sit</strong></span> <span class='ocrx_word' id='word_1_701' title='bbox 2029 2732 2115 2788; x_wconf 78' lang='lat' dir='ltr'><strong>lex</strong></span> <span class='ocrx_word' id='word_1_702' title='bbox 2143 2733 2264 2790; x_wconf 88' lang='lat' dir='ltr'><strong>data</strong></span> <span class='ocrx_word' id='word_1_703' title='bbox 2284 2776 2300 2802; x_wconf 90' lang='lat'><strong>,</strong></span> <span class='ocrx_word' id='word_1_704' title='bbox 2329 2735 2452 2804; x_wconf 89' lang='lat' dir='ltr'><strong>quia</strong></span> <span class='ocrx_word' id='word_1_705' title='bbox 2480 2743 2535 2791; x_wconf 87' lang='lat' dir='ltr'><strong>ct</strong></span> <span class='ocrx_word' id='word_1_706' title='bbox 2562 2734 2674 2805; x_wconf 86' lang='lat' dir='ltr'><strong>ipsa</strong></span> <span class='ocrx_word' id='word_1_707' title='bbox 2704 2735 2756 2791; x_wconf 92' lang='lat' dir='ltr'><strong>in</strong></span> <span class='ocrx_word' id='word_1_708' title='bbox 2782 2734 3104 2805; x_wconf 72' lang='lat' dir='ltr'><strong>adiutorium</strong></span> <span class='ocrx_word' id='word_1_709' title='bbox 3131 2734 3253 2801; x_wconf 81' lang='lat' dir='ltr'><strong>data</strong></span> <span class='ocrx_word' id='word_1_710' title='bbox 3280 2743 3395 2802; x_wconf 87' lang='lat' dir='ltr'><strong>est,</strong></span> <span class='ocrx_word' id='word_1_711' title='bbox 3425 2734 3523 2813; x_wconf 81' lang='lat' dir='ltr'><strong>sed</strong></span> 
     </span>
    </p>
   </div>
   <div class='ocr_carea' id='block_1_90' title="bbox 1933 2826 2419 2898">
    <p class='ocr_par' dir='ltr' id='par_1_90' title="bbox 1933 2826 2419 2898">
     <span class='ocr_line' id='line_1_91' title="bbox 1933 2826 2419 2898; baseline 0 -16"><span class='ocrx_word' id='word_1_712' title='bbox 1933 2840 2049 2883; x_wconf 89' lang='lat' dir='ltr'><strong>non.</strong></span> <span class='ocrx_word' id='word_1_713' title='bbox 2066 2826 2207 2883; x_wconf 89' lang='lat' dir='ltr'><strong>sicut</strong></span> <span class='ocrx_word' id='word_1_714' title='bbox 2226 2827 2419 2898; x_wconf 77' lang='lat' dir='ltr'><strong>gratia.</strong></span> 
     </span>
    </p>
   </div>
   <div class='ocr_carea' id='block_1_91' title="bbox 2004 2906 3520 2991">
    <p class='ocr_par' dir='ltr' id='par_1_91' title="bbox 2004 2906 3520 2991">
     <span class='ocr_line' id='line_1_92' title="bbox 2004 2906 3520 2991; baseline 0.002 -17"><span class='ocrx_word' id='word_1_715' title='bbox 2004 2906 2227 2991; x_wconf 64' lang='lat' dir='ltr'><strong>CAPUT:</strong></span> <span class='ocrx_word' id='word_1_716' title='bbox 2268 2919 2330 2989; x_wconf 53' lang='lat' dir='ltr'><strong>Il.</strong></span> <span class='ocrx_word' id='word_1_717' title='bbox 2365 2951 2437 2960; x_wconf 95' lang='lat'>—</span> <span class='ocrx_word' id='word_1_718' title='bbox 2461 2919 2514 2975; x_wconf 65' lang='grc' dir='ltr'><strong>Ξ.</strong></span> <span class='ocrx_word' id='word_1_719' title='bbox 2547 2921 2652 2977; x_wconf 73' lang='lat' dir='ltr'><strong>Lex</strong></span> <span class='ocrx_word' id='word_1_720' title='bbox 2680 2937 2769 2976; x_wconf 88' lang='lat' dir='ltr'><strong>cur</strong></span> <span class='ocrx_word' id='word_1_721' title='bbox 2802 2921 2944 2976; x_wconf 85' lang='lat' dir='ltr'><strong>data.</strong></span> <span class='ocrx_word' id='word_1_722' title='bbox 2987 2920 3181 2978; x_wconf 65' lang='lat' dir='ltr'><strong>Gratia</strong></span> <span class='ocrx_word' id='word_1_723' title='bbox 3203 2922 3520 2977; x_wconf 81' lang='lat' dir='ltr'><strong>medicinalis</strong></span> 
     </span>
    </p>
   </div>
   <div class='ocr_carea' id='block_1_92' title="bbox 1933 3010 3520 3084">
    <p class='ocr_par' dir='ltr' id='par_1_92' title="bbox 1933 3010 3520 3084">
     <span class='ocr_line' id='line_1_93' title="bbox 1933 3010 3520 3084; baseline 0.003 -20"><span class='ocrx_word' id='word_1_724' title='bbox 1933 3011 2220 3083; x_wconf 75' lang='lat' dir='ltr'><strong>necessitas.</strong></span> <span class='ocrx_word' id='word_1_725' title='bbox 2279 3010 2407 3067; x_wconf 88' lang='lat' dir='ltr'><strong>Data</strong></span> <span class='ocrx_word' id='word_1_726' title='bbox 2452 3022 2533 3069; x_wconf 86' lang='lat' dir='ltr'><strong>est</strong></span> <span class='ocrx_word' id='word_1_727' title='bbox 2588 3013 2762 3078; x_wconf 90' lang='lat' dir='ltr'><strong>enim,</strong></span> <span class='ocrx_word' id='word_1_728' title='bbox 2823 3015 2960 3081; x_wconf 84' lang='lat' dir='ltr'><strong>sicut</strong></span> <span class='ocrx_word' id='word_1_729' title='bbox 2995 3013 3107 3084; x_wconf 87' lang='lat' dir='ltr'><strong>jam</strong></span> <span class='ocrx_word' id='word_1_730' title='bbox 3146 3013 3520 3084; x_wconf 85' lang='lat' dir='ltr'><strong>exposuimus.</strong></span> 
     </span>
    </p>
   </div>
   <div class='ocr_carea' id='block_1_93' title="bbox 1933 3099 3527 3187">
    <p class='ocr_par' dir='ltr' id='par_1_93' title="bbox 1933 3099 3527 3187">
     <span class='ocr_line' id='line_1_94' title="bbox 1933 3099 3527 3187; baseline 0.004 -33"><span class='ocrx_word' id='word_1_731' title='bbox 1933 3108 1991 3179; x_wconf 82' lang='lat' dir='ltr'><strong>et</strong></span> <span class='ocrx_word' id='word_1_732' title='bbox 2017 3107 2201 3157; x_wconf 88' lang='lat' dir='ltr'><strong>tenere</strong></span> <span class='ocrx_word' id='word_1_733' title='bbox 2229 3099 2457 3171; x_wconf 87' lang='lat' dir='ltr'><strong>debetis,</strong></span> <span class='ocrx_word' id='word_1_734' title='bbox 2485 3111 2542 3157; x_wconf 90' lang='lat' dir='ltr'><strong>et</strong></span> <span class='ocrx_word' id='word_1_735' title='bbox 2567 3102 2718 3158; x_wconf 84' lang='lat' dir='ltr'><strong>vobis</strong></span> <span class='ocrx_word' id='word_1_736' title='bbox 2745 3101 3113 3167; x_wconf 84' lang='lat' dir='ltr'><strong>vehementius</strong></span> <span class='ocrx_word' id='word_1_737' title='bbox 3139 3113 3195 3160; x_wconf 90' lang='lat' dir='ltr'><strong>et</strong></span> <span class='ocrx_word' id='word_1_738' title='bbox 3218 3103 3527 3187; x_wconf 49' lang='lat' dir='ltr'><strong>diligentius</strong></span> 
     </span>
    </p>
   </div>
   <div class='ocr_carea' id='block_1_94' title="bbox 1933 3192 3527 3271">
    <p class='ocr_par' dir='ltr' id='par_1_94' title="bbox 1933 3192 3527 3271">
     <span class='ocr_line' id='line_1_95' title="bbox 1933 3192 3527 3271; baseline 0.003 -24"><span class='ocrx_word' id='word_1_739' title='bbox 1933 3206 2033 3263; x_wconf 83' lang='lat' dir='ltr'><strong>nos</strong></span> <span class='ocrx_word' id='word_1_740' title='bbox 2056 3192 2433 3251; x_wconf 85' lang='lat' dir='ltr'><strong>commendare</strong></span> <span class='ocrx_word' id='word_1_741' title='bbox 2468 3192 2762 3267; x_wconf 85' lang='lat' dir='ltr'><strong>debemus;</strong></span> <span class='ocrx_word' id='word_1_742' title='bbox 2794 3194 2917 3250; x_wconf 89' lang='lat' dir='ltr'><strong>data</strong></span> <span class='ocrx_word' id='word_1_743' title='bbox 2958 3202 3042 3251; x_wconf 82' lang='lat' dir='ltr'><strong>est</strong></span> <span class='ocrx_word' id='word_1_744' title='bbox 3080 3204 3137 3250; x_wconf 93' lang='lat' dir='ltr'><strong>ut</strong></span> <span class='ocrx_word' id='word_1_745' title='bbox 3176 3195 3438 3271; x_wconf 77' lang='lat' dir='ltr'><strong>inveniret</strong></span> <span class='ocrx_word' id='word_1_746' title='bbox 3464 3210 3527 3259; x_wconf 77' lang='lat' dir='ltr'><strong>se</strong></span> 
     </span>
    </p>
   </div>
   <div class='ocr_carea' id='block_1_95' title="bbox 1936 3281 3525 3361">
    <p class='ocr_par' dir='ltr' id='par_1_95' title="bbox 1936 3281 3525 3361">
     <span class='ocr_line' id='line_1_96' title="bbox 1936 3281 3525 3361; baseline 0.001 -23"><span class='ocrx_word' id='word_1_747' title='bbox 1936 3281 2120 3355; x_wconf 87' lang='lat' dir='ltr'><strong>homo,</strong></span> <span class='ocrx_word' id='word_1_748' title='bbox 2162 3299 2267 3355; x_wconf 84' lang='lat' dir='ltr'><strong>non</strong></span> <span class='ocrx_word' id='word_1_749' title='bbox 2299 3293 2357 3340; x_wconf 93' lang='lat' dir='ltr'><strong>ut</strong></span> <span class='ocrx_word' id='word_1_750' title='bbox 2383 3284 2604 3341; x_wconf 90' lang='lat' dir='ltr'><strong>morbus</strong></span> <span class='ocrx_word' id='word_1_751' title='bbox 2629 3293 2930 3351; x_wconf 88' lang='lat' dir='ltr'><strong>sanaretur,</strong></span> <span class='ocrx_word' id='word_1_752' title='bbox 2971 3285 3066 3342; x_wconf 87' lang='lat' dir='ltr'><strong>scd</strong></span> <span class='ocrx_word' id='word_1_753' title='bbox 3112 3294 3179 3361; x_wconf 62' lang='lat' dir='ltr'><strong>ut,</strong></span> <span class='ocrx_word' id='word_1_754' title='bbox 3207 3286 3525 3357; x_wconf 56' lang='lat' dir='ltr'><strong>praevarica-</strong></span> 
     </span>
    </p>
   </div>
   <div class='ocr_carea' id='block_1_96' title="bbox 1934 3372 3527 3449">
    <p class='ocr_par' dir='ltr' id='par_1_96' title="bbox 1934 3372 3527 3449">
     <span class='ocr_line' id='line_1_97' title="bbox 1934 3372 3527 3449; baseline 0 -20"><span class='ocrx_word' id='word_1_755' title='bbox 1934 3372 2078 3435; x_wconf 86' lang='lat' dir='ltr'><strong>tione</strong></span> <span class='ocrx_word' id='word_1_756' title='bbox 2106 3374 2296 3447; x_wconf 72' lang='lat' dir='ltr'><strong>inorbo</strong></span> <span class='ocrx_word' id='word_1_757' title='bbox 2317 3383 2592 3431; x_wconf 89' lang='lat' dir='ltr'><strong>crescente</strong></span> <span class='ocrx_word' id='word_1_758' title='bbox 2616 3374 2853 3431; x_wconf 89' lang='lat' dir='ltr'><strong>medicus</strong></span> <span class='ocrx_word' id='word_1_759' title='bbox 2874 3385 3208 3446; x_wconf 63' lang='lat' dir='ltr'><strong>quaereretur</strong></span> <span class='ocrx_word' id='word_1_760' title='bbox 3230 3374 3449 3449; x_wconf 81' lang='lat' dir='ltr'><strong>(Supra,</strong></span> <span class='ocrx_word' id='word_1_761' title='bbox 3471 3377 3527 3429; x_wconf 88' lang='lat' dir='ltr'><strong>in</strong></span> 
     </span>
    </p>
   </div>
   <div class='ocr_carea' id='block_1_97' title="bbox 1936 3465 3529 3538">
    <p class='ocr_par' dir='ltr' id='par_1_97' title="bbox 1936 3465 3529 3538">
     <span class='ocr_line' id='line_1_98' title="bbox 1936 3465 3529 3538; baseline 0.001 -17"><span class='ocrx_word' id='word_1_762' title='bbox 1936 3467 2106 3529; x_wconf 83' lang='lat' dir='ltr'><strong>Serm.</strong></span> <span class='ocrx_word' id='word_1_763' title='bbox 2137 3467 2259 3530; x_wconf 71' lang='grc'><strong>155,</strong></span> <span class='ocrx_word' id='word_1_764' title='bbox 2299 3483 2354 3520; x_wconf 81' lang='lat' dir='ltr'><strong>n.</strong></span> <span class='ocrx_word' id='word_1_765' title='bbox 2381 3466 2459 3538; x_wconf 72' lang='grc'><strong>4).</strong></span> <span class='ocrx_word' id='word_1_766' title='bbox 2489 3467 2553 3525; x_wconf 85' lang='lat' dir='ltr'><strong>Et</strong></span> <span class='ocrx_word' id='word_1_767' title='bbox 2580 3467 2700 3537; x_wconf 88' lang='lat' dir='ltr'><strong>quis</strong></span> <span class='ocrx_word' id='word_1_768' title='bbox 2728 3475 2811 3522; x_wconf 86' lang='lat' dir='ltr'><strong>est</strong></span> <span class='ocrx_word' id='word_1_769' title='bbox 2838 3467 2938 3522; x_wconf 84' lang='lat' dir='ltr'><strong>iste</strong></span> <span class='ocrx_word' id='word_1_770' title='bbox 2980 3466 3220 3522; x_wconf 86' lang='lat' dir='ltr'><strong>medicus</strong></span> <span class='ocrx_word' id='word_1_771' title='bbox 3239 3507 3254 3532; x_wconf 89' lang='lat'><strong>,</strong></span> <span class='ocrx_word' id='word_1_772' title='bbox 3304 3466 3403 3521; x_wconf 90' lang='lat' dir='ltr'><strong>nisi</strong></span> <span class='ocrx_word' id='word_1_773' title='bbox 3433 3465 3529 3536; x_wconf 84' lang='lat' dir='ltr'><strong>qui</strong></span> 
     </span>
    </p>
   </div>
   <div class='ocr_carea' id='block_1_98' title="bbox 1933 3555 3562 3630">
    <p class='ocr_par' dir='ltr' id='par_1_98' title="bbox 1933 3555 3562 3630">
     <span class='ocr_line' id='line_1_99' title="bbox 1933 3555 3562 3630; baseline -0.001 -18"><span class='ocrx_word' id='word_1_774' title='bbox 1933 3556 2103 3612; x_wconf 81' lang='lat' dir='ltr'><strong>dixit:</strong></span> <span class='ocrx_word' id='word_1_775' title='bbox 2139 3556 2261 3611; x_wconf 82' lang='lat' dir='ltr'><strong>Non</strong></span> <span class='ocrx_word' id='word_1_776' title='bbox 2298 3566 2371 3611; x_wconf 90' lang='lat' dir='ltr'><strong>cst</strong></span> <span class='ocrx_word' id='word_1_777' title='bbox 2398 3574 2523 3630; x_wconf 88' lang='lat' dir='ltr'><strong>opus</strong></span> <span class='ocrx_word' id='word_1_778' title='bbox 2560 3558 2699 3612; x_wconf 89' lang='lat' dir='ltr'><strong>sanis</strong></span> <span class='ocrx_word' id='word_1_779' title='bbox 2726 3558 2982 3622; x_wconf 86' lang='lat' dir='ltr'><strong>medicus,</strong></span> <span class='ocrx_word' id='word_1_780' title='bbox 3013 3557 3113 3625; x_wconf 49' lang='lat' dir='ltr'><strong>sed,</strong></span> <span class='ocrx_word' id='word_1_781' title='bbox 3143 3557 3275 3612; x_wconf 88' lang='lat' dir='ltr'><strong>male</strong></span> <span class='ocrx_word' id='word_1_782' title='bbox 3301 3555 3527 3621; x_wconf 85' lang='lat' dir='ltr'><strong>habenti—</strong></span> <span class='ocrx_word' id='word_1_783' title='bbox 3559 3609 3562 3611; x_wconf 16' lang='grc' dir='ltr'><strong>Α</strong></span> 
     </span>
    </p>
   </div>
   <div class='ocr_carea' id='block_1_99' title="bbox 1935 3644 3524 3719">
    <p class='ocr_par' dir='ltr' id='par_1_99' title="bbox 1935 3644 3524 3719">
     <span class='ocr_line' id='line_1_100' title="bbox 1935 3644 3524 3719; baseline 0.001 -19"><span class='ocrx_word' id='word_1_784' title='bbox 1935 3647 2026 3702; x_wconf 87' lang='lat' dir='ltr'><strong>bus</strong></span> <span class='ocrx_word' id='word_1_785' title='bbox 2052 3644 2262 3719; x_wconf 81' lang='lat' dir='ltr'><strong>(Matth.</strong></span> <span class='ocrx_word' id='word_1_786' title='bbox 2292 3661 2367 3701; x_wconf 80' lang='lat' dir='ltr'><strong>ix.</strong></span> <span class='ocrx_word' id='word_1_787' title='bbox 2398 3646 2510 3717; x_wconf 67' lang='grc' dir='ltr'><strong>Ω).</strong></span> <span class='ocrx_word' id='word_1_788' title='bbox 2541 3648 2639 3714; x_wconf 82' lang='lat' dir='ltr'><strong>Qui</strong></span> <span class='ocrx_word' id='word_1_789' title='bbox 2669 3660 2798 3717; x_wconf 79' lang='lat' dir='ltr'><strong>ergo</strong></span> <span class='ocrx_word' id='word_1_790' title='bbox 2834 3660 2943 3702; x_wconf 88' lang='lat' dir='ltr'><strong>non</strong></span> <span class='ocrx_word' id='word_1_791' title='bbox 2982 3645 3266 3713; x_wconf 78' lang='lat' dir='ltr'><strong>conﬁtetur</strong></span> <span class='ocrx_word' id='word_1_792' title='bbox 3301 3644 3524 3702; x_wconf 88' lang='lat' dir='ltr'><strong>Creato-</strong></span> 
     </span>
    </p>
   </div>
   <div class='ocr_carea' id='block_1_100' title="bbox 1935 3736 3531 3808">
    <p class='ocr_par' dir='ltr' id='par_1_100' title="bbox 1935 3736 3531 3808">
     <span class='ocr_line' id='line_1_101' title="bbox 1935 3736 3531 3808; baseline -0.001 -15"><span class='ocrx_word' id='word_1_793' title='bbox 1935 3752 2085 3800; x_wconf 88' lang='lat' dir='ltr'><strong>rem,</strong></span> <span class='ocrx_word' id='word_1_794' title='bbox 2132 3745 2288 3807; x_wconf 84' lang='lat' dir='ltr'><strong>ncgat</strong></span> <span class='ocrx_word' id='word_1_795' title='bbox 2341 3736 2605 3808; x_wconf 87' lang='lat' dir='ltr'><strong>superbus</strong></span> <span class='ocrx_word' id='word_1_796' title='bbox 2652 3746 2950 3796; x_wconf 89' lang='lat' dir='ltr'><strong>auctorem.</strong></span> <span class='ocrx_word' id='word_1_797' title='bbox 2995 3736 3095 3804; x_wconf 83' lang='lat' dir='ltr'><strong>Qui</strong></span> <span class='ocrx_word' id='word_1_798' title='bbox 3142 3744 3321 3793; x_wconf 86' lang='lat' dir='ltr'><strong>autem</strong></span> <span class='ocrx_word' id='word_1_799' title='bbox 3370 3746 3531 3807; x_wconf 76' lang='lat' dir='ltr'><strong>negat</strong></span> 
     </span>
    </p>
   </div>
   <div class='ocr_carea' id='block_1_101' title="bbox 1935 3827 3523 3901">
    <p class='ocr_par' dir='ltr' id='par_1_101' title="bbox 1935 3827 3523 3901">
     <span class='ocr_line' id='line_1_102' title="bbox 1935 3827 3523 3901; baseline -0.001 -17"><span class='ocrx_word' id='word_1_800' title='bbox 1935 3828 2304 3901; x_wconf 62' lang='lat' dir='ltr'><strong>aegritudinem</strong></span> <span class='ocrx_word' id='word_1_801' title='bbox 2332 3843 2518 3897; x_wconf 90' lang='lat' dir='ltr'><strong>suam,</strong></span> <span class='ocrx_word' id='word_1_802' title='bbox 2559 3827 2886 3901; x_wconf 82' lang='lat' dir='ltr'><strong>superﬂuum</strong></span> <span class='ocrx_word' id='word_1_803' title='bbox 2923 3827 3126 3898; x_wconf 85' lang='lat' dir='ltr'><strong>judicat</strong></span> <span class='ocrx_word' id='word_1_804' title='bbox 3169 3827 3523 3895; x_wconf 68' lang='lat' dir='ltr'><strong>Salvatorem.</strong></span> 
     </span>
    </p>
   </div>
   <div class='ocr_carea' id='block_1_102' title="bbox 1938 3917 3529 3997">
    <p class='ocr_par' dir='ltr' id='par_1_102' title="bbox 1938 3917 3529 3997">
     <span class='ocr_line' id='line_1_103' title="bbox 1938 3917 3529 3997; baseline 0 -23"><span class='ocrx_word' id='word_1_805' title='bbox 1938 3919 2082 3992; x_wconf 77' lang='lat' dir='ltr'><strong>Ergo</strong></span> <span class='ocrx_word' id='word_1_806' title='bbox 2126 3928 2180 3976; x_wconf 91' lang='lat' dir='ltr'><strong>et</strong></span> <span class='ocrx_word' id='word_1_807' title='bbox 2217 3921 2269 3974; x_wconf 94' lang='lat' dir='ltr'><strong>in</strong></span> <span class='ocrx_word' id='word_1_808' title='bbox 2303 3930 2492 3976; x_wconf 88' lang='lat' dir='ltr'><strong>natura</strong></span> <span class='ocrx_word' id='word_1_809' title='bbox 2533 3928 2713 3975; x_wconf 87' lang='lat' dir='ltr'><strong>nostra</strong></span> <span class='ocrx_word' id='word_1_810' title='bbox 2756 3917 3068 3975; x_wconf 88' lang='lat' dir='ltr'><strong>Creatorem</strong></span> <span class='ocrx_word' id='word_1_811' title='bbox 3113 3918 3425 3997; x_wconf 78' lang='lat' dir='ltr'><strong>laudemus;</strong></span> <span class='ocrx_word' id='word_1_812' title='bbox 3472 3932 3529 3976; x_wconf 87' lang='lat' dir='ltr'><strong>et</strong></span> 
     </span>
    </p>
   </div>
   <div class='ocr_carea' id='block_1_103' title="bbox 1938 4010 3524 4089">
    <p class='ocr_par' dir='ltr' id='par_1_103' title="bbox 1938 4010 3524 4089">
     <span class='ocr_line' id='line_1_104' title="bbox 1938 4010 3524 4089; baseline -0.001 -22"><span class='ocrx_word' id='word_1_813' title='bbox 1938 4022 2157 4089; x_wconf 85' lang='lat' dir='ltr'><strong>propter</strong></span> <span class='ocrx_word' id='word_1_814' title='bbox 2200 4013 2387 4067; x_wconf 90' lang='lat' dir='ltr'><strong>vitium</strong></span> <span class='ocrx_word' id='word_1_815' title='bbox 2431 4011 2573 4082; x_wconf 82' lang='lat' dir='ltr'><strong>quod</strong></span> <span class='ocrx_word' id='word_1_816' title='bbox 2620 4011 2775 4066; x_wconf 89' lang='lat' dir='ltr'><strong>nobis</strong></span> <span class='ocrx_word' id='word_1_817' title='bbox 2822 4010 3145 4081; x_wconf 74' lang='lat' dir='ltr'><strong>indiximus,</strong></span> <span class='ocrx_word' id='word_1_818' title='bbox 3195 4010 3524 4067; x_wconf 87' lang='lat' dir='ltr'><strong>Salvatorem</strong></span> 
     </span>
    </p>
   </div>
   <div class='ocr_carea' id='block_1_104' title="bbox 1937 4101 3528 4175">
    <p class='ocr_par' dir='ltr' id='par_1_104' title="bbox 1937 4101 3528 4175">
     <span class='ocr_line' id='line_1_105' title="bbox 1937 4101 3528 4175; baseline 0.001 -16"><span class='ocrx_word' id='word_1_819' title='bbox 1937 4117 2258 4174; x_wconf 65' lang='lat' dir='ltr'><strong>quaeramus.</strong></span> <span class='ocrx_word' id='word_1_820' title='bbox 2286 4104 2350 4160; x_wconf 86' lang='lat' dir='ltr'><strong>Et</strong></span> <span class='ocrx_word' id='word_1_821' title='bbox 2369 4103 2636 4175; x_wconf 89' lang='lat' dir='ltr'><strong>quomodo</strong></span> <span class='ocrx_word' id='word_1_822' title='bbox 2651 4101 2940 4174; x_wconf 61' lang='lat' dir='ltr'><strong>quatrimus</strong></span> <span class='ocrx_word' id='word_1_823' title='bbox 2960 4101 3323 4160; x_wconf 86' lang='lat' dir='ltr'><strong>Salvatorem?</strong></span> <span class='ocrx_word' id='word_1_824' title='bbox 3350 4102 3420 4159; x_wconf 89' lang='lat' dir='ltr'><strong>Ut</strong></span> <span class='ocrx_word' id='word_1_825' title='bbox 3436 4104 3528 4160; x_wconf 86' lang='lat' dir='ltr'><strong>det</strong></span> 
     </span>
    </p>
   </div>
   <div class='ocr_carea' id='block_1_105' title="bbox 1939 4194 3542 4268">
    <p class='ocr_par' dir='ltr' id='par_1_105' title="bbox 1939 4194 3542 4268">
     <span class='ocr_line' id='line_1_106' title="bbox 1939 4194 3542 4268; baseline 0.001 -18"><span class='ocrx_word' id='word_1_826' title='bbox 1939 4194 2152 4268; x_wconf 80' lang='lat' dir='ltr'><strong>legem?</strong></span> <span class='ocrx_word' id='word_1_827' title='bbox 2177 4195 2370 4251; x_wconf 88' lang='lat' dir='ltr'><strong>Parum</strong></span> <span class='ocrx_word' id='word_1_828' title='bbox 2407 4204 2526 4252; x_wconf 90' lang='lat' dir='ltr'><strong>est:</strong></span> <span class='ocrx_word' id='word_1_829' title='bbox 2560 4195 2622 4253; x_wconf 86' lang='lat' dir='ltr'><strong>Si</strong></span> <span class='ocrx_word' id='word_1_830' title='bbox 2645 4196 2777 4267; x_wconf 85' lang='lat' dir='ltr'><strong>enim</strong></span> <span class='ocrx_word' id='word_1_831' title='bbox 2806 4196 2929 4263; x_wconf 84' lang='lat' dir='ltr'><strong>data</strong></span> <span class='ocrx_word' id='word_1_832' title='bbox 2954 4204 3079 4253; x_wconf 80' lang='lat' dir='ltr'><strong>esset</strong></span> <span class='ocrx_word' id='word_1_833' title='bbox 3113 4196 3197 4253; x_wconf 73' lang='lat' dir='ltr'><strong>lex</strong></span> <span class='ocrx_word' id='word_1_834' title='bbox 3225 4213 3337 4268; x_wconf 72' lang='lat' dir='ltr'><strong>ques</strong></span> <span class='ocrx_word' id='word_1_835' title='bbox 3363 4208 3542 4267; x_wconf 41' lang='lat' dir='ltr'><strong>posset,</strong></span> 
     </span>
    </p>
   </div>
   <div class='ocr_carea' id='block_1_106' title="bbox 1939 4286 3539 4360">
    <p class='ocr_par' dir='ltr' id='par_1_106' title="bbox 1939 4286 3539 4360">
     <span class='ocr_line' id='line_1_107' title="bbox 1939 4286 3539 4360; baseline 0.001 -18"><span class='ocrx_word' id='word_1_836' title='bbox 1939 4288 2209 4358; x_wconf 80' lang='lat' dir='ltr'><strong>viviﬁcare,</strong></span> <span class='ocrx_word' id='word_1_837' title='bbox 2233 4288 2436 4343; x_wconf 83' lang='lat' dir='ltr'><strong>omnino</strong></span> <span class='ocrx_word' id='word_1_838' title='bbox 2460 4296 2585 4344; x_wconf 71' lang='lat' dir='ltr'><strong>esset</strong></span> <span class='ocrx_word' id='word_1_839' title='bbox 2613 4304 2676 4344; x_wconf 78' lang='lat' dir='ltr'><strong>ea:</strong></span> <span class='ocrx_word' id='word_1_840' title='bbox 2701 4287 2809 4360; x_wconf 80' lang='lat' dir='ltr'><strong>lege</strong></span> <span class='ocrx_word' id='word_1_841' title='bbox 2825 4288 3050 4360; x_wconf 72' lang='lat' dir='ltr'><strong>iustitia.</strong></span> <span class='ocrx_word' id='word_1_842' title='bbox 3082 4286 3149 4349; x_wconf 82' lang='lat' dir='ltr'><strong>Si</strong></span> <span class='ocrx_word' id='word_1_843' title='bbox 3164 4304 3290 4360; x_wconf 79' lang='lat' dir='ltr'><strong>ergo</strong></span> <span class='ocrx_word' id='word_1_844' title='bbox 3317 4304 3422 4343; x_wconf 89' lang='lat' dir='ltr'><strong>non</strong></span> <span class='ocrx_word' id='word_1_845' title='bbox 3443 4299 3539 4359; x_wconf 36' lang='lat' dir='ltr'><strong>est.</strong></span> 
     </span>
    </p>
   </div>
   <div class='ocr_carea' id='block_1_107' title="bbox 1937 4380 3521 4459">
    <p class='ocr_par' dir='ltr' id='par_1_107' title="bbox 1937 4380 3521 4459">
     <span class='ocr_line' id='line_1_108' title="bbox 1937 4380 3521 4459; baseline 0.001 -24"><span class='ocrx_word' id='word_1_846' title='bbox 1937 4381 2060 4436; x_wconf 85' lang='lat' dir='ltr'><strong>data</strong></span> <span class='ocrx_word' id='word_1_847' title='bbox 2087 4381 2177 4459; x_wconf 83' lang='lat' dir='ltr'><strong>lex_</strong></span> <span class='ocrx_word' id='word_1_848' title='bbox 2192 4396 2310 4452; x_wconf 80' lang='lat' dir='ltr'><strong>quae</strong></span> <span class='ocrx_word' id='word_1_849' title='bbox 2333 4388 2514 4451; x_wconf 89' lang='lat' dir='ltr'><strong>posset</strong></span> <span class='ocrx_word' id='word_1_850' title='bbox 2537 4380 2827 4447; x_wconf 80' lang='lat' dir='ltr'><strong>viviﬁcarc,</strong></span> <span class='ocrx_word' id='word_1_851' title='bbox 2856 4396 3020 4448; x_wconf 85' lang='lat' dir='ltr'><strong>quare</strong></span> <span class='ocrx_word' id='word_1_852' title='bbox 3044 4380 3305 4453; x_wconf 75' lang='lat' dir='ltr'><strong>dataest?</strong></span> <span class='ocrx_word' id='word_1_853' title='bbox 3333 4381 3521 4453; x_wconf 85' lang='lat' dir='ltr'><strong>Sequi-</strong></span> 
     </span>
    </p>
   </div>
   <div class='ocr_carea' id='block_1_108' title="bbox 1942 4473 3530 4546">
    <p class='ocr_par' dir='ltr' id='par_1_108' title="bbox 1942 4473 3530 4546">
     <span class='ocr_line' id='line_1_109' title="bbox 1942 4473 3530 4546; baseline -0.001 -16"><span class='ocrx_word' id='word_1_854' title='bbox 1942 4484 2051 4542; x_wconf 88' lang='lat' dir='ltr'><strong>tur,</strong></span> <span class='ocrx_word' id='word_1_855' title='bbox 2079 4482 2136 4529; x_wconf 88' lang='lat' dir='ltr'><strong>et</strong></span> <span class='ocrx_word' id='word_1_856' title='bbox 2157 4473 2391 4530; x_wconf 86' lang='lat' dir='ltr'><strong>ostendit</strong></span> <span class='ocrx_word' id='word_1_857' title='bbox 2408 4488 2574 4546; x_wconf 84' lang='lat' dir='ltr'><strong>quare</strong></span> <span class='ocrx_word' id='word_1_858' title='bbox 2592 4473 2662 4530; x_wconf 91' lang='lat' dir='ltr'><strong>sit</strong></span> <span class='ocrx_word' id='word_1_859' title='bbox 2685 4473 2805 4528; x_wconf 85' lang='lat' dir='ltr'><strong>data</strong></span> <span class='ocrx_word' id='word_1_860' title='bbox 2833 4491 2846 4527; x_wconf 90' lang='lat'><strong>:</strong></span> <span class='ocrx_word' id='word_1_861' title='bbox 2876 4473 3179 4544; x_wconf 75' lang='lat' dir='ltr'><strong>quinetiam</strong></span> <span class='ocrx_word' id='word_1_862' title='bbox 3201 4474 3278 4529; x_wconf 91' lang='lat' dir='ltr'><strong>sic</strong></span> <span class='ocrx_word' id='word_1_863' title='bbox 3300 4474 3353 4530; x_wconf 91' lang='lat' dir='ltr'><strong>in</strong></span> <span class='ocrx_word' id='word_1_864' title='bbox 3377 4473 3530 4543; x_wconf 60' lang='lat' dir='ltr'><strong>adiu-</strong></span> 
     </span>
    </p>
   </div>
   <div class='ocr_carea' id='block_1_109' title="bbox 1943 4564 3545 4645">
    <p class='ocr_par' dir='ltr' id='par_1_109' title="bbox 1943 4564 3545 4645">
     <span class='ocr_line' id='line_1_110' title="bbox 1943 4564 3545 4645; baseline -0.001 -25"><span class='ocrx_word' id='word_1_865' title='bbox 1943 4566 2136 4622; x_wconf 90' lang='lat' dir='ltr'><strong>torium</strong></span> <span class='ocrx_word' id='word_1_866' title='bbox 2165 4565 2286 4621; x_wconf 87' lang='lat' dir='ltr'><strong>data</strong></span> <span class='ocrx_word' id='word_1_867' title='bbox 2315 4574 2428 4630; x_wconf 89' lang='lat' dir='ltr'><strong>est,</strong></span> <span class='ocrx_word' id='word_1_868' title='bbox 2472 4580 2538 4621; x_wconf 89' lang='lat' dir='ltr'><strong>ne</strong></span> <span class='ocrx_word' id='word_1_869' title='bbox 2580 4572 2630 4620; x_wconf 86' lang='lat' dir='ltr'><strong>te</strong></span> <span class='ocrx_word' id='word_1_870' title='bbox 2670 4580 2858 4621; x_wconf 88' lang='lat' dir='ltr'><strong>sanum</strong></span> <span class='ocrx_word' id='word_1_871' title='bbox 2890 4574 3123 4636; x_wconf 89' lang='lat' dir='ltr'><strong>putares.</strong></span> <span class='ocrx_word' id='word_1_872' title='bbox 3156 4564 3231 4620; x_wconf 87' lang='lat' dir='ltr'><strong>Si</strong></span> <span class='ocrx_word' id='word_1_873' title='bbox 3253 4580 3381 4645; x_wconf 78' lang='lat' dir='ltr'><strong>ergo</strong></span> <span class='ocrx_word' id='word_1_874' title='bbox 3408 4565 3545 4633; x_wconf 33' lang='lat' dir='ltr'><strong>data,</strong></span> 
     </span>
    </p>
   </div>
   <div class='ocr_carea' id='block_1_110' title="bbox 1941 4661 3529 4743">
    <p class='ocr_par' dir='ltr' id='par_1_110' title="bbox 1941 4661 3529 4743">
     <span class='ocr_line' id='line_1_111' title="bbox 1941 4661 3529 4743; baseline -0.002 -28"><span class='ocrx_word' id='word_1_875' title='bbox 1941 4671 2065 4717; x_wconf 84' lang='lat' dir='ltr'><strong>esset</strong></span> <span class='ocrx_word' id='word_1_876' title='bbox 2101 4662 2213 4727; x_wconf 67' lang='lat' dir='ltr'><strong>lex,</strong></span> <span class='ocrx_word' id='word_1_877' title='bbox 2245 4676 2359 4732; x_wconf 68' lang='lat' dir='ltr'><strong>quae</strong></span> <span class='ocrx_word' id='word_1_878' title='bbox 2395 4669 2561 4733; x_wconf 88' lang='lat' dir='ltr'><strong>posset</strong></span> <span class='ocrx_word' id='word_1_879' title='bbox 2603 4661 2857 4730; x_wconf 75' lang='lat' dir='ltr'><strong>rivi/icore</strong></span> <span class='ocrx_word' id='word_1_880' title='bbox 2876 4701 2889 4724; x_wconf 87' lang='lat'><strong>,</strong></span> <span class='ocrx_word' id='word_1_881' title='bbox 2920 4661 3124 4715; x_wconf 87' lang='lat' dir='ltr'><strong>omnino</strong></span> <span class='ocrx_word' id='word_1_882' title='bbox 3159 4676 3227 4743; x_wconf 44' lang='lat' dir='ltr'><strong>ea;</strong></span> <span class='ocrx_word' id='word_1_883' title='bbox 3260 4661 3366 4731; x_wconf 81' lang='lat' dir='ltr'><strong>lege</strong></span> <span class='ocrx_word' id='word_1_884' title='bbox 3404 4669 3529 4715; x_wconf 88' lang='lat' dir='ltr'><strong>esset</strong></span> 
     </span>
    </p>
   </div>
   <div class='ocr_carea' id='block_1_111' title="bbox 1932 4750 3531 4823">
    <p class='ocr_par' dir='ltr' id='par_1_111' title="bbox 1932 4750 3531 4823">
     <span class='ocr_line' id='line_1_112' title="bbox 1932 4750 3531 4823; baseline -0.002 -17"><span class='ocrx_word' id='word_1_885' title='bbox 1932 4752 2154 4823; x_wconf 81' lang='lat' dir='ltr'><strong>justitia.</strong></span> <span class='ocrx_word' id='word_1_886' title='bbox 2184 4752 2253 4809; x_wconf 83' lang='lat' dir='ltr'><strong>Et</strong></span> <span class='ocrx_word' id='word_1_887' title='bbox 2278 4752 2427 4823; x_wconf 86' lang='lat' dir='ltr'><strong>quasi</strong></span> <span class='ocrx_word' id='word_1_888' title='bbox 2455 4766 2819 4823; x_wconf 75' lang='lat' dir='ltr'><strong>qumreremus</strong></span> <span class='ocrx_word' id='word_1_889' title='bbox 2838 4793 2853 4816; x_wconf 84' lang='lat'><strong>,</strong></span> <span class='ocrx_word' id='word_1_890' title='bbox 2881 4751 3057 4821; x_wconf 84' lang='lat' dir='ltr'><strong>Quare</strong></span> <span class='ocrx_word' id='word_1_891' title='bbox 3088 4766 3217 4823; x_wconf 72' lang='lat' dir='ltr'><strong>ergo</strong></span> <span class='ocrx_word' id='word_1_892' title='bbox 3253 4751 3377 4819; x_wconf 84' lang='lat' dir='ltr'><strong>data</strong></span> <span class='ocrx_word' id='word_1_893' title='bbox 3409 4750 3531 4807; x_wconf 82' lang='lat' dir='ltr'><strong>est?</strong></span> 
     </span>
    </p>
   </div>
   <div class='ocr_carea' id='block_1_112' title="bbox 1944 4840 3530 4914">
    <p class='ocr_par' dir='ltr' id='par_1_112' title="bbox 1944 4840 3530 4914">
     <span class='ocr_line' id='line_1_113' title="bbox 1944 4840 3530 4914; baseline -0.002 -16"><span class='ocrx_word' id='word_1_894' title='bbox 1944 4842 2053 4898; x_wconf 84' lang='lat' dir='ltr'><strong>Sed</strong></span> <span class='ocrx_word' id='word_1_895' title='bbox 2078 4842 2346 4907; x_wconf 83' lang='lat' dir='ltr'><strong>conclusit,</strong></span> <span class='ocrx_word' id='word_1_896' title='bbox 2378 4842 2569 4914; x_wconf 88' lang='lat' dir='ltr'><strong>inquit,</strong></span> <span class='ocrx_word' id='word_1_897' title='bbox 2599 4840 2870 4911; x_wconf 77' lang='lat' dir='ltr'><strong>Scriptura</strong></span> <span class='ocrx_word' id='word_1_898' title='bbox 2895 4841 3063 4895; x_wconf 84' lang='lat' dir='ltr'><strong>omnia</strong></span> <span class='ocrx_word' id='word_1_899' title='bbox 3086 4840 3178 4911; x_wconf 83' lang='lat' dir='ltr'><strong>sub</strong></span> <span class='ocrx_word' id='word_1_900' title='bbox 3205 4848 3442 4912; x_wconf 76' lang='lat' dir='ltr'><strong>peccato,</strong></span> <span class='ocrx_word' id='word_1_901' title='bbox 3473 4851 3530 4895; x_wconf 84' lang='lat' dir='ltr'><strong>ut</strong></span> 
     </span>
    </p>
   </div>
   <div class='ocr_carea' id='block_1_113' title="bbox 1943 4930 3528 5006">
    <p class='ocr_par' dir='ltr' id='par_1_113' title="bbox 1943 4930 3528 5006">
     <span class='ocr_line' id='line_1_114' title="bbox 1943 4930 3528 5006; baseline -0.003 -16"><span class='ocrx_word' id='word_1_902' title='bbox 1943 4934 2208 5006; x_wconf 88' lang='lat' dir='ltr'><strong>promissio</strong></span> <span class='ocrx_word' id='word_1_903' title='bbox 2235 4951 2298 4989; x_wconf 81' lang='lat' dir='ltr'><strong>ea:</strong></span> <span class='ocrx_word' id='word_1_904' title='bbox 2326 4934 2429 5003; x_wconf 80' lang='lat' dir='ltr'><strong>ﬁde</strong></span> <span class='ocrx_word' id='word_1_905' title='bbox 2451 4933 2577 4988; x_wconf 84' lang='lat' dir='ltr'><strong>Jesu</strong></span> <span class='ocrx_word' id='word_1_906' title='bbox 2612 4932 2798 4991; x_wconf 85' lang='lat' dir='ltr'><strong>Christi</strong></span> <span class='ocrx_word' id='word_1_907' title='bbox 2823 4932 3030 4987; x_wconf 73' lang='lat' dir='ltr'><strong>daretur</strong></span> <span class='ocrx_word' id='word_1_908' title='bbox 3057 4931 3372 4987; x_wconf 86' lang='lat' dir='ltr'><strong>credentibus</strong></span> <span class='ocrx_word' id='word_1_909' title='bbox 3397 4930 3528 5002; x_wconf 75' lang='lat' dir='ltr'><strong>(6c-</strong></span> 
     </span>
    </p>
   </div>
   <div class='ocr_carea' id='block_1_114' title="bbox 1943 5022 3528 5097">
    <p class='ocr_par' dir='ltr' id='par_1_114' title="bbox 1943 5022 3528 5097">
     <span class='ocr_line' id='line_1_115' title="bbox 1943 5022 3528 5097; baseline -0.004 -14"><span class='ocrx_word' id='word_1_910' title='bbox 1943 5028 2037 5087; x_wconf 77' lang='grc' dir='ltr'><strong>ιω.</strong></span> <span class='ocrx_word' id='word_1_911' title='bbox 2064 5022 2143 5097; x_wconf 79' lang='grc' dir='ltr'>ιιι,</span> <span class='ocrx_word' id='word_1_912' title='bbox 2163 5027 2255 5088; x_wconf 75' lang='lat'><strong>2|.</strong></span> <span class='ocrx_word' id='word_1_913' title='bbox 2285 5024 2402 5095; x_wconf 73' lang='lat'><strong>2‘2).</strong></span> <span class='ocrx_word' id='word_1_914' title='bbox 2429 5023 2652 5093; x_wconf 84' lang='lat' dir='ltr'><strong>Quando</strong></span> <span class='ocrx_word' id='word_1_915' title='bbox 2677 5022 2829 5077; x_wconf 88' lang='lat' dir='ltr'><strong>audis</strong></span> <span class='ocrx_word' id='word_1_916' title='bbox 2850 5022 3252 5093; x_wconf 79' lang='lat' dir='ltr'><strong>promissorem,</strong></span> <span class='ocrx_word' id='word_1_917' title='bbox 3277 5029 3528 5092; x_wconf 78' lang='lat' dir='ltr'><strong>exspecta</strong></span> 
     </span>
    </p>
   </div>
   <div class='ocr_carea' id='block_1_115' title="bbox 1945 5112 3537 5184">
    <p class='ocr_par' dir='ltr' id='par_1_115' title="bbox 1945 5112 3537 5184">
     <span class='ocr_line' id='line_1_116' title="bbox 1945 5112 3537 5184; baseline -0.004 -10"><span class='ocrx_word' id='word_1_918' title='bbox 1945 5117 2217 5179; x_wconf 77' lang='lat' dir='ltr'><strong>factorem.</strong></span> <span class='ocrx_word' id='word_1_919' title='bbox 2253 5116 2445 5171; x_wconf 89' lang='lat' dir='ltr'><strong>Idonea</strong></span> <span class='ocrx_word' id='word_1_920' title='bbox 2476 5113 2575 5171; x_wconf 80' lang='lat' dir='ltr'><strong>fuit</strong></span> <span class='ocrx_word' id='word_1_921' title='bbox 2600 5114 2828 5170; x_wconf 76' lang='lat' dir='ltr'><strong>humana</strong></span> <span class='ocrx_word' id='word_1_922' title='bbox 2854 5122 3044 5168; x_wconf 86' lang='lat' dir='ltr'><strong>natura</strong></span> <span class='ocrx_word' id='word_1_923' title='bbox 3073 5128 3168 5184; x_wconf 88' lang='lat' dir='ltr'><strong>per</strong></span> <span class='ocrx_word' id='word_1_924' title='bbox 3194 5112 3418 5169; x_wconf 86' lang='lat' dir='ltr'><strong>liberum</strong></span> <span class='ocrx_word' id='word_1_925' title='bbox 3444 5127 3502 5168; x_wconf 85' lang='lat' dir='ltr'><strong>ar</strong></span> <span class='ocrx_word' id='word_1_926' title='bbox 3522 5143 3537 5153; x_wconf 89' lang='lat'><strong>-</strong></span> 
     </span>
    </p>
   </div>
   <div class='ocr_carea' id='block_1_116' title="bbox 1943 5202 3528 5276">
    <p class='ocr_par' dir='ltr' id='par_1_116' title="bbox 1943 5202 3528 5276">
     <span class='ocr_line' id='line_1_117' title="bbox 1943 5202 3528 5276; baseline -0.004 -11"><span class='ocrx_word' id='word_1_927' title='bbox 1943 5209 2159 5265; x_wconf 86' lang='lat' dir='ltr'><strong>hitrium</strong></span> <span class='ocrx_word' id='word_1_928' title='bbox 2192 5207 2479 5264; x_wconf 85' lang='lat' dir='ltr'><strong>vulnerare</strong></span> <span class='ocrx_word' id='word_1_929' title='bbox 2506 5220 2565 5262; x_wconf 88' lang='lat' dir='ltr'><strong>se</strong></span> <span class='ocrx_word' id='word_1_930' title='bbox 2595 5223 2611 5261; x_wconf 88' lang='lat'><strong>:</strong></span> <span class='ocrx_word' id='word_1_931' title='bbox 2639 5203 2735 5261; x_wconf 91' lang='lat' dir='ltr'><strong>sed</strong></span> <span class='ocrx_word' id='word_1_932' title='bbox 2771 5205 2881 5276; x_wconf 84' lang='lat' dir='ltr'><strong>jam</strong></span> <span class='ocrx_word' id='word_1_933' title='bbox 2917 5204 3187 5261; x_wconf 82' lang='lat' dir='ltr'><strong>vulnerata</strong></span> <span class='ocrx_word' id='word_1_934' title='bbox 3217 5212 3277 5259; x_wconf 90' lang='lat' dir='ltr'><strong>et</strong></span> <span class='ocrx_word' id='word_1_935' title='bbox 3316 5202 3528 5274; x_wconf 70' lang='lat' dir='ltr'><strong>saucia,</strong></span> 
     </span>
    </p>
   </div>
   <div class='ocr_carea' id='block_1_117' title="bbox 1942 5296 3530 5377">
    <p class='ocr_par' dir='ltr' id='par_1_117' title="bbox 1942 5296 3530 5377">
     <span class='ocr_line' id='line_1_118' title="bbox 1942 5296 3530 5377; baseline -0.005 -20"><span class='ocrx_word' id='word_1_936' title='bbox 1942 5316 2053 5377; x_wconf 74' lang='lat' dir='ltr'><strong>non</strong></span> <span class='ocrx_word' id='word_1_937' title='bbox 2088 5307 2172 5357; x_wconf 90' lang='lat' dir='ltr'><strong>est</strong></span> <span class='ocrx_word' id='word_1_938' title='bbox 2200 5299 2391 5356; x_wconf 81' lang='lat' dir='ltr'><strong>idonea</strong></span> <span class='ocrx_word' id='word_1_939' title='bbox 2430 5312 2525 5369; x_wconf 88' lang='lat' dir='ltr'><strong>per</strong></span> <span class='ocrx_word' id='word_1_940' title='bbox 2562 5297 2788 5353; x_wconf 86' lang='lat' dir='ltr'><strong>liberum</strong></span> <span class='ocrx_word' id='word_1_941' title='bbox 2824 5296 3100 5352; x_wconf 89' lang='lat' dir='ltr'><strong>arbitrium</strong></span> <span class='ocrx_word' id='word_1_942' title='bbox 3129 5310 3322 5351; x_wconf 87' lang='lat' dir='ltr'><strong>sanare</strong></span> <span class='ocrx_word' id='word_1_943' title='bbox 3357 5308 3435 5355; x_wconf 71' lang='lat' dir='ltr'><strong>se.</strong></span> <span class='ocrx_word' id='word_1_944' title='bbox 3476 5296 3530 5351; x_wconf 88' lang='lat' dir='ltr'><strong>Si</strong></span> 
     </span>
    </p>
   </div>
   <div class='ocr_carea' id='block_1_118' title="bbox 1944 5386 3531 5463">
    <p class='ocr_par' dir='ltr' id='par_1_118' title="bbox 1944 5386 3531 5463">
     <span class='ocr_line' id='line_1_119' title="bbox 1944 5386 3531 5463; baseline -0.004 -15"><span class='ocrx_word' id='word_1_945' title='bbox 1944 5392 2088 5448; x_wconf 86' lang='lat' dir='ltr'><strong>enim</strong></span> <span class='ocrx_word' id='word_1_946' title='bbox 2123 5390 2361 5463; x_wconf 84' lang='lat' dir='ltr'><strong>volueris</strong></span> <span class='ocrx_word' id='word_1_947' title='bbox 2397 5390 2817 5459; x_wconf 87' lang='lat' dir='ltr'><strong>intemperanter</strong></span> <span class='ocrx_word' id='word_1_948' title='bbox 2856 5387 3034 5441; x_wconf 87' lang='lat' dir='ltr'><strong>vivere</strong></span> <span class='ocrx_word' id='word_1_949' title='bbox 3073 5393 3133 5440; x_wconf 89' lang='lat' dir='ltr'><strong>ut</strong></span> <span class='ocrx_word' id='word_1_950' title='bbox 3172 5393 3435 5457; x_wconf 63' lang='lat' dir='ltr'><strong>aegrotes,</strong></span> <span class='ocrx_word' id='word_1_951' title='bbox 3465 5386 3531 5441; x_wconf 83' lang='lat' dir='ltr'><strong>ad</strong></span> 
     </span>
    </p>
   </div>
   <div class='ocr_carea' id='block_1_119' title="bbox 1947 5473 3529 5553">
    <p class='ocr_par' dir='ltr' id='par_1_119' title="bbox 1947 5473 3529 5553">
     <span class='ocr_line' id='line_1_120' title="bbox 1947 5473 3529 5553; baseline -0.006 -13"><span class='ocrx_word' id='word_1_952' title='bbox 1947 5486 2049 5541; x_wconf 89' lang='lat' dir='ltr'><strong>hoc</strong></span> <span class='ocrx_word' id='word_1_953' title='bbox 2091 5483 2361 5553; x_wconf 81' lang='lat' dir='ltr'><strong>medicum</strong></span> <span class='ocrx_word' id='word_1_954' title='bbox 2402 5495 2509 5538; x_wconf 89' lang='lat' dir='ltr'><strong>non</strong></span> <span class='ocrx_word' id='word_1_955' title='bbox 2548 5477 2819 5551; x_wconf 84' lang='lat' dir='ltr'><strong>requiris:</strong></span> <span class='ocrx_word' id='word_1_956' title='bbox 2857 5477 2925 5533; x_wconf 88' lang='lat' dir='ltr'><strong>ad</strong></span> <span class='ocrx_word' id='word_1_957' title='bbox 2967 5477 3140 5532; x_wconf 87' lang='lat' dir='ltr'><strong>labem</strong></span> <span class='ocrx_word' id='word_1_958' title='bbox 3181 5473 3384 5532; x_wconf 73' lang='lat' dir='ltr'><strong>sufﬁcis</strong></span> <span class='ocrx_word' id='word_1_959' title='bbox 3414 5475 3529 5531; x_wconf 89' lang='lat' dir='ltr'><strong>tibi.</strong></span> 
     </span>
    </p>
   </div>
   <div class='ocr_carea' id='block_1_120' title="bbox 1944 5567 3531 5643">
    <p class='ocr_par' dir='ltr' id='par_1_120' title="bbox 1944 5567 3531 5643">
     <span class='ocr_line' id='line_1_121' title="bbox 1944 5567 3531 5643; baseline -0.006 -11"><span class='ocrx_word' id='word_1_960' title='bbox 1944 5575 2080 5632; x_wconf 87' lang='lat' dir='ltr'><strong>Cum</strong></span> <span class='ocrx_word' id='word_1_961' title='bbox 2116 5582 2299 5631; x_wconf 85' lang='lat' dir='ltr'><strong>autem</strong></span> <span class='ocrx_word' id='word_1_962' title='bbox 2319 5574 2739 5643; x_wconf 82' lang='lat' dir='ltr'><strong>intemperanter</strong></span> <span class='ocrx_word' id='word_1_963' title='bbox 2762 5582 2927 5640; x_wconf 73' lang='lat' dir='ltr'><strong>agens</strong></span> <span class='ocrx_word' id='word_1_964' title='bbox 2950 5567 3179 5639; x_wconf 63' lang='lat' dir='ltr'><strong>carperis</strong></span> <span class='ocrx_word' id='word_1_965' title='bbox 3211 5580 3331 5623; x_wconf 85' lang='lat' dir='ltr'><strong>esse</strong></span> <span class='ocrx_word' id='word_1_966' title='bbox 3358 5582 3531 5641; x_wconf 66' lang='lat' dir='ltr'><strong>aegru-</strong></span> 
     </span>
    </p>
   </div>
   <div class='ocr_carea' id='block_1_121' title="bbox 1949 5646 3536 5735">
    <p class='ocr_par' dir='ltr' id='par_1_121' title="bbox 1949 5646 3536 5735">
     <span class='ocr_line' id='line_1_122' title="bbox 1949 5646 3536 5735; baseline -0.006 -14"><span class='ocrx_word' id='word_1_967' title='bbox 1949 5646 2053 5732; x_wconf 82' lang='lat' dir='ltr'><strong>tus,</strong></span> <span class='ocrx_word' id='word_1_968' title='bbox 2083 5678 2189 5721; x_wconf 86' lang='lat' dir='ltr'><strong>non</strong></span> <span class='ocrx_word' id='word_1_969' title='bbox 2215 5664 2294 5721; x_wconf 91' lang='lat' dir='ltr'><strong>sic</strong></span> <span class='ocrx_word' id='word_1_970' title='bbox 2323 5674 2475 5734; x_wconf 89' lang='lat' dir='ltr'><strong>potes</strong></span> <span class='ocrx_word' id='word_1_971' title='bbox 2497 5661 2567 5733; x_wconf 85' lang='lat' dir='ltr'><strong>ab</strong></span> <span class='ocrx_word' id='word_1_972' title='bbox 2587 5659 2898 5735; x_wconf 74' lang='lat' dir='ltr'><strong>aegritudine</strong></span> <span class='ocrx_word' id='word_1_973' title='bbox 2923 5659 3151 5719; x_wconf 86' lang='lat' dir='ltr'><strong>liberare</strong></span> <span class='ocrx_word' id='word_1_974' title='bbox 3168 5667 3239 5731; x_wconf 85' lang='lat' dir='ltr'><strong>te,</strong></span> <span class='ocrx_word' id='word_1_975' title='bbox 3264 5657 3536 5731; x_wconf 86' lang='lat' dir='ltr'><strong>quomodo</strong></span> 
     </span>
    </p>
   </div>
   <div class='ocr_carea' id='block_1_122' title="bbox 1949 5749 3533 5829">
    <p class='ocr_par' dir='ltr' id='par_1_122' title="bbox 1949 5749 3533 5829">
     <span class='ocr_line' id='line_1_123' title="bbox 1949 5749 3533 5829; baseline -0.006 -15"><span class='ocrx_word' id='word_1_976' title='bbox 1949 5754 2168 5829; x_wconf 85' lang='lat' dir='ltr'><strong>potuisti</strong></span> <span class='ocrx_word' id='word_1_977' title='bbox 2198 5770 2291 5826; x_wconf 78' lang='lat' dir='ltr'><strong>per</strong></span> <span class='ocrx_word' id='word_1_978' title='bbox 2323 5750 2785 5826; x_wconf 75' lang='lat' dir='ltr'><strong>intemperantiam</strong></span> <span class='ocrx_word' id='word_1_979' title='bbox 2816 5761 2868 5808; x_wconf 84' lang='lat' dir='ltr'><strong>te</strong></span> <span class='ocrx_word' id='word_1_980' title='bbox 2895 5751 2951 5808; x_wconf 86' lang='lat' dir='ltr'><strong>in</strong></span> <span class='ocrx_word' id='word_1_981' title='bbox 2993 5749 3361 5825; x_wconf 63' lang='lat' dir='ltr'><strong>egritudincm</strong></span> <span class='ocrx_word' id='word_1_982' title='bbox 3392 5762 3533 5823; x_wconf 80' lang='lat' dir='ltr'><strong>pra:-</strong></span> 
     </span>
    </p>
   </div>
  </div>
