3850 6188
413 363 507 423 85!
1652 355 1707 412 S.
1751 354 1885 412 AUC
1896 353 1985 412 US‘

2096 356 2114 411 ι
2154 356 2453 416 Ειιιεεοιιι
3523 382 3607 440 332

411 477 651 547 cipitatrc.
683 474 747 526 Et
779 480 953 525 tamen
986 467 1222 525 medicus
1249 468 1408 523 etiam
1432 481 1563 523 sano
1589 468 1829 539 praecipit
1859 481 1993 524 tem-

324 594 339 603 -
412 566 725 637 perantiann.
770 565 948 616 Bonus
985 560 1221 615 medicus
1248 558 1350 614 hoc
1390 558 1548 624 l'acit,
1597 574 1703 613 non
1733 560 1843 613 vult
1878 574 1997 614 esse

413 657 745 714 necessarius
769 654 1068 724 aegrotanti.
1090 653 1179 709 Sic
1197 653 1356 708 etiam
1381 652 1631 707 Dominus
1656 653 1797 707 Deus
1818 661 1996 707 creato

411 750 612 806 homini
656 749 770 803 sine
795 748 922 803 vitio
966 744 1371 817 temperantiam
1416 745 1706 815 praecipere
1748 744 1996 815 dignatus

409 853 525 896 est:
552 855 708 911 quam
740 839 792 893 si
838 839 924 893 ille
953 845 1221 893 servasset
1241 880 1255 903 ,
1288 836 1550 892 medicum
1584 846 1765 906 postea
1808 836 1995 891 morbo

409 947 511 985 suo
536 946 638 985 non
662 929 1008 985 desideraret.
1036 928 1140 984 Sed
1166 928 1286 998 quia
1310 942 1416 981 non
1438 927 1688 991 servavit,
1717 925 1995 996 languidus

409 1025 579 1077 l'acttts
603 1031 678 1076 est
699 1062 713 1087 ,
746 1022 969 1085 cecidit;
1004 1020 1244 1075 inﬁrmus
1272 1020 1471 1074 creavit
1501 1020 1761 1086 inﬁrmos,
1795 1019 1844 1074 id
1872 1030 1953 1075 εει
1976 1062 1990 1086 ,

411 1114 654 1167 inﬁrmus
694 1113 877 1183 genuit
907 1111 1164 1166 inﬁrmos.
1197 1111 1263 1166 Et
1292 1119 1467 1166 tamen
1523 1112 1576 1165 in
1612 1112 1861 1165 omnibus
1904 1111 1993 1180 qui

411 1215 701 1261 nascuntur
766 1206 990 1259 inﬁrmis
1028 1204 1166 1259 Deus
1195 1203 1333 1273 quod
1360 1203 1556 1257 bonum
1593 1214 1675 1258 est
1703 1212 1989 1272 operatur,

408 1297 687 1353 formando
713 1311 904 1367 corpus
924 1337 940 1365 ,
970 1281 1288 1350 viviﬁcando
1312 1308 1506 1365 corpus
1526 1337 1540 1359 ,
1574 1294 1821 1349 alimenta
1852 1308 1991 1363 pra:—

409 1388 613 1455 hcndu,
648 1387 877 1458 pluviam
908 1402 1058 1441 suam
1088 1396 1142 1442 et
1167 1387 1335 1442 solem
1370 1401 1524 1440 suum
1562 1400 1724 1456 super
1748 1386 1915 1441 bonos
1939 1396 1987 1441 et

409 1480 576 1534 malos
614 1478 828 1535 dando:
875 1494 978 1532 non
1018 1488 1107 1533 est
1138 1477 1278 1531 unde
1325 1484 1576 1531 accusent
1615 1476 1845 1541 bonum,
1894 1490 1993 1530 nec

408 1573 550 1627 mali.
584 1572 804 1642 Insuper
827 1572 987 1626 etiam
1009 1585 1179 1641 genus
1205 1569 1490 1623 humanum
1509 1568 1656 1638 justo
1680 1583 1776 1622 suo
1791 1567 1993 1638 judicio

404 1664 815 1720 cnttdemnatum
846 1663 1013 1718 noluit
1039 1663 1089 1715 in
1119 1662 1387 1717 interitum
1411 1659 1796 1730 sempiternum
1828 1656 1990 1713 relin-

404 1770 601 1822 quere:
632 1754 726 1809 sed
752 1754 895 1808 misit
919 1764 973 1808 et
995 1754 1279 1817 medicum,
1305 1752 1448 1806 misit
1469 1751 1818 1813 Salvatorem,
1847 1749 1992 1803 misit

404 1865 527 1902 cum
556 1847 644 1918 qui
670 1847 836 1917 gratis
864 1856 1106 1911 sanaret;
1136 1861 1323 1915 parum
1354 1853 1434 1898 est
1457 1844 1544 1915 qui
1569 1843 1734 1913 gratis
1756 1849 1987 1909 sanaret,

402 1943 491 1999 nni
515 1941 716 1995 sanatis
737 1939 895 1995 etiam
920 1938 1223 1994 mercedem
1248 1937 1416 1992 daret.
1440 1936 1581 1991 Nihil
1602 1934 1723 1991 addi
1746 1935 1811 1989 ad
1835 1935 1989 1989 istam

405 2031 827 2087 benevolentiam
858 2038 1051 2100 potest.
1095 2029 1223 2097 Quis
1249 2037 1331 2084 est
1357 2028 1445 2098 qui
1472 2026 1648 2082 dicat:
1675 2025 1869 2083 Sanem
1902 2036 1987 2094 te,

406 2133 462 2178 ot
494 2124 563 2177 do
600 2124 693 2177 tibi
733 2120 1076 2178 mercedem?
1103 2121 1313 2190 Optime
1351 2119 1493 2173 fecit.
1524 2117 1735 2172 Sciebat
1760 2116 1901 2172 enim
1931 2131 1990 2172 se

402 2216 618 2271 divitem
643 2217 852 2271 venisse
871 2214 935 2269 ad
960 2228 1242 2284 pauperem
1270 2230 1283 2266 :
1311 2219 1363 2267 et
1382 2218 1535 2266 sanat
1559 2221 1804 2280 a‘grotos,
1829 2217 1881 2264 ct
1905 2223 1992 2262 sa—

405 2308 542 2362 natis
568 2307 758 2368 donat,
789 2313 844 2360 et
879 2320 983 2358 non
1015 2303 1155 2358 aliud
1184 2318 1343 2373 quam
1372 2317 1429 2357 se
1455 2303 1625 2371 ipsum
1655 2300 1837 2355 donat.
1875 2299 1993 2356 Sal-

405 2412 557 2455 vator
580 2413 658 2454 εει
682 2398 1003 2469 adjutorium
1036 2396 1263 2467 languidi
1289 2438 1301 2461 ,
1331 2396 1446 2465 ipse
1472 2392 1714 2450 Salvator
1742 2404 1823 2449 εει
1850 2408 1988 2462 pra:-

404 2493 567 2545 naium
596 2491 785 2545 sinati.

479 2580 708 2636 CAPUT
746 2579 833 2635 ΙΙΙ.
860 2610 928 2618 ——
957 2579 1010 2633 5.
1028 2577 1244 2649 Legeuti
1267 2576 1500 2645 legitime.
1525 2574 1634 2630 Lex
1661 2576 1985 2647 paedagogus.

407 2702 480 2713 ---
509 2672 665 2743 Ergo,
693 2672 896 2742 fratres,
930 2664 1071 2741 quod
1102 2668 1261 2724 hodie
1285 2667 1539 2723 admoniti
1567 2668 1715 2731 estis,
1747 2667 1991 2723 debitores

402 2784 576 2821 sntnus
597 2783 699 2820 non
726 2766 886 2829 carni,
917 2774 969 2818 ut
995 2763 1269 2818 secundum
1296 2777 1497 2814 carnem
1517 2762 1760 2815 vivamus.
1783 2760 1860 2814 Ad
1888 2759 1990 2815 hoc

403 2857 546 2913 etaim
579 2858 742 2930 adjuti
771 2872 987 2922 sumus,
1016 2856 1081 2910 ad
1110 2855 1211 2910 hoc
1245 2855 1500 2924 Spiritum
1531 2854 1621 2909 Dei
1650 2853 1951 2923 accepimus
1970 2898 1985 2923 ,

401 2950 466 3003 ad
500 2952 600 3006 hoc
631 2951 789 3004 etiam
828 2949 879 3003 in
911 2948 1183 3003 laboribus
1214 2946 1409 3001 nostris
1437 2944 1802 3015 quotidianum
1834 2945 1979 3015 adju~

405 3043 595 3096 torium
640 3042 989 3110 postulamus.
1034 3038 1145 3093 Lex
1184 3038 1268 3093 cui
1308 3038 1541 3091 minatur
1572 3051 1675 3091 non
1721 3036 1989 3105 implendo

399 3132 543 3201 quod
570 3132 738 3203 jubet,
770 3147 889 3185 eum
927 3130 1051 3184 facit
1085 3143 1203 3185 esse
1228 3128 1326 3182 sub
1353 3142 1444 3181 se:
1479 3127 1531 3181 bi
1562 3135 1684 3181 sunt
1708 3127 1804 3181 sub
1831 3127 1945 3197 lege
1968 3169 1983 3194 ,

402 3237 509 3277 non
538 3223 636 3277 sub
658 3224 847 3293 gratia.
878 3220 1024 3275 Bona
1047 3229 1120 3275 est
1148 3219 1249 3287 lex,
1280 3220 1325 3272 si
1348 3220 1461 3288 quis
1490 3235 1548 3273 ea
1577 3218 1794 3285 legitime
1817 3228 1990 3272 utatur

400 3313 445 3381 (I
471 3312 607 3367 Tim.
639 3329 676 3379 ι,
704 3313 781 3382 8).
812 3312 947 3379 Quid
973 3321 1205 3380 estergo
1232 3308 1464 3381 legitime
1494 3309 1567 3362 uti
1596 3308 1752 3379 lege?
1780 3309 1883 3363 Per
1907 3308 1987 3363 le-

399 3421 518 3477 gem
542 3419 832 3475 agnoscere
861 3403 1102 3458 morbum
1131 3417 1286 3457 suum
1306 3443 1319 3465 ,
1352 3410 1407 3455 et
1431 3415 1671 3471 quaerere
1696 3399 1762 3454 ad
1791 3400 1988 3454 sanita-

400 3508 504 3553 tem
531 3498 766 3552 divinum
791 3496 1132 3567 adjutorium.
1155 3494 1308 3562 Quia,
1333 3494 1469 3549 sicut
1492 3493 1617 3557 dixi,
1651 3500 1706 3549 et
1730 3508 1873 3564 saepe
1901 3493 1986 3548 di-

397 3588 624 3644 cendum
652 3597 769 3654 est,
815 3587 876 3643 Si
918 3587 1001 3641 lex
1034 3597 1196 3657 posset
1222 3586 1505 3654 viviﬁcare.
1548 3584 1750 3638 omnino
1777 3601 1841 3638 ea:
1880 3584 1990 3656 lege

397 3688 523 3736 esset
557 3679 797 3750 justitia:
823 3692 922 3743 nec
963 3685 1293 3748 qua'reretur
1328 3676 1592 3740 salvator,
1642 3690 1739 3729 nec
1781 3676 1987 3730 veniret

397 3772 663 3838 Christus,
692 3787 790 3827 nec
818 3771 1074 3841 sanguine
1098 3783 1197 3824 suo
1232 3783 1384 3822 ovctn
1413 3766 1669 3837 perditam
1699 3778 1981 3836 quaereret.

395 3864 485 3919 Sic
522 3864 663 3918 enim
703 3862 834 3919 dicit
865 3862 969 3916 alio
1007 3862 1123 3915 loco
1160 3859 1299 3914 idem
1325 3859 1632 3929 apostolus:
1666 3857 1803 3912 Nam
1827 3859 1872 3913 si
1896 3876 1987 3928 per

397 3958 554 4029 legem
582 3957 796 4023 iustitia,
826 3971 943 4026 ergo
970 3952 1198 4008 Christus
1226 3952 1383 4024 gratis
1422 3961 1648 4005 mortuus
1677 3961 1746 4005 est
1788 3949 1981 4022 (Colat.

397 4067 454 4111 ιι,
483 4050 597 4121 21).
634 4050 763 4116 Quae
792 4048 951 4119 igitur
975 4046 1177 4102 utilitas
1206 4044 1357 4116 legis,
1389 4043 1605 4115 etquod
1627 4041 1985 4112 adjutorium?

395 4141 528 4206 Quia
547 4138 792 4206 conclusit
832 4139 1102 4208 Scriptura
1130 4137 1299 4191 omnia
1322 4134 1413 4191 sub
1438 4142 1658 4206 peccato,
1689 4141 1743 4187 ut
1765 4135 1982 4205 promis-

395 4237 470 4288 sio
495 4250 558 4288 ea:
586 4234 686 4302 ﬁde
714 4231 840 4304 Iesu
861 4232 1050 4287 Christi
1075 4231 1283 4304 daretur
1306 4229 1639 4284 credentibus.
1667 4227 1851 4299 Itaque
1877 4228 1978 4294 lex,

394 4326 592 4396 inquit,
622 4303 929 4395 pwdagogus
952 4303 1118 4377 nosteir
1143 4332 1247 4377 erat
1282 4323 1336 4375 in
1373 4320 1572 4376 Christo
1597 4319 1722 4373 Jesu
1754 4318 1861 4389 (Id.
1890 4335 1979 4383 ιιι,

392 4418 510 4487 24).
550 4417 629 4471 Ex
672 4416 769 4470 ista
799 4414 1144 4470 similitudine
1188 4428 1301 4468 rem
1344 4412 1411 4467 de
1438 4427 1540 4482 qua
1566 4413 1772 4480 loquor,
1805 4419 1981 4465 atten-

392 4508 522 4562 dite.
553 4505 878 4576 Pandagogus
909 4519 1127 4573 pucrmn
1158 4519 1261 4557 nou
1287 4501 1430 4556 ducit
1455 4501 1520 4554 ad
1547 4517 1607 4554 se
1641 4503 1813 4571 ipsum
1832 4542 1846 4564 ,
1887 4503 1980 4555 sed

393 4600 460 4655 ad
487 4599 794 4671 magistrum
821 4616 834 4651 :
862 4595 956 4651 sed
983 4612 1102 4651 cum
1126 4612 1259 4665 puer
1279 4594 1413 4649 bene
1443 4593 1838 4662 institutusjam
1861 4610 1978 4649 crc-

394 4693 551 4756 verit,
584 4694 682 4748 sub
709 4690 994 4763 paedagogo
1024 4706 1127 4744 non
1150 4690 1269 4744 erit.

460 4784 687 4842 CAPUT
724 4782 813 4839 IV.
850 4814 922 4824 --
953 4785 1006 4838 4.
1051 4782 1196 4854 Legis
1247 4781 1457 4835 utilitas.
1499 4780 1757 4834 Tractans
1795 4779 1864 4834 de
1894 4779 1979 4834 his

392 4877 683 4947 Apostolus
712 4876 872 4932 etiam
918 4875 1025 4929 alio
1066 4876 1183 4930 loco
1212 4892 1226 4928 :
1257 4872 1410 4928 valde
1447 4873 1588 4927 enim
1620 4871 1831 4926 assidue
1880 4871 1980 4926 hoc

389 4950 887 5033 commendatased
919 4968 1116 5021 utinam
1149 4980 1255 5021 non
1285 4963 1488 5019 surdis!
1520 4961 1856 5029 commendat
1881 4975 1978 5014 au-

390 5071 497 5115 tem
530 5059 630 5114 hoc
657 5058 891 5121 assidue,
923 5055 1305 5112 commendans
1333 5054 1489 5111 ﬁdem
1534 5052 1823 5118 Gentibus;
1857 5051 1978 5121 quia

390 5151 494 5206 ﬁde
534 5150 819 5220 impetrant
860 5147 1203 5218 adjutorium,
1253 5154 1311 5199 ιιι
1351 5144 1605 5214 impleant
1644 5143 1836 5212 legem,
1868 5156 1977 5195 non

387 5258 481 5311 per
500 5241 691 5311 legem,
713 5238 808 5295 sed
840 5239 979 5294 vires
1003 5235 1254 5307 implendi
1286 5236 1631 5303 impetrantes
1663 5248 1757 5302 per
1785 5231 1968 5285 ﬁdem:

388 5331 453 5386 ad
500 5331 603 5387 hoc
628 5330 843 5386 assidue
869 5328 998 5385 dicit
1034 5335 1089 5383 et
1118 5324 1456 5382 commendat
1504 5324 1600 5377 ista
1646 5322 1933 5393 Apostolus
1959 5364 1974 5388 ,

388 5434 606 5492 propter
631 5421 866 5485 Judaeos,
909 5420 996 5491 qui
1038 5419 1105 5475 de
1146 5419 1263 5488 lege
1306 5416 1688 5486 gloriabantur,
1728 5424 1781 5468 et
1809 5414 1979 5468 libero

389 5531 487 5569 suo
507 5515 726 5570 arbitrio
754 5516 923 5584 legem
949 5511 1197 5567 sulﬁccre
1213 5509 1607 5564 arbitrabantur
1636 5525 1648 5560 :
1676 5522 1736 5561 ac
1762 5523 1855 5576 per
1877 5506 1977 5561 hoc

388 5610 508 5676 quia
535 5609 702 5662 libero
731 5624 830 5662 suo
856 5607 1074 5662 arbitrio
1097 5607 1264 5677 legem
1291 5604 1533 5659 sufﬁt-ere
1560 5602 1973 5669 arbitrabantur,

395 5697 690 5765 Ignormnes
718 5695 813 5750 Dei
835 5697 1108 5765 justitiam,
1144 5697 1193 5750 id
1222 5707 1321 5758 est,
1354 5712 1416 5749 ex
1453 5694 1555 5748 ﬁde
1595 5694 1850 5763 justitiam
1878 5694 1972 5747 da-

387 5800 494 5853 tam
518 5802 551 5839 a
579 5792 704 5851 Deo,
737 5800 783 5840 ct
813 5804 953 5839 suam
984 5788 1197 5842 uolentes
1242 5798 1477 5856 statuere,
1522 5786 1669 5856 quasi
1700 5784 1808 5841 suis
1848 5786 1973 5841 viri—

2113 471 2211 527 bus
2239 473 2532 543 implt-tam,
2563 491 2665 530 non
2693 475 2954 534 clamante
2978 478 3075 539 ﬁde
3104 481 3608 560 itnpctratam,justitia

2106 561 2221 629 Dei,
2269 567 2404 620 sicut
2446 566 2592 634 dicit,
2644 585 2742 622 non
2786 580 2901 623 sunt
2941 572 3159 642 subjecti.
3209 574 3341 631 Finis
3367 582 3480 634 enim
3514 587 3612 657 legis

2104 653 2355 722 Christus,
2385 657 2478 722 ait,
2507 658 2576 711 ad
2607 659 2864 728 justitiam
2891 665 3027 715 omni
3054 665 3262 719 credenti
3295 667 3450 737 (Rom.
3479 689 3525 735 χ,
3553 653 3609 741 i5,

2104 746 2181 815 Δ).
2218 747 2354 817 Ergo
2384 764 2502 803 cum
2532 750 2599 805 dc
2626 749 2708 805 his
2736 760 2944 817 tractat,
2977 761 3210 824 opposuit
3239 759 3351 823 sibi,
3379 761 3495 825 Quid
3520 745 3612 833 ea";

2103 839 2226 894 lex?
2252 840 2435 908 Quasi,
2464 844 2593 910 Quae
2642 846 2834 899 utilitas
2859 846 3033 917 legis?
3062 848 3332 919 Respondit
3361 872 3373 908 :
3407 853 3612 911 Prwrari.

2102 932 2313 987 rationis
2340 935 2505 1004 gratia
2533 937 2692 1002 posita
2723 947 2814 991 est.
2850 937 2960 994 [Ioc
2983 949 3060 994 est
3084 943 3216 1011 quod
3243 944 3360 999 dicit
3382 947 3508 1011 alibi,
3531 934 3612 1004 Lat

2101 1025 2415 1089 subintravit,
2444 1035 2496 1078 ut
2516 1027 2794 1082 abundaret
2814 1029 3069 1085 delictum.
3102 1031 3165 1086 Et
3194 1034 3258 1087 ibi
3278 1035 3392 1105 quid
3415 1038 3615 1094 addidit?

2104 1110 2202 1167 Ubi
2230 1124 2397 1168 autem
2438 1116 2711 1171 abundarit
2753 1118 3010 1183 delictum,
3049 1123 3443 1190 superabundavit
3485 1130 3616 1199 gratia

2101 1202 2212 1273 (Id.
2236 1220 2289 1266 v,
2321 1206 2436 1275 9.0).
2484 1207 2615 1274 Quia
2647 1209 2698 1263 in
2730 1209 2927 1266 leviore
2962 1212 3264 1283 aegritudine
3290 1222 3615 1274 contemnebat.

2101 1302 2187 1347 tur
2210 1295 2528 1365 adjutorium
2578 1298 2855 1354 medicina:
2887 1318 2900 1354 :
2935 1301 3098 1355 crevit
3129 1304 3352 1370 morbus,
3392 1316 3438 1361 et
3463 1311 3617 1377 qttmsi-

2100 1394 2185 1441 tus
2210 1396 2292 1442 est
2317 1388 2571 1444 medicus.
2604 1390 2740 1456 Quid
2766 1409 2883 1463 ergo
2905 1394 3026 1449 lex?
3053 1394 3465 1455 Prwuaricationis
3489 1404 3618 1470 gratia

2099 1478 2264 1547 posita
2324 1489 2446 1533 est:
2477 1480 2616 1536 unde
2674 1481 3042 1540 humiliarctur
3097 1488 3267 1542 cervix
3319 1493 3617 1560 superborum

2098 1569 2321 1624 multum
2367 1572 2467 1626 sibi
2518 1573 2879 1641 tribuentium,
2921 1587 2975 1632 et
3023 1579 3272 1635 voluntati
3318 1597 3418 1636 sua:
3458 1594 3619 1638 tantum

2097 1664 2478 1732 arrogantium,
2510 1676 2567 1721 ut
2604 1667 2704 1723 sibi
2745 1668 2969 1725 liberum
3011 1671 3281 1726 arbitrium
3323 1690 3463 1743 posse
3501 1686 3621 1744 puta-

2097 1766 2215 1809 rent
2255 1755 2323 1810 atd
2361 1756 2618 1825 justitiam
2669 1759 2915 1817 sufﬁcere
2947 1777 2964 1816 :
2994 1778 3113 1835 quae
3162 1772 3281 1818 tunc
3323 1766 3511 1835 quando
3535 1779 3623 1821 erat

2098 1846 2298 1917 integra
2340 1848 2601 1915 libertate,
2646 1851 2697 1905 id
2726 1860 2829 1919 est,
2865 1853 2917 1907 iu
2965 1854 3227 1924 paradiso,
3268 1857 3480 1910 ostendit
3515 1860 3623 1912 ιιι-υς

2096 1950 2239 2005 suas,
2262 1939 2493 1993 ostendit
2522 1950 2774 2010 quantum
2802 1953 3039 2012 possent,
3067 1943 3169 1999 sed
3189 1945 3253 1999 ad
3274 1946 3527 2011 rucndutn,
3544 1963 3624 1999 non

2095 2027 2162 2081 ad
2186 2030 2530 2099 surgendum.
2560 2030 2669 2086 Lex
2705 2047 2834 2104 ergo
2861 2035 3283 2102 praevaricationis
3309 2037 3459 2107 gratia
3497 2036 3625 2105 posita

2095 2127 2188 2186 est,
2220 2119 2377 2173 donec
2406 2122 2590 2175 veniret
2618 2139 2784 2177 semen
2824 2126 2908 2177 cui
2937 2127 3238 2195 promissum
3264 2137 3351 2192 est,
3379 2127 3626 2197 dispositum

2096 2226 2185 2281 per
2213 2211 2429 2281 Angelos
2463 2213 2516 2267 in
2549 2230 2701 2268 manu
2728 2213 3046 2272 Mediatoris.

2164 2302 2392 2359 CAPUT
2432 2304 2495 2359 ν.
2528 2335 2599 2345 -
2634 2306 2687 2362 5.
2738 2305 3039 2363 Mediatoris
3073 2308 3352 2363 necessitas.
3382 2306 3517 2361 Fides
3537 2307 3627 2362 latu-

2097 2393 2278 2448 dabilis
2314 2412 2427 2466 qua:
2450 2397 2547 2450 sit.
2587 2428 2661 2437 —
2686 2396 2941 2453 Mediator
2975 2409 3150 2454 autent
3205 2401 3350 2453 unius
3398 2415 3488 2452 non
3537 2409 3629 2453 est:

2097 2484 2235 2540 Deus
2258 2496 2422 2541 autem
2442 2505 2574 2543 unus
2594 2499 2666 2543 est
2694 2488 2890 2561 (Galat.
2917 2507 2997 2556 tn,
3037 2493 3126 2557 19,
3148 2491 3262 2562 20).
3287 2490 3416 2558 Quid
3438 2499 3527 2555 est,
3551 2490 3633 2543 lle-

2096 2576 2264 2631 diator
2286 2579 2434 2633 unius
2453 2596 2553 2633 non
2580 2581 2696 2634 est?
2718 2580 2850 2646 Quia
2873 2582 3011 2637 inter
3043 2583 3178 2637 duos
3208 2582 3382 2651 utique
3420 2580 3635 2635 mediator

2095 2677 2196 2723 est.
2228 2669 2285 2725 Si
2332 2685 2470 2724 unus
2514 2681 2596 2726 est
2621 2671 2782 2736 Deus,
2829 2680 2882 2727 et
2912 2673 3187 2727 mediator
3228 2688 3329 2727 non
3367 2681 3443 2727 est
3479 2671 3632 2733 unius;

2097 2759 2236 2814 inter
2259 2760 2383 2831 quid
2412 2770 2467 2816 et
2495 2761 2658 2818 Deum
2689 2764 2977 2833 quaerimus
3005 2764 3357 2819 mediatorem
3377 2763 3400 2816 ‘l
3421 2763 3525 2832 quia
3550 2777 3635 2813 me—

2095 2853 2264 2907 diator
2291 2856 2442 2909 unius
2480 2872 2579 2909 non
2617 2864 2710 2923 est,
2742 2855 2881 2911 Deus
2902 2868 3081 2912 autem
3112 2873 3241 2912 unus
3272 2866 3361 2911 est.
3390 2856 3518 2910 inter
3538 2850 3638 2923 quid

2095 2953 2145 2998 et
2167 2944 2292 3015 quid
2320 2946 2389 2999 sit
2408 2945 2687 3012 mediator,
2711 2947 3010 3001 invenimus
3042 2950 3159 3018 ipso
3187 2947 3431 3018 Apostolo
3446 2945 3635 2999 dicente:

2099 3032 2248 3089 Unus
2288 3037 2421 3090 enim
2455 3034 2609 3100 Deus,
2658 3046 2703 3090 et
2747 3055 2879 3093 unus
2903 3039 3159 3093 mediator
3206 3038 3301 3092 Dei
3326 3036 3635 3097 ethominum,

2095 3125 2245 3179 homo
2283 3124 2511 3181 Christus
2535 3125 2686 3180 Jesus
2720 3126 2760 3200 (I
2796 3127 2926 3181 Tim.
2970 3144 3036 3195 tt,
3084 3128 3163 3201 5).
3211 3128 3266 3183 Si
3297 3144 3396 3181 non
3434 3127 3637 3194 jaoeres,

2094 3217 2442 3273 mediatorem
2471 3219 2830 3274 necessarium
2860 3235 2967 3273 non
2996 3219 3230 3276 haberes
3261 3236 3275 3273 :
3304 3218 3417 3289 quia
3442 3229 3553 3270 vero
3572 3213 3637 3282 ja-

2092 3327 2203 3375 ces,
2230 3322 2285 3367 et
2321 3328 2536 3382 surgere
2560 3328 2663 3367 non
2695 3308 3252 3383 potes,'mediatorem
3280 3311 3493 3382 quodam
3516 3304 3643 3361 modo

2095 3403 2233 3459 Deus
2264 3403 2357 3458 tibi
2389 3404 2629 3473 porrexit
2656 3404 2931 3460 brachium
2964 3420 3151 3461 suum.
3190 3404 3253 3459 Et
3294 3402 3534 3458 brachium
3555 3397 3641 3451 Do-

2093 3495 2219 3549 mini
2237 3495 2319 3548 cui
2346 3495 2612 3549 revelatum
2637 3504 2710 3550 est
2741 3494 2891 3565 (Isai.
2917 3511 3033 3561 Lm,
3062 3497 3142 3565 i)?
3171 3495 3339 3551 Nemo
3362 3506 3480 3562 ergo
3501 3489 3643 3544 dicat:

2093 3586 2353 3654 Quoniam
2384 3603 2491 3641 non
2534 3603 2719 3642 sumus
2748 3588 2848 3641 sub
2878 3588 3015 3659 lege,
3071 3588 3167 3644 sed
3209 3587 3308 3642 sub
3335 3585 3520 3657 gratia;
3545 3592 3644 3648 ergo

2094 3693 2394 3748 peccemus,
2423 3693 2550 3748 ergo
2566 3678 2717 3749 quod
2759 3679 3005 3733 volmnus
3041 3680 3320 3735 faciamus.
3362 3676 3459 3745 Qui
3481 3674 3569 3728 hoc
3586 3670 3649 3725 di-

2091 3769 2186 3834 eit,
2209 3768 2575 3839 aegritudinem
2603 3777 2767 3836 amat,
2792 3784 2897 3823 non
2921 3770 3235 3825 sanitatem.
3269 3768 3446 3824 Gratia
3470 3761 3649 3820 medici-

2092 3880 2160 3920 na
2184 3873 2286 3919 est.
2312 3863 2413 3930 Qui
2456 3864 2567 3918 vult
2590 3878 2802 3934 semper
2825 3871 3117 3934 aegrotare,
3156 3864 3399 3935 ingratus
3423 3867 3499 3915 est
3515 3852 3651 3911 medi-

2042 3985 2048 3996 -
2091 3960 2246 4015 cinae.
2289 3957 2446 4029 Ergo,
2469 3961 2672 4029 fratres,
2701 3964 2918 4026 accepto
2942 3955 3237 4027 adjutorlo,
3272 3964 3508 4025 porrecto
3528 3945 3651 4003 nobis

2090 4049 2319 4119 desuper
2341 4048 2524 4103 divino
2565 4047 2787 4114 auxilio,
2822 4045 3045 4102 brachio
3074 4046 3313 4111 Domini,
3344 4054 3399 4100 et
3422 4043 3531 4113 ipso
3549 4037 3649 4092 bra~

2089 4142 2212 4197 chio
2242 4140 2448 4195 Domini
2487 4146 2734 4209 porrecto
2763 4138 2917 4193 nobis
2959 4138 3168 4193 auxilio
3193 4137 3396 4207 Spiritu
3424 4128 3648 4190 saneto‘,

2089 4233 2335 4286 debitores
2361 4248 2534 4287 sumus
2574 4247 2673 4284 non
2696 4231 2857 4297 carni,
2887 4237 2941 4283 ut
2961 4232 3250 4284 secundum
3284 4242 3482 4283 cantent
3504 4220 3641 4277 ambi-

2091 4322 2268 4377 lentus.
2320 4322 2453 4389 Quia
2485 4321 2618 4378 ﬁdes
2642 4322 2778 4376 bene
2810 4320 3020 4390 operari
3066 4337 3181 4378 non
3231 4328 3423 4391 potest,
3455 4314 3543 4371 nisi
3579 4324 3653 4379 per

2088 4415 2450 4469 dilectionem.
2478 4413 2592 4483 Ipsa
2620 4423 2703 4469 est
2744 4413 2887 4467 enim
2919 4411 3158 4466 ﬁdelium
3205 4411 3365 4477 ﬁdes,
3395 4423 3461 4463 ne
3484 4405 3546 4459 sit
3567 4402 3653 4455 (ιιι.

2089 4521 2304 4560 monum
2334 4506 2464 4561 ﬁdes
2498 4523 2511 4558 ε
2548 4504 2669 4573 quia
2697 4513 2750 4559 et
2790 4503 3062 4558 daemones
3094 4502 3349 4567 credunt,
3378 4507 3433 4555 ct
3473 4501 3653 4551 contre-

2088 4599 2319 4654 miscunt
2344 4596 2544 4671 (Jacobi
2571 4613 2627 4655 ιι.
2659 4596 2767 4665 l9).
2801 4596 2893 4650 llla
2922 4603 3005 4650 cst
3033 4610 3169 4665 ergo
3202 4592 3486 4648 laudabilis
3510 4584 3620 4640 ﬁdes
3639 4622 3652 4645 ι

2088 4691 2199 4760 ipsa
2227 4698 2310 4745 est
2336 4705 2459 4744 vera
2488 4690 2669 4760 gratiae
2698 4688 2849 4753 hdcs,
2897 4702 3016 4757 quae
3062 4703 3167 4757 per
3193 4686 3530 4741 dilectionem
3554 4690 3655 4744 ope

2088 4790 2235 4837 ratur
2261 4781 2453 4855 (Colat.
2479 4796 2534 4847 v,
2566 4780 2647 4851 6).
2677 4779 2747 4835 Ut
2769 4787 2946 4834 autem
2977 4778 3282 4834 habeamus
3316 4774 3654 4849 dilectionem,

2086 4882 2141 4928 et
2167 4888 2232 4928 ex
2260 4888 2321 4928 ea
2350 4871 2615 4942 possimus
2654 4870 2850 4926 habere
2875 4871 3066 4930 bonam
3097 4868 3495 4940 Operationem,
3528 4873 3656 4917 nuut-

2085 4963 2212 5033 quid
2243 4978 2359 5018 eam
2409 4962 2563 5017 nobis
2595 4962 2725 5016 dare
2771 4976 2876 5016 non
2929 4976 3241 5030 possumus,
3276 4975 3401 5014 cum
3430 4954 3653 5021 scriptum

2086 5055 2191 5118 sit,
2236 5054 2465 5109 Charitas
2509 5052 2605 5107 Dei
2644 5051 2834 5119 (li/fusa
2875 5063 2947 5106 est
2987 5054 3036 5105 in
3085 5042 3334 5107 cordibus
3374 5045 3548 5103 nostris
3586 5054 3660 5111 per

2089 5146 2340 5214 Spiritum
2354 5156 2582 5198 sanctum
2605 5146 2692 5217 qui
2716 5144 2866 5198 datus
2891 5155 2963 5199 est
2984 5144 3128 5197 nobis
3151 5142 3339 5217 (Rom.
3363 5157 3416 5207 ι’,
3444 5136 3523 5207 5)?
3540 5133 3657 5185 (Ἆπιν

2088 5238 2215 5292 ritas
2256 5253 2425 5308 usque
2449 5237 2584 5293 adeo
2626 5245 2709 5293 est
2749 5240 2946 5292 donum
2986 5238 3112 5303 Dei,
3158 5247 3221 5291 ut
3249 5238 3392 5292 Deus
3428 5236 3657 5289 vocetur.

2087 5329 2328 5399 apostolo
2342 5328 2546 5383 Joanne
2563 5328 2794 5391 dicente,
2815 5328 2953 5383 Deus
2978 5328 3210 5383 charitas
3225 5341 3321 5395 est,
3350 5334 3397 5380 et
3411 5323 3494 5396 qui
3514 5319 3659 5373 mam?!

2152 5547 2488 5610 [Fossatensis
2508 5546 2694 5610 cedes,
2704 5552 2748 5595 et
2769 5559 2877 5596 cum
2901 5560 3003 5610 ipso
3022 5543 3229 5610 brachio
3256 5537 3658 5610 nontini_p0t't’ft’¢_0

2085 5606 2215 5678 nobis
2232 5593 2746 5678 aeneamajéiami
2772 5593 3324 5678 itas-i533ubertatis;
3361 5610 3404 5653 et
3435 5593 3533 5678 ipso
3549 5593 3654 5678 fit:

2200 5655 2211 5657 —
2219 5655 2403 5733 Domini
2717 5655 2853 5733 turbis
2867 5655 3103 5721 misiliam
3126 5655 3211 5731 sui
3218 5655 3277 5733 iit
3285 5655 3338 5715 us
3355 5655 3517 5733 sancit.
3538 5655 3655 5733 εῇιγξξ

2084 5718 2220 5799 vero,
2243 5737 2286 5780 ct
2317 5718 2645 5793 ιρεὸίιιιιὲῖιιο
2686 5718 3121 5796 ιλυιιιίιιόγεῖἧῖρτιυ
3158 5718 3298 5779 iac-bis
3337 5728 3400 5775 ad
3440 5718 3651 5771 carinum

2085 5798 2261 5857 Sptt‘tltt
2286 5801 2462 5843 sancto.
