3850 6188
255 379 330 435 853
1637 367 1867 426 SERMO
1906 367 2081 425 CLVI.

248 495 281 547 in
296 494 548 557 elmntate,
570 492 623 545 in
648 489 751 545 Deo
766 497 951 557 manet,
977 498 1025 544 et
1050 487 1187 543 Deus
1208 488 1259 543 in
1275 503 1332 541 co
1354 485 1653 559 (lJoan.tv,
1686 484 1795 554 16).

298 582 510 640 CAPUT
536 582 748 638 Vl.——6.
779 580 1073 639 Secundum
1088 596 1290 636 carnem
1306 580 1466 634 vivere
1489 577 1681 633 niuium
1703 585 1796 631 est.

244 675 392 728 Anima
408 672 686 731 secundum
709 671 894 747 Deum,
908 688 1028 726 caro
1047 670 1320 726 secundum
1337 669 1558 724 animam
1574 668 1801 725 uiuat.—

242 767 369 837 lirgo,
383 766 593 836 fratres,
608 764 852 819 debitores
868 780 1041 818 sumus
1052 780 1153 817 non
1163 762 1304 817 carni
1309 804 1324 827 ,
1342 770 1396 817 ut
1405 760 1680 817 secundum
1693 775 1801 815 car-

237 873 326 910 nem
347 856 592 910 vivamus.
622 854 684 911 Si
704 855 837 909 enim
855 854 1127 910 secundum
1143 870 1346 909 carnem
1357 853 1598 920 uixeritis,
1614 852 1798 909 morie-

235 948 352 1002 mini.
381 946 502 1004 Non
517 948 644 1019 quia
661 962 786 1003 caro
801 948 817 979 ‘
835 947 1032 1002 malum
1057 955 1166 1002 est:
1183 961 1305 1001 nam
1329 953 1385 1001 et
1405 946 1515 1016 ipsa
1534 944 1624 1000 Dei
1648 959 1797 1001 crea-

232 1050 329 1094 tura
342 1048 448 1107 est,
471 1039 607 1096 etab
635 1054 701 1094 eo
718 1038 928 1094 condita
945 1053 975 1093 a
999 1054 1106 1108 quo
1123 1046 1179 1093 et
1202 1037 1417 1101 anima;
1442 1050 1541 1093 nec
1562 1035 1673 1100 illa,
1698 1050 1799 1093 nec

230 1132 303 1186 illa
325 1145 450 1201 pars
473 1130 585 1198 Dei,
615 1129 707 1186 sed
727 1137 782 1185 et
809 1129 897 1184 illa
915 1138 969 1184 ει
994 1129 1079 1184 illa
1100 1137 1343 1184 creatura
1363 1126 1481 1183 Dei.
1515 1126 1653 1197 Ergo
1671 1139 1798 1181 caro

228 1236 316 1274 ron
342 1229 425 1276 est
450 1220 651 1275 malum
684 1238 698 1274 :
725 1219 820 1276 sed
841 1219 1129 1276 secundum
1158 1233 1376 1275 carnem
1399 1218 1575 1274 vivere
1598 1217 1795 1272 malum

225 1321 312 1366 Cal.
341 1311 484 1366 Deus
513 1324 721 1366 summe
752 1310 921 1366 bonus
947 1318 1048 1379 est,
1077 1310 1199 1382 quia
1242 1325 1449 1366 summe
1475 1319 1557 1365 est
1581 1308 1671 1380 qui
1699 1309 1793 1376 ait,

225 1400 325 1473 Ego
348 1419 462 1456 sum
489 1401 575 1471 qui
599 1418 712 1456 sum
751 1399 944 1474 (Exod.
978 1406 1053 1467 Iit,
1087 1401 1198 1474 14).
1242 1402 1383 1458 Deus
1424 1416 1552 1472 ergo
1579 1415 1790 1457 summe

221 1493 381 1549 bonus
406 1503 490 1548 est
519 1511 533 1548 :
560 1493 732 1547 anima
757 1508 1009 1568 magnum
1032 1494 1252 1561 bonum,
1274 1493 1369 1550 sed
1397 1508 1502 1549 non
1529 1508 1796 1549 summum

221 1585 431 1638 bonum.
463 1582 595 1639 Cum
639 1594 815 1639 autem
844 1583 1016 1650 audis,
1055 1585 1193 1641 Deus
1231 1598 1440 1640 summe
1484 1584 1655 1640 bonus
1678 1593 1794 1651 εει,

218 1676 319 1731 noli
350 1684 542 1745 putare
569 1675 637 1732 de
663 1676 776 1733 Deo
816 1685 1017 1733 tantum
1049 1677 1207 1734 Patre
1232 1678 1451 1746 dictum,
1484 1678 1580 1735 sed
1608 1678 1674 1734 de
1700 1678 1799 1733 Pa-

217 1777 291 1822 tre
307 1778 360 1823 ct
385 1767 525 1823 Filio
544 1777 599 1823 et
621 1766 819 1838 Spiritu
844 1779 1051 1825 sancto.
1078 1769 1202 1826 Haec
1222 1770 1364 1826 enim
1382 1770 1615 1826 Trinitas
1637 1785 1796 1825 unum

213 1865 351 1923 sunt,
374 1866 431 1914 et
460 1873 596 1914 unus
610 1866 694 1915 est
723 1858 882 1923 Deus,
909 1870 964 1915 et
982 1874 1191 1916 summe
1216 1860 1387 1917 bonus
1407 1869 1504 1916 est.
1538 1859 1613 1916 Ita
1640 1859 1798 1930 plane

215 1966 344 2006 unus
375 1958 463 2007 est
494 1952 653 2018 Deus,
676 1960 729 2007 ut
758 1951 968 2023 quando
995 1953 1062 2009 de
1082 1953 1193 2024 ipsa
1219 1953 1479 2011 Trinitate
1504 1955 1798 2026 interroga-

213 2044 304 2110 ris,
338 2043 443 2099 hoc
470 2042 793 2115 respondeas
821 2062 836 2098 :
870 2060 940 2101 nc
973 2044 1106 2101 forte
1125 2059 1247 2101 cum
1267 2045 1521 2113 audieris,
1547 2046 1695 2103 Unus
1717 2055 1799 2102 εει

214 2134 349 2190 Deus
368 2176 384 2202 ,
414 2144 571 2206 putes
598 2135 769 2207 ipsum
804 2150 923 2192 esse
947 2136 1189 2205 Patrem,
1212 2136 1384 2207 ipsum
1414 2150 1532 2194 esse
1566 2136 1756 2191 Filium
1777 2177 1792 2204 ,

210 2229 381 2297 ipsum
394 2243 515 2284 esse
529 2228 778 2300 Spiritum
791 2238 1056 2286 sanetum.
1067 2229 1184 2286 Non
1202 2230 1273 2285 ita
1294 2240 1374 2286 est
1394 2248 1408 2284 :
1426 2229 1518 2286 sed
1531 2231 1621 2300 qui
1642 2231 1799 2285 Pater

209 2329 287 2373 est
303 2319 361 2373 in
376 2318 871 2387 illaTrinitate,non
886 2329 968 2376 est
983 2320 1277 2392 Filiuszqui
1294 2321 1459 2376 Filius
1475 2329 1557 2376 est
1595 2314 1650 2375 in
1707 2320 1796 2377 illa

208 2410 488 2479 Trinitate,
506 2426 611 2466 non
637 2420 716 2467 est
745 2411 900 2467 Pater
920 2413 1037 2482 :qui
1054 2411 1282 2482 Spiritus
1309 2419 1524 2468 sanctus
1539 2420 1622 2467 est
1637 2414 1688 2464 in
1708 2410 1795 2464 illa

210 2502 499 2573 Trinitate,
526 2518 626 2558 nec
646 2502 815 2558 Filius
843 2513 949 2569 εει,
978 2519 1077 2559 nec
1103 2504 1295 2568 Pater;
1323 2503 1416 2559 sed
1442 2502 1669 2574 Spiritus
1696 2501 1797 2557 Pa-

211 2594 324 2659 tris,
356 2593 602 2664 idemque
626 2593 853 2664 Spiritus
884 2594 1023 2650 Filii.
1067 2595 1185 2665 lpse
1212 2604 1294 2651 est
1336 2596 1477 2650 enim
1507 2608 1645 2650 unus
1670 2594 1795 2664 Spi-

220 2686 353 2740 ritus
381 2695 599 2742 sanctus
617 2695 671 2741 et
700 2686 872 2743 Patris
891 2697 943 2742 et
972 2686 1112 2755 Filii,
1137 2697 1435 2744 coaeternus
1461 2688 1603 2744 Patri
1627 2698 1681 2743 et
1705 2688 1796 2744 Fi-

216 2778 308 2842 lio,
362 2778 846 2845 consubstantialis,
899 2780 1135 2850 :equalis.
1185 2780 1310 2837 llaec
1357 2788 1466 2836 tota
1512 2780 1744 2837 Trinitas
1778 2823 1792 2847 ,

218 2885 353 2924 unus
379 2868 520 2925 Deus
544 2885 751 2926 summe
776 2871 967 2926 bonus.
1000 2871 1190 2929 Anima
1216 2886 1363 2939 vero,
1395 2872 1600 2942 utdixi,
1619 2884 1796 2929 creata

220 2977 246 3014 a
273 2979 477 3018 summo
522 2964 684 3030 bono,
742 2978 849 3018 non
901 2972 1077 3022 tamen
1122 2979 1388 3021 summum
1428 2965 1654 3033 bonum,
1700 2966 1795 3022 sed

221 3068 456 3123 magnum
481 3053 700 3109 bonum.
735 3053 862 3111 ltem
894 3070 1019 3111 caro
1042 3069 1141 3111 nec
1168 3070 1431 3111 summum
1454 3054 1672 3121 bonum,
1697 3071 1797 3111 nec

223 3158 456 3214 magnum
486 3144 718 3210 bonum;
747 3145 840 3200 sed
879 3155 1053 3202 tamen
1086 3163 1304 3217 parvum
1333 3146 1551 3202 bonum.
1601 3148 1792 3203 Anima

220 3249 342 3304 ergo
366 3250 609 3305 magnum
640 3235 859 3302 bonum,
887 3236 981 3292 sed
1013 3252 1117 3291 non
1148 3251 1417 3294 summum
1444 3237 1642 3293 bonum
1673 3255 1686 3293 :
1719 3238 1796 3292 vi-

220 3340 343 3379 vens
368 3327 501 3381 inter
523 3341 790 3381 summum
814 3328 1011 3383 bonum
1034 3336 1088 3383 et
1114 3343 1334 3398 parvum
1358 3329 1576 3396 bonum,
1605 3327 1657 3383 id
1683 3337 1791 3395 est,

220 3416 352 3471 inter
378 3418 540 3473 Deum
566 3427 620 3473 et
648 3434 886 3484 carnem,
914 3417 1134 3474 inferior
1160 3419 1289 3485 Deo,
1319 3435 1480 3476 carne
1507 3420 1751 3491 superior
1775 3436 1790 3486 ;

215 3523 374 3576 quare
393 3524 495 3564 non
525 3508 653 3563 vivit
676 3508 968 3567 secundum
994 3524 1263 3566 summum
1289 3511 1508 3580 bonum,
1536 3511 1631 3568 sed
1661 3511 1794 3568 vivit

213 3598 500 3653 secundum
533 3614 751 3669 parvum
782 3600 976 3654 bonum
995 3601 1019 3655 ?
1047 3600 1156 3656 Ποε
1177 3601 1383 3671 planius
1404 3602 1598 3657 dicitur
1620 3621 1635 3657 :
1657 3603 1796 3667 Qua-

215 3700 271 3741 re
300 3702 404 3741 non
456 3688 584 3743 vivit
628 3688 921 3744 secundum
956 3689 1141 3756 Deum,
1191 3691 1285 3746 sed
1335 3691 1460 3747 vivit
1503 3692 1798 3749 secundum

209 3783 466 3837 cirnem?
498 3781 733 3838 Debitrix
779 3783 918 3838 enim
949 3792 1031 3839 est
1058 3799 1164 3839 non
1207 3785 1380 3847 carni.
1422 3794 1481 3840 ut
1505 3786 1797 3842 secundum

208 3887 424 3928 carnem
455 3874 614 3929 vivat.
656 3874 795 3930 Caro
840 3874 999 3931 debet
1027 3875 1319 3931 secundum
1357 3876 1528 3946 ipsam
1572 3877 1750 3934 vivere
1777 3919 1794 3946 ,

208 3979 317 4019 non
368 3965 480 4037 ipsa
525 3965 814 4020 secundum
866 3980 1101 4021 carnem.
1155 3965 1272 4036 Ipsa
1320 3966 1462 4022 vivat
1505 3968 1797 4029 secundum

207 4054 402 4122 ipsam,
430 4072 551 4127 qua:
574 4056 700 4112 vivit
724 4057 791 4113 de
811 4058 942 4128 ipsa.
973 4058 1129 4115 Certe
1150 4074 1479 4132 unaquazque
1503 4061 1796 4122 secundum

206 4144 314 4199 hoc
344 4148 499 4211 vivat,
531 4146 670 4204 unde
698 4147 844 4202 vivit.
877 4146 1030 4205 Unde
1055 4150 1190 4204 vivit
1208 4164 1334 4206 caro
1362 4151 1493 4208 tua?
1522 4152 1596 4208 De
1620 4152 1796 4209 anima

205 4244 322 4289 tua.
361 4236 507 4293 Unde
534 4239 661 4294 vivit
687 4240 863 4293 anima
893 4238 1020 4294 tua?
1063 4240 1140 4299 De
1177 4241 1287 4307 Deo
1316 4248 1425 4300 tuo.
1454 4241 1797 4314 Unaqnzeque

205 4328 403 4383 harum
432 4330 723 4386 secundum
751 4331 911 4386 vitam
955 4345 1106 4387 suam
1148 4332 1308 4388 vivat.
1353 4333 1491 4392 Caro
1519 4336 1664 4391 enim
1696 4336 1797 4392 sibi

204 4434 317 4474 non
350 4431 432 4477 est
469 4422 574 4477 vita
606 4439 623 4488 ;
652 4423 746 4480 sed
777 4424 954 4480 aliima
978 4427 1155 4482 carnis
1180 4435 1264 4485 est
1304 4428 1432 4483 vita.
1480 4427 1670 4485 Anima
1695 4430 1797 4487 sibi

205 4528 320 4566 non
355 4523 440 4568 εει
467 4515 572 4569 vita
597 4533 610 4569 :
635 4515 729 4571 sed
760 4516 901 4582 Deus
930 4529 1011 4572 εει
1047 4518 1239 4579 anima:
1270 4519 1394 4575 vita.
1450 4520 1641 4575 Anima
1670 4536 1798 4592 ergo

184 4621 334 4681 qua:
358 4604 515 4662 debet
537 4607 824 4671 secundum
849 4609 1012 4667 Deum
1036 4610 1250 4677 vivere;
1278 4627 1382 4667 non
1403 4612 1546 4668 enim
1567 4612 1798 4669 debitrix

199 4706 291 4751 est
324 4700 494 4767 carni,
530 4707 588 4755 ut
624 4701 912 4758 secundum
940 4718 1156 4759 carnem
1189 4704 1329 4760 vivat
1363 4723 1376 4759 :
1409 4722 1536 4777 ergo
1563 4722 1682 4778 qua:
1709 4723 1796 4764 se-

197 4789 446 4844 arrident
490 4791 659 4850 Deum
707 4791 866 4848 debet
904 4794 1103 4863 vivere,
1131 4795 1176 4849 si
1224 4795 1518 4852 secundum
1544 4813 1604 4853 se
1628 4798 1797 4867 ipsam

201 4881 377 4947 vivat,
427 4881 643 4948 deﬁcit;
690 4883 979 4938 secundum
1029 4899 1245 4941 carnem
1298 4885 1424 4941 vivit
1457 4897 1509 4941 et
1554 4890 1788 4958 prolicit.

197 4972 366 5031 Tunc
390 4985 567 5031 autem
614 4985 758 5033 recte
795 4978 921 5032 vivit
966 4993 1093 5034 caro
1130 4978 1422 5035 secundum
1453 4981 1706 5048 animam,
1753 4983 1800 5037 si

201 5066 390 5122 anima
419 5068 865 5126 vivatsecundum
897 5070 1082 5127 Deum.
1108 5070 1241 5127 Nam
1268 5074 1314 5128 si
1342 5074 1538 5140 anima,
1559 5075 1801 5132 nondico

204 5158 507 5214 secundum
548 5174 783 5228 carnem,
810 5160 902 5216 sed
929 5161 1219 5218 seclmdum
1244 5179 1305 5220 se
1347 5164 1535 5235 ipsam,
1567 5172 1626 5226 ut
1667 5167 1797 5235 dixi,

211 5250 441 5305 voluerit
468 5250 647 5308 vivere
668 5267 683 5318 ;
711 5252 946 5308 dicturus
963 5254 1112 5309 vobis
1138 5270 1254 5310 sum
1267 5257 1393 5327 quid
1420 5258 1491 5312 sit
1508 5260 1805 5326 secundum.

210 5352 275 5393 se
305 5342 475 5411 ipsam
515 5342 693 5399 vivere
724 5361 738 5399 :
766 5344 966 5400 bonum
994 5354 1075 5400 est
1103 5346 1266 5415 enim,
1295 5356 1355 5402 ut
1384 5347 1485 5404 hoc
1510 5350 1762 5406 noveritis
1782 5393 1798 5419 ,

212 5441 273 5486 et
303 5434 458 5491 valde
481 5436 713 5492 salubre.

291 5524 523 5583 CAPUT
563 5527 669 5583 Vll.
688 5558 758 5568 —
779 5529 832 5583 7.
865 5529 1098 5600 Epicurei
1117 5532 1392 5587 secundum
1412 5549 1614 5590 carnem
1635 5536 1802 5590 viren-

212 5624 328 5685 tes,
384 5629 431 5672 et
492 5618 652 5675 Stoici
703 5622 975 5676 secundum
1025 5624 1265 5677 animam.
1334 5623 1573 5682 Fuerunt
1629 5626 1801 5696 philo-

288 5753 303 5778 ‘
321 5759 376 5821 _l_u
404 5750 540 5821 nul-.1;
562 5757 612 5800 et
628 5749 749 5800 Flori
785 5748 1094 5821 t‘ollectionc,
1128 5760 1242 5805 Jam
1261 5767 1409 5818 supra
1432 5757 1643 5821 dixerat,
1681 5767 1804 5809 Pru-

214 5809 382 5861 datlin
407 5812 563 5865 carnis
583 5826 709 5864 mors
727 5818 815 5866 est.
837 5820 936 5863 Non
958 5815 1069 5873 quia
1083 5809 1215 5873 caro.
1239 5809 1332 5869 etc;

3392 379 3497 436 85$

1908 483 2060 553 sopiti
2103 486 2283 542 saeculi
2334 486 2513 559 hujus,
2559 487 2648 544 alii
2679 497 2996 560 putaverunt
3047 507 3155 548 non
3210 507 3334 551 esse
3360 493 3489 550 bea-

1909 573 2209 643 titudinem,
2252 577 2354 633 nisi
2382 578 2672 634 secundum
2717 596 2933 637 carnem
2960 582 3159 652 vivere,
3201 575 3262 639 et
3294 585 3489 643 bonum

1909 664 2141 724 hominis
2167 669 2219 724 in
2248 669 2519 741 voluptate
2561 674 2803 743 corporis
2844 686 3154 746 posuerunt.
3199 676 3287 735 lsti
3315 680 3501 749 philo--

1906 760 2061 831 sophi
2087 761 2336 833 Epicurei
2363 764 2493 821 dicti
2529 776 2673 834 sunt,
2701 769 2769 824 ab
2796 769 3028 840 Epicuro
3054 769 3281 840 quodam
3307 782 3487 826 aucto.

1906 867 1987 920 re,
2016 854 2272 924 magistro
2303 870 2422 921 suo,
2455 868 2508 913 et
2534 858 2622 928 qni
2652 859 2742 937 alii
2787 860 2988 917 similes
3014 876 3222 917 eorum.
3253 862 3484 918 Ειειὶιε-

1906 952 2030 998 runt
2053 952 2229 1001 autem
2254 946 2343 1001 alii
2364 948 2600 1018 superbi,
2630 950 2832 1027 quasia
2856 965 3017 1007 carne
3045 965 3104 1008 se
3130 962 3485 1016 removentes.

1904 1045 1959 1091 et
1984 1045 2149 1093 totam
2178 1053 2327 1110 spem
2360 1040 2694 1097 beatitudinis
2719 1058 2830 1099 sure
2859 1044 2912 1098 in
2945 1045 3120 1101 anima
3158 1061 3253 1101 sua
3283 1050 3486 1105 constiv

1906 1134 2138 1197 tuentes,
2167 1140 2460 1200 posuerunt
2499 1146 2766 1188 summum
2810 1134 3007 1190 bonum
3037 1135 3088 1190 in
3133 1135 3328 1193 virtute
3369 1153 3486 1194 sua.

1908 1218 2101 1276 Vocem
2130 1221 2325 1277 Psalmi
2353 1224 2405 1279 in
2439 1225 2588 1280 vobis
2613 1225 2834 1283 adectns
2854 1227 3068 1299 pietatis
3091 1231 3304 1300 agnovit
3335 1248 3349 1284 :
3381 1234 3490 1287 sci-

1907 1311 1991 1379 tis,
2035 1314 2223 1381 nostis,
2255 1316 2542 1387 agnovistis
2569 1319 2835 1388 quomodo
2864 1319 3005 1375 irrisi
3050 1330 3176 1377 sunt
3216 1322 3268 1377 in
3298 1333 3488 1378 sancto

1905 1401 2135 1471 Psalmo,
2166 1406 2254 1476 qui
2293 1407 2552 1476 conﬁdunt
2583 1411 2632 1462 in
2658 1410 2835 1463 virtute
2856 1426 2951 1464 sua
2979 1409 3149 1484 (Psal.
3191 1428 3376 1479 xum,
3406 1415 3486 1485 7).

1904 1494 2060 1551 Tales
2087 1495 2299 1553 fuerunt
2333 1499 2656 1570 plxilosOphi,
2697 1501 2786 1571 qui
2818 1501 2981 1559 Stoici
3015 1505 3302 1576 nuncupati
3338 1516 3483 1563 sunt.

1904 1584 1984 1641 llli
2026 1588 2320 1663 secundum
2358 1605 2574 1647 carnem
2618 1593 2879 1662 viventes,
2924 1594 3011 1651 isri
3053 1598 3343 1652 secundum
3373 1600 3488 1654 ani-

1905 1690 2044 1732 mam
2073 1679 2331 1748 viventes,
2380 1697 2478 1737 nec
2508 1682 2580 1737 illi
2625 1684 2836 1766 ncejsti
2882 1686 3173 1743 secundum
3204 1688 3370 1743 Deum
3402 1690 3484 1745 vi-

1870 1801 1877 1809 -
1906 1777 2108 1823 ventes.
2140 1770 2263 1826 ideo
2288 1787 2410 1827 cum
2447 1772 2515 1829 ad
2556 1774 2742 1829 urbem
2782 1775 3207 1845 Atheniensium,
3236 1778 3324 1833 ubi
3370 1779 3486 1835 ista:

1905 1857 2340 1931 philosophorum
2382 1861 2674 1934 disciplima
2714 1864 2892 1921 studio
2919 1875 2973 1921 et
3009 1868 3347 1923 contentione
3383 1868 3487 1924 [ει-

1904 1951 2116 2015 vcbant,
2149 1954 2381 2010 venisset
2409 1956 2680 2026 apostolus
2730 1957 2943 2025 Paulus,
2992 1959 3132 2016 sicut
3173 1962 3226 2015 in
3265 1962 3487 2018 Actibus

1904 2042 2277 2111 Apostolorum
2315 2044 2537 2116 legitur;
2568 2046 2655 2103 ubi
2684 2062 2777 2103 vos
2813 2048 3020 2120 gaudeo
3047 2060 3288 2107 nostrum
3316 2068 3484 2123 agno-

1903 2132 2101 2191 scendo
2129 2142 2184 2190 ct
2212 2136 2496 2192 recolendu
2539 2138 2836 2209 praevenire
2880 2154 3204 2209 sermonem,
3250 2143 3387 2198 sicut
3415 2143 3485 2199 ibi

1903 2224 2157 2295 scriptum
2190 2236 2291 2292 est,
2319 2226 2648 2282 Contuierunt
2676 2246 2791 2284 cum
2817 2230 2907 2288 illo
2932 2232 3136 2301 quidam
3159 2233 3488 2305 philosopho-

1902 2330 2015 2367 rum
2043 2312 2405 2384 Epicureorum
2426 2327 2470 2372 et
2498 2316 2785 2377 Stoicorum
2806 2320 2944 2391 (Act.
2974 2337 3106 2388 xvu,
3138 2323 3229 2395 l8)
3259 2340 3271 2376 :
3301 2335 3487 2381 contu-

1904 2405 2076 2461 lerunt
2090 2421 2211 2462 cum
2230 2407 2321 2463 illo
2335 2409 2622 2465 secundum
2637 2425 2850 2467 carnem
2871 2412 3131 2482 viventes,
3149 2416 3488 2473 contulerunt

1901 2510 2021 2550 cum
2064 2495 2155 2551 illo
2197 2498 2488 2554 secundum
2532 2500 2763 2556 animam
2810 2502 3069 2571 viventes,
3100 2506 3324 2562 contulit
3362 2522 3484 2564 cum

1904 2587 2006 2643 illis
2056 2589 2346 2651 secundum
2410 2591 2574 2648 Deum
2623 2593 2825 2650 vivens.
2877 2595 3096 2653 Dicebat
3143 2597 3481 2670 Epicureus:

1900 2677 2021 2732 Mihi
2067 2678 2170 2734 frui
2210 2696 2392 2748 carne,
2440 2682 2636 2739 bonum
2677 2694 2779 2740 est.
2823 2685 3042 2742 Dicebat
3080 2686 3331 2745 Stoicus:
3360 2690 3485 2747 Mihi

1901 2768 2001 2825 frui
2030 2787 2145 2827 mea
2177 2782 2375 2839 mente,
2403 2773 2599 2829 bonum
2626 2783 2727 2831 est.
2764 2776 2980 2833 Dicebat
3004 2777 3330 2851 Apostolus:
3357 2781 3489 2838 Mihi

1900 2875 2065 2918 autent
2093 2865 2350 2922 adluerere
2373 2866 2501 2933 Deo,
2526 2867 2711 2924 bonum
2736 2880 2807 2926 est
2844 2869 3018 2940 (Psal.
3053 2889 3220 2941 Lxxu,
3252 2875 3368 2946 28).
3400 2876 3489 2931 Di-

1900 2954 2055 3011 cebat
2085 2956 2379 3027 Epicureus
2408 2977 2421 3013 :
2453 2959 2649 3016 Beatus
2678 2962 2829 3033 cujus
2852 2973 2935 3019 est
2961 2963 3011 3019 in
3042 2963 3218 3021 fructu
3244 2966 3489 3038 voluptas

1900 3047 2075 3102 carnis
2099 3047 2233 3119 ejus.
2262 3049 2482 3106 Dicebat
2506 3049 2714 3108 Stoicus
2745 3070 2758 3106 :
2794 3051 2906 3108 lzno
2929 3055 3119 3111 beatus
3141 3056 3292 3128 cujus
3321 3068 3403 3113 est
3429 3058 3482 3114 in

1903 3137 2070 3195 fructu
2104 3141 2269 3197 virtus
2297 3143 2489 3198 animm
2528 3143 2662 3213 ejus.
2694 3144 2910 3202 Dicebat
2939 3146 3225 3217 Apostolus
3252 3166 3265 3202 :
3295 3148 3488 3206 Beatus

1903 3233 2046 3302 cujus
2074 3242 2144 3289 est
2170 3250 2351 3290 nomen
2398 3234 2606 3291 Domini
2644 3254 2758 3309 spes
2786 3239 2917 3310 ejus.
2965 3240 3120 3296 Errat
3149 3241 3441 3313 Epicureus
3471 3262 3487 3299 :

1901 3324 2090 3380 falsum
2114 3334 2198 3382 est
2221 3327 2386 3395 enim,
2420 3343 2538 3385 esse
2576 3328 2845 3386 hominem
2875 3332 3111 3399 beatum,
3141 3334 3291 3404 cujus
3328 3345 3409 3391 est
3434 3335 3486 3390 in

1901 3415 2074 3472 fructu
2103 3420 2345 3489 voluptas
2386 3421 2562 3477 carnis
2590 3422 2723 3492 ejus.
2770 3422 2992 3485 Fallitur
3031 3433 3085 3480 et
3113 3424 3360 3485 Stoicus:
3387 3427 3484 3503 fal-

1902 3516 2019 3557 sum
2042 3510 2125 3558 est
2144 3506 2309 3569 enim,
2335 3510 2389 3558 et
2414 3505 2633 3560 omnino
2653 3505 3116 3563 mendosissimum
3142 3508 3243 3580 (α),
3272 3509 3485 3564 beatum

1901 3608 2020 3650 esse
2050 3594 2341 3662 hominem,
2370 3595 2521 3673 cujus
2551 3606 2632 3652 est
2656 3597 2707 3652 in
2736 3597 2907 3652 fructu
2934 3599 3102 3655 virtus
3128 3600 3318 3663 animm
3344 3600 3481 3669 ejus.

1900 3682 2090 3740 Beatus
2116 3700 2244 3757 ergo
2265 3687 2411 3757 cujus
2440 3696 2511 3742 est
2537 3703 2716 3744 nomen
2746 3686 2947 3743 Domini
2975 3705 3088 3761 spes
3114 3691 3243 3761 ejus.
3271 3690 3339 3745 Et
3363 3692 3485 3761 quia

1902 3776 1977 3833 illi
2005 3778 2126 3833 vani
2155 3788 2280 3834 sunt
2303 3789 2355 3834 ει
2383 3782 2712 3835 mentiuntur
2739 3797 2753 3834 :
2786 3777 2853 3833 Et
2891 3798 2992 3835 non
3022 3784 3260 3853 respexit,
3293 3782 3482 3853 inquit,

1901 3871 1954 3927 in
1974 3872 2217 3927 vanitates
2239 3881 2285 3926 et
2308 3873 2531 3926 insanias
2558 3873 2820 3928 mendaces
2848 3872 3019 3945 (Psal.
3054 3892 3235 3942 xxxix,
3261 3875 3342 3949 5).

1972 3961 2197 4018 CAPUT
2241 3961 2369 4016 Vill.
2402 3992 2476 4005 -—
2506 3963 2560 4019 8.
2600 3965 2781 4018 Anima
2825 3965 3101 4020 secundum
3136 3983 3187 4022 se
3216 3967 3378 4021 virens
3416 3978 3487 4022 est

1903 4054 2226 4109 carnalis.—
2254 4053 2627 4127 Ergo,fratres,
2649 4056 2893 4114 debitores
2905 4075 3076 4113 sumus
3093 4077 3193 4114 non
3230 4060 3396 4126 carni,
3428 4073 3482 4114 ut

1904 4147 2177 4202 secundum
2204 4164 2403 4202 carnem
2433 4148 2678 4216 vivamus,
2714 4144 2860 4204 ‘sicut
2885 4149 3151 4220 Epicurei.
3185 4149 3289 4207 Sed
3326 4150 3485 4206 etiam

1902 4237 1947 4292 si
1975 4235 2263 4292 secundum
2294 4252 2352 4292 se
2379 4236 2544 4307 ipsam
2573 4238 2751 4295 vivere
2781 4238 3007 4295 voluerit
3029 4240 3203 4294 anima
3233 4241 3273 4307 ¹,
3302 4256 3489 4296 carna-

1904 4328 1968 4384 lis
1995 4330 2128 4394 erit;
2159 4332 2376 4384 carnem
2416 4330 2574 4400 sapit,
2605 4330 2674 4386 de
2700 4345 2861 4385 carne
2896 4346 3002 4386 non
3046 4333 3231 4401 surgit.
3265 4331 3381 4387 Non
3408 4344 3490 4388 εει

1902 4420 2044 4476 enim
2113 4418 2559 4490 quemadmodum
2614 4418 2737 4476 inde
2786 4429 3003 4493 surgat,
3062 4422 3152 4492 qui
3213 4421 3488 4478 brachium

1904 4521 2205 4584 porrectura
2258 4513 2455 4583 jacenti
2520 4528 2627 4567 non
2681 4522 2842 4569 tenet.
2906 4513 2967 4570 Si
3019 4515 3152 4569 eirini
3219 4515 3491 4569 secundant

1902 4621 2102 4660 carnem
2143 4604 2383 4659 uixeritis.
2437 4603 2533 4661 Ubi
2576 4605 2720 4669 enim
2762 4603 2961 4660 dictum
3011 4614 3113 4671 est,
3160 4605 3297 4672 Quid
3337 4606 3490 4679 facint

1903 4696 2028 4752 mihi
2073 4696 2266 4752 homo?
2311 4696 2380 4752 ibi
2421 4696 2620 4753 dictum
2672 4704 2776 4763 est,
2823 4696 2961 4763 Quid
3003 4698 3159 4768 faciat
3202 4698 3327 4752 mihi
3371 4715 3491 4752 caro

1904 4788 2073 4861 (Psal.
2108 4803 2194 4856 LV,
2235 4789 2288 4853 5,
2322 4789 2430 4859 ll).
2466 4787 2526 4843 Si
2551 4788 2682 4842 enim
2711 4788 2986 4841 secundum
3019 4805 3220 4843 carnem
3249 4790 3486 4854 viceritis,

1904 4881 2204 4936 moriemini.
2245 4879 2359 4935 Non
2404 4878 2504 4934 ista
2535 4886 2725 4945 morte,
2757 4893 2878 4933 cum
2922 4877 2991 4933 de
3025 4893 3249 4949 corpore
3277 4879 3488 4938 exitur;

1906 4971 2003 5026 ista
2024 4971 2164 5027 enim
2188 4969 2507 5036 moriemini,
2527 4969 2626 5025 etsi
2646 4968 2936 5024 secundum
2949 4967 3192 5039 spiritum
3215 4970 3452 5025 viseritis
3475 4990 3487 5024 :

1905 5061 1999 5117 sed
2027 5061 2112 5116 illa
2154 5068 2343 5126 morte,
2372 5059 2436 5115 de
2466 5074 2566 5130 qua
2599 5058 2854 5114 Dominus
2884 5059 2935 5112 in
2962 5058 3249 5132 Evangelia
3277 5061 3490 5117 terribi-

1906 5155 2028 5211 liter
2055 5153 2201 5218 dicit,
2233 5152 2366 5208 Eum
2388 5154 2575 5219 timete,
2598 5152 2683 5224 qui
2704 5152 2851 5207 habet
2877 5161 3166 5223 potestatem
3187 5163 3235 5208 et
3268 5155 3490 5207 animum

1907 5258 1952 5302 et
1977 5263 2160 5317 corpus
2183 5245 2393 5316 perdere
2416 5247 2464 5298 in
2494 5246 2771 5316 gehennam
2798 5245 2928 5317 ignis
2954 5243 3167 5314 (Matth.
3198 5260 3253 5312 κ,
3283 5245 3397 5317 9.8).
3431 5246 3490 5301 Si

1911 5357 2038 5412 ergo
2075 5339 2349 5395 secundum
2376 5354 2577 5393 carnem
2605 5338 2846 5404 viceritis,
2871 5336 3169 5391 moriemini.

1979 5431 2203 5489 CAPUT
2229 5431 2390 5486 lX.-—
2404 5430 2456 5486 9.
2478 5430 2618 5501 Opus
2634 5439 2859 5484 nostrum
2879 5430 2930 5483 in
2958 5431 3052 5483 hac
3071 5429 3193 5496 uita,
3218 5430 3491 5499 morti/ica-

1913 5529 1980 5582 tio
2004 5527 2264 5582 carnis.-
2280 5523 2339 5580 Si
2361 5536 2525 5577 autem
2543 5522 2724 5592 spiritu
2750 5522 2971 5575 actiones
2992 5520 3162 5575 carnis
3205 5521 3487 5590 morti/ica-

1913 5622 2098 5685 rcritis,
2131 5620 2319 5673 riretis.
2348 5618 2457 5673 llnc
2483 5626 2564 5671 est
2594 5630 2725 5684 opus
2756 5624 2995 5669 nostrum
3023 5615 3074 5667 in
3099 5612 3195 5668 hac
3226 5616 3326 5668 vita
3352 5657 3363 5669 .
3393 5629 3465 5670 ac.

1974 5761 1991 5792 ί
2019 5767 2141 5812 Mss,
2169 5752 2212 5806 si
2232 5755 2494 5805 secundum
2512 5766 2562 5803 se
2582 5751 2733 5810 ipsam
2753 5750 3013 5805 sibit‘irere
3029 5749 3244 5803 voluerit.

1975 5820 2046 5876 ta)
2070 5826 2206 5877 l-‘ortc
2221 5850 2234 5873 ι
2258 5814 2692 5870 mendacissimum.
