  <div class='ocr_page' id='page_1' title='image "/cluster/home/n/w/nwhite01/storage/ocr_20150623/38/hvd.32044096580600/433.png"; bbox 0 0 3850 6188; ppageno 0'>
   <div class='ocr_carea' id='block_1_1' title="bbox 429 284 534 341">
    <p class='ocr_par' dir='ltr' id='par_1_1' title="bbox 429 284 534 341">
     <span class='ocr_line' id='line_1_1' title="bbox 429 284 534 341; baseline 0.038 -5"><span class='ocrx_word' id='word_1_1' title='bbox 429 284 534 341; x_wconf 70' lang='lat'><strong>855</strong></span> 
     </span>
    </p>
   </div>
   <div class='ocr_carea' id='block_1_2' title="bbox 430 396 2011 480">
    <p class='ocr_par' dir='ltr' id='par_1_2' title="bbox 430 396 2011 480">
     <span class='ocr_line' id='line_1_2' title="bbox 430 396 2011 480; baseline -0.01 -16"><span class='ocrx_word' id='word_1_2' title='bbox 430 410 600 467; x_wconf 85' lang='lat' dir='ltr'><strong>tiones</strong></span> <span class='ocrx_word' id='word_1_3' title='bbox 628 409 805 466; x_wconf 88' lang='lat' dir='ltr'><strong>carnis</strong></span> <span class='ocrx_word' id='word_1_4' title='bbox 839 406 1028 480; x_wconf 87' lang='lat' dir='ltr'><strong>spiritu</strong></span> <span class='ocrx_word' id='word_1_5' title='bbox 1072 403 1423 466; x_wconf 81' lang='lat' dir='ltr'><strong>mortificare;</strong></span> <span class='ocrx_word' id='word_1_6' title='bbox 1474 399 1708 470; x_wconf 79' lang='lat' dir='ltr'><strong>quotidie</strong></span> <span class='ocrx_word' id='word_1_7' title='bbox 1753 396 2011 465; x_wconf 75' lang='lat' dir='ltr'><strong>afﬂigere,</strong></span> 
     </span>
    </p>
   </div>
   <div class='ocr_carea' id='block_1_3' title="bbox 433 486 2016 569">
    <p class='ocr_par' dir='ltr' id='par_1_3' title="bbox 433 486 2016 569">
     <span class='ocr_line' id='line_1_3' title="bbox 433 486 2016 569; baseline -0.01 -10"><span class='ocrx_word' id='word_1_8' title='bbox 433 505 696 569; x_wconf 85' lang='lat' dir='ltr'><strong>minuere,</strong></span> <span class='ocrx_word' id='word_1_9' title='bbox 726 501 952 559; x_wconf 86' lang='lat' dir='ltr'><strong>frenare.</strong></span> <span class='ocrx_word' id='word_1_10' title='bbox 976 497 1305 553; x_wconf 71' lang='lat' dir='ltr'><strong>interimere.</strong></span> <span class='ocrx_word' id='word_1_11' title='bbox 1334 496 1503 562; x_wconf 78' lang='lat' dir='ltr'><strong>Quam</strong></span> <span class='ocrx_word' id='word_1_12' title='bbox 1530 486 1695 547; x_wconf 80' lang='lat' dir='ltr'><strong>multa</strong></span> <span class='ocrx_word' id='word_1_13' title='bbox 1722 491 1864 547; x_wconf 90' lang='lat' dir='ltr'><strong>enim</strong></span> <span class='ocrx_word' id='word_1_14' title='bbox 1895 503 2016 560; x_wconf 85' lang='lat' dir='ltr'><strong>pro-</strong></span> 
     </span>
    </p>
   </div>
   <div class='ocr_carea' id='block_1_4' title="bbox 432 581 2017 664">
    <p class='ocr_par' dir='ltr' id='par_1_4' title="bbox 432 581 2017 664">
     <span class='ocr_line' id='line_1_4' title="bbox 432 581 2017 664; baseline -0.011 -13"><span class='ocrx_word' id='word_1_15' title='bbox 432 594 674 653; x_wconf 75' lang='lat' dir='ltr'><strong>ﬁcientes</strong></span> <span class='ocrx_word' id='word_1_16' title='bbox 695 608 799 649; x_wconf 90' lang='lat' dir='ltr'><strong>non</strong></span> <span class='ocrx_word' id='word_1_17' title='bbox 821 593 933 664; x_wconf 85' lang='lat' dir='ltr'><strong>jam</strong></span> <span class='ocrx_word' id='word_1_18' title='bbox 959 590 1254 651; x_wconf 84' lang='lat' dir='ltr'><strong>delectant,</strong></span> <span class='ocrx_word' id='word_1_19' title='bbox 1281 602 1401 658; x_wconf 77' lang='lat' dir='ltr'><strong>qua:</strong></span> <span class='ocrx_word' id='word_1_20' title='bbox 1441 594 1595 640; x_wconf 85' lang='lat' dir='ltr'><strong>antea</strong></span> <span class='ocrx_word' id='word_1_21' title='bbox 1639 581 2017 640; x_wconf 81' lang='lat' dir='ltr'><strong>delectabant?</strong></span> 
     </span>
    </p>
   </div>
   <div class='ocr_carea' id='block_1_5' title="bbox 407 676 2012 757">
    <p class='ocr_par' dir='ltr' id='par_1_5' title="bbox 407 676 2012 757">
     <span class='ocr_line' id='line_1_5' title="bbox 407 676 2012 757; baseline -0.007 -17"><span class='ocrx_word' id='word_1_22' title='bbox 407 689 651 755; x_wconf 53' lang='lat' dir='ltr'><strong>«Quando</strong></span> <span class='ocrx_word' id='word_1_23' title='bbox 679 702 804 757; x_wconf 77' lang='lat' dir='ltr'><strong>ergo</strong></span> <span class='ocrx_word' id='word_1_24' title='bbox 836 683 1135 741; x_wconf 72' lang='lat' dir='ltr'><strong>delectabat</strong></span> <span class='ocrx_word' id='word_1_25' title='bbox 1157 723 1172 751; x_wconf 90' lang='lat'><strong>,</strong></span> <span class='ocrx_word' id='word_1_26' title='bbox 1216 690 1270 736; x_wconf 87' lang='lat' dir='ltr'><strong>et</strong></span> <span class='ocrx_word' id='word_1_27' title='bbox 1328 694 1433 735; x_wconf 85' lang='lat' dir='ltr'><strong>non</strong></span> <span class='ocrx_word' id='word_1_28' title='bbox 1473 680 1531 734; x_wconf 88' lang='lat' dir='ltr'><strong>ei</strong></span> <span class='ocrx_word' id='word_1_29' title='bbox 1561 676 2012 739; x_wconf 86' lang='lat' dir='ltr'><strong>consentiebatur,</strong></span> 
     </span>
    </p>
   </div>
   <div class='ocr_carea' id='block_1_6' title="bbox 429 768 2014 846">
    <p class='ocr_par' dir='ltr' id='par_1_6' title="bbox 429 768 2014 846">
     <span class='ocr_line' id='line_1_6' title="bbox 429 768 2014 846; baseline -0.008 -13"><span class='ocrx_word' id='word_1_30' title='bbox 429 777 849 833; x_wconf 75' lang='lat' dir='ltr'><strong>utortilieabutur</strong></span> <span class='ocrx_word' id='word_1_31' title='bbox 880 794 894 832; x_wconf 88' lang='lat'><strong>:</strong></span> <span class='ocrx_word' id='word_1_32' title='bbox 919 777 1040 846; x_wconf 89' lang='lat' dir='ltr'><strong>quia</strong></span> <span class='ocrx_word' id='word_1_33' title='bbox 1062 775 1173 846; x_wconf 84' lang='lat' dir='ltr'><strong>jam</strong></span> <span class='ocrx_word' id='word_1_34' title='bbox 1200 790 1305 829; x_wconf 88' lang='lat' dir='ltr'><strong>non</strong></span> <span class='ocrx_word' id='word_1_35' title='bbox 1332 773 1594 835; x_wconf 87' lang='lat' dir='ltr'><strong>delectat,</strong></span> <span class='ocrx_word' id='word_1_36' title='bbox 1638 768 2014 825; x_wconf 76' lang='lat' dir='ltr'><strong>mortiﬁcatum</strong></span> 
     </span>
    </p>
   </div>
   <div class='ocr_carea' id='block_1_7' title="bbox 424 859 2014 929">
    <p class='ocr_par' dir='ltr' id='par_1_7' title="bbox 424 859 2014 929">
     <span class='ocr_line' id='line_1_7' title="bbox 424 859 2014 929; baseline -0.008 -4"><span class='ocrx_word' id='word_1_37' title='bbox 424 880 526 925; x_wconf 83' lang='lat' dir='ltr'><strong>est.</strong></span> <span class='ocrx_word' id='word_1_38' title='bbox 557 869 716 925; x_wconf 82' lang='lat' dir='ltr'><strong>Calca</strong></span> <span class='ocrx_word' id='word_1_39' title='bbox 746 876 1035 929; x_wconf 90' lang='lat' dir='ltr'><strong>mortuum,</strong></span> <span class='ocrx_word' id='word_1_40' title='bbox 1068 865 1231 920; x_wconf 85' lang='lat' dir='ltr'><strong>transi</strong></span> <span class='ocrx_word' id='word_1_41' title='bbox 1252 863 1318 919; x_wconf 88' lang='lat' dir='ltr'><strong>ad</strong></span> <span class='ocrx_word' id='word_1_42' title='bbox 1352 863 1526 917; x_wconf 90' lang='lat' dir='ltr'><strong>vivum</strong></span> <span class='ocrx_word' id='word_1_43' title='bbox 1570 879 1584 914; x_wconf 90' lang='lat'><strong>:</strong></span> <span class='ocrx_word' id='word_1_44' title='bbox 1635 860 1782 917; x_wconf 84' lang='lat' dir='ltr'><strong>calca</strong></span> <span class='ocrx_word' id='word_1_45' title='bbox 1825 859 2014 929; x_wconf 72' lang='lat' dir='ltr'><strong>jacen~</strong></span> 
     </span>
    </p>
   </div>
   <div class='ocr_carea' id='block_1_8' title="bbox 430 948 2013 1029">
    <p class='ocr_par' dir='ltr' id='par_1_8' title="bbox 430 948 2013 1029">
     <span class='ocr_line' id='line_1_8' title="bbox 430 948 2013 1029; baseline -0.007 -14"><span class='ocrx_word' id='word_1_46' title='bbox 430 973 559 1026; x_wconf 71' lang='lat' dir='ltr'><strong>tem,</strong></span> <span class='ocrx_word' id='word_1_47' title='bbox 586 958 815 1029; x_wconf 82' lang='lat' dir='ltr'><strong>conflige</strong></span> <span class='ocrx_word' id='word_1_48' title='bbox 841 972 961 1013; x_wconf 88' lang='lat' dir='ltr'><strong>cum</strong></span> <span class='ocrx_word' id='word_1_49' title='bbox 991 958 1292 1013; x_wconf 67' lang='lat' dir='ltr'><strong>resistente.</strong></span> <span class='ocrx_word' id='word_1_50' title='bbox 1322 953 1525 1009; x_wconf 84' lang='lat' dir='ltr'><strong>Mortua</strong></span> <span class='ocrx_word' id='word_1_51' title='bbox 1561 959 1644 1007; x_wconf 90' lang='lat' dir='ltr'><strong>est</strong></span> <span class='ocrx_word' id='word_1_52' title='bbox 1692 951 1837 1006; x_wconf 84' lang='lat' dir='ltr'><strong>enim</strong></span> <span class='ocrx_word' id='word_1_53' title='bbox 1862 948 2013 1004; x_wconf 84' lang='lat' dir='ltr'><strong>delc-</strong></span> 
     </span>
    </p>
   </div>
   <div class='ocr_carea' id='block_1_9' title="bbox 426 1044 2012 1117">
    <p class='ocr_par' dir='ltr' id='par_1_9' title="bbox 426 1044 2012 1117">
     <span class='ocr_line' id='line_1_9' title="bbox 426 1044 2012 1117; baseline -0.007 -11"><span class='ocrx_word' id='word_1_54' title='bbox 426 1055 589 1107; x_wconf 79' lang='lat' dir='ltr'><strong>etalio</strong></span> <span class='ocrx_word' id='word_1_55' title='bbox 618 1066 742 1117; x_wconf 90' lang='lat' dir='ltr'><strong>una,</strong></span> <span class='ocrx_word' id='word_1_56' title='bbox 765 1049 860 1105; x_wconf 86' lang='lat' dir='ltr'><strong>sed</strong></span> <span class='ocrx_word' id='word_1_57' title='bbox 890 1048 1019 1103; x_wconf 81' lang='lat' dir='ltr'><strong>vivit</strong></span> <span class='ocrx_word' id='word_1_58' title='bbox 1041 1048 1207 1103; x_wconf 84' lang='lat' dir='ltr'><strong>altera</strong></span> <span class='ocrx_word' id='word_1_59' title='bbox 1234 1065 1248 1101; x_wconf 89' lang='lat'><strong>:</strong></span> <span class='ocrx_word' id='word_1_60' title='bbox 1276 1056 1331 1102; x_wconf 88' lang='lat' dir='ltr'><strong>et</strong></span> <span class='ocrx_word' id='word_1_61' title='bbox 1355 1046 1499 1101; x_wconf 82' lang='lat' dir='ltr'><strong>illam</strong></span> <span class='ocrx_word' id='word_1_62' title='bbox 1523 1088 1537 1113; x_wconf 89' lang='lat'><strong>,</strong></span> <span class='ocrx_word' id='word_1_63' title='bbox 1576 1044 1702 1099; x_wconf 90' lang='lat' dir='ltr'><strong>dum</strong></span> <span class='ocrx_word' id='word_1_64' title='bbox 1746 1056 1850 1097; x_wconf 91' lang='lat' dir='ltr'><strong>non</strong></span> <span class='ocrx_word' id='word_1_65' title='bbox 1880 1055 2012 1096; x_wconf 89' lang='lat' dir='ltr'><strong>cou-</strong></span> 
     </span>
    </p>
   </div>
   <div class='ocr_carea' id='block_1_10' title="bbox 424 1133 2013 1211">
    <p class='ocr_par' dir='ltr' id='par_1_10' title="bbox 424 1133 2013 1211">
     <span class='ocr_line' id='line_1_10' title="bbox 424 1133 2013 1211; baseline -0.008 -14"><span class='ocrx_word' id='word_1_66' title='bbox 424 1146 627 1211; x_wconf 73' lang='lat' dir='ltr'><strong>sentis,</strong></span> <span class='ocrx_word' id='word_1_67' title='bbox 664 1142 989 1207; x_wconf 77' lang='lat' dir='ltr'><strong>mortiﬁcas;</strong></span> <span class='ocrx_word' id='word_1_68' title='bbox 1025 1156 1145 1197; x_wconf 89' lang='lat' dir='ltr'><strong>cum</strong></span> <span class='ocrx_word' id='word_1_69' title='bbox 1190 1138 1416 1209; x_wconf 87' lang='lat' dir='ltr'><strong>coeperit</strong></span> <span class='ocrx_word' id='word_1_70' title='bbox 1457 1137 1676 1192; x_wconf 84' lang='lat' dir='ltr'><strong>omnino</strong></span> <span class='ocrx_word' id='word_1_71' title='bbox 1707 1149 1813 1188; x_wconf 91' lang='lat' dir='ltr'><strong>non</strong></span> <span class='ocrx_word' id='word_1_72' title='bbox 1862 1133 2013 1187; x_wconf 88' lang='lat' dir='ltr'><strong>dele-</strong></span> 
     </span>
    </p>
   </div>
   <div class='ocr_carea' id='block_1_11' title="bbox 422 1225 2014 1297">
    <p class='ocr_par' dir='ltr' id='par_1_11' title="bbox 422 1225 2014 1297">
     <span class='ocr_line' id='line_1_11' title="bbox 422 1225 2014 1297; baseline -0.007 -8"><span class='ocrx_word' id='word_1_73' title='bbox 422 1249 591 1297; x_wconf 69' lang='lat' dir='ltr'><strong>ctare,</strong></span> <span class='ocrx_word' id='word_1_74' title='bbox 621 1234 972 1290; x_wconf 85' lang='lat' dir='ltr'><strong>mortilicasti.</strong></span> <span class='ocrx_word' id='word_1_75' title='bbox 993 1232 1117 1288; x_wconf 76' lang='lat' dir='ltr'><strong>Haec</strong></span> <span class='ocrx_word' id='word_1_76' title='bbox 1142 1239 1225 1287; x_wconf 90' lang='lat' dir='ltr'><strong>est</strong></span> <span class='ocrx_word' id='word_1_77' title='bbox 1250 1232 1388 1285; x_wconf 88' lang='lat' dir='ltr'><strong>actio</strong></span> <span class='ocrx_word' id='word_1_78' title='bbox 1407 1238 1608 1290; x_wconf 88' lang='lat' dir='ltr'><strong>nostra,</strong></span> <span class='ocrx_word' id='word_1_79' title='bbox 1634 1227 1748 1283; x_wconf 74' lang='lat' dir='ltr'><strong>hmo</strong></span> <span class='ocrx_word' id='word_1_80' title='bbox 1766 1234 1851 1282; x_wconf 90' lang='lat' dir='ltr'><strong>est</strong></span> <span class='ocrx_word' id='word_1_81' title='bbox 1876 1225 2014 1279; x_wconf 89' lang='lat' dir='ltr'><strong>mili-</strong></span> 
     </span>
    </p>
   </div>
   <div class='ocr_carea' id='block_1_12' title="bbox 425 1316 2013 1393">
    <p class='ocr_par' dir='ltr' id='par_1_12' title="bbox 425 1316 2013 1393">
     <span class='ocr_line' id='line_1_12' title="bbox 425 1316 2013 1393; baseline -0.007 -14"><span class='ocrx_word' id='word_1_82' title='bbox 425 1328 494 1380; x_wconf 84' lang='lat' dir='ltr'><strong>tia</strong></span> <span class='ocrx_word' id='word_1_83' title='bbox 549 1338 752 1381; x_wconf 87' lang='lat' dir='ltr'><strong>nostra.</strong></span> <span class='ocrx_word' id='word_1_84' title='bbox 798 1326 861 1380; x_wconf 87' lang='lat' dir='ltr'><strong>In</strong></span> <span class='ocrx_word' id='word_1_85' title='bbox 914 1323 1015 1379; x_wconf 86' lang='lat' dir='ltr'><strong>hoc</strong></span> <span class='ocrx_word' id='word_1_86' title='bbox 1054 1338 1224 1393; x_wconf 80' lang='lat' dir='ltr'><strong>agone</strong></span> <span class='ocrx_word' id='word_1_87' title='bbox 1270 1336 1392 1376; x_wconf 89' lang='lat' dir='ltr'><strong>cum</strong></span> <span class='ocrx_word' id='word_1_88' title='bbox 1435 1318 1802 1388; x_wconf 81' lang='lat' dir='ltr'><strong>eontligimus,</strong></span> <span class='ocrx_word' id='word_1_89' title='bbox 1846 1316 2013 1371; x_wconf 90' lang='lat' dir='ltr'><strong>Deum</strong></span> 
     </span>
    </p>
   </div>
   <div class='ocr_carea' id='block_1_13' title="bbox 424 1408 2011 1486">
    <p class='ocr_par' dir='ltr' id='par_1_13' title="bbox 424 1408 2011 1486">
     <span class='ocr_line' id='line_1_13' title="bbox 424 1408 2011 1486; baseline -0.005 -16"><span class='ocrx_word' id='word_1_90' title='bbox 424 1417 684 1473; x_wconf 82' lang='lat' dir='ltr'><strong>habemus</strong></span> <span class='ocrx_word' id='word_1_91' title='bbox 731 1425 1084 1486; x_wconf 77' lang='lat' dir='ltr'><strong>spectatorem</strong></span> <span class='ocrx_word' id='word_1_92' title='bbox 1133 1414 1231 1468; x_wconf 87' lang='lat' dir='ltr'><strong>:in</strong></span> <span class='ocrx_word' id='word_1_93' title='bbox 1277 1414 1377 1467; x_wconf 90' lang='lat' dir='ltr'><strong>hoc</strong></span> <span class='ocrx_word' id='word_1_94' title='bbox 1418 1426 1588 1481; x_wconf 80' lang='lat' dir='ltr'><strong>agone</strong></span> <span class='ocrx_word' id='word_1_95' title='bbox 1633 1425 1755 1465; x_wconf 90' lang='lat' dir='ltr'><strong>cum</strong></span> <span class='ocrx_word' id='word_1_96' title='bbox 1800 1408 2011 1463; x_wconf 82' lang='lat' dir='ltr'><strong>labora-</strong></span> 
     </span>
    </p>
   </div>
   <div class='ocr_carea' id='block_1_14' title="bbox 425 1501 2012 1575">
    <p class='ocr_par' dir='ltr' id='par_1_14' title="bbox 425 1501 2012 1575">
     <span class='ocr_line' id='line_1_14' title="bbox 425 1501 2012 1575; baseline -0.006 -12"><span class='ocrx_word' id='word_1_97' title='bbox 425 1524 565 1572; x_wconf 89' lang='lat' dir='ltr'><strong>mus,</strong></span> <span class='ocrx_word' id='word_1_98' title='bbox 592 1509 755 1563; x_wconf 87' lang='lat' dir='ltr'><strong>Deum</strong></span> <span class='ocrx_word' id='word_1_99' title='bbox 784 1506 1052 1575; x_wconf 89' lang='lat' dir='ltr'><strong>poscimus</strong></span> <span class='ocrx_word' id='word_1_100' title='bbox 1071 1505 1388 1575; x_wconf 86' lang='lat' dir='ltr'><strong>adjutorem.</strong></span> <span class='ocrx_word' id='word_1_101' title='bbox 1411 1502 1466 1559; x_wconf 87' lang='lat' dir='ltr'><strong>Si</strong></span> <span class='ocrx_word' id='word_1_102' title='bbox 1487 1501 1628 1557; x_wconf 90' lang='lat' dir='ltr'><strong>enim</strong></span> <span class='ocrx_word' id='word_1_103' title='bbox 1649 1514 1745 1554; x_wconf 88' lang='lat' dir='ltr'><strong>nos</strong></span> <span class='ocrx_word' id='word_1_104' title='bbox 1766 1501 1879 1569; x_wconf 89' lang='lat' dir='ltr'><strong>ipse</strong></span> <span class='ocrx_word' id='word_1_105' title='bbox 1908 1514 2012 1554; x_wconf 91' lang='lat' dir='ltr'><strong>non</strong></span> 
     </span>
    </p>
   </div>
   <div class='ocr_carea' id='block_1_15' title="bbox 423 1590 2009 1669">
    <p class='ocr_par' dir='ltr' id='par_1_15' title="bbox 423 1590 2009 1669">
     <span class='ocr_line' id='line_1_15' title="bbox 423 1590 2009 1669; baseline -0.006 -17"><span class='ocrx_word' id='word_1_106' title='bbox 423 1598 664 1669; x_wconf 86' lang='lat' dir='ltr'><strong>adjuvat,</strong></span> <span class='ocrx_word' id='word_1_107' title='bbox 691 1612 796 1652; x_wconf 90' lang='lat' dir='ltr'><strong>non</strong></span> <span class='ocrx_word' id='word_1_108' title='bbox 814 1596 938 1652; x_wconf 84' lang='lat' dir='ltr'><strong>dico</strong></span> <span class='ocrx_word' id='word_1_109' title='bbox 954 1596 1187 1661; x_wconf 77' lang='lat' dir='ltr'><strong>vincere,</strong></span> <span class='ocrx_word' id='word_1_110' title='bbox 1206 1593 1302 1649; x_wconf 81' lang='lat' dir='ltr'><strong>sed</strong></span> <span class='ocrx_word' id='word_1_111' title='bbox 1330 1608 1426 1648; x_wconf 91' lang='lat' dir='ltr'><strong>nec</strong></span> <span class='ocrx_word' id='word_1_112' title='bbox 1447 1606 1682 1663; x_wconf 82' lang='lat' dir='ltr'><strong>pugnare</strong></span> <span class='ocrx_word' id='word_1_113' title='bbox 1700 1590 2009 1662; x_wconf 83' lang='lat' dir='ltr'><strong>poterimus.</strong></span> 
     </span>
    </p>
   </div>
   <div class='ocr_carea' id='block_1_16' title="bbox 495 1691 2012 1777">
    <p class='ocr_par' dir='ltr' id='par_1_16' title="bbox 495 1691 2012 1777">
     <span class='ocr_line' id='line_1_16' title="bbox 495 1691 2012 1777; baseline -0.007 -11"><span class='ocrx_word' id='word_1_114' title='bbox 495 1712 583 1766; x_wconf 82' lang='lat' dir='ltr'><strong>IO.</strong></span> <span class='ocrx_word' id='word_1_115' title='bbox 627 1691 969 1777; x_wconf 53' lang='lat' dir='ltr'><strong>Pro-sumptio</strong></span> <span class='ocrx_word' id='word_1_116' title='bbox 994 1709 1055 1763; x_wconf 84' lang='lat' dir='ltr'><strong>de</strong></span> <span class='ocrx_word' id='word_1_117' title='bbox 1095 1725 1147 1762; x_wconf 87' lang='lat' dir='ltr'><strong>se</strong></span> <span class='ocrx_word' id='word_1_118' title='bbox 1174 1707 1396 1761; x_wconf 86' lang='lat' dir='ltr'><strong>cavenda</strong></span> <span class='ocrx_word' id='word_1_119' title='bbox 1437 1708 1490 1759; x_wconf 86' lang='lat' dir='ltr'><strong>in</strong></span> <span class='ocrx_word' id='word_1_120' title='bbox 1529 1698 1707 1760; x_wconf 37' lang='lat' dir='ltr'><strong>carnis.</strong></span> <span class='ocrx_word' id='word_1_121' title='bbox 1738 1704 2012 1774; x_wconf 81' lang='lat' dir='ltr'><strong>mortiﬁca-</strong></span> 
     </span>
    </p>
   </div>
   <div class='ocr_carea' id='block_1_17' title="bbox 424 1788 2012 1869">
    <p class='ocr_par' dir='ltr' id='par_1_17' title="bbox 424 1788 2012 1869">
     <span class='ocr_line' id='line_1_17' title="bbox 424 1788 2012 1869; baseline -0.004 -16"><span class='ocrx_word' id='word_1_122' title='bbox 424 1804 577 1855; x_wconf 79' lang='lat' dir='ltr'><strong>tione.</strong></span> <span class='ocrx_word' id='word_1_123' title='bbox 607 1802 736 1855; x_wconf 87' lang='lat' dir='ltr'><strong>Cum</strong></span> <span class='ocrx_word' id='word_1_124' title='bbox 765 1816 892 1869; x_wconf 82' lang='lat' dir='ltr'><strong>ergo</strong></span> <span class='ocrx_word' id='word_1_125' title='bbox 916 1799 1141 1853; x_wconf 77' lang='lat' dir='ltr'><strong>dixisset</strong></span> <span class='ocrx_word' id='word_1_126' title='bbox 1161 1798 1479 1868; x_wconf 82' lang='lat' dir='ltr'><strong>Apostolus,</strong></span> <span class='ocrx_word' id='word_1_127' title='bbox 1520 1788 1582 1851; x_wconf 86' lang='lat' dir='ltr'><strong>Si</strong></span> <span class='ocrx_word' id='word_1_128' title='bbox 1623 1806 1789 1849; x_wconf 85' lang='lat' dir='ltr'><strong>autem</strong></span> <span class='ocrx_word' id='word_1_129' title='bbox 1818 1795 2012 1865; x_wconf 75' lang='lat' dir='ltr'><strong>spiritu</strong></span> 
     </span>
    </p>
   </div>
   <div class='ocr_carea' id='block_1_18' title="bbox 422 1886 2012 1958">
    <p class='ocr_par' dir='ltr' id='par_1_18' title="bbox 422 1886 2012 1958">
     <span class='ocr_line' id='line_1_18' title="bbox 422 1886 2012 1958; baseline -0.003 -14"><span class='ocrx_word' id='word_1_130' title='bbox 422 1893 643 1946; x_wconf 83' lang='lat' dir='ltr'><strong>actiones</strong></span> <span class='ocrx_word' id='word_1_131' title='bbox 678 1892 845 1944; x_wconf 82' lang='lat' dir='ltr'><strong>carnis</strong></span> <span class='ocrx_word' id='word_1_132' title='bbox 878 1889 1319 1958; x_wconf 75' lang='lat' dir='ltr'><strong>mortiﬁcaveritis,</strong></span> <span class='ocrx_word' id='word_1_133' title='bbox 1365 1890 1577 1951; x_wconf 85' lang='lat' dir='ltr'><strong>vivatis;</strong></span> <span class='ocrx_word' id='word_1_134' title='bbox 1629 1888 1679 1941; x_wconf 89' lang='lat' dir='ltr'><strong>id</strong></span> <span class='ocrx_word' id='word_1_135' title='bbox 1716 1896 1835 1949; x_wconf 86' lang='lat' dir='ltr'><strong>est,</strong></span> <span class='ocrx_word' id='word_1_136' title='bbox 1895 1886 2012 1940; x_wconf 83' lang='lat' dir='ltr'><strong>illas</strong></span> 
     </span>
    </p>
   </div>
   <div class='ocr_carea' id='block_1_19' title="bbox 422 1981 2010 2055">
    <p class='ocr_par' dir='ltr' id='par_1_19' title="bbox 422 1981 2010 2055">
     <span class='ocr_line' id='line_1_19' title="bbox 422 1981 2010 2055; baseline -0.004 -16"><span class='ocrx_word' id='word_1_137' title='bbox 422 1985 886 2055; x_wconf 86' lang='lat' dir='ltr'><strong>concupiscentias</strong></span> <span class='ocrx_word' id='word_1_138' title='bbox 916 1984 1112 2048; x_wconf 79' lang='lat' dir='ltr'><strong>carnis,</strong></span> <span class='ocrx_word' id='word_1_139' title='bbox 1137 1982 1331 2052; x_wconf 88' lang='lat' dir='ltr'><strong>quibus</strong></span> <span class='ocrx_word' id='word_1_140' title='bbox 1358 1997 1462 2035; x_wconf 91' lang='lat' dir='ltr'><strong>non</strong></span> <span class='ocrx_word' id='word_1_141' title='bbox 1491 1981 1794 2035; x_wconf 89' lang='lat' dir='ltr'><strong>consentire</strong></span> <span class='ocrx_word' id='word_1_142' title='bbox 1820 1995 2010 2051; x_wconf 80' lang='lat' dir='ltr'><strong>magna</strong></span> 
     </span>
    </p>
   </div>
   <div class='ocr_carea' id='block_1_20' title="bbox 367 2072 2009 2146">
    <p class='ocr_par' dir='ltr' id='par_1_20' title="bbox 367 2072 2009 2146">
     <span class='ocr_line' id='line_1_20' title="bbox 367 2072 2009 2146; baseline -0.002 -17"><span class='ocrx_word' id='word_1_143' title='bbox 367 2108 378 2118; x_wconf 91' lang='lat'><strong><em>-</em></strong></span> <span class='ocrx_word' id='word_1_144' title='bbox 424 2081 540 2131; x_wconf 88' lang='lat' dir='ltr'><strong>laus</strong></span> <span class='ocrx_word' id='word_1_145' title='bbox 566 2086 650 2132; x_wconf 91' lang='lat' dir='ltr'><strong>est</strong></span> <span class='ocrx_word' id='word_1_146' title='bbox 670 2120 682 2141; x_wconf 92' lang='lat'><strong>,</strong></span> <span class='ocrx_word' id='word_1_147' title='bbox 714 2092 846 2146; x_wconf 87' lang='lat' dir='ltr'><strong>quas</strong></span> <span class='ocrx_word' id='word_1_148' title='bbox 897 2092 1000 2130; x_wconf 93' lang='lat' dir='ltr'><strong>non</strong></span> <span class='ocrx_word' id='word_1_149' title='bbox 1033 2074 1230 2130; x_wconf 88' lang='lat' dir='ltr'><strong>habere</strong></span> <span class='ocrx_word' id='word_1_150' title='bbox 1258 2074 1510 2145; x_wconf 83' lang='lat' dir='ltr'><strong>perfectio</strong></span> <span class='ocrx_word' id='word_1_151' title='bbox 1539 2081 1622 2128; x_wconf 88' lang='lat' dir='ltr'><strong>est</strong></span> <span class='ocrx_word' id='word_1_152' title='bbox 1653 2091 1664 2126; x_wconf 89' lang='lat'><strong>:</strong></span> <span class='ocrx_word' id='word_1_153' title='bbox 1694 2073 1737 2128; x_wconf 89' lang='lat' dir='ltr'><strong>si</strong></span> <span class='ocrx_word' id='word_1_154' title='bbox 1781 2072 1875 2126; x_wconf 89' lang='lat' dir='ltr'><strong>has</strong></span> <span class='ocrx_word' id='word_1_155' title='bbox 1915 2086 2009 2127; x_wconf 83' lang='lat' dir='ltr'><strong>ac-</strong></span> 
     </span>
    </p>
   </div>
   <div class='ocr_carea' id='block_1_21' title="bbox 424 2166 2009 2231">
    <p class='ocr_par' dir='ltr' id='par_1_21' title="bbox 424 2166 2009 2231">
     <span class='ocr_line' id='line_1_21' title="bbox 424 2166 2009 2231; baseline -0.003 -9"><span class='ocrx_word' id='word_1_156' title='bbox 424 2171 594 2225; x_wconf 89' lang='lat' dir='ltr'><strong>tiones</strong></span> <span class='ocrx_word' id='word_1_157' title='bbox 620 2170 795 2224; x_wconf 89' lang='lat' dir='ltr'><strong>carnis</strong></span> <span class='ocrx_word' id='word_1_158' title='bbox 817 2167 1109 2231; x_wconf 83' lang='lat' dir='ltr'><strong>morbidus,</strong></span> <span class='ocrx_word' id='word_1_159' title='bbox 1132 2176 1187 2221; x_wconf 91' lang='lat' dir='ltr'><strong>et</strong></span> <span class='ocrx_word' id='word_1_160' title='bbox 1212 2166 1278 2221; x_wconf 89' lang='lat' dir='ltr'><strong>de</strong></span> <span class='ocrx_word' id='word_1_161' title='bbox 1299 2176 1471 2221; x_wconf 87' lang='lat' dir='ltr'><strong>morte</strong></span> <span class='ocrx_word' id='word_1_162' title='bbox 1503 2166 1759 2221; x_wconf 81' lang='lat' dir='ltr'><strong>habentes</strong></span> <span class='ocrx_word' id='word_1_163' title='bbox 1782 2172 2009 2219; x_wconf 53' lang='lat' dir='ltr'><strong>conten-</strong></span> 
     </span>
    </p>
   </div>
   <div class='ocr_carea' id='block_1_22' title="bbox 423 2255 2008 2330">
    <p class='ocr_par' dir='ltr' id='par_1_22' title="bbox 423 2255 2008 2330">
     <span class='ocr_line' id='line_1_22' title="bbox 423 2255 2008 2330; baseline -0.006 -14"><span class='ocrx_word' id='word_1_164' title='bbox 423 2264 644 2324; x_wconf 81' lang='lat' dir='ltr'><strong>tionem,</strong></span> <span class='ocrx_word' id='word_1_165' title='bbox 675 2259 864 2330; x_wconf 84' lang='lat' dir='ltr'><strong>spiritu</strong></span> <span class='ocrx_word' id='word_1_166' title='bbox 891 2257 1357 2322; x_wconf 77' lang='lat' dir='ltr'><strong>mortiﬁcaveritis,</strong></span> <span class='ocrx_word' id='word_1_167' title='bbox 1386 2256 1595 2312; x_wconf 76' lang='lat' dir='ltr'><strong>vivetis.</strong></span> <span class='ocrx_word' id='word_1_168' title='bbox 1628 2255 1848 2323; x_wconf 85' lang='lat' dir='ltr'><strong>Ilicjam</strong></span> <span class='ocrx_word' id='word_1_169' title='bbox 1892 2270 2008 2308; x_wconf 82' lang='lat' dir='ltr'><strong>me-</strong></span> 
     </span>
    </p>
   </div>
   <div class='ocr_carea' id='block_1_23' title="bbox 422 2347 2016 2424">
    <p class='ocr_par' dir='ltr' id='par_1_23' title="bbox 422 2347 2016 2424">
     <span class='ocr_line' id='line_1_23' title="bbox 422 2347 2016 2424; baseline -0.005 -14"><span class='ocrx_word' id='word_1_170' title='bbox 422 2356 677 2410; x_wconf 80' lang='lat' dir='ltr'><strong>t’uemlum</strong></span> <span class='ocrx_word' id='word_1_171' title='bbox 707 2364 812 2421; x_wconf 86' lang='lat' dir='ltr'><strong>est,</strong></span> <span class='ocrx_word' id='word_1_172' title='bbox 855 2369 921 2407; x_wconf 90' lang='lat' dir='ltr'><strong>ne</strong></span> <span class='ocrx_word' id='word_1_173' title='bbox 947 2353 1227 2424; x_wconf 84' lang='lat' dir='ltr'><strong>quisquam</strong></span> <span class='ocrx_word' id='word_1_174' title='bbox 1271 2365 1455 2405; x_wconf 83' lang='lat' dir='ltr'><strong>rursus</strong></span> <span class='ocrx_word' id='word_1_175' title='bbox 1498 2349 1564 2404; x_wconf 91' lang='lat' dir='ltr'><strong>ad</strong></span> <span class='ocrx_word' id='word_1_176' title='bbox 1618 2347 2016 2404; x_wconf 38' lang='lat' dir='ltr'><strong>mortilieandas‘</strong></span> 
     </span>
    </p>
   </div>
   <div class='ocr_carea' id='block_1_24' title="bbox 424 2437 2009 2512">
    <p class='ocr_par' dir='ltr' id='par_1_24' title="bbox 424 2437 2009 2512">
     <span class='ocr_line' id='line_1_24' title="bbox 424 2437 2009 2512; baseline -0.006 -12"><span class='ocrx_word' id='word_1_177' title='bbox 424 2446 664 2502; x_wconf 77' lang='lat' dir='ltr'><strong>actiones</strong></span> <span class='ocrx_word' id='word_1_178' title='bbox 690 2445 872 2500; x_wconf 88' lang='lat' dir='ltr'><strong>carnis</strong></span> <span class='ocrx_word' id='word_1_179' title='bbox 897 2443 967 2498; x_wconf 87' lang='lat' dir='ltr'><strong>de</strong></span> <span class='ocrx_word' id='word_1_180' title='bbox 991 2443 1184 2512; x_wconf 87' lang='lat' dir='ltr'><strong>spiritu</strong></span> <span class='ocrx_word' id='word_1_181' title='bbox 1212 2457 1310 2497; x_wconf 91' lang='lat' dir='ltr'><strong>suo</strong></span> <span class='ocrx_word' id='word_1_182' title='bbox 1333 2448 1637 2511; x_wconf 74' lang='lat' dir='ltr'><strong>prtesumat.</strong></span> <span class='ocrx_word' id='word_1_183' title='bbox 1679 2437 1793 2492; x_wconf 88' lang='lat' dir='ltr'><strong>Non</strong></span> <span class='ocrx_word' id='word_1_184' title='bbox 1837 2438 2009 2492; x_wconf 92' lang='lat' dir='ltr'><strong>solum</strong></span> 
     </span>
    </p>
   </div>
   <div class='ocr_carea' id='block_1_25' title="bbox 422 2528 2006 2604">
    <p class='ocr_par' dir='ltr' id='par_1_25' title="bbox 422 2528 2006 2604">
     <span class='ocr_line' id='line_1_25' title="bbox 422 2528 2006 2604; baseline -0.006 -12"><span class='ocrx_word' id='word_1_185' title='bbox 422 2538 566 2593; x_wconf 82' lang='lat' dir='ltr'><strong>enim</strong></span> <span class='ocrx_word' id='word_1_186' title='bbox 597 2536 738 2590; x_wconf 89' lang='lat' dir='ltr'><strong>Deus</strong></span> <span class='ocrx_word' id='word_1_187' title='bbox 762 2535 981 2604; x_wconf 78' lang='lat' dir='ltr'><strong>Spiritus</strong></span> <span class='ocrx_word' id='word_1_188' title='bbox 1002 2539 1089 2587; x_wconf 87' lang='lat' dir='ltr'><strong>est</strong></span> <span class='ocrx_word' id='word_1_189' title='bbox 1115 2550 1128 2586; x_wconf 91' lang='lat'><strong>:</strong></span> <span class='ocrx_word' id='word_1_190' title='bbox 1152 2531 1245 2588; x_wconf 90' lang='lat' dir='ltr'><strong>sed</strong></span> <span class='ocrx_word' id='word_1_191' title='bbox 1274 2540 1328 2586; x_wconf 89' lang='lat' dir='ltr'><strong>et</strong></span> <span class='ocrx_word' id='word_1_192' title='bbox 1347 2531 1522 2584; x_wconf 90' lang='lat' dir='ltr'><strong>anima</strong></span> <span class='ocrx_word' id='word_1_193' title='bbox 1555 2540 1640 2584; x_wconf 90' lang='lat' dir='ltr'><strong>tua</strong></span> <span class='ocrx_word' id='word_1_194' title='bbox 1663 2528 1879 2598; x_wconf 78' lang='lat' dir='ltr'><strong>spiritus</strong></span> <span class='ocrx_word' id='word_1_195' title='bbox 1906 2535 2006 2593; x_wconf 87' lang='lat' dir='ltr'><strong>est,</strong></span> 
     </span>
    </p>
   </div>
   <div class='ocr_carea' id='block_1_26' title="bbox 421 2617 2017 2694">
    <p class='ocr_par' dir='ltr' id='par_1_26' title="bbox 421 2617 2017 2694">
     <span class='ocr_line' id='line_1_26' title="bbox 421 2617 2017 2694; baseline -0.005 -13"><span class='ocrx_word' id='word_1_196' title='bbox 421 2637 477 2682; x_wconf 91' lang='lat' dir='ltr'><strong>et</strong></span> <span class='ocrx_word' id='word_1_197' title='bbox 504 2640 655 2681; x_wconf 89' lang='lat' dir='ltr'><strong>mens</strong></span> <span class='ocrx_word' id='word_1_198' title='bbox 679 2632 767 2679; x_wconf 88' lang='lat' dir='ltr'><strong>tua</strong></span> <span class='ocrx_word' id='word_1_199' title='bbox 799 2624 1015 2694; x_wconf 88' lang='lat' dir='ltr'><strong>spiritus</strong></span> <span class='ocrx_word' id='word_1_200' title='bbox 1042 2633 1144 2678; x_wconf 92' lang='lat' dir='ltr'><strong>est.</strong></span> <span class='ocrx_word' id='word_1_201' title='bbox 1188 2622 1391 2676; x_wconf 81' lang='lat' dir='ltr'><strong>Etcum</strong></span> <span class='ocrx_word' id='word_1_202' title='bbox 1427 2619 1597 2686; x_wconf 87' lang='lat' dir='ltr'><strong>dicis,</strong></span> <span class='ocrx_word' id='word_1_203' title='bbox 1640 2617 1809 2673; x_wconf 81' lang='lat' dir='ltr'><strong>Mente</strong></span> <span class='ocrx_word' id='word_1_204' title='bbox 1851 2619 2017 2674; x_wconf 80' lang='lat' dir='ltr'><strong>servio</strong></span> 
     </span>
    </p>
   </div>
   <div class='ocr_carea' id='block_1_27' title="bbox 424 2710 2011 2790">
    <p class='ocr_par' dir='ltr' id='par_1_27' title="bbox 424 2710 2011 2790">
     <span class='ocr_line' id='line_1_27' title="bbox 424 2710 2011 2790; baseline -0.004 -19"><span class='ocrx_word' id='word_1_205' title='bbox 424 2720 524 2790; x_wconf 79' lang='lat' dir='ltr'><strong>legi</strong></span> <span class='ocrx_word' id='word_1_206' title='bbox 542 2715 661 2781; x_wconf 89' lang='lat' dir='ltr'><strong>Dei,</strong></span> <span class='ocrx_word' id='word_1_207' title='bbox 691 2731 843 2770; x_wconf 82' lang='lat' dir='ltr'><strong>carne</strong></span> <span class='ocrx_word' id='word_1_208' title='bbox 867 2722 1034 2768; x_wconf 87' lang='lat' dir='ltr'><strong>autem</strong></span> <span class='ocrx_word' id='word_1_209' title='bbox 1065 2714 1164 2785; x_wconf 84' lang='lat' dir='ltr'><strong>legi</strong></span> <span class='ocrx_word' id='word_1_210' title='bbox 1192 2713 1385 2783; x_wconf 81' lang='lat' dir='ltr'><strong>peccati</strong></span> <span class='ocrx_word' id='word_1_211' title='bbox 1414 2711 1587 2784; x_wconf 77' lang='lat' dir='ltr'><strong>(Ilom.</strong></span> <span class='ocrx_word' id='word_1_212' title='bbox 1612 2727 1704 2775; x_wconf 85' lang='lat' dir='ltr'><strong>vn,</strong></span> <span class='ocrx_word' id='word_1_213' title='bbox 1731 2712 1822 2782; x_wconf 73' lang='lat'><strong>25)</strong></span> <span class='ocrx_word' id='word_1_214' title='bbox 1851 2729 1864 2763; x_wconf 91' lang='lat'><strong>:</strong></span> <span class='ocrx_word' id='word_1_215' title='bbox 1888 2710 2011 2780; x_wconf 85' lang='lat' dir='ltr'><strong>quia</strong></span> 
     </span>
    </p>
   </div>
   <div class='ocr_carea' id='block_1_28' title="bbox 421 2803 2021 2880">
    <p class='ocr_par' dir='ltr' id='par_1_28' title="bbox 421 2803 2021 2880">
     <span class='ocr_line' id='line_1_28' title="bbox 421 2803 2021 2880; baseline -0.002 -20"><span class='ocrx_word' id='word_1_216' title='bbox 421 2807 628 2880; x_wconf 88' lang='lat' dir='ltr'><strong>spiritus</strong></span> <span class='ocrx_word' id='word_1_217' title='bbox 647 2806 963 2877; x_wconf 74' lang='lat' dir='ltr'><strong>concupiscit</strong></span> <span class='ocrx_word' id='word_1_218' title='bbox 988 2804 1226 2859; x_wconf 81' lang='lat' dir='ltr'><strong>adversus</strong></span> <span class='ocrx_word' id='word_1_219' title='bbox 1256 2820 1489 2870; x_wconf 87' lang='lat' dir='ltr'><strong>carnem,</strong></span> <span class='ocrx_word' id='word_1_220' title='bbox 1521 2813 1567 2858; x_wconf 90' lang='lat' dir='ltr'><strong>et</strong></span> <span class='ocrx_word' id='word_1_221' title='bbox 1612 2820 1731 2857; x_wconf 90' lang='lat' dir='ltr'><strong>caro</strong></span> <span class='ocrx_word' id='word_1_222' title='bbox 1773 2803 2021 2857; x_wconf 70' lang='lat' dir='ltr'><strong>adversus</strong></span> 
     </span>
    </p>
   </div>
   <div class='ocr_carea' id='block_1_29' title="bbox 421 2895 2011 2972">
    <p class='ocr_par' dir='ltr' id='par_1_29' title="bbox 421 2895 2011 2972">
     <span class='ocr_line' id='line_1_29' title="bbox 421 2895 2011 2972; baseline -0.002 -19"><span class='ocrx_word' id='word_1_223' title='bbox 421 2901 656 2972; x_wconf 79' lang='lat' dir='ltr'><strong>spiritum</strong></span> <span class='ocrx_word' id='word_1_224' title='bbox 684 2896 876 2968; x_wconf 83' lang='lat' dir='ltr'><strong>(Galat.</strong></span> <span class='ocrx_word' id='word_1_225' title='bbox 915 2912 967 2965; x_wconf 90' lang='lat' dir='ltr'><strong>v,</strong></span> <span class='ocrx_word' id='word_1_226' title='bbox 1011 2896 1124 2967; x_wconf 82' lang='lat' dir='ltr'><strong>l7).</strong></span> <span class='ocrx_word' id='word_1_227' title='bbox 1168 2898 1304 2967; x_wconf 80' lang='lat' dir='ltr'><strong>Ergo</strong></span> <span class='ocrx_word' id='word_1_228' title='bbox 1344 2911 1411 2951; x_wconf 88' lang='lat' dir='ltr'><strong>ne</strong></span> <span class='ocrx_word' id='word_1_229' title='bbox 1440 2895 1504 2950; x_wconf 91' lang='lat' dir='ltr'><strong>ad</strong></span> <span class='ocrx_word' id='word_1_230' title='bbox 1558 2896 1735 2952; x_wconf 89' lang='lat' dir='ltr'><strong>carnis</strong></span> <span class='ocrx_word' id='word_1_231' title='bbox 1776 2895 2011 2951; x_wconf 84' lang='lat' dir='ltr'><strong>actiones</strong></span> 
     </span>
    </p>
   </div>
   <div class='ocr_carea' id='block_1_30' title="bbox 423 2985 2010 3058">
    <p class='ocr_par' dir='ltr' id='par_1_30' title="bbox 423 2985 2010 3058">
     <span class='ocr_line' id='line_1_30' title="bbox 423 2985 2010 3058; baseline -0.004 -13"><span class='ocrx_word' id='word_1_232' title='bbox 423 2987 818 3045; x_wconf 74' lang='lat' dir='ltr'><strong>Inertificandas</strong></span> <span class='ocrx_word' id='word_1_233' title='bbox 843 2987 910 3044; x_wconf 88' lang='lat' dir='ltr'><strong>de</strong></span> <span class='ocrx_word' id='word_1_234' title='bbox 950 2987 1138 3058; x_wconf 91' lang='lat' dir='ltr'><strong>spiritu</strong></span> <span class='ocrx_word' id='word_1_235' title='bbox 1173 2995 1265 3040; x_wconf 90' lang='lat' dir='ltr'><strong>tuo</strong></span> <span class='ocrx_word' id='word_1_236' title='bbox 1307 3001 1629 3057; x_wconf 71' lang='lat' dir='ltr'><strong>praesumus,</strong></span> <span class='ocrx_word' id='word_1_237' title='bbox 1660 2996 1727 3040; x_wconf 74' lang='lat' dir='ltr'><strong>‘et</strong></span> <span class='ocrx_word' id='word_1_238' title='bbox 1764 2985 2010 3053; x_wconf 86' lang='lat' dir='ltr'><strong>superbia</strong></span> 
     </span>
    </p>
   </div>
   <div class='ocr_carea' id='block_1_31' title="bbox 423 3075 2010 3155">
    <p class='ocr_par' dir='ltr' id='par_1_31' title="bbox 423 3075 2010 3155">
     <span class='ocr_line' id='line_1_31' title="bbox 423 3075 2010 3155; baseline -0.005 -17"><span class='ocrx_word' id='word_1_239' title='bbox 423 3087 632 3155; x_wconf 78' lang='lat' dir='ltr'><strong>pereas,</strong></span> <span class='ocrx_word' id='word_1_240' title='bbox 665 3089 719 3136; x_wconf 90' lang='lat' dir='ltr'><strong>et</strong></span> <span class='ocrx_word' id='word_1_241' title='bbox 745 3076 838 3136; x_wconf 82' lang='lat' dir='ltr'><strong>tibi</strong></span> <span class='ocrx_word' id='word_1_242' title='bbox 867 3078 1095 3148; x_wconf 87' lang='lat' dir='ltr'><strong>superbo</strong></span> <span class='ocrx_word' id='word_1_243' title='bbox 1134 3078 1433 3142; x_wconf 85' lang='lat' dir='ltr'><strong>resistatur,</strong></span> <span class='ocrx_word' id='word_1_244' title='bbox 1479 3091 1583 3130; x_wconf 91' lang='lat' dir='ltr'><strong>non</strong></span> <span class='ocrx_word' id='word_1_245' title='bbox 1623 3076 1808 3131; x_wconf 91' lang='lat' dir='ltr'><strong>humili</strong></span> <span class='ocrx_word' id='word_1_246' title='bbox 1844 3075 2010 3146; x_wconf 85' lang='lat' dir='ltr'><strong>gratia</strong></span> 
     </span>
    </p>
   </div>
   <div class='ocr_carea' id='block_1_32' title="bbox 424 3167 2013 3242">
    <p class='ocr_par' dir='ltr' id='par_1_32' title="bbox 424 3167 2013 3242">
     <span class='ocr_line' id='line_1_32' title="bbox 424 3167 2013 3242; baseline -0.006 -10"><span class='ocrx_word' id='word_1_247' title='bbox 424 3174 781 3233; x_wconf 78' lang='lat' dir='ltr'><strong>concedatur:</strong></span> <span class='ocrx_word' id='word_1_248' title='bbox 810 3175 948 3228; x_wconf 89' lang='lat' dir='ltr'><strong>Deus</strong></span> <span class='ocrx_word' id='word_1_249' title='bbox 973 3172 1114 3228; x_wconf 89' lang='lat' dir='ltr'><strong>enim</strong></span> <span class='ocrx_word' id='word_1_250' title='bbox 1155 3171 1399 3242; x_wconf 83' lang='lat' dir='ltr'><strong>superbis</strong></span> <span class='ocrx_word' id='word_1_251' title='bbox 1448 3170 1677 3236; x_wconf 87' lang='lat' dir='ltr'><strong>resistit,</strong></span> <span class='ocrx_word' id='word_1_252' title='bbox 1724 3167 2013 3224; x_wconf 87' lang='lat' dir='ltr'><strong>humilibus</strong></span> 
     </span>
    </p>
   </div>
   <div class='ocr_carea' id='block_1_33' title="bbox 422 3264 1404 3339">
    <p class='ocr_par' dir='ltr' id='par_1_33' title="bbox 422 3264 1404 3339">
     <span class='ocr_line' id='line_1_33' title="bbox 422 3264 1404 3339; baseline -0.011 -15"><span class='ocrx_word' id='word_1_253' title='bbox 422 3268 601 3326; x_wconf 77' lang='lat' dir='ltr'><strong>autem</strong></span> <span class='ocrx_word' id='word_1_254' title='bbox 640 3268 731 3324; x_wconf 88' lang='lat' dir='ltr'><strong>dat</strong></span> <span class='ocrx_word' id='word_1_255' title='bbox 749 3269 970 3339; x_wconf 72' lang='lat' dir='ltr'><strong>gratiam</strong></span> <span class='ocrx_word' id='word_1_256' title='bbox 994 3264 1201 3338; x_wconf 82' lang='lat' dir='ltr'><strong>(Jacobi</strong></span> <span class='ocrx_word' id='word_1_257' title='bbox 1229 3282 1303 3332; x_wconf 86' lang='lat' dir='ltr'><strong>tv,</strong></span> <span class='ocrx_word' id='word_1_258' title='bbox 1326 3264 1404 3334; x_wconf 79' lang='lat' dir='ltr'><strong>tl).</strong></span> 
     </span>
    </p>
   </div>
   <div class='ocr_carea' id='block_1_34' title="bbox 452 3366 2010 3448">
    <p class='ocr_par' dir='ltr' id='par_1_34' title="bbox 452 3366 2010 3448">
     <span class='ocr_line' id='line_1_34' title="bbox 452 3366 2010 3448; baseline -0.004 -10"><span class='ocrx_word' id='word_1_259' title='bbox 452 3366 457 3371; x_wconf 43' lang='grc'><strong>’</strong></span> <span class='ocrx_word' id='word_1_260' title='bbox 496 3381 725 3438; x_wconf 82' lang='lat' dir='ltr'><strong>CAPUT</strong></span> <span class='ocrx_word' id='word_1_261' title='bbox 762 3380 831 3437; x_wconf 77' lang='grc' dir='ltr'><strong>Χ.</strong></span> <span class='ocrx_word' id='word_1_262' title='bbox 858 3411 932 3421; x_wconf 94' lang='lat'><strong>—</strong></span> <span class='ocrx_word' id='word_1_263' title='bbox 956 3380 1030 3435; x_wconf 83' lang='lat' dir='ltr'><strong>Ne</strong></span> <span class='ocrx_word' id='word_1_264' title='bbox 1055 3380 1190 3434; x_wconf 80' lang='lat' dir='ltr'><strong>forte</strong></span> <span class='ocrx_word' id='word_1_265' title='bbox 1230 3393 1357 3448; x_wconf 85' lang='lat' dir='ltr'><strong>ergo</strong></span> <span class='ocrx_word' id='word_1_266' title='bbox 1395 3377 1725 3432; x_wconf 89' lang='lat' dir='ltr'><strong>suboriretur</strong></span> <span class='ocrx_word' id='word_1_267' title='bbox 1766 3377 1857 3431; x_wconf 90' lang='lat' dir='ltr'><strong>tibi</strong></span> <span class='ocrx_word' id='word_1_268' title='bbox 1912 3378 2010 3431; x_wconf 83' lang='lat' dir='ltr'><strong>ista</strong></span> 
     </span>
    </p>
   </div>
   <div class='ocr_carea' id='block_1_35' title="bbox 426 3460 2014 3555">
    <p class='ocr_par' dir='ltr' id='par_1_35' title="bbox 426 3460 2014 3555">
     <span class='ocr_line' id='line_1_35' title="bbox 426 3460 2014 3555; baseline -0.007 -23"><span class='ocrx_word' id='word_1_269' title='bbox 426 3476 695 3555; x_wconf 81' lang='lat' dir='ltr'><strong>superbia,</strong></span> <span class='ocrx_word' id='word_1_270' title='bbox 725 3472 845 3530; x_wconf 84' lang='lat' dir='ltr'><strong>vide</strong></span> <span class='ocrx_word' id='word_1_271' title='bbox 870 3474 993 3546; x_wconf 89' lang='lat' dir='ltr'><strong>quid</strong></span> <span class='ocrx_word' id='word_1_272' title='bbox 1017 3460 1285 3543; x_wconf 78' lang='lat' dir='ltr'><strong>sequatur.</strong></span> <span class='ocrx_word' id='word_1_273' title='bbox 1317 3470 1449 3526; x_wconf 85' lang='lat' dir='ltr'><strong>Cum</strong></span> <span class='ocrx_word' id='word_1_274' title='bbox 1471 3469 1611 3526; x_wconf 91' lang='lat' dir='ltr'><strong>enim</strong></span> <span class='ocrx_word' id='word_1_275' title='bbox 1651 3469 1903 3532; x_wconf 74' lang='lat' dir='ltr'><strong>dixisset,</strong></span> <span class='ocrx_word' id='word_1_276' title='bbox 1952 3469 2014 3525; x_wconf 88' lang='lat' dir='ltr'><strong>Si</strong></span> 
     </span>
    </p>
   </div>
   <div class='ocr_carea' id='block_1_36' title="bbox 426 3554 2013 3639">
    <p class='ocr_par' dir='ltr' id='par_1_36' title="bbox 426 3554 2013 3639">
     <span class='ocr_line' id='line_1_36' title="bbox 426 3554 2013 3639; baseline -0.006 -16"><span class='ocrx_word' id='word_1_277' title='bbox 426 3570 606 3639; x_wconf 85' lang='lat' dir='ltr'><strong>spiritu</strong></span> <span class='ocrx_word' id='word_1_278' title='bbox 627 3554 849 3623; x_wconf 79' lang='lat' dir='ltr'><strong>actiones</strong></span> <span class='ocrx_word' id='word_1_279' title='bbox 873 3565 1040 3620; x_wconf 84' lang='lat' dir='ltr'><strong>carnis</strong></span> <span class='ocrx_word' id='word_1_280' title='bbox 1066 3563 1502 3632; x_wconf 77' lang='lat' dir='ltr'><strong>morti/icaveritts,</strong></span> <span class='ocrx_word' id='word_1_281' title='bbox 1526 3561 1726 3625; x_wconf 87' lang='lat' dir='ltr'><strong>vivatis;</strong></span> <span class='ocrx_word' id='word_1_282' title='bbox 1752 3576 1818 3617; x_wconf 87' lang='lat' dir='ltr'><strong>ne</strong></span> <span class='ocrx_word' id='word_1_283' title='bbox 1841 3560 1927 3615; x_wconf 86' lang='lat' dir='ltr'><strong>hic</strong></span> <span class='ocrx_word' id='word_1_284' title='bbox 1954 3575 2013 3614; x_wconf 88' lang='lat' dir='ltr'><strong>se</strong></span> 
     </span>
    </p>
   </div>
   <div class='ocr_carea' id='block_1_37' title="bbox 428 3650 2015 3725">
    <p class='ocr_par' dir='ltr' id='par_1_37' title="bbox 428 3650 2015 3725">
     <span class='ocr_line' id='line_1_37' title="bbox 428 3650 2015 3725; baseline -0.007 -12"><span class='ocrx_word' id='word_1_285' title='bbox 428 3659 709 3714; x_wconf 78' lang='lat' dir='ltr'><strong>extolleret</strong></span> <span class='ocrx_word' id='word_1_286' title='bbox 731 3658 996 3713; x_wconf 89' lang='lat' dir='ltr'><strong>humanus</strong></span> <span class='ocrx_word' id='word_1_287' title='bbox 1022 3655 1258 3725; x_wconf 81' lang='lat' dir='ltr'><strong>Spiritus,</strong></span> <span class='ocrx_word' id='word_1_288' title='bbox 1287 3662 1340 3709; x_wconf 88' lang='lat' dir='ltr'><strong>et</strong></span> <span class='ocrx_word' id='word_1_289' title='bbox 1366 3652 1431 3707; x_wconf 87' lang='lat' dir='ltr'><strong>ad</strong></span> <span class='ocrx_word' id='word_1_290' title='bbox 1469 3652 1569 3708; x_wconf 93' lang='lat' dir='ltr'><strong>hoc</strong></span> <span class='ocrx_word' id='word_1_291' title='bbox 1602 3667 1739 3721; x_wconf 90' lang='lat' dir='ltr'><strong>opus</strong></span> <span class='ocrx_word' id='word_1_292' title='bbox 1795 3667 1854 3706; x_wconf 89' lang='lat' dir='ltr'><strong>se</strong></span> <span class='ocrx_word' id='word_1_293' title='bbox 1894 3650 2015 3705; x_wconf 81' lang='lat' dir='ltr'><strong>ida-</strong></span> 
     </span>
    </p>
   </div>
   <div class='ocr_carea' id='block_1_38' title="bbox 429 3734 2013 3818">
    <p class='ocr_par' dir='ltr' id='par_1_38' title="bbox 429 3734 2013 3818">
     <span class='ocr_line' id='line_1_38' title="bbox 429 3734 2013 3818; baseline -0.005 -16"><span class='ocrx_word' id='word_1_294' title='bbox 429 3734 584 3805; x_wconf 83' lang='lat' dir='ltr'><strong>neum</strong></span> <span class='ocrx_word' id='word_1_295' title='bbox 613 3738 935 3818; x_wconf 69' lang='lat' dir='ltr'><strong>ﬁrmumque&quot;</strong></span> <span class='ocrx_word' id='word_1_296' title='bbox 957 3748 1204 3817; x_wconf 86' lang='lat' dir='ltr'><strong>jactaret,</strong></span> <span class='ocrx_word' id='word_1_297' title='bbox 1232 3745 1492 3817; x_wconf 86' lang='lat' dir='ltr'><strong>subjecit,</strong></span> <span class='ocrx_word' id='word_1_298' title='bbox 1516 3752 1571 3799; x_wconf 90' lang='lat' dir='ltr'><strong>et</strong></span> <span class='ocrx_word' id='word_1_299' title='bbox 1598 3745 1706 3809; x_wconf 88' lang='lat' dir='ltr'><strong>ait,</strong></span> <span class='ocrx_word' id='word_1_300' title='bbox 1759 3743 2013 3813; x_wconf 83' lang='lat' dir='ltr'><strong>Quotquot</strong></span> 
     </span>
    </p>
   </div>
   <div class='ocr_carea' id='block_1_39' title="bbox 429 3832 2015 3911">
    <p class='ocr_par' dir='ltr' id='par_1_39' title="bbox 429 3832 2015 3911">
     <span class='ocr_line' id='line_1_39' title="bbox 429 3832 2015 3911; baseline -0.004 -16"><span class='ocrx_word' id='word_1_301' title='bbox 429 3834 563 3895; x_wconf 70' lang='lat' dir='ltr'><strong>enim</strong></span> <span class='ocrx_word' id='word_1_302' title='bbox 588 3832 788 3911; x_wconf 83' lang='lat' dir='ltr'><strong>Spiritu</strong></span> <span class='ocrx_word' id='word_1_303' title='bbox 817 3837 916 3893; x_wconf 89' lang='lat' dir='ltr'><strong>Dei</strong></span> <span class='ocrx_word' id='word_1_304' title='bbox 959 3847 1200 3910; x_wconf 84' lang='lat' dir='ltr'><strong>aguntur,</strong></span> <span class='ocrx_word' id='word_1_305' title='bbox 1238 3837 1290 3889; x_wconf 75' lang='lat' dir='ltr'><strong>lii</strong></span> <span class='ocrx_word' id='word_1_306' title='bbox 1338 3836 1434 3906; x_wconf 84' lang='lat' dir='ltr'><strong>[itii</strong></span> <span class='ocrx_word' id='word_1_307' title='bbox 1467 3844 1583 3909; x_wconf 82' lang='lat' dir='ltr'><strong>sunt</strong></span> <span class='ocrx_word' id='word_1_308' title='bbox 1621 3834 1734 3889; x_wconf 89' lang='lat' dir='ltr'><strong>Dei.</strong></span> <span class='ocrx_word' id='word_1_309' title='bbox 1771 3833 1906 3900; x_wconf 84' lang='lat' dir='ltr'><strong>Quid</strong></span> <span class='ocrx_word' id='word_1_310' title='bbox 1963 3841 2015 3888; x_wconf 84' lang='lat' dir='ltr'><strong>te</strong></span> 
     </span>
    </p>
   </div>
   <div class='ocr_carea' id='block_1_40' title="bbox 427 3925 2013 4002">
    <p class='ocr_par' dir='ltr' id='par_1_40' title="bbox 427 3925 2013 4002">
     <span class='ocr_line' id='line_1_40' title="bbox 427 3925 2013 4002; baseline -0.003 -19"><span class='ocrx_word' id='word_1_311' title='bbox 427 3928 680 4002; x_wconf 66' lang='lat' dir='ltr'><strong>ergoja&#39;m</strong></span> <span class='ocrx_word' id='word_1_312' title='bbox 707 3930 923 3986; x_wconf 88' lang='lat' dir='ltr'><strong>volebas</strong></span> <span class='ocrx_word' id='word_1_313' title='bbox 943 3929 1219 3994; x_wconf 80' lang='lat' dir='ltr'><strong>extollere,</strong></span> <span class='ocrx_word' id='word_1_314' title='bbox 1252 3927 1339 3982; x_wconf 88' lang='lat' dir='ltr'><strong>uhi</strong></span> <span class='ocrx_word' id='word_1_315' title='bbox 1362 3927 1594 3993; x_wconf 89' lang='lat' dir='ltr'><strong>audisti,</strong></span> <span class='ocrx_word' id='word_1_316' title='bbox 1625 3925 1686 3981; x_wconf 88' lang='lat' dir='ltr'><strong>Si</strong></span> <span class='ocrx_word' id='word_1_317' title='bbox 1714 3926 1894 3996; x_wconf 83' lang='lat' dir='ltr'><strong>spiritu</strong></span> <span class='ocrx_word' id='word_1_318' title='bbox 1928 3941 2013 3978; x_wconf 85' lang='lat' dir='ltr'><strong>ac-</strong></span> 
     </span>
    </p>
   </div>
   <div class='ocr_carea' id='block_1_41' title="bbox 427 4004 2011 4091">
    <p class='ocr_par' dir='ltr' id='par_1_41' title="bbox 427 4004 2011 4091">
     <span class='ocr_line' id='line_1_41' title="bbox 427 4004 2011 4091; baseline -0.005 -12"><span class='ocrx_word' id='word_1_319' title='bbox 427 4026 584 4079; x_wconf 79' lang='lat' dir='ltr'><strong>tiones</strong></span> <span class='ocrx_word' id='word_1_320' title='bbox 622 4023 792 4076; x_wconf 85' lang='lat' dir='ltr'><strong>caruis</strong></span> <span class='ocrx_word' id='word_1_321' title='bbox 835 4004 1290 4091; x_wconf 74' lang='lat' dir='ltr'><strong>morti/icaveritis,</strong></span> <span class='ocrx_word' id='word_1_322' title='bbox 1321 4019 1529 4074; x_wconf 84' lang='lat' dir='ltr'><strong>vivatis?</strong></span> <span class='ocrx_word' id='word_1_323' title='bbox 1569 4018 1816 4073; x_wconf 86' lang='lat' dir='ltr'><strong>Dieturus</strong></span> <span class='ocrx_word' id='word_1_324' title='bbox 1867 4016 2011 4071; x_wconf 88' lang='lat' dir='ltr'><strong>enim</strong></span> 
     </span>
    </p>
   </div>
   <div class='ocr_carea' id='block_1_42' title="bbox 424 4108 2010 4184">
    <p class='ocr_par' dir='ltr' id='par_1_42' title="bbox 424 4108 2010 4184">
     <span class='ocr_line' id='line_1_42' title="bbox 424 4108 2010 4184; baseline -0.004 -15"><span class='ocrx_word' id='word_1_325' title='bbox 424 4128 546 4169; x_wconf 86' lang='lat' dir='ltr'><strong>eras</strong></span> <span class='ocrx_word' id='word_1_326' title='bbox 584 4131 597 4168; x_wconf 89' lang='lat'><strong>:</strong></span> <span class='ocrx_word' id='word_1_327' title='bbox 632 4111 745 4169; x_wconf 83' lang='lat' dir='ltr'><strong>[Ioc</strong></span> <span class='ocrx_word' id='word_1_328' title='bbox 769 4122 943 4184; x_wconf 84' lang='lat' dir='ltr'><strong>potest</strong></span> <span class='ocrx_word' id='word_1_329' title='bbox 982 4112 1228 4167; x_wconf 83' lang='lat' dir='ltr'><strong>voluntas</strong></span> <span class='ocrx_word' id='word_1_330' title='bbox 1270 4125 1384 4166; x_wconf 88' lang='lat' dir='ltr'><strong>mea</strong></span> <span class='ocrx_word' id='word_1_331' title='bbox 1407 4153 1422 4176; x_wconf 94' lang='lat'><strong>,</strong></span> <span class='ocrx_word' id='word_1_332' title='bbox 1453 4109 1552 4165; x_wconf 87' lang='lat' dir='ltr'><strong>hoc</strong></span> <span class='ocrx_word' id='word_1_333' title='bbox 1579 4117 1752 4179; x_wconf 87' lang='lat' dir='ltr'><strong>potest</strong></span> <span class='ocrx_word' id='word_1_334' title='bbox 1787 4108 2010 4163; x_wconf 86' lang='lat' dir='ltr'><strong>liberum</strong></span> 
     </span>
    </p>
   </div>
   <div class='ocr_carea' id='block_1_43' title="bbox 425 4199 2013 4273">
    <p class='ocr_par' dir='ltr' id='par_1_43' title="bbox 425 4199 2013 4273">
     <span class='ocr_line' id='line_1_43' title="bbox 425 4199 2013 4273; baseline -0.003 -15"><span class='ocrx_word' id='word_1_335' title='bbox 425 4204 700 4260; x_wconf 89' lang='lat' dir='ltr'><strong>arbitrium</strong></span> <span class='ocrx_word' id='word_1_336' title='bbox 729 4219 928 4259; x_wconf 86' lang='lat' dir='ltr'><strong>tnenm.</strong></span> <span class='ocrx_word' id='word_1_337' title='bbox 960 4203 1090 4272; x_wconf 78' lang='lat' dir='ltr'><strong>Qum</strong></span> <span class='ocrx_word' id='word_1_338' title='bbox 1120 4202 1402 4257; x_wconf 80' lang='lat' dir='ltr'><strong>voluntas?</strong></span> <span class='ocrx_word' id='word_1_339' title='bbox 1428 4201 1566 4273; x_wconf 86' lang='lat' dir='ltr'><strong>quod</strong></span> <span class='ocrx_word' id='word_1_340' title='bbox 1598 4200 1825 4255; x_wconf 87' lang='lat' dir='ltr'><strong>liberum</strong></span> <span class='ocrx_word' id='word_1_341' title='bbox 1868 4199 2013 4254; x_wconf 83' lang='lat' dir='ltr'><strong>arbi-</strong></span> 
     </span>
    </p>
   </div>
   <div class='ocr_carea' id='block_1_44' title="bbox 426 4289 2008 4364">
    <p class='ocr_par' dir='ltr' id='par_1_44' title="bbox 426 4289 2008 4364">
     <span class='ocr_line' id='line_1_44' title="bbox 426 4289 2008 4364; baseline -0.004 -15"><span class='ocrx_word' id='word_1_342' title='bbox 426 4296 620 4351; x_wconf 86' lang='lat' dir='ltr'><strong>trium?</strong></span> <span class='ocrx_word' id='word_1_343' title='bbox 645 4293 753 4351; x_wconf 83' lang='lat' dir='ltr'><strong>Nisi</strong></span> <span class='ocrx_word' id='word_1_344' title='bbox 785 4296 873 4350; x_wconf 89' lang='lat' dir='ltr'><strong>ille</strong></span> <span class='ocrx_word' id='word_1_345' title='bbox 897 4302 1063 4364; x_wconf 87' lang='lat' dir='ltr'><strong>regat,</strong></span> <span class='ocrx_word' id='word_1_346' title='bbox 1088 4294 1235 4349; x_wconf 85' lang='lat' dir='ltr'><strong>cadis</strong></span> <span class='ocrx_word' id='word_1_347' title='bbox 1267 4311 1281 4346; x_wconf 87' lang='lat'><strong>:</strong></span> <span class='ocrx_word' id='word_1_348' title='bbox 1326 4294 1425 4349; x_wconf 90' lang='lat' dir='ltr'><strong>nisi</strong></span> <span class='ocrx_word' id='word_1_349' title='bbox 1467 4293 1555 4347; x_wconf 89' lang='lat' dir='ltr'><strong>ille</strong></span> <span class='ocrx_word' id='word_1_350' title='bbox 1595 4292 1797 4362; x_wconf 79' lang='lat' dir='ltr'><strong>erigat,</strong></span> <span class='ocrx_word' id='word_1_351' title='bbox 1838 4289 2008 4360; x_wconf 85' lang='lat' dir='ltr'><strong>jaces.</strong></span> 
     </span>
    </p>
   </div>
   <div class='ocr_carea' id='block_1_45' title="bbox 423 4374 2011 4457">
    <p class='ocr_par' dir='ltr' id='par_1_45' title="bbox 423 4374 2011 4457">
     <span class='ocr_line' id='line_1_45' title="bbox 423 4374 2011 4457; baseline -0.003 -14"><span class='ocrx_word' id='word_1_352' title='bbox 423 4374 707 4457; x_wconf 71' lang='lat' dir='ltr'><strong>Quomodo</strong></span> <span class='ocrx_word' id='word_1_353' title='bbox 727 4401 855 4456; x_wconf 88' lang='lat' dir='ltr'><strong>ergo</strong></span> <span class='ocrx_word' id='word_1_354' title='bbox 875 4385 1063 4455; x_wconf 85' lang='lat' dir='ltr'><strong>spiritu</strong></span> <span class='ocrx_word' id='word_1_355' title='bbox 1095 4396 1202 4449; x_wconf 91' lang='lat' dir='ltr'><strong>tuo,</strong></span> <span class='ocrx_word' id='word_1_356' title='bbox 1235 4400 1367 4440; x_wconf 33' lang='lat' dir='ltr'><strong>cum.</strong></span> <span class='ocrx_word' id='word_1_357' title='bbox 1382 4385 1568 4440; x_wconf 89' lang='lat' dir='ltr'><strong>audias</strong></span> <span class='ocrx_word' id='word_1_358' title='bbox 1592 4384 1906 4454; x_wconf 85' lang='lat' dir='ltr'><strong>Apostolum</strong></span> <span class='ocrx_word' id='word_1_359' title='bbox 1928 4383 2011 4439; x_wconf 90' lang='lat' dir='ltr'><strong>di-</strong></span> 
     </span>
    </p>
   </div>
   <div class='ocr_carea' id='block_1_46' title="bbox 423 4468 2012 4546">
    <p class='ocr_par' dir='ltr' id='par_1_46' title="bbox 423 4468 2012 4546">
     <span class='ocr_line' id='line_1_46' title="bbox 423 4468 2012 4546; baseline -0.003 -13"><span class='ocrx_word' id='word_1_360' title='bbox 423 4486 654 4543; x_wconf 86' lang='lat' dir='ltr'><strong>centem,</strong></span> <span class='ocrx_word' id='word_1_361' title='bbox 698 4468 951 4546; x_wconf 77' lang='lat' dir='ltr'><strong>Quotquol</strong></span> <span class='ocrx_word' id='word_1_362' title='bbox 984 4474 1117 4529; x_wconf 84' lang='lat' dir='ltr'><strong>enim</strong></span> <span class='ocrx_word' id='word_1_363' title='bbox 1158 4474 1357 4546; x_wconf 84' lang='lat' dir='ltr'><strong>Spiritu</strong></span> <span class='ocrx_word' id='word_1_364' title='bbox 1394 4473 1488 4528; x_wconf 88' lang='lat' dir='ltr'><strong>Dei</strong></span> <span class='ocrx_word' id='word_1_365' title='bbox 1525 4484 1766 4546; x_wconf 86' lang='lat' dir='ltr'><strong>aguntur,</strong></span> <span class='ocrx_word' id='word_1_366' title='bbox 1812 4475 1868 4530; x_wconf 83' lang='lat' dir='ltr'><strong>hi</strong></span> <span class='ocrx_word' id='word_1_367' title='bbox 1914 4475 2012 4543; x_wconf 77' lang='lat' dir='ltr'><strong>ﬁlii</strong></span> 
     </span>
    </p>
   </div>
   <div class='ocr_carea' id='block_1_47' title="bbox 423 4554 2011 4637">
    <p class='ocr_par' dir='ltr' id='par_1_47' title="bbox 423 4554 2011 4637">
     <span class='ocr_line' id='line_1_47' title="bbox 423 4554 2011 4637; baseline -0.001 -13"><span class='ocrx_word' id='word_1_368' title='bbox 423 4558 540 4631; x_wconf 70' lang='lat' dir='ltr'><strong>sunt</strong></span> <span class='ocrx_word' id='word_1_369' title='bbox 568 4566 699 4623; x_wconf 81' lang='lat' dir='ltr'><strong>Dei?</strong></span> <span class='ocrx_word' id='word_1_370' title='bbox 723 4566 803 4622; x_wconf 88' lang='lat' dir='ltr'><strong>Tu</strong></span> <span class='ocrx_word' id='word_1_371' title='bbox 834 4576 887 4621; x_wconf 88' lang='lat' dir='ltr'><strong>te</strong></span> <span class='ocrx_word' id='word_1_372' title='bbox 909 4565 989 4620; x_wconf 92' lang='lat' dir='ltr'><strong>vis</strong></span> <span class='ocrx_word' id='word_1_373' title='bbox 1007 4554 1188 4636; x_wconf 77' lang='lat' dir='ltr'><strong>agere,</strong></span> <span class='ocrx_word' id='word_1_374' title='bbox 1219 4580 1250 4621; x_wconf 87' lang='lat' dir='ltr'><strong>a</strong></span> <span class='ocrx_word' id='word_1_375' title='bbox 1282 4573 1334 4621; x_wconf 91' lang='lat' dir='ltr'><strong>te</strong></span> <span class='ocrx_word' id='word_1_376' title='bbox 1360 4566 1477 4636; x_wconf 91' lang='lat' dir='ltr'><strong>ipso</strong></span> <span class='ocrx_word' id='word_1_377' title='bbox 1504 4567 1583 4621; x_wconf 89' lang='lat' dir='ltr'><strong>vis</strong></span> <span class='ocrx_word' id='word_1_378' title='bbox 1608 4567 1692 4637; x_wconf 84' lang='lat' dir='ltr'><strong>agi</strong></span> <span class='ocrx_word' id='word_1_379' title='bbox 1726 4567 1793 4622; x_wconf 89' lang='lat' dir='ltr'><strong>ad</strong></span> <span class='ocrx_word' id='word_1_380' title='bbox 1839 4567 2011 4623; x_wconf 72' lang='lat' dir='ltr'><strong>aetio~</strong></span> 
     </span>
    </p>
   </div>
   <div class='ocr_carea' id='block_1_48' title="bbox 423 4656 2008 4730">
    <p class='ocr_par' dir='ltr' id='par_1_48' title="bbox 423 4656 2008 4730">
     <span class='ocr_line' id='line_1_48' title="bbox 423 4656 2008 4730; baseline -0.001 -13"><span class='ocrx_word' id='word_1_381' title='bbox 423 4679 522 4719; x_wconf 88' lang='lat' dir='ltr'><strong>nes</strong></span> <span class='ocrx_word' id='word_1_382' title='bbox 549 4661 727 4718; x_wconf 73' lang='lat' dir='ltr'><strong>carnis</strong></span> <span class='ocrx_word' id='word_1_383' title='bbox 750 4659 1187 4715; x_wconf 84' lang='lat' dir='ltr'><strong>mortilicandas?</strong></span> <span class='ocrx_word' id='word_1_384' title='bbox 1213 4657 1349 4728; x_wconf 85' lang='lat' dir='ltr'><strong>Quid</strong></span> <span class='ocrx_word' id='word_1_385' title='bbox 1373 4659 1464 4714; x_wconf 91' lang='lat' dir='ltr'><strong>tibi</strong></span> <span class='ocrx_word' id='word_1_386' title='bbox 1494 4656 1714 4728; x_wconf 88' lang='lat' dir='ltr'><strong>prodest</strong></span> <span class='ocrx_word' id='word_1_387' title='bbox 1741 4661 1863 4730; x_wconf 88' lang='lat' dir='ltr'><strong>quia</strong></span> <span class='ocrx_word' id='word_1_388' title='bbox 1902 4676 2008 4716; x_wconf 89' lang='lat' dir='ltr'><strong>non</strong></span> 
     </span>
    </p>
   </div>
   <div class='ocr_carea' id='block_1_49' title="bbox 423 4742 2007 4826">
    <p class='ocr_par' dir='ltr' id='par_1_49' title="bbox 423 4742 2007 4826">
     <span class='ocr_line' id='line_1_49' title="bbox 423 4742 2007 4826; baseline -0.004 -12"><span class='ocrx_word' id='word_1_389' title='bbox 423 4758 532 4814; x_wconf 87' lang='lat' dir='ltr'><strong>eris</strong></span> <span class='ocrx_word' id='word_1_390' title='bbox 559 4756 877 4826; x_wconf 84' lang='lat' dir='ltr'><strong>Epicureus,</strong></span> <span class='ocrx_word' id='word_1_391' title='bbox 907 4763 962 4810; x_wconf 91' lang='lat' dir='ltr'><strong>et</strong></span> <span class='ocrx_word' id='word_1_392' title='bbox 981 4753 1087 4809; x_wconf 92' lang='lat' dir='ltr'><strong>eris</strong></span> <span class='ocrx_word' id='word_1_393' title='bbox 1113 4752 1363 4809; x_wconf 89' lang='lat' dir='ltr'><strong>Stoicus?</strong></span> <span class='ocrx_word' id='word_1_394' title='bbox 1391 4742 1516 4808; x_wconf 83' lang='lat' dir='ltr'><strong>Sive</strong></span> <span class='ocrx_word' id='word_1_395' title='bbox 1545 4752 1839 4822; x_wconf 88' lang='lat' dir='ltr'><strong>Epicureus</strong></span> <span class='ocrx_word' id='word_1_396' title='bbox 1878 4755 2007 4821; x_wconf 92' lang='lat' dir='ltr'><strong>eris,</strong></span> 
     </span>
    </p>
   </div>
   <div class='ocr_carea' id='block_1_50' title="bbox 423 4842 2009 4917">
    <p class='ocr_par' dir='ltr' id='par_1_50' title="bbox 423 4842 2009 4917">
     <span class='ocr_line' id='line_1_50' title="bbox 423 4842 2009 4917; baseline -0.003 -13"><span class='ocrx_word' id='word_1_397' title='bbox 423 4842 536 4904; x_wconf 85' lang='lat' dir='ltr'><strong>sive</strong></span> <span class='ocrx_word' id='word_1_398' title='bbox 565 4846 780 4905; x_wconf 87' lang='lat' dir='ltr'><strong>Stoicus</strong></span> <span class='ocrx_word' id='word_1_399' title='bbox 810 4846 946 4913; x_wconf 90' lang='lat' dir='ltr'><strong>eris,</strong></span> <span class='ocrx_word' id='word_1_400' title='bbox 974 4845 1113 4900; x_wconf 90' lang='lat' dir='ltr'><strong>inter</strong></span> <span class='ocrx_word' id='word_1_401' title='bbox 1142 4844 1278 4909; x_wconf 78' lang='lat' dir='ltr'><strong>ﬁlios</strong></span> <span class='ocrx_word' id='word_1_402' title='bbox 1307 4844 1397 4899; x_wconf 92' lang='lat' dir='ltr'><strong>Dei</strong></span> <span class='ocrx_word' id='word_1_403' title='bbox 1429 4860 1534 4900; x_wconf 92' lang='lat' dir='ltr'><strong>non</strong></span> <span class='ocrx_word' id='word_1_404' title='bbox 1574 4844 1702 4900; x_wconf 86' lang='lat' dir='ltr'><strong>eris.</strong></span> <span class='ocrx_word' id='word_1_405' title='bbox 1755 4844 2009 4917; x_wconf 78' lang='lat' dir='ltr'><strong>Quotquot</strong></span> 
     </span>
    </p>
   </div>
   <div class='ocr_carea' id='block_1_51' title="bbox 419 4933 2008 5007">
    <p class='ocr_par' dir='ltr' id='par_1_51' title="bbox 419 4933 2008 5007">
     <span class='ocr_line' id='line_1_51' title="bbox 419 4933 2008 5007; baseline -0.002 -13"><span class='ocrx_word' id='word_1_406' title='bbox 419 4940 555 4994; x_wconf 79' lang='lat' dir='ltr'><strong>enim</strong></span> <span class='ocrx_word' id='word_1_407' title='bbox 582 4936 782 5005; x_wconf 85' lang='lat' dir='ltr'><strong>Spiritu</strong></span> <span class='ocrx_word' id='word_1_408' title='bbox 815 4935 909 4990; x_wconf 89' lang='lat' dir='ltr'><strong>Dei</strong></span> <span class='ocrx_word' id='word_1_409' title='bbox 938 4944 1175 5007; x_wconf 85' lang='lat' dir='ltr'><strong>aguntur,</strong></span> <span class='ocrx_word' id='word_1_410' title='bbox 1206 4934 1259 4988; x_wconf 79' lang='lat' dir='ltr'><strong>hi</strong></span> <span class='ocrx_word' id='word_1_411' title='bbox 1306 4934 1402 5003; x_wconf 80' lang='lat' dir='ltr'><strong>ﬁlii</strong></span> <span class='ocrx_word' id='word_1_412' title='bbox 1444 4942 1558 4989; x_wconf 85' lang='lat' dir='ltr'><strong>sunt</strong></span> <span class='ocrx_word' id='word_1_413' title='bbox 1602 4933 1718 4990; x_wconf 85' lang='lat' dir='ltr'><strong>Dei.</strong></span> <span class='ocrx_word' id='word_1_414' title='bbox 1755 4934 1871 4991; x_wconf 72' lang='lat' dir='ltr'><strong>Non</strong></span> <span class='ocrx_word' id='word_1_415' title='bbox 1919 4937 2008 5006; x_wconf 92' lang='lat' dir='ltr'><strong>qui</strong></span> 
     </span>
    </p>
   </div>
   <div class='ocr_carea' id='block_1_52' title="bbox 424 5027 2007 5099">
    <p class='ocr_par' dir='ltr' id='par_1_52' title="bbox 424 5027 2007 5099">
     <span class='ocr_line' id='line_1_52' title="bbox 424 5027 2007 5099; baseline -0.003 -13"><span class='ocrx_word' id='word_1_416' title='bbox 424 5030 717 5086; x_wconf 80' lang='lat' dir='ltr'><strong>secundum</strong></span> <span class='ocrx_word' id='word_1_417' title='bbox 743 5044 959 5084; x_wconf 88' lang='lat' dir='ltr'><strong>carnem</strong></span> <span class='ocrx_word' id='word_1_418' title='bbox 985 5043 1135 5083; x_wconf 89' lang='lat' dir='ltr'><strong>suam</strong></span> <span class='ocrx_word' id='word_1_419' title='bbox 1170 5027 1385 5093; x_wconf 91' lang='lat' dir='ltr'><strong>vivunt,</strong></span> <span class='ocrx_word' id='word_1_420' title='bbox 1430 5044 1534 5082; x_wconf 92' lang='lat' dir='ltr'><strong>non</strong></span> <span class='ocrx_word' id='word_1_421' title='bbox 1575 5028 1663 5099; x_wconf 89' lang='lat' dir='ltr'><strong>qui</strong></span> <span class='ocrx_word' id='word_1_422' title='bbox 1716 5028 2007 5084; x_wconf 90' lang='lat' dir='ltr'><strong>secundum</strong></span> 
     </span>
    </p>
   </div>
   <div class='ocr_carea' id='block_1_53' title="bbox 420 5109 2008 5192">
    <p class='ocr_par' dir='ltr' id='par_1_53' title="bbox 420 5109 2008 5192">
     <span class='ocr_line' id='line_1_53' title="bbox 420 5109 2008 5192; baseline -0.001 -17"><span class='ocrx_word' id='word_1_423' title='bbox 420 5122 664 5192; x_wconf 80' lang='lat' dir='ltr'><strong>spiritum</strong></span> <span class='ocrx_word' id='word_1_424' title='bbox 695 5109 846 5173; x_wconf 74' lang='lat' dir='ltr'><strong>suum</strong></span> <span class='ocrx_word' id='word_1_425' title='bbox 871 5120 1088 5182; x_wconf 88' lang='lat' dir='ltr'><strong>vivunt;</strong></span> <span class='ocrx_word' id='word_1_426' title='bbox 1121 5135 1223 5172; x_wconf 90' lang='lat' dir='ltr'><strong>non</strong></span> <span class='ocrx_word' id='word_1_427' title='bbox 1249 5119 1336 5189; x_wconf 91' lang='lat' dir='ltr'><strong>qui</strong></span> <span class='ocrx_word' id='word_1_428' title='bbox 1377 5118 1552 5173; x_wconf 88' lang='lat' dir='ltr'><strong>carnis</strong></span> <span class='ocrx_word' id='word_1_429' title='bbox 1598 5119 1865 5188; x_wconf 80' lang='lat' dir='ltr'><strong>voluptate</strong></span> <span class='ocrx_word' id='word_1_430' title='bbox 1905 5118 2008 5173; x_wconf 89' lang='lat' dir='ltr'><strong>du-</strong></span> 
     </span>
    </p>
   </div>
   <div class='ocr_carea' id='block_1_54' title="bbox 419 5210 2010 5284">
    <p class='ocr_par' dir='ltr' id='par_1_54' title="bbox 419 5210 2010 5284">
     <span class='ocr_line' id='line_1_54' title="bbox 419 5210 2010 5284; baseline -0.002 -17"><span class='ocrx_word' id='word_1_431' title='bbox 419 5222 632 5277; x_wconf 86' lang='lat' dir='ltr'><strong>cuntur,</strong></span> <span class='ocrx_word' id='word_1_432' title='bbox 657 5226 762 5279; x_wconf 84' lang='lat' dir='ltr'><strong>non</strong></span> <span class='ocrx_word' id='word_1_433' title='bbox 791 5211 878 5281; x_wconf 92' lang='lat' dir='ltr'><strong>qui</strong></span> <span class='ocrx_word' id='word_1_434' title='bbox 910 5210 1099 5281; x_wconf 83' lang='lat' dir='ltr'><strong>spiritu</strong></span> <span class='ocrx_word' id='word_1_435' title='bbox 1142 5225 1240 5264; x_wconf 90' lang='lat' dir='ltr'><strong>suo</strong></span> <span class='ocrx_word' id='word_1_436' title='bbox 1274 5220 1542 5279; x_wconf 84' lang='lat' dir='ltr'><strong>aguntur:</strong></span> <span class='ocrx_word' id='word_1_437' title='bbox 1588 5210 1716 5277; x_wconf 92' lang='lat' dir='ltr'><strong>sed,</strong></span> <span class='ocrx_word' id='word_1_438' title='bbox 1772 5219 2010 5284; x_wconf 84' lang='lat' dir='ltr'><strong>quotquot</strong></span> 
     </span>
    </p>
   </div>
   <div class='ocr_carea' id='block_1_55' title="bbox 421 5300 1493 5373">
    <p class='ocr_par' dir='ltr' id='par_1_55' title="bbox 421 5300 1493 5373">
     <span class='ocr_line' id='line_1_55' title="bbox 421 5300 1493 5373; baseline -0.002 -16"><span class='ocrx_word' id='word_1_439' title='bbox 421 5303 624 5373; x_wconf 83' lang='lat' dir='ltr'><strong>Spiritu</strong></span> <span class='ocrx_word' id='word_1_440' title='bbox 654 5301 748 5357; x_wconf 87' lang='lat' dir='ltr'><strong>Dei</strong></span> <span class='ocrx_word' id='word_1_441' title='bbox 772 5311 1011 5373; x_wconf 84' lang='lat' dir='ltr'><strong>aguntur,</strong></span> <span class='ocrx_word' id='word_1_442' title='bbox 1040 5300 1091 5354; x_wconf 81' lang='lat' dir='ltr'><strong>Iti</strong></span> <span class='ocrx_word' id='word_1_443' title='bbox 1122 5302 1218 5371; x_wconf 81' lang='lat' dir='ltr'><strong>ﬁlii</strong></span> <span class='ocrx_word' id='word_1_444' title='bbox 1237 5311 1353 5354; x_wconf 86' lang='lat' dir='ltr'><strong>sunt</strong></span> <span class='ocrx_word' id='word_1_445' title='bbox 1378 5300 1493 5355; x_wconf 88' lang='lat' dir='ltr'><strong>Dei.</strong></span> 
     </span>
    </p>
   </div>
   <div class='ocr_carea' id='block_1_56' title="bbox 492 5411 2006 5485">
    <p class='ocr_par' dir='ltr' id='par_1_56' title="bbox 492 5411 2006 5485">
     <span class='ocr_line' id='line_1_56' title="bbox 492 5411 2006 5485; baseline -0.003 -13"><span class='ocrx_word' id='word_1_446' title='bbox 492 5415 721 5472; x_wconf 74' lang='lat' dir='ltr'><strong>CAPUT</strong></span> <span class='ocrx_word' id='word_1_447' title='bbox 759 5413 852 5471; x_wconf 80' lang='lat' dir='ltr'><strong>XI.</strong></span> <span class='ocrx_word' id='word_1_448' title='bbox 901 5442 973 5455; x_wconf 91' lang='lat'><strong>——</strong></span> <span class='ocrx_word' id='word_1_449' title='bbox 1006 5414 1092 5468; x_wconf 82' lang='lat' dir='ltr'><strong>II.</strong></span> <span class='ocrx_word' id='word_1_450' title='bbox 1145 5411 1226 5466; x_wconf 78' lang='lat' dir='ltr'><strong>Ad</strong></span> <span class='ocrx_word' id='word_1_451' title='bbox 1266 5412 1447 5467; x_wconf 85' lang='lat' dir='ltr'><strong>bonum</strong></span> <span class='ocrx_word' id='word_1_452' title='bbox 1495 5422 1541 5467; x_wconf 88' lang='lat' dir='ltr'><strong>at</strong></span> <span class='ocrx_word' id='word_1_453' title='bbox 1573 5413 1772 5484; x_wconf 82' lang='lat' dir='ltr'><strong>agimur</strong></span> <span class='ocrx_word' id='word_1_454' title='bbox 1805 5421 1854 5467; x_wconf 80' lang='lat' dir='ltr'><strong>at</strong></span> <span class='ocrx_word' id='word_1_455' title='bbox 1895 5424 2006 5485; x_wconf 87' lang='lat' dir='ltr'><strong>agt-</strong></span> 
     </span>
    </p>
   </div>
   <div class='ocr_carea' id='block_1_57' title="bbox 424 5503 2002 5576">
    <p class='ocr_par' dir='ltr' id='par_1_57' title="bbox 424 5503 2002 5576">
     <span class='ocr_line' id='line_1_57' title="bbox 424 5503 2002 5576; baseline 0.002 -20"><span class='ocrx_word' id='word_1_456' title='bbox 424 5522 554 5562; x_wconf 82' lang='lat' dir='ltr'><strong>mus.</strong></span> <span class='ocrx_word' id='word_1_457' title='bbox 597 5506 732 5562; x_wconf 88' lang='lat' dir='ltr'><strong>Dicit</strong></span> <span class='ocrx_word' id='word_1_458' title='bbox 773 5504 904 5565; x_wconf 90' lang='lat' dir='ltr'><strong>mihi</strong></span> <span class='ocrx_word' id='word_1_459' title='bbox 942 5505 1133 5576; x_wconf 87' lang='lat' dir='ltr'><strong>aliquis</strong></span> <span class='ocrx_word' id='word_1_460' title='bbox 1166 5504 1343 5574; x_wconf 84' lang='lat' dir='ltr'><strong>:Ergo</strong></span> <span class='ocrx_word' id='word_1_461' title='bbox 1380 5503 1607 5574; x_wconf 81' lang='lat' dir='ltr'><strong>agimur,</strong></span> <span class='ocrx_word' id='word_1_462' title='bbox 1643 5518 1748 5560; x_wconf 87' lang='lat' dir='ltr'><strong>non</strong></span> <span class='ocrx_word' id='word_1_463' title='bbox 1777 5503 2002 5575; x_wconf 79' lang='lat' dir='ltr'><strong>agimus.</strong></span> 
     </span>
    </p>
   </div>
   <div class='ocr_carea' id='block_1_58' title="bbox 423 5595 2007 5670">
    <p class='ocr_par' dir='ltr' id='par_1_58' title="bbox 423 5595 2007 5670">
     <span class='ocr_line' id='line_1_58' title="bbox 423 5595 2007 5670; baseline -0.001 -15"><span class='ocrx_word' id='word_1_464' title='bbox 423 5598 743 5668; x_wconf 70' lang='lat' dir='ltr'><strong>Respondet)</strong></span> <span class='ocrx_word' id='word_1_465' title='bbox 784 5617 797 5653; x_wconf 88' lang='lat'><strong>:</strong></span> <span class='ocrx_word' id='word_1_466' title='bbox 832 5595 945 5655; x_wconf 89' lang='lat' dir='ltr'><strong>Imo</strong></span> <span class='ocrx_word' id='word_1_467' title='bbox 978 5606 1033 5655; x_wconf 90' lang='lat' dir='ltr'><strong>et</strong></span> <span class='ocrx_word' id='word_1_468' title='bbox 1073 5597 1209 5670; x_wconf 85' lang='lat' dir='ltr'><strong>agis,</strong></span> <span class='ocrx_word' id='word_1_469' title='bbox 1258 5606 1314 5653; x_wconf 90' lang='lat' dir='ltr'><strong>et</strong></span> <span class='ocrx_word' id='word_1_470' title='bbox 1361 5597 1572 5669; x_wconf 83' lang='lat' dir='ltr'><strong>ageris;</strong></span> <span class='ocrx_word' id='word_1_471' title='bbox 1627 5607 1683 5652; x_wconf 89' lang='lat' dir='ltr'><strong>et</strong></span> <span class='ocrx_word' id='word_1_472' title='bbox 1721 5605 1846 5652; x_wconf 90' lang='lat' dir='ltr'><strong>tunc</strong></span> <span class='ocrx_word' id='word_1_473' title='bbox 1875 5597 2007 5653; x_wconf 89' lang='lat' dir='ltr'><strong>bene</strong></span> 
     </span>
    </p>
   </div>
   <div class='ocr_carea' id='block_1_59' title="bbox 420 5686 2004 5758">
    <p class='ocr_par' dir='ltr' id='par_1_59' title="bbox 420 5686 2004 5758">
     <span class='ocr_line' id='line_1_59' title="bbox 420 5686 2004 5758; baseline 0.008 -23"><span class='ocrx_word' id='word_1_474' title='bbox 420 5686 573 5758; x_wconf 76' lang='lat' dir='ltr'><strong>agis,</strong></span> <span class='ocrx_word' id='word_1_475' title='bbox 627 5688 670 5743; x_wconf 90' lang='lat' dir='ltr'><strong>si</strong></span> <span class='ocrx_word' id='word_1_476' title='bbox 727 5702 757 5741; x_wconf 64' lang='grc' dir='ltr'>θ</span> <span class='ocrx_word' id='word_1_477' title='bbox 790 5687 933 5744; x_wconf 91' lang='lat' dir='ltr'><strong>bono</strong></span> <span class='ocrx_word' id='word_1_478' title='bbox 982 5688 1177 5758; x_wconf 73' lang='lat' dir='ltr'><strong>agaris.</strong></span> <span class='ocrx_word' id='word_1_479' title='bbox 1218 5686 1446 5757; x_wconf 89' lang='lat' dir='ltr'><strong>Spiritus</strong></span> <span class='ocrx_word' id='word_1_480' title='bbox 1502 5689 1642 5743; x_wconf 88' lang='lat' dir='ltr'><strong>enim</strong></span> <span class='ocrx_word' id='word_1_481' title='bbox 1697 5687 1786 5742; x_wconf 89' lang='lat' dir='ltr'><strong>Dei</strong></span> <span class='ocrx_word' id='word_1_482' title='bbox 1825 5689 1912 5758; x_wconf 90' lang='lat' dir='ltr'><strong>qui</strong></span> <span class='ocrx_word' id='word_1_483' title='bbox 1955 5703 2004 5747; x_wconf 86' lang='lat' dir='ltr'><strong>te</strong></span> 
     </span>
    </p>
   </div>
   <div class='ocr_carea' id='block_1_60' title="bbox 1645 280 3648 369">
    <p class='ocr_par' dir='ltr' id='par_1_60' title="bbox 1645 280 3648 369">
     <span class='ocr_line' id='line_1_60' title="bbox 1645 280 3648 369; baseline -0.007 -27"><span class='ocrx_word' id='word_1_484' title='bbox 1645 285 1703 342; x_wconf 84' lang='lat' dir='ltr'><strong>s.</strong></span> <span class='ocrx_word' id='word_1_485' title='bbox 1747 280 2109 369; x_wconf 72' lang='lat' dir='ltr'><strong>AUGUSTINI</strong></span> <span class='ocrx_word' id='word_1_486' title='bbox 2153 282 2450 340; x_wconf 68' lang='lat' dir='ltr'><strong>nnuscort</strong></span> <span class='ocrx_word' id='word_1_487' title='bbox 3563 306 3648 362; x_wconf 52' lang='grc' dir='ltr'><strong>ωδ</strong></span> 
     </span>
    </p>
   </div>
   <div class='ocr_carea' id='block_1_61' title="bbox 2122 397 3649 491">
    <p class='ocr_par' dir='ltr' id='par_1_61' title="bbox 2122 397 3649 491">
     <span class='ocr_line' id='line_1_61' title="bbox 2122 397 3649 491; baseline 0.007 -27"><span class='ocrx_word' id='word_1_488' title='bbox 2122 397 2257 491; x_wconf 44' lang='lat' dir='ltr'><strong>“Sil.</strong></span> <span class='ocrx_word' id='word_1_489' title='bbox 2278 407 2688 481; x_wconf 77' lang='lat' dir='ltr'><strong>agentiadjutur</strong></span> <span class='ocrx_word' id='word_1_490' title='bbox 2711 419 2793 465; x_wconf 90' lang='lat' dir='ltr'><strong>est</strong></span> <span class='ocrx_word' id='word_1_491' title='bbox 2820 411 2909 487; x_wconf 78' lang='lat' dir='ltr'><strong>tibi</strong></span> <span class='ocrx_word' id='word_1_492' title='bbox 2934 411 2970 464; x_wconf 75' lang='grc'><strong>³.</strong></span> <span class='ocrx_word' id='word_1_493' title='bbox 3001 411 3177 481; x_wconf 85' lang='lat' dir='ltr'><strong>Ipsum</strong></span> <span class='ocrx_word' id='word_1_494' title='bbox 3213 428 3393 469; x_wconf 84' lang='lat' dir='ltr'><strong>nomen</strong></span> <span class='ocrx_word' id='word_1_495' title='bbox 3431 415 3649 486; x_wconf 86' lang='lat' dir='ltr'><strong>adjutoris</strong></span> 
     </span>
    </p>
   </div>
   <div class='ocr_carea' id='block_1_62' title="bbox 2124 494 3651 578">
    <p class='ocr_par' dir='ltr' id='par_1_62' title="bbox 2124 494 3651 578">
     <span class='ocr_line' id='line_1_62' title="bbox 2124 494 3651 578; baseline 0.013 -33"><span class='ocrx_word' id='word_1_496' title='bbox 2124 494 2419 558; x_wconf 52' lang='lat' dir='ltr'><strong>praescribit</strong></span> <span class='ocrx_word' id='word_1_497' title='bbox 2443 497 2535 553; x_wconf 88' lang='lat' dir='ltr'><strong>tibi</strong></span> <span class='ocrx_word' id='word_1_498' title='bbox 2561 540 2575 565; x_wconf 93' lang='lat'><strong>,</strong></span> <span class='ocrx_word' id='word_1_499' title='bbox 2606 501 2726 570; x_wconf 89' lang='lat' dir='ltr'><strong>quia</strong></span> <span class='ocrx_word' id='word_1_500' title='bbox 2757 510 2812 557; x_wconf 87' lang='lat' dir='ltr'><strong>et</strong></span> <span class='ocrx_word' id='word_1_501' title='bbox 2848 511 2904 556; x_wconf 89' lang='lat' dir='ltr'><strong>tu</strong></span> <span class='ocrx_word' id='word_1_502' title='bbox 2930 504 3042 573; x_wconf 88' lang='lat' dir='ltr'><strong>ipse</strong></span> <span class='ocrx_word' id='word_1_503' title='bbox 3079 496 3272 575; x_wconf 83' lang='lat' dir='ltr'><strong>aliquid</strong></span> <span class='ocrx_word' id='word_1_504' title='bbox 3304 500 3426 577; x_wconf 83' lang='lat' dir='ltr'><strong>agis.</strong></span> <span class='ocrx_word' id='word_1_505' title='bbox 3447 504 3651 578; x_wconf 77' lang='lat' dir='ltr'><strong>Agnosco</strong></span> 
     </span>
    </p>
   </div>
   <div class='ocr_carea' id='block_1_63' title="bbox 2122 583 3641 668">
    <p class='ocr_par' dir='ltr' id='par_1_63' title="bbox 2122 583 3641 668">
     <span class='ocr_line' id='line_1_63' title="bbox 2122 583 3641 668; baseline 0.018 -34"><span class='ocrx_word' id='word_1_506' title='bbox 2122 583 2249 651; x_wconf 89' lang='lat' dir='ltr'><strong>quid</strong></span> <span class='ocrx_word' id='word_1_507' title='bbox 2272 596 2468 654; x_wconf 70' lang='lat' dir='ltr'><strong>poscas</strong></span> <span class='ocrx_word' id='word_1_508' title='bbox 2495 606 2508 651; x_wconf 88' lang='lat'>;</span> <span class='ocrx_word' id='word_1_509' title='bbox 2533 588 2761 661; x_wconf 74' lang='lat' dir='ltr'><strong>agnosce</strong></span> <span class='ocrx_word' id='word_1_510' title='bbox 2784 591 2906 663; x_wconf 80' lang='lat' dir='ltr'><strong>quid</strong></span> <span class='ocrx_word' id='word_1_511' title='bbox 2932 596 3252 664; x_wconf 74' lang='lat' dir='ltr'><strong>conﬁtearis;</strong></span> <span class='ocrx_word' id='word_1_512' title='bbox 3290 599 3483 668; x_wconf 87' lang='lat' dir='ltr'><strong>quando</strong></span> <span class='ocrx_word' id='word_1_513' title='bbox 3508 601 3641 663; x_wconf 85' lang='lat' dir='ltr'><strong>dicis:</strong></span> 
     </span>
    </p>
   </div>
   <div class='ocr_carea' id='block_1_64' title="bbox 2126 673 3648 766">
    <p class='ocr_par' dir='ltr' id='par_1_64' title="bbox 2126 673 3648 766">
     <span class='ocr_line' id='line_1_64' title="bbox 2126 673 3648 766; baseline 0.015 -38"><span class='ocrx_word' id='word_1_514' title='bbox 2126 673 2347 745; x_wconf 74' lang='lat' dir='ltr'><strong>Adjutor</strong></span> <span class='ocrx_word' id='word_1_515' title='bbox 2372 697 2511 736; x_wconf 83' lang='lat' dir='ltr'><strong>meus</strong></span> <span class='ocrx_word' id='word_1_516' title='bbox 2540 694 2661 747; x_wconf 82' lang='lat' dir='ltr'><strong>asto,</strong></span> <span class='ocrx_word' id='word_1_517' title='bbox 2695 682 2758 739; x_wconf 84' lang='lat' dir='ltr'><strong>ne</strong></span> <span class='ocrx_word' id='word_1_518' title='bbox 2782 687 3095 759; x_wconf 78' lang='lat' dir='ltr'><strong>derelinquas</strong></span> <span class='ocrx_word' id='word_1_519' title='bbox 3134 706 3211 742; x_wconf 85' lang='lat' dir='ltr'><strong>me</strong></span> <span class='ocrx_word' id='word_1_520' title='bbox 3242 688 3400 761; x_wconf 73' lang='lat' dir='ltr'><strong>(Paul.</strong></span> <span class='ocrx_word' id='word_1_521' title='bbox 3428 686 3565 759; x_wconf 71' lang='lat' dir='ltr'><strong>xm,</strong></span> <span class='ocrx_word' id='word_1_522' title='bbox 3588 697 3648 766; x_wconf 85' lang='lat'><strong>9).</strong></span> 
     </span>
    </p>
   </div>
   <div class='ocr_carea' id='block_1_65' title="bbox 2119 767 3651 850">
    <p class='ocr_par' dir='ltr' id='par_1_65' title="bbox 2119 767 3651 850">
     <span class='ocr_line' id='line_1_65' title="bbox 2119 767 3651 850; baseline 0.014 -29"><span class='ocrx_word' id='word_1_523' title='bbox 2119 767 2434 838; x_wconf 73' lang='lat' dir='ltr'><strong>A‘djutorem</strong></span> <span class='ocrx_word' id='word_1_524' title='bbox 2475 774 2657 843; x_wconf 75' lang='lat' dir='ltr'><strong>otique</strong></span> <span class='ocrx_word' id='word_1_525' title='bbox 2686 776 2901 832; x_wconf 81' lang='lat' dir='ltr'><strong>invoeas</strong></span> <span class='ocrx_word' id='word_1_526' title='bbox 2920 779 3106 834; x_wconf 88' lang='lat' dir='ltr'><strong>Deum.</strong></span> <span class='ocrx_word' id='word_1_527' title='bbox 3134 779 3298 834; x_wconf 82' lang='lat' dir='ltr'><strong>Nemo</strong></span> <span class='ocrx_word' id='word_1_528' title='bbox 3331 781 3596 850; x_wconf 75' lang='lat' dir='ltr'><strong>adiuvatur.</strong></span> <span class='ocrx_word' id='word_1_529' title='bbox 3615 789 3651 842; x_wconf 87' lang='lat' dir='ltr'><strong>si</strong></span> 
     </span>
    </p>
   </div>
   <div class='ocr_carea' id='block_1_66' title="bbox 2119 857 3651 947">
    <p class='ocr_par' dir='ltr' id='par_1_66' title="bbox 2119 857 3651 947">
     <span class='ocr_line' id='line_1_66' title="bbox 2119 857 3651 947; baseline 0.01 -34"><span class='ocrx_word' id='word_1_530' title='bbox 2119 857 2306 915; x_wconf 67' lang='lat' dir='ltr'><strong>abillo</strong></span> <span class='ocrx_word' id='word_1_531' title='bbox 2330 862 2460 917; x_wconf 88' lang='lat' dir='ltr'><strong>nihil</strong></span> <span class='ocrx_word' id='word_1_532' title='bbox 2496 874 2698 934; x_wconf 84' lang='lat' dir='ltr'><strong>agatur.</strong></span> <span class='ocrx_word' id='word_1_533' title='bbox 2747 866 3201 947; x_wconf 51' lang='lat' dir='ltr'><strong>QuotquOtfnim,</strong></span> <span class='ocrx_word' id='word_1_534' title='bbox 3248 868 3442 942; x_wconf 85' lang='lat' dir='ltr'><strong>inquit,</strong></span> <span class='ocrx_word' id='word_1_535' title='bbox 3487 872 3651 943; x_wconf 76' lang='lat' dir='ltr'><strong>Spiritu</strong></span> 
     </span>
    </p>
   </div>
   <div class='ocr_carea' id='block_1_67' title="bbox 2119 947 3645 1035">
    <p class='ocr_par' dir='ltr' id='par_1_67' title="bbox 2119 947 3645 1035">
     <span class='ocr_line' id='line_1_67' title="bbox 2119 947 3645 1035; baseline 0.011 -32"><span class='ocrx_word' id='word_1_536' title='bbox 2119 947 2219 1004; x_wconf 82' lang='lat' dir='ltr'><strong>Dei</strong></span> <span class='ocrx_word' id='word_1_537' title='bbox 2242 965 2480 1024; x_wconf 84' lang='lat' dir='ltr'><strong>aguntur,</strong></span> <span class='ocrx_word' id='word_1_538' title='bbox 2505 955 2558 1010; x_wconf 78' lang='lat' dir='ltr'><strong>lii</strong></span> <span class='ocrx_word' id='word_1_539' title='bbox 2581 958 2679 1026; x_wconf 83' lang='lat' dir='ltr'><strong>ﬁlii</strong></span> <span class='ocrx_word' id='word_1_540' title='bbox 2697 969 2810 1012; x_wconf 83' lang='lat' dir='ltr'><strong>sunt</strong></span> <span class='ocrx_word' id='word_1_541' title='bbox 2838 958 2932 1014; x_wconf 90' lang='lat' dir='ltr'><strong>Dei</strong></span> <span class='ocrx_word' id='word_1_542' title='bbox 2961 978 2977 1014; x_wconf 90' lang='lat'><strong><em>:</em></strong></span> <span class='ocrx_word' id='word_1_543' title='bbox 3000 979 3104 1016; x_wconf 89' lang='lat' dir='ltr'><strong>non</strong></span> <span class='ocrx_word' id='word_1_544' title='bbox 3132 962 3321 1031; x_wconf 85' lang='lat' dir='ltr'><strong>littera,</strong></span> <span class='ocrx_word' id='word_1_545' title='bbox 3344 960 3435 1019; x_wconf 81' lang='lat' dir='ltr'><strong>sed</strong></span> <span class='ocrx_word' id='word_1_546' title='bbox 3451 965 3645 1035; x_wconf 81' lang='lat' dir='ltr'><strong>Spiritu:</strong></span> 
     </span>
    </p>
   </div>
   <div class='ocr_carea' id='block_1_68' title="bbox 2120 1045 3649 1131">
    <p class='ocr_par' dir='ltr' id='par_1_68' title="bbox 2120 1045 3649 1131">
     <span class='ocr_line' id='line_1_68' title="bbox 2120 1045 3649 1131; baseline 0.01 -34"><span class='ocrx_word' id='word_1_547' title='bbox 2120 1058 2225 1131; x_wconf 83' lang='lat' dir='ltr'><strong>non</strong></span> <span class='ocrx_word' id='word_1_548' title='bbox 2272 1045 2415 1117; x_wconf 83' lang='lat' dir='ltr'><strong>Lege</strong></span> <span class='ocrx_word' id='word_1_549' title='bbox 2453 1051 2829 1120; x_wconf 70' lang='lat' dir='ltr'><strong>prmeipiente,</strong></span> <span class='ocrx_word' id='word_1_550' title='bbox 2876 1055 3131 1119; x_wconf 78' lang='lat' dir='ltr'><strong>minante,</strong></span> <span class='ocrx_word' id='word_1_551' title='bbox 3183 1058 3533 1125; x_wconf 85' lang='lat' dir='ltr'><strong>promittente;</strong></span> <span class='ocrx_word' id='word_1_552' title='bbox 3575 1060 3649 1115; x_wconf 81' lang='lat' dir='ltr'><strong>sed</strong></span> 
     </span>
    </p>
   </div>
   <div class='ocr_carea' id='block_1_69' title="bbox 2118 1135 3670 1216">
    <p class='ocr_par' dir='ltr' id='par_1_69' title="bbox 2118 1135 3670 1216">
     <span class='ocr_line' id='line_1_69' title="bbox 2118 1135 3670 1216; baseline 0.01 -26"><span class='ocrx_word' id='word_1_553' title='bbox 2118 1135 2321 1207; x_wconf 87' lang='lat' dir='ltr'><strong>Spiritu</strong></span> <span class='ocrx_word' id='word_1_554' title='bbox 2346 1141 2692 1209; x_wconf 79' lang='lat' dir='ltr'><strong>exhortante,</strong></span> <span class='ocrx_word' id='word_1_555' title='bbox 2730 1142 3098 1209; x_wconf 89' lang='lat' dir='ltr'><strong>illuminante,</strong></span> <span class='ocrx_word' id='word_1_556' title='bbox 3132 1141 3423 1216; x_wconf 80' lang='lat' dir='ltr'><strong>adjuvante.</strong></span> <span class='ocrx_word' id='word_1_557' title='bbox 3464 1148 3670 1215; x_wconf 47' lang='lat' dir='ltr'><strong>Scimus},</strong></span> 
     </span>
    </p>
   </div>
   <div class='ocr_carea' id='block_1_70' title="bbox 2119 1220 3667 1334">
    <p class='ocr_par' dir='ltr' id='par_1_70' title="bbox 2119 1220 3667 1334">
     <span class='ocr_line' id='line_1_70' title="bbox 2119 1220 3667 1334; baseline 0.008 -52"><span class='ocrx_word' id='word_1_558' title='bbox 2119 1229 2286 1299; x_wconf 89' lang='lat' dir='ltr'><strong>inquit</strong></span> <span class='ocrx_word' id='word_1_559' title='bbox 2314 1232 2452 1287; x_wconf 88' lang='lat' dir='ltr'><strong>idem</strong></span> <span class='ocrx_word' id='word_1_560' title='bbox 2474 1235 2763 1304; x_wconf 88' lang='lat' dir='ltr'><strong>apostolus,</strong></span> <span class='ocrx_word' id='word_1_561' title='bbox 2792 1237 2911 1305; x_wconf 87' lang='lat' dir='ltr'><strong>quia</strong></span> <span class='ocrx_word' id='word_1_562' title='bbox 2947 1237 3275 1306; x_wconf 74' lang='lat' dir='ltr'><strong>diligentibus</strong></span> <span class='ocrx_word' id='word_1_563' title='bbox 3315 1238 3466 1292; x_wconf 80' lang='lat' dir='ltr'><strong>Deum</strong></span> <span class='ocrx_word' id='word_1_564' title='bbox 3511 1220 3667 1334; x_wconf 42' lang='lat' dir='ltr'><strong>cuiuisi;</strong></span> 
     </span>
    </p>
   </div>
   <div class='ocr_carea' id='block_1_71' title="bbox 2118 1324 3667 1400">
    <p class='ocr_par' dir='ltr' id='par_1_71' title="bbox 2118 1324 3667 1400">
     <span class='ocr_line' id='line_1_71' title="bbox 2118 1324 3667 1400; baseline 0.008 -25"><span class='ocrx_word' id='word_1_565' title='bbox 2118 1324 2451 1393; x_wconf 77' lang='lat' dir='ltr'><strong>coeperantur</strong></span> <span class='ocrx_word' id='word_1_566' title='bbox 2478 1326 2530 1380; x_wconf 85' lang='lat' dir='ltr'><strong>in</strong></span> <span class='ocrx_word' id='word_1_567' title='bbox 2553 1326 2945 1400; x_wconf 80' lang='lat' dir='ltr'><strong>bonum(Ram.</strong></span> <span class='ocrx_word' id='word_1_568' title='bbox 2980 1346 3090 1395; x_wconf 86' lang='lat' dir='ltr'><strong>vm,</strong></span> <span class='ocrx_word' id='word_1_569' title='bbox 3130 1329 3243 1400; x_wconf 80' lang='lat'><strong>9.8).</strong></span> <span class='ocrx_word' id='word_1_570' title='bbox 3294 1328 3347 1385; x_wconf 89' lang='lat' dir='ltr'><strong>Si</strong></span> <span class='ocrx_word' id='word_1_571' title='bbox 3391 1346 3482 1385; x_wconf 87' lang='lat' dir='ltr'><strong>non</strong></span> <span class='ocrx_word' id='word_1_572' title='bbox 3529 1324 3667 1388; x_wconf 67' lang='lat' dir='ltr'><strong>esses</strong></span> 
     </span>
    </p>
   </div>
   <div class='ocr_carea' id='block_1_72' title="bbox 2117 1410 3163 1491">
    <p class='ocr_par' dir='ltr' id='par_1_72' title="bbox 2117 1410 3163 1491">
     <span class='ocr_line' id='line_1_72' title="bbox 2117 1410 3163 1491; baseline 0.007 -24"><span class='ocrx_word' id='word_1_573' title='bbox 2117 1428 2388 1484; x_wconf 88' lang='lat' dir='ltr'><strong>operator,</strong></span> <span class='ocrx_word' id='word_1_574' title='bbox 2423 1410 2511 1473; x_wconf 81' lang='lat' dir='ltr'><strong>ille</strong></span> <span class='ocrx_word' id='word_1_575' title='bbox 2532 1414 2636 1473; x_wconf 75' lang='lat' dir='ltr'><strong>nan</strong></span> <span class='ocrx_word' id='word_1_576' title='bbox 2663 1429 3163 1491; x_wconf 81' lang='lat' dir='ltr'><strong>esset‘eoeperator.</strong></span> 
     </span>
    </p>
   </div>
   <div class='ocr_carea' id='block_1_73' title="bbox 2189 1502 3649 1585">
    <p class='ocr_par' dir='ltr' id='par_1_73' title="bbox 2189 1502 3649 1585">
     <span class='ocr_line' id='line_1_73' title="bbox 2189 1502 3649 1585; baseline 0.005 -21"><span class='ocrx_word' id='word_1_577' title='bbox 2189 1507 2276 1564; x_wconf 68' lang='lat'><strong>1&#39;2.</strong></span> <span class='ocrx_word' id='word_1_578' title='bbox 2320 1506 2469 1565; x_wconf 85' lang='lat' dir='ltr'><strong>Niltil</strong></span> <span class='ocrx_word' id='word_1_579' title='bbox 2507 1513 2625 1566; x_wconf 83' lang='lat' dir='ltr'><strong>boui</strong></span> <span class='ocrx_word' id='word_1_580' title='bbox 2672 1514 2794 1570; x_wconf 86' lang='lat' dir='ltr'><strong>&#39;sine</strong></span> <span class='ocrx_word' id='word_1_581' title='bbox 2835 1502 3090 1585; x_wconf 75' lang='lat' dir='ltr'><strong>adjuiorio</strong></span> <span class='ocrx_word' id='word_1_582' title='bbox 3140 1515 3253 1569; x_wconf 87' lang='lat' dir='ltr'><strong>Dei.</strong></span> <span class='ocrx_word' id='word_1_583' title='bbox 3303 1515 3511 1571; x_wconf 80' lang='lat' dir='ltr'><strong>Libertas</strong></span> <span class='ocrx_word' id='word_1_584' title='bbox 3565 1517 3649 1572; x_wconf 79' lang='lat' dir='ltr'><strong>sine</strong></span> 
     </span>
    </p>
   </div>
   <div class='ocr_carea' id='block_1_74' title="bbox 2116 1601 3647 1678">
    <p class='ocr_par' dir='ltr' id='par_1_74' title="bbox 2116 1601 3647 1678">
     <span class='ocr_line' id='line_1_74' title="bbox 2116 1601 3647 1678; baseline 0.008 -26"><span class='ocrx_word' id='word_1_585' title='bbox 2116 1601 2280 1670; x_wconf 84' lang='lat' dir='ltr'><strong>gratia</strong></span> <span class='ocrx_word' id='word_1_586' title='bbox 2299 1603 2484 1672; x_wconf 87' lang='lat' dir='ltr'><strong>qualis.</strong></span> <span class='ocrx_word' id='word_1_587' title='bbox 2508 1603 2614 1658; x_wconf 88' lang='lat' dir='ltr'><strong>Sed</strong></span> <span class='ocrx_word' id='word_1_588' title='bbox 2645 1604 2733 1660; x_wconf 88' lang='lat' dir='ltr'><strong>hic</strong></span> <span class='ocrx_word' id='word_1_589' title='bbox 2761 1605 2967 1661; x_wconf 82' lang='lat' dir='ltr'><strong>fortiter</strong></span> <span class='ocrx_word' id='word_1_590' title='bbox 3010 1607 3253 1678; x_wconf 81' lang='lat' dir='ltr'><strong>vigilate,</strong></span> <span class='ocrx_word' id='word_1_591' title='bbox 3291 1624 3353 1663; x_wconf 88' lang='lat' dir='ltr'><strong>ne</strong></span> <span class='ocrx_word' id='word_1_592' title='bbox 3386 1607 3506 1662; x_wconf 89' lang='lat' dir='ltr'><strong>forte</strong></span> <span class='ocrx_word' id='word_1_593' title='bbox 3536 1610 3647 1664; x_wconf 82' lang='lat' dir='ltr'><strong>dicat</strong></span> 
     </span>
    </p>
   </div>
   <div class='ocr_carea' id='block_1_75' title="bbox 2120 1684 3648 1779">
    <p class='ocr_par' dir='ltr' id='par_1_75' title="bbox 2120 1684 3648 1779">
     <span class='ocr_line' id='line_1_75' title="bbox 2120 1684 3648 1779; baseline 0.008 -34"><span class='ocrx_word' id='word_1_594' title='bbox 2120 1692 2336 1761; x_wconf 84' lang='lat' dir='ltr'><strong>spiritus</strong></span> <span class='ocrx_word' id='word_1_595' title='bbox 2365 1690 2541 1751; x_wconf 78' lang='lat' dir='ltr'><strong>vester</strong></span> <span class='ocrx_word' id='word_1_596' title='bbox 2570 1684 2668 1753; x_wconf 83' lang='lat' dir='ltr'><strong>:Si</strong></span> <span class='ocrx_word' id='word_1_597' title='bbox 2711 1698 3035 1753; x_wconf 83' lang='lat' dir='ltr'><strong>subtraxerit</strong></span> <span class='ocrx_word' id='word_1_598' title='bbox 3072 1716 3132 1754; x_wconf 92' lang='lat' dir='ltr'><strong>se</strong></span> <span class='ocrx_word' id='word_1_599' title='bbox 3167 1698 3457 1779; x_wconf 66' lang='lat' dir='ltr'><strong>coepej-atio</strong></span> <span class='ocrx_word' id='word_1_600' title='bbox 3493 1702 3571 1757; x_wconf 85' lang='lat' dir='ltr'><strong>Dei</strong></span> <span class='ocrx_word' id='word_1_601' title='bbox 3607 1714 3648 1757; x_wconf 84' lang='lat' dir='ltr'><strong>et</strong></span> 
     </span>
    </p>
   </div>
   <div class='ocr_carea' id='block_1_76' title="bbox 2116 1782 3646 1858">
    <p class='ocr_par' dir='ltr' id='par_1_76' title="bbox 2116 1782 3646 1858">
     <span class='ocr_line' id='line_1_76' title="bbox 2116 1782 3646 1858; baseline 0.007 -22"><span class='ocrx_word' id='word_1_602' title='bbox 2116 1782 2435 1853; x_wconf 83' lang='lat' dir='ltr'><strong>adjutorium</strong></span> <span class='ocrx_word' id='word_1_603' title='bbox 2466 1786 2587 1852; x_wconf 90' lang='lat' dir='ltr'><strong>Dei,</strong></span> <span class='ocrx_word' id='word_1_604' title='bbox 2622 1788 2840 1858; x_wconf 85' lang='lat' dir='ltr'><strong>spiritus</strong></span> <span class='ocrx_word' id='word_1_605' title='bbox 2874 1798 3028 1845; x_wconf 85' lang='lat' dir='ltr'><strong>meus</strong></span> <span class='ocrx_word' id='word_1_606' title='bbox 3073 1790 3197 1848; x_wconf 79' lang='lat' dir='ltr'><strong>facit</strong></span> <span class='ocrx_word' id='word_1_607' title='bbox 3244 1792 3340 1845; x_wconf 84' lang='lat' dir='ltr'><strong>hoc</strong></span> <span class='ocrx_word' id='word_1_608' title='bbox 3382 1793 3510 1847; x_wconf 89' lang='lat' dir='ltr'><strong>:etsi</strong></span> <span class='ocrx_word' id='word_1_609' title='bbox 3550 1809 3646 1847; x_wconf 79' lang='lat' dir='ltr'><strong>euut</strong></span> 
     </span>
    </p>
   </div>
   <div class='ocr_carea' id='block_1_77' title="bbox 2119 1872 3646 1955">
    <p class='ocr_par' dir='ltr' id='par_1_77' title="bbox 2119 1872 3646 1955">
     <span class='ocr_line' id='line_1_77' title="bbox 2119 1872 3646 1955; baseline 0.007 -25"><span class='ocrx_word' id='word_1_610' title='bbox 2119 1875 2322 1942; x_wconf 87' lang='lat' dir='ltr'><strong>labore,</strong></span> <span class='ocrx_word' id='word_1_611' title='bbox 2352 1879 2451 1933; x_wconf 90' lang='lat' dir='ltr'><strong>etsi</strong></span> <span class='ocrx_word' id='word_1_612' title='bbox 2483 1895 2602 1934; x_wconf 91' lang='lat' dir='ltr'><strong>cum</strong></span> <span class='ocrx_word' id='word_1_613' title='bbox 2631 1872 2803 1952; x_wconf 83' lang='lat' dir='ltr'><strong>aliqua</strong></span> <span class='ocrx_word' id='word_1_614' title='bbox 2827 1883 3142 1940; x_wconf 78' lang='lat' dir='ltr'><strong>difficultate</strong></span> <span class='ocrx_word' id='word_1_615' title='bbox 3165 1893 3366 1955; x_wconf 87' lang='lat' dir='ltr'><strong>potest,</strong></span> <span class='ocrx_word' id='word_1_616' title='bbox 3398 1896 3551 1940; x_wconf 89' lang='lat' dir='ltr'><strong>tamen</strong></span> <span class='ocrx_word' id='word_1_617' title='bbox 3572 1886 3646 1940; x_wconf 87' lang='lat' dir='ltr'><strong>im-</strong></span> 
     </span>
    </p>
   </div>
   <div class='ocr_carea' id='block_1_78' title="bbox 2117 1967 3644 2045">
    <p class='ocr_par' dir='ltr' id='par_1_78' title="bbox 2117 1967 3644 2045">
     <span class='ocr_line' id='line_1_78' title="bbox 2117 1967 3644 2045; baseline 0.005 -24"><span class='ocrx_word' id='word_1_618' title='bbox 2117 1967 2262 2035; x_wconf 83' lang='lat' dir='ltr'><strong>plere</strong></span> <span class='ocrx_word' id='word_1_619' title='bbox 2287 1978 2478 2037; x_wconf 86' lang='lat' dir='ltr'><strong>potest.</strong></span> <span class='ocrx_word' id='word_1_620' title='bbox 2502 1970 2779 2040; x_wconf 83' lang='lat' dir='ltr'><strong>Quomodo</strong></span> <span class='ocrx_word' id='word_1_621' title='bbox 2817 1974 2861 2027; x_wconf 87' lang='lat' dir='ltr'><strong>si</strong></span> <span class='ocrx_word' id='word_1_622' title='bbox 2902 1974 3095 2044; x_wconf 84' lang='lat' dir='ltr'><strong>aliquis</strong></span> <span class='ocrx_word' id='word_1_623' title='bbox 3124 1974 3262 2029; x_wconf 87' lang='lat' dir='ltr'><strong>dicat</strong></span> <span class='ocrx_word' id='word_1_624' title='bbox 3301 1994 3312 2027; x_wconf 90' lang='lat'>:</span> <span class='ocrx_word' id='word_1_625' title='bbox 3354 1977 3517 2030; x_wconf 81' lang='lat' dir='ltr'><strong>Remis</strong></span> <span class='ocrx_word' id='word_1_626' title='bbox 3551 1978 3644 2045; x_wconf 89' lang='lat' dir='ltr'><strong>qui-</strong></span> 
     </span>
    </p>
   </div>
   <div class='ocr_carea' id='block_1_79' title="bbox 2116 2051 3645 2135">
    <p class='ocr_par' dir='ltr' id='par_1_79' title="bbox 2116 2051 3645 2135">
     <span class='ocr_line' id='line_1_79' title="bbox 2116 2051 3645 2135; baseline 0.005 -23"><span class='ocrx_word' id='word_1_627' title='bbox 2116 2056 2234 2112; x_wconf 88' lang='lat' dir='ltr'><strong>dem</strong></span> <span class='ocrx_word' id='word_1_628' title='bbox 2261 2063 2620 2129; x_wconf 82' lang='lat' dir='ltr'><strong>pervenimus,</strong></span> <span class='ocrx_word' id='word_1_629' title='bbox 2647 2060 2890 2119; x_wconf 34' lang='lat' dir='ltr'><strong>sed‘cum</strong></span> <span class='ocrx_word' id='word_1_630' title='bbox 2921 2051 3104 2135; x_wconf 87' lang='lat' dir='ltr'><strong>aliquo</strong></span> <span class='ocrx_word' id='word_1_631' title='bbox 3131 2066 3382 2131; x_wconf 69' lang='lat' dir='ltr'><strong>laborem</strong></span> <span class='ocrx_word' id='word_1_632' title='bbox 3410 2067 3449 2120; x_wconf 88' lang='lat' dir='ltr'><strong>si</strong></span> <span class='ocrx_word' id='word_1_633' title='bbox 3472 2061 3645 2120; x_wconf 82' lang='lat' dir='ltr'><strong>ventum</strong></span> 
     </span>
    </p>
   </div>
   <div class='ocr_carea' id='block_1_80' title="bbox 2115 2148 3643 2228">
    <p class='ocr_par' dir='ltr' id='par_1_80' title="bbox 2115 2148 3643 2228">
     <span class='ocr_line' id='line_1_80' title="bbox 2115 2148 3643 2228; baseline 0.006 -26"><span class='ocrx_word' id='word_1_634' title='bbox 2115 2148 2420 2215; x_wconf 78' lang='lat' dir='ltr'><strong>habeamus,</strong></span> <span class='ocrx_word' id='word_1_635' title='bbox 2450 2153 2648 2208; x_wconf 84' lang='lat' dir='ltr'><strong>facilius</strong></span> <span class='ocrx_word' id='word_1_636' title='bbox 2665 2158 3026 2224; x_wconf 80' lang='lat' dir='ltr'><strong>pervenimus.</strong></span> <span class='ocrx_word' id='word_1_637' title='bbox 3047 2149 3158 2211; x_wconf 77' lang='lat' dir='ltr'><strong>Non</strong></span> <span class='ocrx_word' id='word_1_638' title='bbox 3185 2157 3259 2211; x_wconf 87' lang='lat' dir='ltr'><strong>sic</strong></span> <span class='ocrx_word' id='word_1_639' title='bbox 3282 2168 3359 2212; x_wconf 87' lang='lat' dir='ltr'><strong>est</strong></span> <span class='ocrx_word' id='word_1_640' title='bbox 3375 2157 3643 2228; x_wconf 83' lang='lat' dir='ltr'><strong>adjutorium</strong></span> 
     </span>
    </p>
   </div>
   <div class='ocr_carea' id='block_1_81' title="bbox 2116 2242 3645 2321">
    <p class='ocr_par' dir='ltr' id='par_1_81' title="bbox 2116 2242 3645 2321">
     <span class='ocr_line' id='line_1_81' title="bbox 2116 2242 3645 2321; baseline 0.006 -26"><span class='ocrx_word' id='word_1_641' title='bbox 2116 2242 2228 2310; x_wconf 85' lang='lat' dir='ltr'><strong>Dei,</strong></span> <span class='ocrx_word' id='word_1_642' title='bbox 2255 2259 2361 2299; x_wconf 88' lang='lat' dir='ltr'><strong>non</strong></span> <span class='ocrx_word' id='word_1_643' title='bbox 2383 2246 2458 2300; x_wconf 89' lang='lat' dir='ltr'><strong>sic</strong></span> <span class='ocrx_word' id='word_1_644' title='bbox 2478 2257 2559 2301; x_wconf 87' lang='lat' dir='ltr'><strong>est</strong></span> <span class='ocrx_word' id='word_1_645' title='bbox 2584 2247 2902 2317; x_wconf 73' lang='lat' dir='ltr'><strong>adiutorium</strong></span> <span class='ocrx_word' id='word_1_646' title='bbox 2916 2249 3139 2315; x_wconf 86' lang='lat' dir='ltr'><strong>Christi,</strong></span> <span class='ocrx_word' id='word_1_647' title='bbox 3170 2269 3269 2305; x_wconf 89' lang='lat' dir='ltr'><strong>non</strong></span> <span class='ocrx_word' id='word_1_648' title='bbox 3292 2252 3363 2305; x_wconf 88' lang='lat' dir='ltr'><strong>sic</strong></span> <span class='ocrx_word' id='word_1_649' title='bbox 3384 2262 3456 2306; x_wconf 82' lang='lat' dir='ltr'><strong>est</strong></span> <span class='ocrx_word' id='word_1_650' title='bbox 3480 2250 3645 2321; x_wconf 62' lang='lat' dir='ltr'><strong>adjutoo</strong></span> 
     </span>
    </p>
   </div>
   <div class='ocr_carea' id='block_1_82' title="bbox 2117 2336 3642 2407">
    <p class='ocr_par' dir='ltr' id='par_1_82' title="bbox 2117 2336 3642 2407">
     <span class='ocr_line' id='line_1_82' title="bbox 2117 2336 3642 2407; baseline 0.004 -18"><span class='ocrx_word' id='word_1_651' title='bbox 2117 2336 2252 2389; x_wconf 87' lang='lat' dir='ltr'><strong>rium</strong></span> <span class='ocrx_word' id='word_1_652' title='bbox 2278 2336 2523 2405; x_wconf 86' lang='lat' dir='ltr'><strong>&#39;Spiritus</strong></span> <span class='ocrx_word' id='word_1_653' title='bbox 2550 2341 2737 2395; x_wconf 87' lang='lat' dir='ltr'><strong>sancti.</strong></span> <span class='ocrx_word' id='word_1_654' title='bbox 2764 2342 2994 2397; x_wconf 86' lang='lat' dir='ltr'><strong>Prorsus</strong></span> <span class='ocrx_word' id='word_1_655' title='bbox 3032 2344 3076 2399; x_wconf 93' lang='lat' dir='ltr'><strong>si</strong></span> <span class='ocrx_word' id='word_1_656' title='bbox 3110 2343 3357 2407; x_wconf 79' lang='lat' dir='ltr'><strong>defuerit,</strong></span> <span class='ocrx_word' id='word_1_657' title='bbox 3388 2345 3503 2398; x_wconf 88' lang='lat' dir='ltr'><strong>nihil</strong></span> <span class='ocrx_word' id='word_1_658' title='bbox 3547 2344 3642 2397; x_wconf 85' lang='lat' dir='ltr'><strong>b0ni</strong></span> 
     </span>
    </p>
   </div>
   <div class='ocr_carea' id='block_1_83' title="bbox 2115 2430 3642 2504">
    <p class='ocr_par' dir='ltr' id='par_1_83' title="bbox 2115 2430 3642 2504">
     <span class='ocr_line' id='line_1_83' title="bbox 2115 2430 3642 2504; baseline 0.009 -24"><span class='ocrx_word' id='word_1_659' title='bbox 2115 2441 2273 2496; x_wconf 84' lang='lat' dir='ltr'><strong>agerc</strong></span> <span class='ocrx_word' id='word_1_660' title='bbox 2305 2430 2529 2496; x_wconf 78' lang='lat' dir='ltr'><strong>poteris.</strong></span> <span class='ocrx_word' id='word_1_661' title='bbox 2558 2430 2684 2501; x_wconf 82' lang='lat' dir='ltr'><strong>Agis</strong></span> <span class='ocrx_word' id='word_1_662' title='bbox 2712 2433 2922 2502; x_wconf 84' lang='lat' dir='ltr'><strong>quidem</strong></span> <span class='ocrx_word' id='word_1_663' title='bbox 2950 2435 3045 2490; x_wconf 89' lang='lat' dir='ltr'><strong>illo</strong></span> <span class='ocrx_word' id='word_1_664' title='bbox 3084 2451 3189 2490; x_wconf 90' lang='lat' dir='ltr'><strong>non</strong></span> <span class='ocrx_word' id='word_1_665' title='bbox 3215 2435 3479 2504; x_wconf 75' lang='lat' dir='ltr'><strong>adjm&#39;autc</strong></span> <span class='ocrx_word' id='word_1_666' title='bbox 3513 2435 3642 2489; x_wconf 66' lang='lat' dir='ltr'><strong>libera</strong></span> 
     </span>
    </p>
   </div>
   <div class='ocr_carea' id='block_1_84' title="bbox 2120 2519 3639 2590">
    <p class='ocr_par' dir='ltr' id='par_1_84' title="bbox 2120 2519 3639 2590">
     <span class='ocr_line' id='line_1_84' title="bbox 2120 2519 3639 2590; baseline 0.003 -18"><span class='ocrx_word' id='word_1_667' title='bbox 2120 2519 2412 2585; x_wconf 87' lang='lat' dir='ltr'><strong>voluntate,</strong></span> <span class='ocrx_word' id='word_1_668' title='bbox 2443 2522 2534 2577; x_wconf 86' lang='lat' dir='ltr'><strong>sed</strong></span> <span class='ocrx_word' id='word_1_669' title='bbox 2561 2524 2717 2578; x_wconf 89' lang='lat' dir='ltr'><strong>male.</strong></span> <span class='ocrx_word' id='word_1_670' title='bbox 2742 2524 2823 2579; x_wconf 79' lang='lat' dir='ltr'><strong>Ad</strong></span> <span class='ocrx_word' id='word_1_671' title='bbox 2853 2524 2954 2581; x_wconf 90' lang='lat' dir='ltr'><strong>hoc</strong></span> <span class='ocrx_word' id='word_1_672' title='bbox 2980 2525 3174 2581; x_wconf 88' lang='lat' dir='ltr'><strong>idonea</strong></span> <span class='ocrx_word' id='word_1_673' title='bbox 3195 2534 3276 2581; x_wconf 89' lang='lat' dir='ltr'><strong>est</strong></span> <span class='ocrx_word' id='word_1_674' title='bbox 3305 2526 3525 2580; x_wconf 80' lang='lat' dir='ltr'><strong>voluntas</strong></span> <span class='ocrx_word' id='word_1_675' title='bbox 3558 2534 3639 2590; x_wconf 84' lang='lat' dir='ltr'><strong>tua,</strong></span> 
     </span>
    </p>
   </div>
   <div class='ocr_carea' id='block_1_85' title="bbox 2116 2614 3643 2689">
    <p class='ocr_par' dir='ltr' id='par_1_85' title="bbox 2116 2614 3643 2689">
     <span class='ocr_line' id='line_1_85' title="bbox 2116 2614 3643 2689; baseline 0.004 -25"><span class='ocrx_word' id='word_1_676' title='bbox 2116 2626 2235 2681; x_wconf 76' lang='lat' dir='ltr'><strong>qua:</strong></span> <span class='ocrx_word' id='word_1_677' title='bbox 2267 2620 2487 2667; x_wconf 88' lang='lat' dir='ltr'><strong>vocatur</strong></span> <span class='ocrx_word' id='word_1_678' title='bbox 2515 2614 2702 2683; x_wconf 88' lang='lat' dir='ltr'><strong>libera,</strong></span> <span class='ocrx_word' id='word_1_679' title='bbox 2736 2624 2787 2671; x_wconf 88' lang='lat' dir='ltr'><strong>et</strong></span> <span class='ocrx_word' id='word_1_680' title='bbox 2812 2618 2947 2673; x_wconf 85' lang='lat' dir='ltr'><strong>male</strong></span> <span class='ocrx_word' id='word_1_681' title='bbox 2971 2617 3185 2689; x_wconf 86' lang='lat' dir='ltr'><strong>agendo</strong></span> <span class='ocrx_word' id='word_1_682' title='bbox 3208 2618 3558 2672; x_wconf 78' lang='lat' dir='ltr'><strong>litdamnahilis</strong></span> <span class='ocrx_word' id='word_1_683' title='bbox 3572 2633 3643 2670; x_wconf 86' lang='lat' dir='ltr'><strong>an-</strong></span> 
     </span>
    </p>
   </div>
   <div class='ocr_carea' id='block_1_86' title="bbox 2116 2701 3640 2779">
    <p class='ocr_par' dir='ltr' id='par_1_86' title="bbox 2116 2701 3640 2779">
     <span class='ocr_line' id='line_1_86' title="bbox 2116 2701 3640 2779; baseline 0.003 -22"><span class='ocrx_word' id='word_1_684' title='bbox 2116 2702 2256 2757; x_wconf 90' lang='lat' dir='ltr'><strong>cilla.</strong></span> <span class='ocrx_word' id='word_1_685' title='bbox 2291 2701 2423 2758; x_wconf 88' lang='lat' dir='ltr'><strong>Cum</strong></span> <span class='ocrx_word' id='word_1_686' title='bbox 2452 2704 2571 2759; x_wconf 87' lang='lat' dir='ltr'><strong>dico</strong></span> <span class='ocrx_word' id='word_1_687' title='bbox 2599 2706 2717 2772; x_wconf 84' lang='lat' dir='ltr'><strong>tibi,</strong></span> <span class='ocrx_word' id='word_1_688' title='bbox 2763 2705 2891 2763; x_wconf 89' lang='lat' dir='ltr'><strong>Sine</strong></span> <span class='ocrx_word' id='word_1_689' title='bbox 2944 2708 3214 2779; x_wconf 81' lang='lat' dir='ltr'><strong>atljutorio</strong></span> <span class='ocrx_word' id='word_1_690' title='bbox 3256 2711 3342 2765; x_wconf 88' lang='lat' dir='ltr'><strong>Dei</strong></span> <span class='ocrx_word' id='word_1_691' title='bbox 3387 2710 3499 2764; x_wconf 83' lang='lat' dir='ltr'><strong>nihil</strong></span> <span class='ocrx_word' id='word_1_692' title='bbox 3538 2709 3640 2777; x_wconf 75' lang='lat' dir='ltr'><strong>agis,</strong></span> 
     </span>
    </p>
   </div>
   <div class='ocr_carea' id='block_1_87' title="bbox 2115 2794 3644 2873">
    <p class='ocr_par' dir='ltr' id='par_1_87' title="bbox 2115 2794 3644 2873">
     <span class='ocr_line' id='line_1_87' title="bbox 2115 2794 3644 2873; baseline 0.004 -26"><span class='ocrx_word' id='word_1_693' title='bbox 2115 2794 2247 2848; x_wconf 83' lang='lat' dir='ltr'><strong>nihil</strong></span> <span class='ocrx_word' id='word_1_694' title='bbox 2277 2795 2399 2850; x_wconf 87' lang='lat' dir='ltr'><strong>boni</strong></span> <span class='ocrx_word' id='word_1_695' title='bbox 2429 2795 2569 2852; x_wconf 85' lang='lat' dir='ltr'><strong>dico.</strong></span> <span class='ocrx_word' id='word_1_696' title='bbox 2611 2797 2741 2852; x_wconf 84' lang='lat' dir='ltr'><strong>Nam</strong></span> <span class='ocrx_word' id='word_1_697' title='bbox 2779 2800 2843 2854; x_wconf 91' lang='lat' dir='ltr'><strong>ad</strong></span> <span class='ocrx_word' id='word_1_698' title='bbox 2888 2800 3034 2855; x_wconf 84' lang='lat' dir='ltr'><strong>male</strong></span> <span class='ocrx_word' id='word_1_699' title='bbox 3074 2802 3329 2873; x_wconf 81' lang='lat' dir='ltr'><strong>agendum</strong></span> <span class='ocrx_word' id='word_1_700' title='bbox 3373 2803 3519 2856; x_wconf 87' lang='lat' dir='ltr'><strong>habes</strong></span> <span class='ocrx_word' id='word_1_701' title='bbox 3554 2800 3644 2853; x_wconf 73' lang='lat' dir='ltr'><strong>sine</strong></span> 
     </span>
    </p>
   </div>
   <div class='ocr_carea' id='block_1_88' title="bbox 2115 2885 3643 2973">
    <p class='ocr_par' dir='ltr' id='par_1_88' title="bbox 2115 2885 3643 2973">
     <span class='ocr_line' id='line_1_88' title="bbox 2115 2885 3643 2973; baseline 0.004 -33"><span class='ocrx_word' id='word_1_702' title='bbox 2115 2885 2380 2973; x_wconf 80' lang='lat' dir='ltr'><strong>atljntorio</strong></span> <span class='ocrx_word' id='word_1_703' title='bbox 2422 2889 2515 2944; x_wconf 89' lang='lat' dir='ltr'><strong>Dei</strong></span> <span class='ocrx_word' id='word_1_704' title='bbox 2554 2890 2772 2944; x_wconf 86' lang='lat' dir='ltr'><strong>liberam</strong></span> <span class='ocrx_word' id='word_1_705' title='bbox 2814 2892 3143 2948; x_wconf 86' lang='lat' dir='ltr'><strong>voluntatem</strong></span> <span class='ocrx_word' id='word_1_706' title='bbox 3183 2912 3196 2947; x_wconf 92' lang='lat'><strong>:</strong></span> <span class='ocrx_word' id='word_1_707' title='bbox 3244 2892 3518 2965; x_wconf 72' lang='lat' dir='ltr'><strong>quanquam</strong></span> <span class='ocrx_word' id='word_1_708' title='bbox 3561 2907 3643 2946; x_wconf 84' lang='lat' dir='ltr'><strong>non</strong></span> 
     </span>
    </p>
   </div>
   <div class='ocr_carea' id='block_1_89' title="bbox 2114 2976 3643 3051">
    <p class='ocr_par' dir='ltr' id='par_1_89' title="bbox 2114 2976 3643 3051">
     <span class='ocr_line' id='line_1_89' title="bbox 2114 2976 3643 3051; baseline 0.004 -21"><span class='ocrx_word' id='word_1_709' title='bbox 2114 2985 2200 3031; x_wconf 85' lang='lat' dir='ltr'><strong>est</strong></span> <span class='ocrx_word' id='word_1_710' title='bbox 2230 2976 2316 3030; x_wconf 88' lang='lat' dir='ltr'><strong>illa</strong></span> <span class='ocrx_word' id='word_1_711' title='bbox 2346 2977 2529 3033; x_wconf 86' lang='lat' dir='ltr'><strong>libera.</strong></span> <span class='ocrx_word' id='word_1_712' title='bbox 2558 2978 2604 3032; x_wconf 80' lang='grc' dir='ltr'><em>Α</em></span> <span class='ocrx_word' id='word_1_713' title='bbox 2630 2997 2729 3050; x_wconf 88' lang='lat' dir='ltr'><strong>quo</strong></span> <span class='ocrx_word' id='word_1_714' title='bbox 2763 2983 2894 3035; x_wconf 87' lang='lat' dir='ltr'><strong>enim</strong></span> <span class='ocrx_word' id='word_1_715' title='bbox 2922 2985 3039 3050; x_wconf 85' lang='lat' dir='ltr'><strong>quis</strong></span> <span class='ocrx_word' id='word_1_716' title='bbox 3080 2984 3296 3040; x_wconf 84' lang='lat' dir='ltr'><strong>devictus</strong></span> <span class='ocrx_word' id='word_1_717' title='bbox 3331 2996 3398 3040; x_wconf 83' lang='lat' dir='ltr'><strong>est</strong></span> <span class='ocrx_word' id='word_1_718' title='bbox 3419 3026 3435 3051; x_wconf 91' lang='lat'><strong>,</strong></span> <span class='ocrx_word' id='word_1_719' title='bbox 3474 2985 3570 3038; x_wconf 82' lang='lat' dir='ltr'><strong>huic</strong></span> <span class='ocrx_word' id='word_1_720' title='bbox 3608 2993 3643 3037; x_wconf 87' lang='lat' dir='ltr'><strong>at</strong></span> 
     </span>
    </p>
   </div>
   <div class='ocr_carea' id='block_1_90' title="bbox 2114 3064 3645 3151">
    <p class='ocr_par' dir='ltr' id='par_1_90' title="bbox 2114 3064 3645 3151">
     <span class='ocr_line' id='line_1_90' title="bbox 2114 3064 3645 3151; baseline 0.005 -31"><span class='ocrx_word' id='word_1_721' title='bbox 2114 3072 2284 3123; x_wconf 77' lang='lat' dir='ltr'><strong>servus</strong></span> <span class='ocrx_word' id='word_1_722' title='bbox 2319 3070 2554 3125; x_wconf 83' lang='lat' dir='ltr'><strong>addictus</strong></span> <span class='ocrx_word' id='word_1_723' title='bbox 2580 3082 2652 3125; x_wconf 81' lang='lat' dir='ltr'><strong>est</strong></span> <span class='ocrx_word' id='word_1_724' title='bbox 2679 3071 2746 3144; x_wconf 92' lang='lat' dir='ltr'><strong>(II</strong></span> <span class='ocrx_word' id='word_1_725' title='bbox 2786 3064 2925 3127; x_wconf 80' lang='lat' dir='ltr'><strong>Patr.</strong></span> <span class='ocrx_word' id='word_1_726' title='bbox 2973 3091 3035 3142; x_wconf 83' lang='lat' dir='ltr'><strong>Il,</strong></span> <span class='ocrx_word' id='word_1_727' title='bbox 3076 3075 3164 3151; x_wconf 81' lang='lat' dir='ltr'><strong>l9)</strong></span> <span class='ocrx_word' id='word_1_728' title='bbox 3197 3094 3212 3139; x_wconf 86' lang='lat'><strong>;</strong></span> <span class='ocrx_word' id='word_1_729' title='bbox 3257 3085 3340 3142; x_wconf 89' lang='lat' dir='ltr'><strong>et,</strong></span> <span class='ocrx_word' id='word_1_730' title='bbox 3394 3076 3549 3131; x_wconf 80' lang='lat' dir='ltr'><strong>Omnis</strong></span> <span class='ocrx_word' id='word_1_731' title='bbox 3580 3076 3645 3145; x_wconf 79' lang='lat' dir='ltr'><strong>qui</strong></span> 
     </span>
    </p>
   </div>
   <div class='ocr_carea' id='block_1_91' title="bbox 2115 3154 3648 3235">
    <p class='ocr_par' dir='ltr' id='par_1_91' title="bbox 2115 3154 3648 3235">
     <span class='ocr_line' id='line_1_91' title="bbox 2115 3154 3648 3235; baseline 0.005 -23"><span class='ocrx_word' id='word_1_732' title='bbox 2115 3159 2237 3228; x_wconf 71' lang='lat' dir='ltr'><strong>facit</strong></span> <span class='ocrx_word' id='word_1_733' title='bbox 2283 3173 2574 3230; x_wconf 83' lang='lat' dir='ltr'><strong>peccatum,</strong></span> <span class='ocrx_word' id='word_1_734' title='bbox 2611 3179 2779 3218; x_wconf 84' lang='lat' dir='ltr'><strong>servus</strong></span> <span class='ocrx_word' id='word_1_735' title='bbox 2815 3154 2891 3219; x_wconf 85' lang='lat' dir='ltr'><strong>est</strong></span> <span class='ocrx_word' id='word_1_736' title='bbox 2915 3169 3116 3235; x_wconf 85' lang='lat' dir='ltr'><strong>peccati</strong></span> <span class='ocrx_word' id='word_1_737' title='bbox 3136 3186 3152 3229; x_wconf 85' lang='lat'><strong><em>;</em></strong></span> <span class='ocrx_word' id='word_1_738' title='bbox 3193 3177 3278 3234; x_wconf 88' lang='lat' dir='ltr'><strong>et,</strong></span> <span class='ocrx_word' id='word_1_739' title='bbox 3308 3168 3366 3225; x_wconf 90' lang='lat' dir='ltr'><strong>Si</strong></span> <span class='ocrx_word' id='word_1_740' title='bbox 3401 3186 3478 3223; x_wconf 82' lang='lat' dir='ltr'><strong>vos</strong></span> <span class='ocrx_word' id='word_1_741' title='bbox 3518 3165 3648 3221; x_wconf 78' lang='lat' dir='ltr'><strong>Filius</strong></span> 
     </span>
    </p>
   </div>
   <div class='ocr_carea' id='block_1_92' title="bbox 2118 3248 3651 3330">
    <p class='ocr_par' dir='ltr' id='par_1_92' title="bbox 2118 3248 3651 3330">
     <span class='ocr_line' id='line_1_92' title="bbox 2118 3248 3651 3330; baseline 0.006 -28"><span class='ocrx_word' id='word_1_742' title='bbox 2118 3248 2417 3317; x_wconf 84' lang='lat' dir='ltr'><strong>liberaverit,</strong></span> <span class='ocrx_word' id='word_1_743' title='bbox 2450 3262 2567 3306; x_wconf 83' lang='lat' dir='ltr'><strong>tunc</strong></span> <span class='ocrx_word' id='word_1_744' title='bbox 2605 3271 2714 3309; x_wconf 81' lang='lat' dir='ltr'><strong>rere</strong></span> <span class='ocrx_word' id='word_1_745' title='bbox 2742 3256 2883 3309; x_wconf 82' lang='lat' dir='ltr'><strong>libari</strong></span> <span class='ocrx_word' id='word_1_746' title='bbox 2907 3259 3057 3311; x_wconf 71' lang='lat' dir='ltr'><strong>eritis-</strong></span> <span class='ocrx_word' id='word_1_747' title='bbox 3105 3259 3295 3330; x_wconf 82' lang='lat' dir='ltr'><strong>(Joan.</strong></span> <span class='ocrx_word' id='word_1_748' title='bbox 3324 3277 3404 3315; x_wconf 77' lang='lat' dir='ltr'><strong>\‘lll</strong></span> <span class='ocrx_word' id='word_1_749' title='bbox 3424 3300 3437 3325; x_wconf 94' lang='lat'><strong>,</strong></span> <span class='ocrx_word' id='word_1_750' title='bbox 3465 3260 3540 3322; x_wconf 71' lang='grc' dir='ltr'><strong>δι,</strong></span> <span class='ocrx_word' id='word_1_751' title='bbox 3563 3257 3651 3330; x_wconf 76' lang='lat'><strong>56).</strong></span> 
     </span>
    </p>
   </div>
   <div class='ocr_carea' id='block_1_93' title="bbox 2187 3332 3650 3423">
    <p class='ocr_par' dir='ltr' id='par_1_93' title="bbox 2187 3332 3650 3423">
     <span class='ocr_line' id='line_1_93' title="bbox 2187 3332 3650 3423; baseline 0.003 -26"><span class='ocrx_word' id='word_1_752' title='bbox 2187 3342 2412 3400; x_wconf 78' lang='lat' dir='ltr'><strong>CAPUT</strong></span> <span class='ocrx_word' id='word_1_753' title='bbox 2452 3345 2563 3398; x_wconf 81' lang='lat' dir='ltr'><strong>XII.</strong></span> <span class='ocrx_word' id='word_1_754' title='bbox 2597 3349 2775 3401; x_wconf 68' lang='lat'><strong>~13.</strong></span> <span class='ocrx_word' id='word_1_755' title='bbox 2804 3348 2980 3402; x_wconf 75' lang='lat' dir='ltr'><strong>Gratia</strong></span> <span class='ocrx_word' id='word_1_756' title='bbox 3011 3368 3041 3403; x_wconf 86' lang='grc' dir='ltr'><em>η</em></span> <span class='ocrx_word' id='word_1_757' title='bbox 3062 3368 3127 3404; x_wconf 84' lang='lat' dir='ltr'><strong>on</strong></span> <span class='ocrx_word' id='word_1_758' title='bbox 3163 3332 3351 3405; x_wconf 82' lang='lat' dir='ltr'><strong>tantum</strong></span> <span class='ocrx_word' id='word_1_759' title='bbox 3388 3363 3436 3405; x_wconf 84' lang='lat' dir='ltr'><strong>ut</strong></span> <span class='ocrx_word' id='word_1_760' title='bbox 3470 3350 3650 3423; x_wconf 79' lang='lat' dir='ltr'><strong>facilius,</strong></span> 
     </span>
    </p>
   </div>
   <div class='ocr_carea' id='block_1_94' title="bbox 2116 3432 3652 3509">
    <p class='ocr_par' dir='ltr' id='par_1_94' title="bbox 2116 3432 3652 3509">
     <span class='ocr_line' id='line_1_94' title="bbox 2116 3432 3652 3509; baseline 0.005 -23"><span class='ocrx_word' id='word_1_761' title='bbox 2116 3432 2206 3487; x_wconf 84' lang='lat' dir='ltr'><strong>sed</strong></span> <span class='ocrx_word' id='word_1_762' title='bbox 2243 3434 2448 3488; x_wconf 86' lang='lat' dir='ltr'><strong>omnino</strong></span> <span class='ocrx_word' id='word_1_763' title='bbox 2490 3446 2545 3489; x_wconf 88' lang='lat' dir='ltr'><strong>ut</strong></span> <span class='ocrx_word' id='word_1_764' title='bbox 2582 3438 2747 3508; x_wconf 75' lang='lat' dir='ltr'><strong>facere</strong></span> <span class='ocrx_word' id='word_1_765' title='bbox 2781 3440 2942 3509; x_wconf 82' lang='lat' dir='ltr'><strong>possis</strong></span> <span class='ocrx_word' id='word_1_766' title='bbox 2967 3444 3276 3497; x_wconf 81' lang='lat' dir='ltr'><strong>necessaria.</strong></span> <span class='ocrx_word' id='word_1_767' title='bbox 3330 3442 3531 3498; x_wconf 87' lang='lat' dir='ltr'><strong>Prorsus</strong></span> <span class='ocrx_word' id='word_1_768' title='bbox 3577 3441 3652 3493; x_wconf 86' lang='lat' dir='ltr'><strong>hoc</strong></span> 
     </span>
    </p>
   </div>
   <div class='ocr_carea' id='block_1_95' title="bbox 2116 3524 3647 3601">
    <p class='ocr_par' dir='ltr' id='par_1_95' title="bbox 2116 3524 3647 3601">
     <span class='ocr_line' id='line_1_95' title="bbox 2116 3524 3647 3601; baseline 0.004 -21"><span class='ocrx_word' id='word_1_769' title='bbox 2116 3524 2335 3592; x_wconf 90' lang='lat' dir='ltr'><strong>credite,</strong></span> <span class='ocrx_word' id='word_1_770' title='bbox 2366 3527 2442 3581; x_wconf 89' lang='lat' dir='ltr'><strong>sic</strong></span> <span class='ocrx_word' id='word_1_771' title='bbox 2474 3541 2569 3582; x_wconf 91' lang='lat' dir='ltr'><strong>vos</strong></span> <span class='ocrx_word' id='word_1_772' title='bbox 2614 3545 2769 3599; x_wconf 82' lang='lat' dir='ltr'><strong>agerc</strong></span> <span class='ocrx_word' id='word_1_773' title='bbox 2802 3532 2936 3585; x_wconf 88' lang='lat' dir='ltr'><strong>bona</strong></span> <span class='ocrx_word' id='word_1_774' title='bbox 2980 3534 3280 3590; x_wconf 85' lang='lat' dir='ltr'><strong>voluntate.</strong></span> <span class='ocrx_word' id='word_1_775' title='bbox 3328 3536 3447 3601; x_wconf 80' lang='lat' dir='ltr'><strong>Quia</strong></span> <span class='ocrx_word' id='word_1_776' title='bbox 3489 3532 3647 3595; x_wconf 82' lang='lat' dir='ltr'><strong>vivitis,</strong></span> 
     </span>
    </p>
   </div>
   <div class='ocr_carea' id='block_1_96' title="bbox 2116 3617 3651 3695">
    <p class='ocr_par' dir='ltr' id='par_1_96' title="bbox 2116 3617 3651 3695">
     <span class='ocr_line' id='line_1_96' title="bbox 2116 3617 3651 3695; baseline 0.003 -24"><span class='ocrx_word' id='word_1_777' title='bbox 2116 3617 2297 3688; x_wconf 89' lang='lat' dir='ltr'><strong>utique</strong></span> <span class='ocrx_word' id='word_1_778' title='bbox 2353 3620 2527 3689; x_wconf 81' lang='lat' dir='ltr'><strong>agitis.</strong></span> <span class='ocrx_word' id='word_1_779' title='bbox 2577 3620 2691 3675; x_wconf 82' lang='lat' dir='ltr'><strong>Non</strong></span> <span class='ocrx_word' id='word_1_780' title='bbox 2748 3621 2890 3677; x_wconf 88' lang='lat' dir='ltr'><strong>enim</strong></span> <span class='ocrx_word' id='word_1_781' title='bbox 2941 3623 3163 3695; x_wconf 87' lang='lat' dir='ltr'><strong>adjutor</strong></span> <span class='ocrx_word' id='word_1_782' title='bbox 3206 3637 3286 3682; x_wconf 92' lang='lat' dir='ltr'><strong>est</strong></span> <span class='ocrx_word' id='word_1_783' title='bbox 3331 3627 3432 3693; x_wconf 88' lang='lat' dir='ltr'><strong>ille,</strong></span> <span class='ocrx_word' id='word_1_784' title='bbox 3475 3626 3512 3679; x_wconf 89' lang='lat' dir='ltr'><strong>si</strong></span> <span class='ocrx_word' id='word_1_785' title='bbox 3551 3622 3651 3679; x_wconf 84' lang='lat' dir='ltr'><strong>nihil</strong></span> 
     </span>
    </p>
   </div>
   <div class='ocr_carea' id='block_1_97' title="bbox 2116 3710 3651 3785">
    <p class='ocr_par' dir='ltr' id='par_1_97' title="bbox 2116 3710 3651 3785">
     <span class='ocr_line' id='line_1_97' title="bbox 2116 3710 3651 3785; baseline 0.005 -23"><span class='ocrx_word' id='word_1_786' title='bbox 2116 3710 2284 3779; x_wconf 80' lang='lat' dir='ltr'><strong>agatis</strong></span> <span class='ocrx_word' id='word_1_787' title='bbox 2317 3728 2329 3764; x_wconf 87' lang='lat'><strong>:</strong></span> <span class='ocrx_word' id='word_1_788' title='bbox 2360 3726 2464 3766; x_wconf 90' lang='lat' dir='ltr'><strong>non</strong></span> <span class='ocrx_word' id='word_1_789' title='bbox 2495 3712 2637 3767; x_wconf 87' lang='lat' dir='ltr'><strong>enim</strong></span> <span class='ocrx_word' id='word_1_790' title='bbox 2679 3724 2995 3784; x_wconf 81' lang='lat' dir='ltr'><strong>cooperator</strong></span> <span class='ocrx_word' id='word_1_791' title='bbox 3022 3726 3115 3773; x_wconf 87' lang='lat' dir='ltr'><strong>est</strong></span> <span class='ocrx_word' id='word_1_792' title='bbox 3145 3719 3233 3774; x_wconf 81' lang='lat' dir='ltr'><strong>ille</strong></span> <span class='ocrx_word' id='word_1_793' title='bbox 3255 3760 3270 3785; x_wconf 93' lang='lat'><strong>,</strong></span> <span class='ocrx_word' id='word_1_794' title='bbox 3313 3720 3355 3774; x_wconf 90' lang='lat' dir='ltr'><strong>si</strong></span> <span class='ocrx_word' id='word_1_795' title='bbox 3394 3718 3509 3773; x_wconf 84' lang='lat' dir='ltr'><strong>nihil</strong></span> <span class='ocrx_word' id='word_1_796' title='bbox 3550 3731 3651 3785; x_wconf 81' lang='lat' dir='ltr'><strong>ope-</strong></span> 
     </span>
    </p>
   </div>
   <div class='ocr_carea' id='block_1_98' title="bbox 2117 3801 3651 3889">
    <p class='ocr_par' dir='ltr' id='par_1_98' title="bbox 2117 3801 3651 3889">
     <span class='ocr_line' id='line_1_98' title="bbox 2117 3801 3651 3889; baseline 0.004 -35"><span class='ocrx_word' id='word_1_797' title='bbox 2117 3801 2327 3889; x_wconf 61' lang='lat' dir='ltr'><strong>ramini.</strong></span> <span class='ocrx_word' id='word_1_798' title='bbox 2373 3802 2463 3857; x_wconf 91' lang='lat' dir='ltr'><strong>Sic</strong></span> <span class='ocrx_word' id='word_1_799' title='bbox 2504 3820 2598 3859; x_wconf 83' lang='lat' dir='ltr'><strong>vos</strong></span> <span class='ocrx_word' id='word_1_800' title='bbox 2645 3812 2821 3861; x_wconf 89' lang='lat' dir='ltr'><strong>tamen</strong></span> <span class='ocrx_word' id='word_1_801' title='bbox 2878 3809 3075 3865; x_wconf 84' lang='lat' dir='ltr'><strong>scitote</strong></span> <span class='ocrx_word' id='word_1_802' title='bbox 3119 3826 3276 3882; x_wconf 82' lang='lat' dir='ltr'><strong>agere</strong></span> <span class='ocrx_word' id='word_1_803' title='bbox 3316 3811 3475 3876; x_wconf 88' lang='lat' dir='ltr'><strong>bona,</strong></span> <span class='ocrx_word' id='word_1_804' title='bbox 3519 3819 3565 3863; x_wconf 91' lang='lat' dir='ltr'><strong>ut</strong></span> <span class='ocrx_word' id='word_1_805' title='bbox 3598 3808 3651 3861; x_wconf 86' lang='lat' dir='ltr'><strong>sit</strong></span> 
     </span>
    </p>
   </div>
   <div class='ocr_carea' id='block_1_99' title="bbox 2117 3892 3649 3971">
    <p class='ocr_par' dir='ltr' id='par_1_99' title="bbox 2117 3892 3649 3971">
     <span class='ocr_line' id='line_1_99' title="bbox 2117 3892 3649 3971; baseline 0.003 -25"><span class='ocrx_word' id='word_1_806' title='bbox 2117 3903 2293 3948; x_wconf 80' lang='lat' dir='ltr'><strong>n-ctor</strong></span> <span class='ocrx_word' id='word_1_807' title='bbox 2347 3892 2578 3964; x_wconf 84' lang='lat' dir='ltr'><strong>Spiritus</strong></span> <span class='ocrx_word' id='word_1_808' title='bbox 2638 3897 2888 3968; x_wconf 75' lang='lat' dir='ltr'><strong>adjutor’</strong></span> <span class='ocrx_word' id='word_1_809' title='bbox 2934 3917 2948 3954; x_wconf 91' lang='lat'><strong>:</strong></span> <span class='ocrx_word' id='word_1_810' title='bbox 2992 3902 3088 3971; x_wconf 87' lang='lat' dir='ltr'><strong>qui</strong></span> <span class='ocrx_word' id='word_1_811' title='bbox 3153 3904 3198 3956; x_wconf 91' lang='lat' dir='ltr'><strong>si</strong></span> <span class='ocrx_word' id='word_1_812' title='bbox 3241 3902 3488 3967; x_wconf 88' lang='lat' dir='ltr'><strong>defuerit,</strong></span> <span class='ocrx_word' id='word_1_813' title='bbox 3546 3898 3649 3954; x_wconf 88' lang='lat' dir='ltr'><strong>nihil</strong></span> 
     </span>
    </p>
   </div>
   <div class='ocr_carea' id='block_1_100' title="bbox 2116 3983 3648 4068">
    <p class='ocr_par' dir='ltr' id='par_1_100' title="bbox 2116 3983 3648 4068">
     <span class='ocr_line' id='line_1_100' title="bbox 2116 3983 3648 4068; baseline 0.005 -30"><span class='ocrx_word' id='word_1_814' title='bbox 2116 3983 2241 4038; x_wconf 88' lang='lat' dir='ltr'><strong>boni</strong></span> <span class='ocrx_word' id='word_1_815' title='bbox 2287 3986 2504 4041; x_wconf 88' lang='lat' dir='ltr'><strong>omnino</strong></span> <span class='ocrx_word' id='word_1_816' title='bbox 2545 4004 2703 4060; x_wconf 80' lang='lat' dir='ltr'><strong>agere</strong></span> <span class='ocrx_word' id='word_1_817' title='bbox 2747 3993 2983 4048; x_wconf 88' lang='lat' dir='ltr'><strong>valeatis.</strong></span> <span class='ocrx_word' id='word_1_818' title='bbox 3042 3994 3161 4050; x_wconf 80' lang='lat' dir='ltr'><strong>Non</strong></span> <span class='ocrx_word' id='word_1_819' title='bbox 3207 3997 3341 4051; x_wconf 86' lang='lat' dir='ltr'><strong>sicut</strong></span> <span class='ocrx_word' id='word_1_820' title='bbox 3372 3995 3558 4068; x_wconf 86' lang='lat' dir='ltr'><strong>quidam</strong></span> <span class='ocrx_word' id='word_1_821' title='bbox 3586 3991 3648 4046; x_wconf 88' lang='lat' dir='ltr'><strong>di-</strong></span> 
     </span>
    </p>
   </div>
   <div class='ocr_carea' id='block_1_101' title="bbox 2115 4082 3648 4159">
    <p class='ocr_par' dir='ltr' id='par_1_101' title="bbox 2115 4082 3648 4159">
     <span class='ocr_line' id='line_1_101' title="bbox 2115 4082 3648 4159; baseline 0.003 -28"><span class='ocrx_word' id='word_1_822' title='bbox 2115 4092 2240 4132; x_wconf 89' lang='lat' dir='ltr'><strong>cere</strong></span> <span class='ocrx_word' id='word_1_823' title='bbox 2270 4090 2541 4149; x_wconf 74' lang='lat' dir='ltr'><strong>emperunt</strong></span> <span class='ocrx_word' id='word_1_824' title='bbox 2563 4123 2577 4147; x_wconf 92' lang='lat'><strong>,</strong></span> <span class='ocrx_word' id='word_1_825' title='bbox 2616 4082 2704 4152; x_wconf 91' lang='lat' dir='ltr'><strong>qui</strong></span> <span class='ocrx_word' id='word_1_826' title='bbox 2738 4085 2988 4139; x_wconf 88' lang='lat' dir='ltr'><strong>coarctati</strong></span> <span class='ocrx_word' id='word_1_827' title='bbox 3016 4096 3146 4142; x_wconf 88' lang='lat' dir='ltr'><strong>sunt</strong></span> <span class='ocrx_word' id='word_1_828' title='bbox 3176 4087 3449 4159; x_wconf 89' lang='lat' dir='ltr'><strong>aliquando</strong></span> <span class='ocrx_word' id='word_1_829' title='bbox 3469 4084 3648 4157; x_wconf 80' lang='lat' dir='ltr'><strong>gratiam</strong></span> 
     </span>
    </p>
   </div>
   <div class='ocr_carea' id='block_1_102' title="bbox 2117 4168 3646 4249">
    <p class='ocr_par' dir='ltr' id='par_1_102' title="bbox 2117 4168 3646 4249">
     <span class='ocr_line' id='line_1_102' title="bbox 2117 4168 3646 4249; baseline 0.003 -28"><span class='ocrx_word' id='word_1_830' title='bbox 2117 4168 2359 4224; x_wconf 86' lang='lat' dir='ltr'><strong>eouliteri</strong></span> <span class='ocrx_word' id='word_1_831' title='bbox 2396 4180 2494 4225; x_wconf 88' lang='lat' dir='ltr'><strong>:et</strong></span> <span class='ocrx_word' id='word_1_832' title='bbox 2532 4171 2895 4231; x_wconf 86' lang='lat' dir='ltr'><strong>benedieimns</strong></span> <span class='ocrx_word' id='word_1_833' title='bbox 2938 4175 3130 4244; x_wconf 88' lang='lat' dir='ltr'><strong>Deum,</strong></span> <span class='ocrx_word' id='word_1_834' title='bbox 3179 4181 3299 4249; x_wconf 88' lang='lat' dir='ltr'><strong>quia</strong></span> <span class='ocrx_word' id='word_1_835' title='bbox 3340 4178 3417 4233; x_wconf 79' lang='lat' dir='ltr'><strong>vel</strong></span> <span class='ocrx_word' id='word_1_836' title='bbox 3454 4176 3542 4232; x_wconf 88' lang='lat' dir='ltr'><strong>hoc</strong></span> <span class='ocrx_word' id='word_1_837' title='bbox 3573 4173 3646 4228; x_wconf 86' lang='lat' dir='ltr'><strong>ali-</strong></span> 
     </span>
    </p>
   </div>
   <div class='ocr_carea' id='block_1_103' title="bbox 2117 4261 3648 4340">
    <p class='ocr_par' dir='ltr' id='par_1_103' title="bbox 2117 4261 3648 4340">
     <span class='ocr_line' id='line_1_103' title="bbox 2117 4261 3648 4340; baseline 0.008 -28"><span class='ocrx_word' id='word_1_838' title='bbox 2117 4261 2330 4331; x_wconf 88' lang='lat' dir='ltr'><strong>quando</strong></span> <span class='ocrx_word' id='word_1_839' title='bbox 2352 4262 2632 4330; x_wconf 75' lang='lat' dir='ltr'><strong>dixeruut;</strong></span> <span class='ocrx_word' id='word_1_840' title='bbox 2675 4264 2979 4322; x_wconf 86' lang='lat' dir='ltr'><strong>aceedendo</strong></span> <span class='ocrx_word' id='word_1_841' title='bbox 3036 4268 3181 4323; x_wconf 88' lang='lat' dir='ltr'><strong>enim</strong></span> <span class='ocrx_word' id='word_1_842' title='bbox 3235 4270 3480 4340; x_wconf 85' lang='lat' dir='ltr'><strong>prolicere</strong></span> <span class='ocrx_word' id='word_1_843' title='bbox 3531 4274 3648 4339; x_wconf 72' lang='lat' dir='ltr'><strong>pole-</strong></span> 
     </span>
    </p>
   </div>
   <div class='ocr_carea' id='block_1_104' title="bbox 2117 4352 3645 4434">
    <p class='ocr_par' dir='ltr' id='par_1_104' title="bbox 2117 4352 3645 4434">
     <span class='ocr_line' id='line_1_104' title="bbox 2117 4352 3645 4434; baseline 0 -27"><span class='ocrx_word' id='word_1_844' title='bbox 2117 4354 2298 4422; x_wconf 78' lang='lat' dir='ltr'><strong>runt&#39;,</strong></span> <span class='ocrx_word' id='word_1_845' title='bbox 2329 4362 2379 4409; x_wconf 90' lang='lat' dir='ltr'><strong>et</strong></span> <span class='ocrx_word' id='word_1_846' title='bbox 2399 4352 2466 4410; x_wconf 91' lang='lat' dir='ltr'><strong>ad</strong></span> <span class='ocrx_word' id='word_1_847' title='bbox 2496 4355 2545 4411; x_wconf 92' lang='lat' dir='ltr'><strong>id</strong></span> <span class='ocrx_word' id='word_1_848' title='bbox 2571 4357 2710 4426; x_wconf 90' lang='lat' dir='ltr'><strong>quod</strong></span> <span class='ocrx_word' id='word_1_849' title='bbox 2733 4354 2858 4414; x_wconf 83' lang='lat' dir='ltr'><strong>vere</strong></span> <span class='ocrx_word' id='word_1_850' title='bbox 2884 4370 3088 4416; x_wconf 89' lang='lat' dir='ltr'><strong>rectum</strong></span> <span class='ocrx_word' id='word_1_851' title='bbox 3126 4372 3207 4418; x_wconf 91' lang='lat' dir='ltr'><strong>est</strong></span> <span class='ocrx_word' id='word_1_852' title='bbox 3242 4363 3520 4434; x_wconf 84' lang='lat' dir='ltr'><strong>pervenire.</strong></span> <span class='ocrx_word' id='word_1_853' title='bbox 3557 4360 3645 4413; x_wconf 80' lang='lat' dir='ltr'><strong>lam</strong></span> 
     </span>
    </p>
   </div>
   <div class='ocr_carea' id='block_1_105' title="bbox 2117 4445 3649 4522">
    <p class='ocr_par' dir='ltr' id='par_1_105' title="bbox 2117 4445 3649 4522">
     <span class='ocr_line' id='line_1_105' title="bbox 2117 4445 3649 4522; baseline -0.001 -23"><span class='ocrx_word' id='word_1_854' title='bbox 2117 4459 2246 4515; x_wconf 86' lang='lat' dir='ltr'><strong>ergo</strong></span> <span class='ocrx_word' id='word_1_855' title='bbox 2270 4445 2789 4516; x_wconf 83' lang='lat' dir='ltr'><strong>dicuntadjutricem</strong></span> <span class='ocrx_word' id='word_1_856' title='bbox 2814 4465 2933 4505; x_wconf 87' lang='lat' dir='ltr'><strong>esse</strong></span> <span class='ocrx_word' id='word_1_857' title='bbox 2958 4453 3180 4522; x_wconf 84' lang='lat' dir='ltr'><strong>gratiam</strong></span> <span class='ocrx_word' id='word_1_858' title='bbox 3216 4454 3341 4521; x_wconf 81' lang='lat' dir='ltr'><strong>Dei,</strong></span> <span class='ocrx_word' id='word_1_859' title='bbox 3382 4452 3442 4507; x_wconf 87' lang='lat' dir='ltr'><strong>ad</strong></span> <span class='ocrx_word' id='word_1_860' title='bbox 3485 4448 3649 4505; x_wconf 81' lang='lat' dir='ltr'><strong>facilius</strong></span> 
     </span>
    </p>
   </div>
   <div class='ocr_carea' id='block_1_106' title="bbox 2116 4535 3641 4599">
    <p class='ocr_par' dir='ltr' id='par_1_106' title="bbox 2116 4535 3641 4599">
     <span class='ocr_line' id='line_1_106' title="bbox 2116 4535 3641 4599; baseline 0.003 -9"><span class='ocrx_word' id='word_1_861' title='bbox 2116 4535 2374 4592; x_wconf 88' lang='lat' dir='ltr'><strong>facienda.</strong></span> <span class='ocrx_word' id='word_1_862' title='bbox 2412 4538 2514 4592; x_wconf 90' lang='lat' dir='ltr'><strong>Ista</strong></span> <span class='ocrx_word' id='word_1_863' title='bbox 2552 4547 2675 4593; x_wconf 91' lang='lat' dir='ltr'><strong>sunt</strong></span> <span class='ocrx_word' id='word_1_864' title='bbox 2719 4540 2859 4595; x_wconf 79' lang='lat' dir='ltr'><strong>enim</strong></span> <span class='ocrx_word' id='word_1_865' title='bbox 2904 4538 3065 4598; x_wconf 78' lang='lat' dir='ltr'><strong>verba</strong></span> <span class='ocrx_word' id='word_1_866' title='bbox 3102 4559 3285 4599; x_wconf 89' lang='lat' dir='ltr'><strong>eorum</strong></span> <span class='ocrx_word' id='word_1_867' title='bbox 3326 4544 3441 4597; x_wconf 74' lang='lat' dir='ltr'><strong>:Att</strong></span> <span class='ocrx_word' id='word_1_868' title='bbox 3477 4544 3557 4595; x_wconf 77' lang='lat' dir='ltr'><strong>hoc</strong></span> <span class='ocrx_word' id='word_1_869' title='bbox 3576 4538 3641 4589; x_wconf 80' lang='lat' dir='ltr'><strong>de-</strong></span> 
     </span>
    </p>
   </div>
   <div class='ocr_carea' id='block_1_107' title="bbox 2116 4626 3647 4702">
    <p class='ocr_par' dir='ltr' id='par_1_107' title="bbox 2116 4626 3647 4702">
     <span class='ocr_line' id='line_1_107' title="bbox 2116 4626 3647 4702; baseline 0.002 -21"><span class='ocrx_word' id='word_1_870' title='bbox 2116 4627 2188 4681; x_wconf 82' lang='lat' dir='ltr'><strong>dit</strong></span> <span class='ocrx_word' id='word_1_871' title='bbox 2207 4669 2221 4693; x_wconf 91' lang='lat'><strong>,</strong></span> <span class='ocrx_word' id='word_1_872' title='bbox 2266 4627 2508 4697; x_wconf 86' lang='lat' dir='ltr'><strong>inquiunt</strong></span> <span class='ocrx_word' id='word_1_873' title='bbox 2526 4672 2540 4695; x_wconf 90' lang='lat'><strong>,</strong></span> <span class='ocrx_word' id='word_1_874' title='bbox 2569 4629 2709 4684; x_wconf 81' lang='lat' dir='ltr'><strong>Deus</strong></span> <span class='ocrx_word' id='word_1_875' title='bbox 2737 4632 2955 4702; x_wconf 83' lang='lat' dir='ltr'><strong>gratiam</strong></span> <span class='ocrx_word' id='word_1_876' title='bbox 2982 4650 3126 4687; x_wconf 83' lang='lat' dir='ltr'><strong>suam</strong></span> <span class='ocrx_word' id='word_1_877' title='bbox 3151 4635 3456 4699; x_wconf 76' lang='lat' dir='ltr'><strong>hominibus,</strong></span> <span class='ocrx_word' id='word_1_878' title='bbox 3478 4642 3525 4684; x_wconf 88' lang='lat' dir='ltr'><strong>ut</strong></span> <span class='ocrx_word' id='word_1_879' title='bbox 3544 4626 3647 4700; x_wconf 71' lang='lat' dir='ltr'><strong>quod</strong></span> 
     </span>
    </p>
   </div>
   <div class='ocr_carea' id='block_1_108' title="bbox 2116 4719 3645 4795">
    <p class='ocr_par' dir='ltr' id='par_1_108' title="bbox 2116 4719 3645 4795">
     <span class='ocr_line' id='line_1_108' title="bbox 2116 4719 3645 4795; baseline -0.001 -22"><span class='ocrx_word' id='word_1_880' title='bbox 2116 4719 2282 4788; x_wconf 78' lang='lat' dir='ltr'><strong>facere</strong></span> <span class='ocrx_word' id='word_1_881' title='bbox 2318 4721 2559 4791; x_wconf 84' lang='lat' dir='ltr'><strong>jubentur</strong></span> <span class='ocrx_word' id='word_1_882' title='bbox 2611 4739 2701 4795; x_wconf 89' lang='lat' dir='ltr'><strong>par</strong></span> <span class='ocrx_word' id='word_1_883' title='bbox 2752 4723 2961 4778; x_wconf 79' lang='lat' dir='ltr'><strong>liberum</strong></span> <span class='ocrx_word' id='word_1_884' title='bbox 3008 4725 3291 4795; x_wconf 82' lang='lat' dir='ltr'><strong>arbitrium,</strong></span> <span class='ocrx_word' id='word_1_885' title='bbox 3328 4724 3519 4792; x_wconf 81' lang='lat' dir='ltr'><strong>facilius</strong></span> <span class='ocrx_word' id='word_1_886' title='bbox 3564 4736 3645 4791; x_wconf 71' lang='lat' dir='ltr'><strong>pos-</strong></span> 
     </span>
    </p>
   </div>
   <div class='ocr_carea' id='block_1_109' title="bbox 2117 4800 3646 4883">
    <p class='ocr_par' dir='ltr' id='par_1_109' title="bbox 2117 4800 3646 4883">
     <span class='ocr_line' id='line_1_109' title="bbox 2117 4800 3646 4883; baseline -0.003 -18"><span class='ocrx_word' id='word_1_887' title='bbox 2117 4800 2217 4865; x_wconf 63' lang='lat' dir='ltr'><strong>sint</strong></span> <span class='ocrx_word' id='word_1_888' title='bbox 2246 4811 2458 4882; x_wconf 87' lang='lat' dir='ltr'><strong>implere</strong></span> <span class='ocrx_word' id='word_1_889' title='bbox 2484 4828 2573 4882; x_wconf 87' lang='lat' dir='ltr'><strong>per</strong></span> <span class='ocrx_word' id='word_1_890' title='bbox 2617 4816 2854 4882; x_wconf 88' lang='lat' dir='ltr'><strong>gratiam.</strong></span> <span class='ocrx_word' id='word_1_891' title='bbox 2889 4815 3019 4870; x_wconf 84' lang='lat' dir='ltr'><strong>Velo</strong></span> <span class='ocrx_word' id='word_1_892' title='bbox 3054 4818 3258 4872; x_wconf 89' lang='lat' dir='ltr'><strong>facilius</strong></span> <span class='ocrx_word' id='word_1_893' title='bbox 3278 4860 3292 4883; x_wconf 91' lang='lat'><strong>,</strong></span> <span class='ocrx_word' id='word_1_894' title='bbox 3326 4830 3462 4871; x_wconf 88' lang='lat' dir='ltr'><strong>remo</strong></span> <span class='ocrx_word' id='word_1_895' title='bbox 3491 4809 3646 4868; x_wconf 81' lang='lat' dir='ltr'><strong>difﬁci-</strong></span> 
     </span>
    </p>
   </div>
   <div class='ocr_carea' id='block_1_110' title="bbox 2118 4902 3644 4976">
    <p class='ocr_par' dir='ltr' id='par_1_110' title="bbox 2118 4902 3644 4976">
     <span class='ocr_line' id='line_1_110' title="bbox 2118 4902 3644 4976; baseline 0.001 -21"><span class='ocrx_word' id='word_1_896' title='bbox 2118 4902 2251 4956; x_wconf 90' lang='lat' dir='ltr'><strong>lius:</strong></span> <span class='ocrx_word' id='word_1_897' title='bbox 2282 4909 2459 4958; x_wconf 85' lang='lat' dir='ltr'><strong>tatnen</strong></span> <span class='ocrx_word' id='word_1_898' title='bbox 2486 4913 2540 4959; x_wconf 90' lang='lat' dir='ltr'><strong>et</strong></span> <span class='ocrx_word' id='word_1_899' title='bbox 2568 4921 2714 4960; x_wconf 87' lang='lat' dir='ltr'><strong>remo</strong></span> <span class='ocrx_word' id='word_1_900' title='bbox 2745 4906 2869 4961; x_wconf 91' lang='lat' dir='ltr'><strong>itur.</strong></span> <span class='ocrx_word' id='word_1_901' title='bbox 2902 4908 3152 4963; x_wconf 81' lang='lat' dir='ltr'><strong>Jumento</strong></span> <span class='ocrx_word' id='word_1_902' title='bbox 3191 4909 3418 4972; x_wconf 82' lang='lat' dir='ltr'><strong>facilius,</strong></span> <span class='ocrx_word' id='word_1_903' title='bbox 3460 4903 3644 4976; x_wconf 78' lang='lat' dir='ltr'><strong>pedibus</strong></span> 
     </span>
    </p>
   </div>
   <div class='ocr_carea' id='block_1_111' title="bbox 2118 4992 3646 5069">
    <p class='ocr_par' dir='ltr' id='par_1_111' title="bbox 2118 4992 3646 5069">
     <span class='ocr_line' id='line_1_111' title="bbox 2118 4992 3646 5069; baseline -0.002 -23"><span class='ocrx_word' id='word_1_904' title='bbox 2118 4992 2387 5049; x_wconf 76' lang='lat' dir='ltr'><strong>difﬁcilius</strong></span> <span class='ocrx_word' id='word_1_905' title='bbox 2413 5013 2426 5049; x_wconf 91' lang='lat'><strong>:</strong></span> <span class='ocrx_word' id='word_1_906' title='bbox 2449 4995 2542 5050; x_wconf 87' lang='lat' dir='ltr'><strong>sed</strong></span> <span class='ocrx_word' id='word_1_907' title='bbox 2577 5005 2750 5051; x_wconf 90' lang='lat' dir='ltr'><strong>tamen</strong></span> <span class='ocrx_word' id='word_1_908' title='bbox 2781 5007 2836 5053; x_wconf 88' lang='lat' dir='ltr'><strong>et</strong></span> <span class='ocrx_word' id='word_1_909' title='bbox 2863 4998 3082 5067; x_wconf 88' lang='lat' dir='ltr'><strong>pedibus</strong></span> <span class='ocrx_word' id='word_1_910' title='bbox 3105 5000 3418 5069; x_wconf 72' lang='lat' dir='ltr'><strong>pervcnitur.</strong></span> <span class='ocrx_word' id='word_1_911' title='bbox 3458 4994 3554 5051; x_wconf 70' lang='lat' dir='ltr'><strong>Non</strong></span> <span class='ocrx_word' id='word_1_912' title='bbox 3581 4999 3646 5045; x_wconf 84' lang='lat' dir='ltr'><strong>est</strong></span> 
     </span>
    </p>
   </div>
   <div class='ocr_carea' id='block_1_112' title="bbox 2118 5081 3641 5160">
    <p class='ocr_par' dir='ltr' id='par_1_112' title="bbox 2118 5081 3641 5160">
     <span class='ocr_line' id='line_1_112' title="bbox 2118 5081 3641 5160; baseline -0.003 -22"><span class='ocrx_word' id='word_1_913' title='bbox 2118 5084 2215 5138; x_wconf 86' lang='lat' dir='ltr'><strong>sic.</strong></span> <span class='ocrx_word' id='word_1_914' title='bbox 2245 5083 2494 5155; x_wconf 81' lang='lat' dir='ltr'><strong>Magister</strong></span> <span class='ocrx_word' id='word_1_915' title='bbox 2512 5087 2654 5141; x_wconf 89' lang='lat' dir='ltr'><strong>enim</strong></span> <span class='ocrx_word' id='word_1_916' title='bbox 2685 5103 2841 5142; x_wconf 84' lang='lat' dir='ltr'><strong>verus</strong></span> <span class='ocrx_word' id='word_1_917' title='bbox 2866 5088 2956 5158; x_wconf 89' lang='lat' dir='ltr'><strong>qui</strong></span> <span class='ocrx_word' id='word_1_918' title='bbox 2988 5090 3250 5144; x_wconf 81' lang='lat' dir='ltr'><strong>neminem</strong></span> <span class='ocrx_word' id='word_1_919' title='bbox 3273 5090 3465 5160; x_wconf 81' lang='lat' dir='ltr'><strong>palpat,</strong></span> <span class='ocrx_word' id='word_1_920' title='bbox 3506 5081 3641 5139; x_wconf 65' lang='lat' dir='ltr'><strong>tuatui-</strong></span> 
     </span>
    </p>
   </div>
   <div class='ocr_carea' id='block_1_113' title="bbox 2117 5163 3640 5254">
    <p class='ocr_par' dir='ltr' id='par_1_113' title="bbox 2117 5163 3640 5254">
     <span class='ocr_line' id='line_1_113' title="bbox 2117 5163 3640 5254; baseline 0 -22"><span class='ocrx_word' id='word_1_921' title='bbox 2117 5193 2238 5232; x_wconf 86' lang='lat' dir='ltr'><strong>nem</strong></span> <span class='ocrx_word' id='word_1_922' title='bbox 2266 5177 2416 5246; x_wconf 89' lang='lat' dir='ltr'><strong>fallit,</strong></span> <span class='ocrx_word' id='word_1_923' title='bbox 2442 5196 2601 5234; x_wconf 80' lang='lat' dir='ltr'><strong>verax</strong></span> <span class='ocrx_word' id='word_1_924' title='bbox 2631 5179 2817 5235; x_wconf 90' lang='lat' dir='ltr'><strong>doctor</strong></span> <span class='ocrx_word' id='word_1_925' title='bbox 2846 5180 3090 5254; x_wconf 89' lang='lat' dir='ltr'><strong>idemque</strong></span> <span class='ocrx_word' id='word_1_926' title='bbox 3123 5182 3374 5247; x_wconf 84' lang='lat' dir='ltr'><strong>Salvator,</strong></span> <span class='ocrx_word' id='word_1_927' title='bbox 3424 5163 3484 5233; x_wconf 89' lang='lat' dir='ltr'><strong>ad</strong></span> <span class='ocrx_word' id='word_1_928' title='bbox 3516 5186 3640 5247; x_wconf 84' lang='lat' dir='ltr'><strong>quem</strong></span> 
     </span>
    </p>
   </div>
   <div class='ocr_carea' id='block_1_114' title="bbox 2117 5262 3641 5345">
    <p class='ocr_par' dir='ltr' id='par_1_114' title="bbox 2117 5262 3641 5345">
     <span class='ocr_line' id='line_1_114' title="bbox 2117 5262 3641 5345; baseline -0.003 -21"><span class='ocrx_word' id='word_1_929' title='bbox 2117 5283 2217 5324; x_wconf 87' lang='lat' dir='ltr'><strong>nos</strong></span> <span class='ocrx_word' id='word_1_930' title='bbox 2242 5268 2392 5325; x_wconf 77' lang='lat' dir='ltr'><strong>duxit</strong></span> <span class='ocrx_word' id='word_1_931' title='bbox 2412 5269 2823 5326; x_wconf 81' lang='lat' dir='ltr'><strong>molestissimas</strong></span> <span class='ocrx_word' id='word_1_932' title='bbox 2864 5271 3215 5345; x_wconf 74' lang='lat' dir='ltr'><strong>ptedagOgus;</strong></span> <span class='ocrx_word' id='word_1_933' title='bbox 3259 5288 3374 5329; x_wconf 92' lang='lat' dir='ltr'><strong>cum</strong></span> <span class='ocrx_word' id='word_1_934' title='bbox 3428 5268 3488 5325; x_wconf 91' lang='lat' dir='ltr'><strong>de</strong></span> <span class='ocrx_word' id='word_1_935' title='bbox 3519 5262 3641 5321; x_wconf 78' lang='lat' dir='ltr'><strong>bonis</strong></span> 
     </span>
    </p>
   </div>
   <div class='ocr_carea' id='block_1_115' title="bbox 2176 5447 3634 5527">
    <p class='ocr_par' dir='ltr' id='par_1_115' title="bbox 2176 5447 3634 5527">
     <span class='ocr_line' id='line_1_115' title="bbox 2176 5447 3634 5527; baseline -0.006 -19"><span class='ocrx_word' id='word_1_936' title='bbox 2176 5458 2191 5527; x_wconf 55' lang='grc' dir='ltr'><em>ξ</em></span> <span class='ocrx_word' id='word_1_937' title='bbox 2216 5458 2289 5507; x_wconf 83' lang='lat' dir='ltr'><strong>sic</strong></span> <span class='ocrx_word' id='word_1_938' title='bbox 2306 5457 2432 5509; x_wconf 77' lang='lat' dir='ltr'><strong>Beda</strong></span> <span class='ocrx_word' id='word_1_939' title='bbox 2453 5465 2506 5510; x_wconf 89' lang='lat' dir='ltr'><strong>et</strong></span> <span class='ocrx_word' id='word_1_940' title='bbox 2525 5457 2708 5510; x_wconf 75' lang='lat' dir='ltr'><strong>Florus.</strong></span> <span class='ocrx_word' id='word_1_941' title='bbox 2732 5465 2789 5510; x_wconf 76' lang='lat' dir='ltr'><strong>At</strong></span> <span class='ocrx_word' id='word_1_942' title='bbox 2808 5459 2925 5511; x_wconf 83' lang='lat' dir='ltr'><strong>editi</strong></span> <span class='ocrx_word' id='word_1_943' title='bbox 2955 5469 3055 5512; x_wconf 79' lang='lat' dir='ltr'><strong>Am.</strong></span> <span class='ocrx_word' id='word_1_944' title='bbox 3081 5466 3152 5512; x_wconf 83' lang='lat' dir='ltr'><strong>Er.</strong></span> <span class='ocrx_word' id='word_1_945' title='bbox 3178 5468 3305 5522; x_wconf 83' lang='lat' dir='ltr'><strong>Lov.,</strong></span> <span class='ocrx_word' id='word_1_946' title='bbox 3328 5455 3547 5527; x_wconf 63' lang='lat' dir='ltr'><strong>agonibus</strong></span> <span class='ocrx_word' id='word_1_947' title='bbox 3564 5447 3634 5499; x_wconf 78' lang='lat' dir='ltr'><strong>ad-</strong></span> 
     </span>
    </p>
   </div>
   <div class='ocr_carea' id='block_1_116' title="bbox 2101 5520 3636 5654">
    <p class='ocr_par' dir='ltr' id='par_1_116' title="bbox 2101 5520 3636 5654">
     <span class='ocr_line' id='line_1_116' title="bbox 2101 5520 3636 5654; baseline -0.003 -21"><span class='ocrx_word' id='word_1_948' title='bbox 2101 5520 2348 5654; x_wconf 29' lang='lat' dir='ltr'><strong>ﬂigi-.9831</strong></span> <span class='ocrx_word' id='word_1_949' title='bbox 2375 5582 2450 5634; x_wconf 71' lang='lat' dir='ltr'><strong>sic</strong></span> <span class='ocrx_word' id='word_1_950' title='bbox 2472 5589 2742 5654; x_wconf 47' lang='lat' dir='ltr'><strong>troshtamen</strong></span> <span class='ocrx_word' id='word_1_951' title='bbox 2948 5597 3116 5654; x_wconf 63' lang='lat' dir='ltr'><strong>agere,</strong></span> <span class='ocrx_word' id='word_1_952' title='bbox 3142 5581 3275 5654; x_wconf 72' lang='lat' dir='ltr'><strong>u_t__sit</strong></span> <span class='ocrx_word' id='word_1_953' title='bbox 3294 5587 3440 5633; x_wconf 82' lang='lat' dir='ltr'><strong>rector</strong></span> <span class='ocrx_word' id='word_1_954' title='bbox 3469 5571 3636 5639; x_wconf 70' lang='grc' dir='ltr'><strong>,ςρὺὶιια</strong></span> 
     </span>
    </p>
   </div>
   <div class='ocr_carea' id='block_1_117' title="bbox 2112 5641 3312 5705">
    <p class='ocr_par' dir='ltr' id='par_1_117' title="bbox 2112 5641 3312 5705">
     <span class='ocr_line' id='line_1_117' title="bbox 2112 5641 3312 5705; baseline 0.002 -12"><span class='ocrx_word' id='word_1_955' title='bbox 2112 5648 2158 5693; x_wconf 84' lang='lat' dir='ltr'><strong>at</strong></span> <span class='ocrx_word' id='word_1_956' title='bbox 2179 5641 2372 5704; x_wconf 74' lang='lat' dir='ltr'><strong>adiutor</strong></span> <span class='ocrx_word' id='word_1_957' title='bbox 2392 5658 2408 5705; x_wconf 87' lang='lat'><strong><em>;</em></strong></span> <span class='ocrx_word' id='word_1_958' title='bbox 2430 5645 2518 5695; x_wconf 87' lang='lat' dir='ltr'><strong>sed</strong></span> <span class='ocrx_word' id='word_1_959' title='bbox 2541 5645 2941 5697; x_wconf 79' lang='lat' dir='ltr'><strong>dissentientibus</strong></span> <span class='ocrx_word' id='word_1_960' title='bbox 2955 5641 3145 5698; x_wconf 62' lang='lat' dir='ltr'><strong>caeteris</strong></span> <span class='ocrx_word' id='word_1_961' title='bbox 3168 5644 3312 5696; x_wconf 73' lang='lat' dir='ltr'><strong>libris.</strong></span> 
     </span>
    </p>
   </div>
   <div class='ocr_carea' id='block_1_118' title="bbox 2178 5707 3182 5772">
    <p class='ocr_par' dir='ltr' id='par_1_118' title="bbox 2178 5707 3182 5772">
     <span class='ocr_line' id='line_1_118' title="bbox 2178 5707 3182 5772; baseline 0.004 -20"><span class='ocrx_word' id='word_1_962' title='bbox 2178 5707 2196 5735; x_wconf 84' lang='grc'>³</span> <span class='ocrx_word' id='word_1_963' title='bbox 2220 5710 2283 5754; x_wconf 84' lang='lat' dir='ltr'><strong>tta</strong></span> <span class='ocrx_word' id='word_1_964' title='bbox 2310 5707 2523 5758; x_wconf 85' lang='lat' dir='ltr'><strong>nonnulli</strong></span> <span class='ocrx_word' id='word_1_965' title='bbox 2552 5716 2655 5759; x_wconf 71' lang='lat' dir='ltr'><strong>Mss.</strong></span> <span class='ocrx_word' id='word_1_966' title='bbox 2677 5716 2735 5761; x_wconf 74' lang='lat' dir='ltr'><strong>At.</strong></span> <span class='ocrx_word' id='word_1_967' title='bbox 2757 5708 2894 5771; x_wconf 85' lang='lat' dir='ltr'><strong>editi,</strong></span> <span class='ocrx_word' id='word_1_968' title='bbox 2916 5717 3182 5772; x_wconf 74' lang='lat' dir='ltr'><strong>potueram.</strong></span> 
     </span>
    </p>
   </div>
  </div>
