3850 6188
230 313 301 371 8387
1582 291 1810 353 SERMU
1851 289 2026 347 CLVI.
3359 304 3461 361 θῦε

231 431 461 502 operibus,
497 427 668 493 idest,
699 424 764 480 de
796 432 1184 480 sarmentorum
1208 429 1260 474 et
1288 419 1558 489 palmitum
1585 415 1768 500 [rupti-

227 529 293 580 bus
318 524 638 592 lomteretur,
672 535 774 573 non
797 520 890 586 ait,
912 517 1045 573 Sine-
1068 515 1385 586 mequidem
1425 513 1644 584 potestis
1695 512 1770 564 la-

220 638 311 677 cere
328 616 547 689 aliquid,
577 617 667 672 sed
693 615 896 671 facilius
922 630 1016 684 per
1044 604 1128 668 me
1163 630 1174 665 :
1209 629 1313 666 non
1354 612 1460 674 ait,
1514 610 1767 665 Fructum

216 727 417 771 vestrum
450 714 568 768 sine
598 700 681 765 me
713 710 932 779 potestis
953 706 1127 762 facere
1147 748 1160 771 ,
1208 705 1301 760 sed
1334 704 1629 759 uberiorem
1673 718 1767 773 per

213 824 293 863 tne.
321 806 433 873 Non
492 806 592 859 hoc
626 778 787 877 ‘dixit.
819 786 1002 872 Legite
1046 800 1170 870 quid
1218 797 1414 853 dixerit
1449 814 1462 851 :
1521 797 1767 867 Evange-

207 900 309 953 lium
330 906 578 953 sanetum
601 903 682 948 est
700 882 721 955 ,l
737 894 971 947 omnium
1000 891 1225 961 superba
1257 890 1393 945 colla
1445 888 1764 944 subduntur.

206 991 299 1046 Non
330 990 447 1044 hzec
478 988 606 1044 dicit
632 986 974 1055 Augustinus,
1006 984 1117 1038 hare
1155 983 1280 1037 dicit
1311 983 1582 1036 Dominus.
1629 979 1766 1049 Quid

202 1064 309 1139 dicit
338 1081 629 1139 Dominus?
660 1079 785 1136 Siue
804 1096 881 1132 me
908 1077 1034 1131 nihil
1064 1075 1264 1147 potestis
1280 1079 1444 1144 facere
1473 1072 1650 1142 (Joan.
1676 1088 1762 1133 xv,

201 1176 265 1243 5).
304 1173 424 1228 .lam
468 1188 607 1227 nunc
641 1186 760 1227 cum
799 1170 991 1224 auditis
1033 1168 1082 1232 ⁸,
1125 1167 1375 1237 Quotquot
1420 1163 1619 1235 Spiritu
1671 1161 1767 1216 Dei

197 1278 426 1339 aguntur,
463 1268 515 1319 hi
544 1266 635 1335 ﬁlii
661 1274 775 1320 sunt
806 1262 919 1330 Dei,
953 1264 1116 1339 nolite
1137 1276 1239 1339 vos
1265 1258 1563 1313 demittere.
1587 1255 1767 1327 Neque

196 1361 325 1414 enim
357 1344 611 1426 templum
635 1344 786 1411 suum
815 1356 891 1409 sic
915 1355 982 1409 de
1008 1336 1158 1408 vobis
1178 1336 1404 1407 tedil'tcat
1430 1351 1588 1413 Deus,
1615 1348 1766 1419 quasi

194 1455 253 1508 de
278 1452 546 1521 lapidibus
574 1450 660 1521 qui
691 1466 792 1502 non
821 1448 1018 1501 habent
1040 1454 1239 1499 motum
1267 1458 1421 1498 suum
1454 1462 1464 1496 :
1498 1442 1764 1501 levantur,

190 1546 250 1617 ab
271 1552 539 1598 structure
562 1528 850 1612 ponuntur.
878 1539 993 1593 Non
1018 1538 1095 1592 sic
1121 1546 1245 1591 sunt
1279 1534 1483 1605 lapides
1518 1535 1617 1587 \ivi
1652 1547 1666 1585 :
1700 1532 1768 1586 Et

188 1653 267 1690 vos
310 1622 552 1697 tanquam
597 1633 787 1703 lapides
849 1631 944 1684 vivi
985 1628 1370 1698 coa’di/icamini
1422 1628 1472 1679 in
1528 1624 1768 1694 templum

188 1727 279 1780 Dei
312 1716 528 1796 (Ephes.
563 1740 617 1787 ιι,
647 1723 735 1785 ‘29.,
761 1732 806 1776 et
854 1722 869 1775 l
915 1720 1055 1776 Petr.
1101 1737 1172 1786 ιι,
1225 1719 1301 1785 5).
1351 1717 1644 1780 Ducimini,
1674 1716 1768 1770 sed

186 1818 382 1871 currite
409 1815 466 1869 et
497 1832 590 1869 vos
628 1833 639 1867 :
669 1814 953 1878 ducimiui,
986 1811 1078 1865 sed
1121 1809 1400 1881 sequimini
1440 1826 1453 1863 :
1490 1807 1609 1876 quia
1648 1823 1765 1860 cum

186 1890 348 1961 secuti
393 1907 628 1971 fueritis,
677 1920 858 1958 verum
899 1907 1000 1957 erit
1032 1900 1181 1966 illud,
1216 1900 1337 1970 quia
1358 1888 1485 1952 isine
1514 1898 1601 1951 illo
1637 1894 1768 1949 nihil

186 2005 360 2055 lacere
412 1999 649 2070 potestis.
690 1997 809 2051 Non
848 1980 988 2051 enim
1039 1995 1268 2057 volentis,
1318 1979 1472 2060 neque
1500 1988 1765 2053 currentis,

183 2095 267 2147 sed
294 2093 575 2145 miserantis
594 2078 665 2145 est
694 2089 788 2144 Dei
809 2088 981 2163 (Rom.
1008 2103 1082 2154 Ix,
1112 2086 1222 2156 16).

255 2187 339 2241 CA
352 2185 485 2241 PUT
524 2185 737 2239 Xlll.——
765 2184 848 2238 ib.
888 2182 991 2236 Lex
1005 2190 1141 2233 vetns
1172 2188 1215 2233 et
1244 2195 1391 2231 nova.
1418 2176 1641 2245 Spiritus
1665 2191 1769 2227 scr-

183 2282 353 2335 rirutis
380 2288 427 2333 et
455 2277 717 2331 libertatis.
745 2275 901 2329 Forte
921 2271 1112 2327 dicturi
1132 2270 1293 2324 eratis
1324 2287 1336 2322 :
1382 2269 1445 2321 Et
1473 2267 1576 2321 Lex
1624 2265 1771 2319 suffi-

182 2376 249 2427 cit
274 2373 449 2426 nobis.
484 2372 589 2426 Lex
634 2371 878 2424 timorem
919 2365 1065 2421 dedit
1099 2382 1110 2417 :
1153 2373 1204 2417 et
1247 2362 1422 2416 videte
1460 2359 1584 2439 quid
1647 2358 1769 2412 hinc

180 2465 462 2533 subjnnxit
512 2462 833 2538 Apostolus,
880 2474 1001 2541 cum
1047 2459 1288 2520 diceret,
1339 2453 1589 2522 Quotquot
1638 2451 1768 2503 enim

184 2558 388 2627 Spiritu
420 2556 513 2629 Dei
532 2566 776 2628 aguntur,
805 2554 858 2607 lti
887 2553 982 2622 ﬁlii
1006 2559 1121 2606 sunt
1151 2550 1245 2605 Dei
1274 2565 1292 2602 :
1325 2548 1446 2618 quia
1475 2562 1595 2601 cum
1644 2544 1766 2613 Spi-

182 2650 288 2705 ritu
323 2649 412 2703 Dei
436 2657 680 2716 aguutur,
701 2646 958 2701 charitate
987 2651 1213 2713 aguntur
1241 2638 1503 2695 :Charitas
1519 2636 1656 2691 enim
1681 2634 1772 2690 Dei

186 2741 375 2807 diffusa
394 2749 465 2803 est
492 2740 543 2792 iu
563 2738 796 2792 cordibus
824 2737 1007 2791 nostris
1038 2751 1126 2805 per
1158 2733 1409 2803 Spiritum
1433 2739 1663 2784 sanctum
1683 2727 1769 2796 qui

193 2835 341 2888 datus
367 2843 437 2887 est
458 2832 599 2886 nobis
643 2828 775 2902 (Id.
812 2846 865 2895 v,
894 2828 963 2899 5)
1009 2844 1021 2879 :
1054 2834 1269 2881 secutus
1310 2822 1589 2893 adiunxit,
1649 2818 1770 2874 Non

196 2926 322 2977 enim
368 2923 627 2994 accepistis
676 2922 908 2992 spiritum
956 2918 1201 2973 servitutis
1239 2916 1417 2970 iterum
1468 2915 1522 2967 in
1572 2914 1766 2967 timore.

198 3016 327 3086 Quid
353 3025 451 3081 est,
475 3010 987 3080 iterunt?Quomodo
1005 3016 1235 3079 terrente
1257 3005 1631 3079 molestissimo
1657 3019 1768 3072 p:c-

200 3106 412 3177 dagngo.
441 3106 575 3173 Quid
598 3113 699 3169 est,
721 3102 936 3157 iterum?
954 3101 1102 3156 Sicut
1124 3099 1174 3152 in
1194 3105 1372 3152 monte
1390 3096 1514 3152 Sina
1532 3094 1769 3164 accepis-

202 3200 265 3251 tis
288 3199 523 3270 spiritum
554 3195 843 3251 servitutis.
878 3194 1014 3248 Dicit
1038 3190 1229 3262 aliquis
1266 3208 1278 3243 :
1326 3189 1473 3243 Alius
1502 3196 1583 3243 est
1615 3187 1773 3258 spiri-

202 3299 282 3344 tus
306 3288 588 3348 servitutis,
614 3288 749 3342 alius
773 3284 987 3355 spiritus
1009 3282 1286 3337 libertatis.
1330 3281 1384 3334 Si
1422 3280 1557 3333 alius
1604 3288 1769 3343 esset,

202 3395 303 3436 non
331 3379 874 3449 diceretApostolus,
919 3377 1120 3429 iterum.
1169 3369 1311 3425 Idem
1364 3385 1492 3440 ergo
1530 3370 1767 3439 Spiritus,

198 3473 287 3527 sed
314 3474 365 3528 in
391 3472 585 3528 tabulis
613 3470 833 3541 lapideis
856 3469 907 3521 in
938 3468 1146 3528 timore,
1179 3465 1228 3519 in
1271 3463 1460 3518 tabulis
1499 3460 1675 3515 cordis
1718 3460 1771 3512 in

195 3565 493 3620 dilectione.
526 3563 644 3618 Jam
677 3560 1062 3635 nudiustertius
1090 3558 1178 3626 qui
1224 3555 1467 3627 adfuistis
1506 3552 1583 3625 (α)
1615 3552 1771 3605 audi-

191 3656 308 3721 stis,
328 3640 592 3725 quomodo
621 3654 774 3723 longe
796 3651 1018 3721 positam
1050 3648 1279 3719 plebem,
1306 3661 1488 3711 voces,
1507 3644 1667 3715 ignis,
1694 3644 1771 3697 lu-

190 3760 309 3799 mus
330 3746 381 3800 in
409 3753 589 3799 monte
617 3742 847 3798 terrebat
878 3738 1068 3813 (Exod.
1100 3755 1210 3802 χιχ,
1242 3753 1341 3802 xx,
1388 3746 1433 3789 et
1467 3751 1622 3799 xxxx,
1655 3735 1769 3807 18);

187 3836 456 3904 quomodo
485 3844 662 3890 autem
690 3834 909 3888 veniens
934 3831 1161 3901 Spiritus
1186 3840 1402 3883 sanctus
1428 3870 1440 3890 ,
1484 3826 1623 3882 idem
1660 3826 1773 3896 ipse

185 3928 383 3998 digitus
404 3926 521 3993 Dei,
550 3924 986 3996 quinquagesimo
1008 3922 1093 3976 die
1120 3933 1238 3991 post
1261 3911 1500 3974 umbram
1555 3916 1772 3972 Pascha:

184 4004 458 4089 quomodo
483 4018 711 4082 venerit,
739 4023 793 4070 et
812 4004 985 4085 igneis
1007 4015 1200 4082 linguis
1232 4028 1392 4080 super
1419 4025 1765 4080 unumquem-

181 4125 292 4179 que
318 4125 502 4165 eorum
535 4107 786 4164 insederit
813 4104 948 4179 (Act.
981 4121 1040 4171 ιι,
1088 4103 1222 4177 1-4).
1269 4103 1385 4158 .lam
1404 4117 1532 4172 ergo
1563 4116 1666 4155 non
1719 4102 1771 4154 in

184 4200 401 4264 timore,
428 4199 522 4256 Sed
551 4199 606 4254 in
632 4198 955 4262 dilectione;
985 4204 1042 4250 ut
1071 4210 1175 4248 non
1206 4194 1343 4248 servi
1367 4235 1379 4256 ,
1423 4192 1516 4248 sed
1557 4191 1648 4246 lilii
1701 4192 1774 4246 si-

182 4308 333 4347 mus.
357 4292 457 4370 Qui
478 4292 620 4349 enim
642 4290 815 4370 adhuc
836 4289 956 4368 ideo
985 4288 1120 4343 bene
1148 4286 1288 4358 agit,
1315 4285 1435 4356 quia
1466 4300 1677 4355 poenam
1703 4285 1772 4338 ti-

184 4394 323 4452 met,
356 4366 525 4441 Deum
546 4368 662 4440 non
684 4366 856 4448 amat,
884 4382 1119 4438 nondum
1160 4390 1241 4434 est
1266 4381 1404 4451 inter
1434 4379 1572 4433 ﬁlios
1612 4393 1626 4429 :
1674 4377 1771 4432 utio

182 4491 314 4530 nam
356 4486 535 4533 tamen
562 4458 661 4531 vel.
698 4489 910 4546 pmnam
961 4474 1158 4527 timeat.
1204 4472 1388 4527 Timor
1425 4485 1612 4525 servus
1670 4478 1770 4534 est,

183 4568 426 4624 charitas
455 4568 620 4624 libera
643 4577 724 4623 est
749 4583 764 4630 ;
792 4574 844 4621 et
866 4575 921 4619 ut
945 4566 1024 4620 sic
1051 4563 1310 4630 dicamus,
1337 4564 1497 4618 timor
1537 4570 1619 4617 est
1655 4577 1771 4616 ser-

177 4678 281 4717 vus
314 4664 611 4718 charitatis.
643 4662 721 4717 Ne
743 4659 1013 4732 possideat
1038 4657 1283 4713 diabolus
1313 4673 1408 4711 cor
1438 4667 1607 4722 tuum,
1639 4671 1773 4725 prsc-

175 4755 549 4812 eedatservus
569 4742 620 4810 in
643 4753 806 4809 corde
828 4764 936 4825 tuo,
967 4759 1022 4806 et
1050 4757 1227 4805 servet
1260 4748 1490 4804 domina:
1539 4757 1773 4802 ventura:

176 4845 386 4901 locum.
416 4846 545 4910 Fac,
579 4843 660 4898 fac
682 4843 767 4897 vel
797 4844 987 4896 timore
1016 4855 1210 4910 poema,
1240 4839 1283 4893 si
1332 4838 1565 4892 nondum
1626 4846 1774 4906 potes

176 4952 369 4992 amore
393 4936 633 5005 iustitiae.
662 4931 856 4988 Veniet
882 4932 1096 4987 domina
1117 4973 1132 4996 ,
1154 4939 1209 4986 et
1258 4944 1445 4984 servus
1470 4929 1722 4983 abscedet
1753 4947 1765 4982 :

178 5031 308 5098 quia
332 5037 683 5084 consummata
708 5026 928 5080 Charitas
954 5030 1093 5096 foras
1120 5025 1266 5077 mittit
1285 5024 1509 5076 timorem
1543 5022 1583 5093 (l
1613 5022 1769 5076 Joan.

188 5136 260 5184 ιν,
300 5118 408 5193 13),
445 5118 565 5173 Non
606 5119 737 5173 enim
767 5118 1027 5188 accepistis
1054 5118 1287 5186 spiritum
1325 5116 1567 5179 servitutis
1597 5117 1774 5169 iterum

184 5207 239 5261 in
261 5213 461 5265 timore.
490 5194 698 5265 Novum
729 5210 1126 5265 Testamentum
1157 5218 1271 5273 est,
1314 5224 1418 5262 non
1449 5217 1618 5262 vetus.
1673 5205 1772 5262 Ve-

186 5310 298 5354 tera
326 5304 658 5366 transierunt,
686 5312 732 5354 et
758 5318 868 5374 ecce
892 5317 1018 5355 nova
1045 5303 1178 5372 facta
1208 5309 1324 5353 sunt
1349 5298 1521 5352 omnia
1552 5313 1570 5351 :
1605 5299 1775 5352 omnia

186 5405 358 5447 autem
387 5411 449 5449 at:
474 5392 584 5447 Deo
608 5392 673 5464 (ll
701 5393 820 5448 Cor.
853 5408 904 5459 ν,
936 5393 1021 5458 l7,
1042 5391 1153 5463 l8).

183 5582 427 5691 αὺέιῃέιεεὲ,
450 5585 562 5628 Jam
582 5590 710 5628 nunc
733 5576 860 5640 quod
883 5575 1103 5627 audistis.
1131 5580 1183 5623 Et
1205 5572 1347 5637 paulo
1368 5581 1492 5635 post,
1524 5570 1666 5623 nolite
1701 5586 1777 5623 ros

293 5654 309 5688 ι
350 5654 377 5691 e
405 5653 448 5689 ε.

187 5703 327 5814 “£2
345 5701 572 5820 ἓῗίΜὶ
594 5703 848 5766 superiori,
886 5713 1024 5764 cuius
1045 5700 1201 5761 carite
1224 5696 1256 5748 6
1287 5697 1350 5748 de
1374 5699 1461 5749 hac
1500 5699 1598 5760 ipsa
1621 5709 1677 5747 re
1699 5697 1772 5746 di-

1924 414 2174 501 ὈᾹΡΠΤ
2214 415 2351 470 XIV.
2386 448 2454 456 -—
2492 419 2571 471 l5.
2600 417 2805 473 Abbaet
2837 417 3014 486 Pater,
3061 419 3187 488 quia
3222 420 3323 474 duo
3373 439 3466 491 po.

1881 505 1990 573 puli
2010 509 2062 559 in
2090 507 2310 560 Christo.
2348 508 2586 577 Denique
2615 508 2739 579 quid
2773 509 3043 579 sequitur?
3063 510 3197 578 Quid
3227 526 3352 577 ergo
3373 527 3464 567 ac-

1880 597 2139 667 cepimus,
2169 599 2317 667 quasi
2348 599 2554 655 diceres
2581 619 2593 654 :
2620 599 2724 653 Sed
2744 602 3003 670 accepistis
3025 601 3275 672 Spiritum
3299 602 3462 673 adOp-

1879 688 2028 741 tionis
2056 688 2301 757 ﬁliorum,
2330 689 2381 743 in
2408 705 2507 759 quo
2533 692 2809 746 clamamus
2835 734 2849 756 ,
2884 690 3042 757 Abba,
3082 692 3253 746 Pater.
3281 692 3462 747 Dumi-
3504 708 3515 719 '

1882 795 1982 835 nus
2005 780 2236 845 timetur,
2269 790 2422 850 pater
2443 768 2668 836 amatur.
2701 783 2972 854 Accepistis
3014 784 3266 851 Spiritum
3304 784 3460 853 adop.

1881 874 2030 928 tionis
2058 873 2302 941 ﬁliorum,
2330 874 2382 928 in
2413 890 2509 942 quo
2539 875 2832 939 clamamus,
2868 875 3027 939 Abba,
3059 856 3233 929 Pater.
3254 877 3454 931 Clamo:

1881 968 1979 1021 iste
2008 966 2183 1021 cordis
2207 976 2308 1030 est,
2337 982 2441 1023 non
2470 968 2715 1032 faucium,
2748 984 2851 1022 non
2878 967 3137 1023 lahiorum
3174 986 3185 1021 :
3218 970 3356 1022 intus
3377 989 3465 1023 sn.

1879 1068 1989 1122 nat,
2021 1060 2243 1114 auribus
2291 1061 2382 1114 Dei
2426 1070 2598 1114 sonat.
2637 1060 2828 1113 Clauso
2850 1075 2962 1126 ore,
2991 1060 3249 1130 labiisque
3285 1062 3466 1114 inuno-

1880 1151 1967 1214 tis,
1994 1150 2232 1206 Susanna
2268 1151 2365 1204 ista
2394 1166 2527 1205 voce
2557 1149 2819 1205 clamabat
2845 1149 3004 1220 (Dan.
3042 1150 3181 1220 xm).
3231 1151 3336 1206 Sed
3375 1169 3464 1204 ac-

1883 1241 2084 1307 cepistis
2113 1242 2344 1312 Spiritum
2369 1240 2659 1310 adoptionis
2688 1226 2946 1311 ﬁliorum,
2964 1242 3016 1294 in
3044 1258 3142 1310 quo
3165 1243 3460 1301 clamamus,

1882 1330 2040 1394 Abba,
2077 1329 2248 1383 Pater.
2282 1332 2387 1385 (lor
2406 1330 2600 1386 clamet
2620 1333 2658 1393 ¹,
2686 1330 2841 1385 Pater
2868 1342 3035 1385 noster
3060 1333 3145 1402 qui
3174 1349 3225 1385 cs
3267 1332 3318 1385 in
3364 1348 3457 1387 ctr-

1881 1420 1942 1474 lis
1976 1419 2185 1492 (Matth.
2217 1438 2291 1487 vt,
2328 1422 2407 1492 9),
2449 1422 2589 1490 Ergo
2630 1438 2794 1493 quare
2851 1438 2957 1477 non
3005 1431 3208 1477 tantum
3262 1422 3461 1477 Pater?

1879 1512 2014 1580 Quid
2044 1513 2142 1567 sibi
2172 1515 2298 1579 vult,
2326 1514 2485 1577 Abba,
2518 1513 2714 1569 Pater?
2736 1514 2792 1570 Si
2819 1498 2959 1569 enim
2991 1498 3203 1586 qum‘ras
3240 1516 3363 1585 quid
3395 1517 3465 1571 sit

1879 1607 2037 1673 Abba,
2070 1602 2579 1677 respondeturtibi,
2622 1606 2794 1660 Pater.
2840 1608 2989 1663 Abba
3031 1612 3173 1662 enim
3210 1608 3459 1663 bebraice

1881 1707 2028 1767 pater
2053 1698 2262 1753 dicitur.
2290 1698 2465 1766 Quare
2503 1699 2666 1752 voluit
2705 1710 2985 1768 utrumque
3028 1700 3314 1769 Apostolus
3363 1716 3458 1769 po-

1880 1788 2047 1844 tiere?
2075 1790 2203 1855 Quia
2234 1791 2447 1846 videbat
2471 1782 2694 1859 lapidem
2717 1792 3021 1858 angularem
3044 1831 3059 1855 ,
3089 1806 3244 1859 quem
3273 1806 3467 1858 I'Cprtt-v

1877 1881 2501 1946 baveruntmdilicantcs,
2534 1890 2588 1934 et
2630 1880 2800 1934 factus
2841 1888 2925 1935 est
2978 1881 3030 1933 in
3074 1889 3233 1951 caput
3286 1882 3465 1950 anguli

1883 1969 2050 2042 (I’sal.
2081 1986 2242 2036 cxvn,
2265 1970 2379 2040 22),
2413 1988 2516 2025 non
2548 1970 2662 2025 sine
2689 1986 2847 2025 Causa
2890 1971 3194 2040 angularem
3227 1954 3460 2037 dictum,

1881 2063 1981 2117 nisi
2012 2061 2131 2130 quia
2157 2062 2208 2116 in
2251 2062 2493 2117 osculmn
2542 2061 2728 2131 recipit
2769 2052 3051 2131 utrumque
3099 2061 3352 2130 parietem
3396 2062 3463 2117 de

1878 2148 2438 2231 diverso_v_cnientem.
2490 2142 2621 2208 llin‘c
2666 2142 3033 2219 circumcisio,
3086 2153 3206 2207 inde
3248 2168 3461 2222 pra‘pu-

1881 2249 2032 2311 tium,
2069 2256 2266 2301 tantmn
2293 2262 2324 2300 a
2349 2261 2406 2302 se
2433 2258 2484 2300 et
2506 2247 2641 2299 inter
2678 2260 2737 2299 se
2762 2246 2939 2314 longe,
2983 2253 3238 2314 quantum
3268 2244 3334 2299 ab
3363 2261 3463 2298 an-

1878 2341 2000 2411 gulo
2028 2330 2183 2409 longe
2212 2358 2224 2391 :
2255 2349 2509 2409 quantum
2531 2346 2704 2391 autem
2728 2336 2793 2391 ad
2823 2336 3068 2405 angulum
3100 2350 3284 2405 prope,
3311 2343 3365 2390 et
3386 2336 3466 2388 in-

1881 2430 1960 2487 ter
1985 2447 2042 2487 sc
2065 2433 2244 2502 utique
2271 2446 2458 2500 pmpe;
2494 2431 2545 2483 in
2570 2429 2762 2500 angulo
2788 2437 2966 2483 autem
2994 2428 3130 2483 inter
3175 2444 3232 2484 se
3270 2429 3459 2503 juncti.

1879 2518 2002 2596 Ipse
2048 2532 2120 2577 est
2170 2524 2301 2577 enim
2345 2539 2447 2593 pax-
2496 2532 2702 2585 nostra,
2753 2522 2839 2593 qui
2882 2522 2997 2592 fecit
3051 2532 3259 2588 utraque
3308 2539 3463 2576 unum

1881 2612 2095 2690 (Ep/tes.
2117 2633 2172 2678 ιι,
2200 2602 2407 2684 Η-ἓίὶ).
2430 2615 2567 2685 Ergo
2594 2614 2715 2687 inde
2733 2596 3088 2675 circumcisio,
3107 2613 3229 2667 inde
3251 2628 3464 2683 prmpu-

1881 2709 2033 2773 tium,
2059 2710 2315 2779 parietqu
2365 2707 2683 2772 concordia,
2735 2694 2913 2777 anguli
2956 2707 3145 2777 gl0ria.
3192 2706 3465 2777 Accepistis

1882 2801 2131 2881 Spiritum
2162 2800 2448 2873 adaptionis
2469 2798 2712 2873 filiorum,
2743 2800 2795 2852 in
2823 2814 2920 2869 quo
2940 2799 3218 2854 clamamus
3236 2839 3251 2866 ,
3301 2798 3461 2866 Abba,

1880 2894 2055 2949 Pater.

1950 2987 2175 3044 CAPUT
2214 2986 2330 3042 XV.
2360 3016 2433 3027 —-
2478 2985 2566 3040 16.
2626 2986 2851 3055 Spiritus
2892 2986 3046 3039 arrha
3100 2988 3263 3054 potius
3313 3003 3464 3051 quam

1882 3081 2083 3150 pignus.
2107 3078 2292 3147 Qualis
2315 3093 2403 3132 res
2432 3084 2534 3144 est,
2562 3077 2606 3130 si
2634 3077 2825 3147 pignus
2848 3077 2950 3131 tale
2977 3077 3099 3131 est?
3122 3076 3228 3131 Nec
3254 3078 3463 3148 pignus,
3524 3132 3531 3140 ,

1879 3169 1971 3224 sed
2003 3169 2160 3224 arrha
2184 3169 2404 3223 dicenda
2436 3176 2537 3222 est.
2582 3166 2779 3235 Pignus
2817 3167 2958 3221 enim
2986 3167 3195 3235 quando
3226 3167 3460 3236 ponitur,

1880 3276 1999 3314 cmn
2030 3259 2185 3315 luerit
2214 3276 2301 3315 res
2349 3258 2461 3330 ipsa
2504 3258 2708 3313 reddita
2758 3258 2944 3328 pignus
2996 3258 3254 3313 aufertur.
3294 3259 3464 3313 Arrha

1880 3363 2054 3408 autem
2083 3353 2148 3407 de
2174 3356 2283 3422 ipsa
2311 3368 2370 3407 re
2387 3352 2559 3415 datur,
2586 3367 2703 3421 qua!
2727 3350 2899 3404 danda
2921 3352 3277 3421 promittitur;
3303 3361 3359 3405 ut
3380 3367 3467 3405 res

1880 3443 2091 3515 quando
2119 3443 2376 3508 redditur,
2405 3443 2687 3511 impleatur
2716 3442 2858 3511 quod
2884 3442 3063 3495 datum
3093 3452 3195 3506 est,
3226 3458 3328 3495 non
3359 3457 3465 3495 mu-

1881 3544 2041 3591 tetur.
2068 3534 2443 3603 Unusquisque
2464 3548 2592 3602 ergo
2621 3533 2856 3586 attendat
2881 3546 2974 3585 cor
2993 3547 3167 3595 suum,
3199 3542 3371 3584 utrum
3399 3546 3462 3584 ex

1881 3612 2082 3681 ititimis
2106 3625 2282 3687 cordis
2305 3624 2548 3679 medullis
2572 3633 2626 3677 et
2651 3624 2858 3677 sincera
2880 3610 3151 3683 charitate
3168 3621 3329 3683 dicat,
3363 3620 3465 3675 Pa-

1881 3728 1971 3774 ter.
2028 3716 2144 3771 Non
2197 3714 2358 3770 modo
2411 3715 2668 3784 qmcritur
2716 3722 2909 3781 quanta
2966 3713 3033 3766 sit
3063 3714 3175 3783 ipsa
3207 3713 3460 3778 Charitas,

1881 3818 2058 3865 utrum
2109 3822 2297 3876 magna
2323 3848 2337 3872 ,
2380 3822 2446 3860 an
2473 3821 2632 3876 parva
2654 3847 2669 3870 ,
2696 3821 2761 3857 an
2800 3804 3084 3860 mediocris
3114 3824 3125 3859 :
3158 3818 3331 3859 tttrum
3383 3808 3465 3860 vel

1881 3901 1970 3966 sit,
2000 3914 2203 3970 quaaro.
2243 3897 2298 3953 Si
2346 3907 2469 3952 nata
2521 3906 2625 3959 est,
2676 3895 2888 3949 latendo
2920 3897 3133 3960 crescit,
3176 3896 3467 3950 crescendo

1880 3991 2216 4063 perﬁcietur,
2255 3989 2483 4059 perfecta
2525 3987 2877 4059 permanebit.
2908 3985 3022 4039 Non
3061 3986 3200 4040 enim
3235 3988 3465 4056 perfecta

1879 4084 2050 4152 vergit
2090 4083 2142 4136 in
2189 4082 2416 4149 senium,
2459 4087 2563 4134 eta
2605 4087 2881 4133 senectute
2903 4078 3081 4132 veniet
3103 4077 3167 4132 ad
3200 4089 3463 4132 mortem:

1879 4175 1944 4230 ad
1977 4174 2079 4229 hoc
2114 4171 2437 4243 perﬁcietur,
2481 4180 2538 4224 ut
2565 4178 2761 4224 acterna
2796 4152 3121 4238 permaneat.
3166 4168 3296 4223 Vide
3324 4172 3465 4223 enim

1879 4265 2005 4337 quid
2033 4265 2290 4335 sequitur.
2332 4260 2642 4326 Clantamus,
2680 4261 2840 4326 Abba,
2892 4258 3067 4314 Pater.
3094 4257 3214 4330 Ipse
3244 4259 3468 4328 Spiritus

1882 4358 2221 4412 testimonium
2247 4354 2413 4421 reddit
2438 4353 2637 4425 spiritui
2664 4362 2855 4415 nostro,
2888 4351 3006 4420 quia
3034 4368 3205 4404 sumus
3230 4352 3322 4420 ﬁlii
3349 4349 3464 4404 Dei.

1880 4449 1994 4504 Non
2023 4449 2239 4517 spiritus
2260 4455 2440 4500 noster
2460 4444 2634 4499 reddit
2654 4442 3016 4496 testimonium
3030 4442 3236 4510 spiritui
3261 4451 3465 4505 nostra,

1880 4540 2000 4609 quia
2046 4552 2228 4591 smnus
2274 4536 2365 4589 lilii
2405 4532 2647 4589 Deizsed
2696 4531 2925 4602 Spiritus
2966 4531 3080 4596 Dei,
3109 4531 3264 4585 arrha
3295 4532 3471 4586 reddit

1883 4627 2245 4684 testimonium
2277 4641 2372 4697 pro
2401 4641 2461 4679 ea
2493 4640 2551 4678 re
2595 4640 2715 4693 qum
2745 4622 2897 4676 nobis
2926 4621 3183 4702 promissa
3211 4631 3316 4676 est.
3348 4620 3472 4691 Ipse

1882 4722 2108 4791 Spiritus
2135 4719 2466 4773 testimonium
2492 4716 2651 4770 reddit
2687 4713 2889 4786 spiritui
2909 4722 3098 4777 nostra,
3139 4713 3257 4783 quia
3295 4729 3469 4765 sumus

1882 4814 1979 4885 ﬁlii
2010 4813 2121 4868 Dei.
2464 4864 2465 4875 γ

1956 4908 2042 4963 17.
2074 4904 2355 4960 Hatreditas
2377 4901 2599 4969 ﬁliorum
2620 4896 2811 4951 Dei.—
2828 4895 2889 4950 Si
2914 4904 3079 4948 autent
3102 4895 3215 4963 ﬁlii,
3240 4904 3287 4945 et
3309 4894 3468 4946 ἡαπ-ε-

1882 5000 1989 5052 des.
2014 4997 2129 5051 Non
2163 4995 2305 5049 cnim
2335 4990 2562 5058 inaniter
2590 4988 2701 5041 filii.
2727 4986 2853 5040 ﬂare
2880 4993 2963 5039 est
2990 4998 3195 5038 merces
3221 5001 3234 5037 :
3268 4981 3333 5035 Et
3360 4987 3467 5035 ha:-

1882 5091 2043 5145 redes.
2077 5088 2187 5141 lloc
2215 5093 2294 5140 est
2318 5081 2456 5152 quod
2480 5079 2636 5150 paulo
2657 5088 2782 5132 ante
2806 5077 3065 5140 dicebam,
3088 5075 3207 5144 quia
3230 5073 3468 5128 medicus

1885 5190 2068 5235 noster
2117 5185 2169 5232 et
2196 5175 2476 5230 sanitatem
2525 5171 2681 5226 nobis
2703 5156 2888 5234 donat,
2915 5176 2969 5220 et
2994 5165 3293 5219 mercedem
3321 5164 3464 5219 insu-

1886 5288 1981 5343 per
2002 5268 2175 5339 largiri
2198 5267 2462 5336 dignatur.
2490 5262 2621 5329 Quae
2653 5269 2735 5314 est
2760 5260 2845 5314 illa
2873 5257 3122 5312 merces?
3151 5255 3464 5310 Hzereditas.

1884 5365 1988 5421 Sed
2020 5379 2125 5418 non
2167 5359 2435 5430 quomodo
2457 5368 2538 5413 est
2582 5354 2812 5410 hominis
2835 5351 2997 5423 patris
3027 5349 3329 5404 hacreditas.
3362 5348 3466 5403 Be-

1886 5454 2075 5524 linquit
2110 5452 2251 5507 enim
2282 5449 2404 5503 (iliis
2429 5448 2570 5511 suis,
2604 5460 2709 5499 non
2743 5441 2976 5511 possidet
3003 5455 3122 5494 eum
3153 5430 3273 5492 lili'is
3306 5438 3417 5492 suis
3449 5453 3464 5491 :

1886 5556 1940 5602 et
1963 5555 2137 5599 tamen
2166 5555 2415 5610 magnum
2445 5554 2504 5593 se
2535 5536 2677 5599 facit,
2705 5545 2759 5591 et
2797 5532 2995 5605 gratias
3019 5530 3119 5587 sibi
3144 5531 3226 5602 agi
3256 5529 3466 5586 deside-

1886 5646 1986 5698 rat,
2019 5635 2140 5704 quia
2165 5631 2332 5687 voluit
2351 5629 2479 5684 dare
2498 5626 2637 5697 quod
2664 5643 2765 5681 non
2787 5625 2949 5697 possit
2973 5621 3205 5697 auferre;
3223 5620 3451 5678 Moriens

1908 5764 1925 5790 ¹
1951 5755 2139 5816 Aliquot
2162 5757 2288 5802 διεδ..
2311 5759 2404 5802 Cor
2441 5745 2629 5792 clamat.
