3910 6184
207 400 305 457 ειη

210 528 264 568 et
290 506 581 567 resurrexit
611 511 830 576 propter
859 494 1291 570 justiﬁeationem
1335 501 1569 548 nostram
1617 488 1795 559 (Rom.

214 630 282 673 Iv,
304 605 425 676 23).
459 616 566 656 non
612 599 896 653 timeamus
937 607 1006 648 ne
1042 590 1357 661 abjiciatnur
1392 582 1677 655 ﬂagellati;
1706 580 1802 636 sed

209 700 389 767 potius
413 691 742 749 conlidamus
772 687 894 758 quia
920 683 1238 753 recipiemur
1257 676 1552 750 justillcati.

282 785 511 844 CAPUT
530 781 617 838 IV.
636 780 769 834 -—4.
787 776 897 831 Nec
916 774 1064 828 modo
1084 773 1192 827 sine
1206 769 1393 843 gaudio
1408 783 1600 822 sumus.
1624 763 1804 818 Fluxa:

210 888 534 955 pt’t'CtUOl‘illu
579 871 791 927 deliciis.
843 864 1098 936 Quamvis
1149 862 1294 918 enim
1350 857 1585 914 nondum
1639 868 1803 910 vene-

213 945 281 1029 rit
337 969 504 1026 nostri
550 964 727 1037 gaudii
776 957 1044 1032 plenitudo
1073 974 1086 1011 :
1117 970 1218 1012 nec
1259 951 1419 1008 modo
1464 958 1643 1004 tamen
1688 945 1805 1000 sine

212 1064 405 1135 gaudio
431 1036 602 1116 relicti
632 1067 845 1118 sumus;
877 1051 1000 1122 quia
1022 1063 1117 1118 spe
1145 1045 1276 1102 salvi
1297 1042 1421 1099 facti
1450 1055 1658 1098 sumus.
1681 1036 1804 1092 ideo

210 1133 265 1208 et
293 1156 407 1225 ipse
436 1147 746 1221 Apostolus,
770 1143 861 1214 qui
906 1141 1011 1195 ait:
1047 1139 1106 1195 Si
1130 1136 1267 1207 quod
1312 1151 1413 1189 non
1442 1133 1666 1187 videmus
1689 1145 1807 1198 spes

210 1223 408 1309 ramus,
454 1259 542 1313 per
569 1238 863 1311 patientiam
911 1240 1286 1303 exspectamus;
1330 1227 1462 1283 dicit
1513 1224 1620 1280 alio
1662 1223 1801 1285 loco,

210 1341 325 1410 Spe
348 1336 636 1411 gaudentes,
668 1332 721 1385 in
748 1326 1068 1384 tribulatione
1091 1324 1335 1394 patientes
1360 1319 1536 1394 (Rom.
1566 1332 1663 1381 xu,
1690 1314 1800 1386 12).

220 1404 476 1490 Habentes
496 1442 611 1497 ergo
636 1423 788 1478 talem
808 1435 969 1490 spent,
988 1416 1145 1471 multa
1171 1412 1361 1484 ﬁducia
1381 1419 1580 1465 utamur
1597 1406 1662 1478 (ll
1684 1404 1801 1459 Cor.
1824 1428 1839 1441 ο

210 1543 265 1581 ιιι
288 1567 303 1585 .
337 1523 425 1590 12)
448 1540 461 1574 ;
485 1529 537 1575 et
551 1495 746 1571 sermo
777 1522 961 1566 noster
1011 1508 1064 1561 in
1103 1505 1269 1577 gratia
1306 1500 1552 1559 conditus
1577 1498 1647 1552 sit
1669 1495 1802 1560 sale,

207 1626 269 1670 ut
303 1615 534 1668 sciamus
558 1599 1007 1678 quemadmodum
1024 1602 1269 1667 oporteat
1284 1590 1566 1660 unicuique
1588 1601 1804 1656 respon-

206 1706 347 1760 dete
387 1702 606 1769 (Coloss.
637 1712 708 1762 Iv,
732 1693 812 1765 6).
842 1688 1139 1747 Dicendum
1161 1693 1243 1741 est
1279 1683 1423 1738 enim
1463 1680 1542 1736 eis
1568 1679 1806 1749 quicum

208 1797 608 1867 perdidissent,
662 1787 747 1842 vel
804 1795 1073 1852 nunquam
1126 1774 1488 1845 suscepissent
1535 1769 1806 1825 sustinen-

209 1860 369 1953 tium,
402 1884 555 1939 nobis
601 1874 989 1936 sustinentibus
1020 1869 1302 1926 Dominum
1329 1863 1495 1937 (quia
1524 1860 1669 1932 quod
1699 1875 1808 1914 non

206 1983 459 2039 videmus
519 1979 833 2044 sperantes,
888 1982 983 2037 per
1043 1959 1351 2033 patientiam
1399 1949 1807 2025 exspectamus)

207 2074 375 2129 etiam
430 2039 684 2127 iusulIare
726 2059 945 2124 audent,
996 2069 1116 2111 cum
1148 2049 1342 2106 imitari
1377 2046 1672 2102 deberent:
1706 2039 1807 2098 Ubi

213 2176 349 2223 sunt
374 2162 582 2219 delicias
604 2167 817 2214 vestrm.
848 2161 1064 2224 propter
1092 2163 1223 2220 quas
1262 2142 1543 2200 ambulatis
1576 2154 1669 2209 per
1695 2137 1807 2191 vias

210 2256 446 2331 pravas?
473 2254 588 2310 Non
623 2251 869 2313 dicimus,
905 2246 993 2300 ubi
1028 2250 1203 2307 erunt,
1235 2255 1354 2296 cum
1382 2237 1497 2292 hate
1525 2235 1629 2288 vita
1660 2240 1808 2285 tran-

206 2354 403 2412 sierit;
431 2348 524 2404 sed
552 2343 711 2401 modo
733 2342 820 2397 ubi
846 2338 1011 2395 sunt?
1034 2337 1167 2392 Cum
1199 2334 1506 2388 hesternum
1536 2326 1675 2381 diem
1707 2322 1806 2376 ho-

207 2445 441 2499 dicrnus
465 2435 763 2500 abstulerit,
807 2442 861 2488 et
903 2429 1216 2484 hodiernum
1246 2421 1510 2478 crastinus
1536 2416 1810 2471 ablaturus

207 2536 312 2599 sit,
330 2533 453 2604 quid
472 2543 657 2584 eorum
672 2540 790 2596 qua:
817 2521 1062 2591 diligitis,
1096 2533 1201 2572 non
1230 2510 1544 2570 transcurrit
1562 2517 1618 2563 et
1639 2516 1809 2562 trans-

211 2625 411 2681 volat?
461 2621 594 2690 Quid
647 2634 754 2673 non
782 2615 912 2685 fugit
940 2626 1078 2683 pene
1104 2618 1389 2676 antequam
1425 2603 1651 2673 capitur,
1688 2613 1809 2653 cum

210 2734 286 2773 ex
319 2719 434 2786 ipso
465 2689 723 2768 hodierno
752 2707 840 2763 die
888 2704 1029 2759 nulla
1062 2700 1229 2772 possit
1276 2698 1362 2752 vel
1391 2696 1519 2749 hora
1549 2689 1810 2748 retineri?

212 2808 295 2863 ιω
323 2784 465 2862 enim
494 2801 725 2858 secunda
755 2795 1051 2854 excluditur
1076 2809 1108 2847 a
1147 2790 1320 2854 tertia,
1347 2788 1483 2843 sicut
1512 2784 1681 2855 prima
1714 2796 1810 2835 ex-

214 2903 374 2955 clusa
402 2906 487 2953 est
513 2912 543 2950 a
572 2892 825 2950 secunda.
854 2888 1022 2959 Ipsius
1051 2886 1195 2940 bene
1225 2882 1379 2937 unius
1398 2922 1412 2945 ,
1436 2895 1553 2948 qua:
1579 2888 1812 2946 praesens

211 2990 453 3055 videtur,
483 2986 612 3042 nihil
638 2993 720 3040 est
770 2995 1006 3052 [Iratsens
1036 2995 1049 3032 :
1080 2988 1267 3030 omnes
1303 2972 1443 3028 enim
1465 2978 1645 3041 partes
1674 2965 1810 3036 ejus,

212 3093 275 3138 ct
303 3080 482 3135 omnia
509 3084 776 3131 momenta
808 3071 1020 3142 fugitiva
1050 3076 1193 3122 sunt.

290 3168 519 3227 CAPUT
541 3166 605 3221 γ.
631 3195 702 3205 -
813 3161 1023 3215 Vanitas
1051 3155 1421 3227 temporalium.
1447 3151 1671 3218 Propter
1689 3145 1814 3217 quId

216 3268 409 3333 peccat
433 3259 596 3311 homo
619 3295 632 3318 ,
661 3255 704 3308 si
730 3268 836 3308 non
865 3255 1163 3307 excaecatus
1194 3253 1276 3300 est
1312 3256 1433 3298 cum
1466 3248 1647 3309 peccat
1683 3277 1697 3300 ,
1730 3236 1813 3291 vel

214 3330 340 3409 cum
377 3357 625 3420 peccaret
646 3343 901 3400 attendat.
932 3343 1149 3396 Poterat
1171 3336 1351 3391 videre
1380 3335 1394 3365 ¹
1419 3333 1539 3404 quia
1564 3330 1814 3400 voluptas

216 3442 510 3500 transitum
529 3439 643 3493 sine
663 3435 942 3509 prudentia
963 3430 1327 3493 desideratur;
1352 3426 1436 3481 vel
1458 3441 1579 3480 cum
1596 3423 1814 3479 transie-

214 3545 306 3603 rIt,
337 3550 466 3589 cum
496 3530 801 3601 paenitentia
825 3527 1107 3597 cogitatur.
1136 3521 1244 3576 Nos
1268 3518 1517 3583 irridetis,
1545 3516 1667 3586 quia
1688 3528 1813 3582 Spe-

214 3643 402 3684 ratnus
423 3634 648 3689 interna,
678 3638 794 3691 qua:
819 3635 923 3673 non
948 3616 1217 3678 videmus;
1241 3628 1361 3667 cum
1386 3626 1477 3665 vos
1497 3611 1575 3664 eis
1595 3624 1713 3682 quae
1733 3607 1814 3661 vi-

215 3722 417 3776 dentur
441 3715 821 3786 temporalibus
841 3710 1056 3773 subditi,
1076 3706 1327 3762 nesciatis
1342 3703 1512 3773 qualis
1533 3700 1681 3754 vobis
1701 3699 1816 3753 dies

215 3812 490 3867 crastinus
532 3808 836 3862 illucesrat:
885 3817 1042 3872 quem
1086 3812 1231 3867 saepe
1274 3796 1467 3849 bonum
1517 3798 1814 3861 sperantes,

216 3906 425 3963 malum
457 3900 737 3965 invenitis;
770 3912 891 3961 nec,
918 3897 965 3951 si
991 3894 1161 3951 bonus
1195 3891 1372 3954 fuerit,
1397 3905 1517 3950 eum
1559 3904 1625 3943 ne
1656 3885 1818 3957 fugiat

219 4008 410 4053 tenere
433 3992 695 4065 poteritis.
722 3990 829 4045 Nos
854 3987 1105 4049 irridetis,
1133 3984 1253 4054 quia
1283 3996 1559 4052 Spei-amns
1580 3988 1777 4033 interna
1800 3996 1812 4032 :

216 4107 343 4162 qua:
373 4104 497 4144 cum
526 4086 792 4147 venerint,
823 4097 928 4137 non
954 4077 1287 4141 transibunt;
1316 4074 1438 4144 quia
1464 4089 1562 4126 nec
1588 4073 1699 4141 ipsa
1727 4086 1817 4125 vc-

218 4184 403 4246 niunt,
432 4178 528 4235 sed
553 4191 765 4246 semper
789 4179 1009 4229 manent
1035 4188 1048 4225 :
1082 4183 1180 4225 nos
1203 4177 1380 4223 autem
1411 4166 1475 4223 ad
1511 4166 1596 4220 illa
1636 4163 1817 4219 venie-

219 4288 371 4336 mus,
409 4285 532 4325 cum
580 4283 674 4338 per
705 4265 845 4320 viam
886 4260 1209 4317 dominicam
1245 4258 1345 4313 ista
1388 4272 1506 4327 qum
1545 4263 1822 4310 transeunt

220 4360 615 4419 transierimus.
666 4359 708 4412 Λ
754 4355 904 4410 vobis
941 4367 1070 4408 vero
1116 4349 1428 4419 temporalia
1473 4363 1572 4403 nec
1616 4348 1820 4419 sperari

219 4450 514 4523 aliquando
541 4448 825 4511 desinunt,
858 4454 912 4500 et
942 4453 1117 4498 tamen
1144 4441 1335 4501 crebro
1360 4448 1569 4509 sperata
1597 4452 1691 4492 vos
1722 4436 1821 4490 fal-

223 4547 346 4600 lunt
375 4562 389 4597 :
424 4556 523 4597 nec
561 4548 774 4596 cessant
806 4552 903 4592 vos
941 4534 1269 4595 inﬂammare
1303 4541 1546 4597 ventura,
1584 4545 1823 4585 corrum-

228 4652 365 4709 pere
391 4633 683 4700 venientia,
711 4642 960 4701 torquere
985 4626 1330 4683 transeuntia.
1357 4624 1543 4678 Nonne
1568 4623 1679 4692 ipsa
1700 4630 1826 4676 sunt

223 4744 353 4798 qua:
382 4723 662 4793 concupita
688 4721 1027 4777 inardescunt
1048 4720 1091 4783 ³,
1114 4717 1303 4786 adepta
1325 4716 1603 4778 vilescunt,
1626 4713 1823 4768 amissa

226 4816 563 4871 vanescunt?
601 4813 812 4870 Utimur
845 4811 924 4866 eis
963 4819 1019 4866 et
1048 4824 1145 4864 nos
1180 4805 1471 4865 secundum
1516 4805 1823 4875 peregrina-

228 4908 399 4965 tionis
440 4913 639 4960 nostra:
682 4902 1056 4958 necessitatem
1098 4896 1237 4954 :sed
1278 4912 1383 4950 non
1427 4895 1478 4951 in
1517 4894 1595 4948 eis
1639 4894 1825 4961 gaudia

224 5007 417 5054 nostra
442 4998 673 5067 ﬁgimus,
701 5010 771 5049 ne
798 4994 902 5048 illis
927 4989 1224 5064 labentibus
1250 4988 1588 5042 subruantur.
1619 4986 1829 5042 Utimur

223 5093 377 5146 enim
401 5089 503 5144 hoc
528 5088 729 5143 mundo
753 5098 997 5156 tanquam
1023 5099 1124 5135 non
1151 5091 1357 5135 utentes
1381 5079 1425 5148 (l
1451 5078 1566 5133 Cor.
1596 5096 1687 5141 vIt,
1713 5080 1824 5141 51),

224 5196 286 5239 ιιι
319 5183 602 5238 veniamus
629 5180 694 5235 ad
721 5194 842 5235 cum
872 5176 963 5247 qui
992 5175 1116 5231 fecit
1145 5173 1284 5226 hunc
1315 5171 1588 5235 annulum,
1618 5182 1670 5225 et
1693 5171 1741 5227 iu
1764 5187 1830 5225 eo

224 5290 552 5331 maneamus
571 5315 586 5340 ,
617 5273 733 5340 ejus
765 5269 1060 5324 atternitate
1088 5262 1441 5334 perfruentes.

307 5365 539 5421 CAPUT
576 5360 836 5418 VL—G.
880 5359 1001 5429 Spei
1043 5367 1229 5411 nostra?
1267 5354 1529 5408 certitmlo.
1576 5353 1708 5419 Quid
1751 5363 1832 5407 est

228 5470 416 5514 autem
447 5456 590 5527 quod
615 5454 810 5518 dicitis,
834 5451 963 5518 Quis
992 5450 1095 5502 huc
1125 5446 1247 5502 inde
1277 5446 1440 5510 venit,
1465 5454 1515 5498 ct
1540 5443 1665 5513 quid
1692 5444 1831 5510 apud

225 5550 443 5605 inferos
481 5554 696 5619 geratur
719 5585 734 5610 ,
764 5543 881 5614 quis
919 5539 1223 5595 hominibus
1272 5533 1561 5590 indicavit?
1608 5535 1671 5588 Et
1701 5532 1837 5589 hinc

308 5705 324 5735 ι
351 5701 657 5749 (adhertinus
680 5707 778 5749 ιτς..
804 5709 915 5747 cum
937 5698 1099 5756 pereat
1124 5691 1145 5739 ζ’
1191 5688 1276 5738 ΓιἸ
1299 5689 1341 5739 si
1371 5703 1478 5737 cum
1505 5698 1723 5751 peccaret
1766 5696 1825 5739 at-

236 5764 475 5821 temlerel,
499 5768 679 5824 pel-crat
700 5759 879 5811 ridere.
906 5766 995 5805 t‘tc.

308 5829 327 5858 ’
353 5826 532 5891 l-‘lorus.
558 5824 855 5875 madescant.

1585 368 1812 431 SERMO
1850 368 2049 427 CLVII.

3403 378 3506 433 86?.

1919 484 2068 539 vobis
2093 499 2154 540 os
2179 485 2390 551 clausit,
2418 487 2508 557 qui
2536 501 2800 544 mortuum
2838 498 3022 560 quarta
3051 490 3139 546 die
3174 494 3506 552 resuscitavit

1914 576 2094 647 (Joan.
2126 595 2176 633 XI
2197 620 2213 645 ,
2247 578 2440 653 59-“)
2461 623 2475 646 ,
2504 589 2559 636 et
2589 582 2725 636 ultra
2757 600 2862 637 non
2903 583 3192 638 moriturus
3220 584 3307 639 die
3348 584 3506 642 tertio

1913 672 2203 725 resurrexit
2228 712 2242 734 ,
2274 679 2329 727 et
2356 682 2641 743 antequam
2670 685 3004 740 moreretur,
3029 676 3202 745 qualis
3239 676 3343 730 vita
3385 692 3502 731 mo-

1913 760 2112 816 rientes
2141 761 2404 831 excipiat,
2436 774 2684 835 tanquam
2713 765 2800 821 ille
2834 783 2991 834 quem
3032 767 3162 821 nihil
3203 769 3419 831 lateret,
3451 780 3505 823 et

1913 848 1966 903 in
2011 866 2242 921 paupere
2282 854 2588 922 quiescente
2619 864 2671 910 et
2701 856 2751 908 iu
2795 855 2959 911 divite
3000 857 3222 912 ardente
3266 860 3501 914 narravit

1913 938 2063 1012 (Luc.
2098 958 2222 1008 va,
2259 942 2465 1012 l9-5l).
2497 944 2600 999 Sed
2638 946 2708 999 illi
2735 946 2830 999 ista
2860 961 2964 1000 non
2993 947 3252 1013 credunt,
3293 949 3382 1019 qui
3420 950 3504 1003 di-

1912 1043 2038 1088 cunt
2056 1075 2071 1100 ,
2103 1033 2233 1102 Quis
2261 1033 2367 1090 huc
2395 1035 2520 1092 inde
2547 1052 2793 1092 reversus
2823 1037 2942 1093 est?
2968 1037 3276 1094 Credituros
3303 1055 3362 1095 se
3382 1049 3386 1055 ‘
3406 1057 3501 1094 vo-

1913 1124 2032 1181 lunt
2060 1125 2258 1192 videri,
2306 1126 2350 1182 si
2397 1128 2515 1198 quis
2557 1138 2831 1198 parentum
2876 1144 3092 1184 suorum
3138 1130 3502 1186 revivisceret.

1838 1230 1841 1233 ‘
1911 1215 2016 1271 Sed
2042 1217 2355 1275 maledictus
2380 1220 2557 1275 omnis
2582 1221 2669 1290 qui
2697 1236 2845 1290 spem
2868 1235 3017 1276 suam
3041 1222 3191 1292 ponit
3210 1223 3262 1278 in
3287 1224 3502 1279 homine

1916 1308 2125 1380 (larem.
2158 1327 2286 1375 xvu,
2309 1311 2388 1381 5).
2421 1312 2545 1371 Ideo
2574 1330 2703 1383 ergo
2732 1315 2869 1370 Deus
2889 1314 3051 1370 homo
3078 1316 3264 1382 tactus,
3296 1318 3505 1384 mori_et

1912 1416 2192 1471 resurgere
2216 1403 2379 1457 voluit
2405 1421 2419 1470 ;
2452 1414 2586 1489 utet
2610 1408 2751 1476 quod
2781 1406 3011 1461 futurum
3037 1416 3180 1462 esset
3200 1407 3421 1469 homini,
3450 1409 3503 1463 in

1913 1489 2143 1569 hominis
2171 1508 2332 1552 carne
2358 1495 2757 1563 ostenderetur,
2797 1506 2852 1551 et
2883 1497 2991 1552 Deo
3022 1506 3196 1552 tamen
3221 1540 3235 1564 ,
3266 1513 3371 1553 non
3402 1498 3503 1553 ho-

1912 1581 2041 1637 mini
2070 1583 2397 1642 crederetur.
2427 1586 2492 1641 Et
2525 1597 2669 1641 certe
2698 1587 2935 1645 Ecclesia
2965 1588 3199 1650 tidelium
3232 1598 3343 1647 toto
3371 1589 3504 1647 orbe

1911 1670 2101 1727 ditl'usa
2121 1714 2136 1737 ,
2163 1672 2275 1742 jam
2305 1685 2430 1731 ante
2454 1677 2638 1738 oculos
2665 1693 2849 1732 eorum
2878 1688 2977 1734 est.
3006 1678 3213 1749 Legant
3234 1695 3350 1735 eam
3380 1690 3505 1734 ante

1913 1771 1987 1823 tot
2012 1764 2204 1822 εωουιει
2232 1766 2320 1819 ιιιιὶ
2349 1765 2551 1821 homini
2580 1768 2915 1837 promissam,
2944 1770 3033 1839 qui
3063 1782 3247 1824 contra
3274 1786 3422 1840 spem
3451 1772 3502 1824 in

1912 1867 2062 1923 spem
2082 1855 2332 1920 credidit,
2353 1866 2408 1910 ut
2429 1856 2582 1912 ﬁeret
2599 1868 2749 1928 pater
2768 1859 3052 1913 multarum
3067 1860 3304 1928 gentium
3327 1859 3503 1930 (Itoni.

1912 1961 1993 2010 Iv,
2027 1947 2139 2018 18).
2173 1946 2325 2013 Quod
2354 1964 2485 2019 ergo
2515 1950 2601 2003 uni
2648 1950 2878 2006 Abrahae
2906 1951 3141 2006 credenti
3181 1953 3502 2022 promissqu

1912 2045 2026 2103 est,
2068 2036 2178 2105 jam
2210 2038 2453 2095 videmus
2491 2041 2800 2112 impletum;
2832 2050 2886 2096 et
2922 2042 3062 2112 quod
3111 2042 3359 2097 universo
3387 2046 3503 2098 orhi

1912 2129 2239 2198 promittitur
2285 2132 2557 2197 credenti,
2603 2132 2950 2202 desperamus
3003 2148 3124 2188 esse
3177 2143 3456 2189 venturum
3482 2139 3506 2188 Υ

1914 2220 2052 2274 Eant
2079 2236 2221 2276 nunc
2255 2231 2309 2284 et
2346 2222 2559 2277 dicant:
2604 2222 2971 2278 Manducemus
3010 2233 3057 2278 et
3086 2225 3349 2290 bibamus;
3390 2243 3505 2280 cras

1912 2313 2045 2375 enim
2074 2313 2363 2377 moriemur.
2394 2314 2471 2368 llli
2499 2329 2556 2370 se
2595 2314 2768 2370 adhuc
2808 2329 2929 2370 cras
2953 2314 3138 2371 dicunt
3177 2318 3462 2372 morituros
3487 2359 3501 2384 ,

1914 2404 2111 2459 veritas
2136 2414 2315 2467 autem
2347 2405 2464 2459 illos
2483 2405 2592 2475 jam
2618 2420 2737 2460 cum
2766 2406 2864 2460 ista
2894 2405 3105 2474 dicunt,
3137 2408 3337 2464 invenit
3363 2426 3504 2462 mor-

1916 2504 2050 2550 tuos.
2099 2495 2207 2551 Vos
2243 2507 2454 2561 autem,
2485 2498 2675 2552 fratres
2697 2539 2713 2562 ,
2760 2495 2850 2550 lilii
2881 2499 3289 2552 resurrectionis
3312 2539 3329 2565 ,
3359 2499 3505 2554 cives

1913 2600 2216 2643 Sanctorum
2248 2588 2591 2660 Angelorum,
2626 2590 2718 2645 Dei
2741 2589 3007 2657 hmredcs,
3028 2600 3082 2645 et
3108 2590 3304 2645 Christi
3331 2590 3507 2645 colue-

1913 2679 2102 2765 redes,
2139 2690 2324 2735 cavete
2358 2680 2551 2735 imitari
2581 2696 2708 2747 eos,
2746 2682 2836 2751 qui
2863 2697 2983 2737 cras
3030 2682 3349 2752 esspirando
3391 2698 3509 2737 Ino-

1915 2769 2125 2824 riuntur
2169 2771 2219 2838 ί,
2251 2781 2305 2826 et
2352 2770 2513 2826 hodie
2558 2772 2786 2826 bibendo
2831 2772 3177 2843 sepeliuntur.
3219 2774 3323 2830 Sed
3371 2775 3509 2833 sicut

1915 2861 2042 2916 dicit
2088 2862 2226 2918 idem
2257 2864 2556 2934 apostolus,
2591 2880 2657 2919 nc
2695 2876 3037 2935 corrumpant
3081 2876 3292 2921 vestros
3328 2884 3509 2924 mores

1852 2964 1857 2969 ‘
1916 2951 2085 3007 boues
2113 2954 2375 3024 colloquia
2405 2955 2574 3019 mala;
2606 2954 2939 3013 sobriiestote
2952 2957 3112 3026 juste,
3142 2968 3188 3011 et
3213 2958 3369 3021 nolite
3393 2977 3510 3029 pec-

1917 3059 2033 3097 care
2058 3043 2098 3114 (l
2130 3042 2246 3098 Cor.
2279 3061 2369 3111 xv,
2398 3045 2622 3117 ,ἷξε-ὅθι
2669 3045 3004 3102 ambulantes
3048 3058 3362 3119 angustam,
3413 3052 3508 3109 sed

1915 3146 2116 3190 certain
2143 3136 2281 3190 viam
2310 3136 2591 3193 ducentem
2620 3138 2686 3192 ad
2716 3137 3047 3195 latitudinem
3068 3139 3368 3198 Jerusalem
3394 3159 3510 3199 cm-

1918 3227 2082 3290 leslis,
2118 3244 2236 3297 qua:
2268 3238 2441 3283 mater
2467 3238 2647 3282 nostra
2673 3237 2870 3284 aeterna
2900 3240 2982 3286 est
3007 3248 3021 3297 ;
3058 3231 3361 3293 ﬁrmissime
3386 3250 3511 3304 spc-

1917 3328 2030 3375 rate
2073 3319 2213 3388 quod
2263 3336 2367 3374 non
2420 3320 2648 3388 videtis,
2699 3322 2961 3391 patienter
3012 3334 3319 3393 exspectate
3367 3329 3512 3396 quod

1918 3412 2151 3466 nondum
2175 3411 2409 3477 habetis;
2432 3412 2553 3481 quia
2576 3427 2821 3468 veracem
2845 3414 3224 3481 promissorcm
3243 3414 3516 3476 Christum

1920 3503 2227 3559 ﬁdelissime
2258 3503 2517 3558 retinetis.

2412 3609 2642 3666 SERMO
2679 3609 2875 3666 CLVIII
2911 3615 2925 3634 ·
2958 3612 3055 3683 (α).

1920 3725 1998 3779 De
2036 3725 2194 3779 verbis
2236 3725 2494 3797 Apostoli,
2530 3725 2676 3781 Rotn.
2709 3743 2798 3781 vnI
2821 3768 2835 3791 ,
2868 3728 2966 3794 5t),
2999 3729 3056 3783 51
3087 3772 3100 3795 ,
3147 3731 3292 3798 Quos
3328 3742 3505 3787 autem

1999 3816 2394 3886 praedestinavit
2423 3858 2439 3884 ,
2472 3818 2590 3873 illos
2615 3827 2671 3873 et
2694 3820 2934 3883 vocavit;
2969 3835 3103 3890 quos
3138 3832 3315 3875 autem
3351 3837 3515 3878 voca~

1992 3909 2095 3974 vit,
2125 3907 2240 3963 illos
2266 3917 2321 3963 et
2341 3908 2666 3978 jIIstiiicavit,
2698 3920 2793 3965 etc.
2821 3910 2877 3965 Si
2904 3912 3042 3965 Deus
3070 3929 3164 3983 pro
3190 3913 3366 3981 nobis,
3394 3916 3514 3987 quis

1994 4009 2180 4054 contra
2213 4000 2353 4056 nos?
2376 3999 2564 4056 Contra
2590 3999 2896 4070 Pelagianos
2923 4002 3020 4073 (ὸ).

1992 4112 2221 4169 CAPUT
2260 4113 2544 4170 PRIMUM.
2593 4146 2662 4156 —
2698 4116 2747 4170 t.
2791 4114 3175 4174 Prtedestinatis
3218 4137 3363 4176 nemo
3419 4139 3516 4178 no-

1923 4220 2031 4259 cere
2071 4205 2219 4258 valet.
2264 4206 2577 4277 Apostolum
2625 4207 2836 4263 beatum
2882 4209 3182 4269 audivimus
3219 4215 3515 4270 exhortan—

1927 4306 2030 4352 tem
2057 4306 2110 4352 et
2129 4298 2531 4355 conﬁrmantem
2558 4316 2674 4365 nos,
2697 4316 2817 4356 cum
2844 4301 3043 4358 diceret
3071 4304 3221 4360 nobis
3247 4324 3259 4359 :
3289 4306 3350 4363 Si
3385 4307 3518 4363 Deus

1927 4404 2018 4455 pro
2039 4388 2200 4454 nobis,
2228 4389 2338 4459 quis
2363 4401 2542 4445 contra
2569 4409 2658 4446 nos
2679 4393 2705 4446 ?
2727 4393 2830 4448 Pro
2853 4396 3044 4465 quibus
3066 4408 3242 4452 autem
3268 4399 3336 4454 sit
3356 4401 3514 4465 Deus,

1925 4479 2172 4550 superius
2196 4480 2458 4547 ostendit,
2493 4482 2581 4537 ubi
2611 4483 2719 4537 ait:
2750 4501 2878 4556 quos
2906 4495 3073 4540 autem
3101 4488 3475 4557 praedestinavit
3500 4533 3514 4554 ,

1926 4572 2040 4625 illos
2065 4582 2111 4625 et
2138 4573 2329 4626 vocarit
2350 4591 2369 4639 ;
2397 4591 2527 4645 quos
2546 4586 2713 4633 autem
2740 4579 2951 4643 vocavit,
2978 4580 3097 4635 illos
3123 4591 3168 4635 et
3183 4583 3520 4653 jnstiﬁcarit;

1926 4678 2050 4733 quos
2088 4672 2251 4717 autem
2269 4665 2567 4747 justi/ienuit
2590 4709 2605 4734 ,
2643 4668 2760 4723 illos
2800 4678 2844 4722 et
2875 4668 3196 4740 gloriﬁcarit.
3231 4673 3369 4740 Quid
3403 4694 3522 4748 ergo

1929 4753 2149 4807 dicemus
2176 4754 2244 4807 ad
2271 4754 2420 4809 lucc?
2451 4756 2513 4811 Si
2539 4756 2671 4812 Deus
2701 4774 2795 4826 pro
2831 4759 2989 4826 nobis,
3027 4762 3141 4831 quis
3167 4774 3344 4818 contra
3388 4783 3476 4821 nos
3501 4771 3526 4820 ξ’

1931 4848 2072 4902 Deus
2093 4864 2187 4917 pro
2209 4848 2381 4915 nobis,
2404 4859 2462 4904 ut
2485 4851 2888 4920 praedestinaret
2908 4868 3038 4920 nos;
3067 4856 3207 4910 Deus
3227 4872 3325 4926 pro
3346 4858 3521 4923 nobis,

1933 4948 1989 4993 ut
2016 4948 2228 4994 vocaret
2270 4954 2404 5005 nos;
2440 4941 2578 4995 Deus
2605 4956 2697 5009 pro
2738 4942 2910 5008 nobis,
2953 4954 3009 4997 ιιι
3040 4945 3354 5014 justiticarct
3386 4965 3522 5008 nos;

1938 5032 2074 5085 Deus
2102 5046 2197 5100 pro
2225 5031 2397 5093 nobis,
2422 5041 2478 5085 ut
2498 5032 2822 5100 gloriﬁcaret
2847 5049 2962 5088 nos.
2993 5034 3055 5089 Si
3078 5034 3215 5090 Deus
3238 5054 3331 5107 pro
3358 5039 3521 5106 nobis,

1934 5123 2045 5193 quis
2075 5131 2250 5174 contra
2291 5122 2424 5175 nos?
2448 5122 2849 5178 Praedestinavit
2874 5165 2887 5189 ,
2918 5133 3199 5197 antequam
3241 5144 3483 5185 essemus
3510 5150 3523 5195 ;

1936 5212 2159 5272 vocavit.
2189 5226 2309 5265 eum
2342 5212 2514 5267 aversi
2540 5227 2807 5280 essemus;
2836 5215 3163 5284 justiticavit,
3188 5234 3308 5273 cum
3339 5236 3529 5290 pecca-

1938 5312 2079 5355 tores
2117 5317 2395 5367 essemus;
2428 5303 2765 5374 gloriﬁcavit,
2809 5321 2929 5360 cum
2971 5309 3221 5365 mortales
3262 5325 3521 5366 essemus.

1939 5394 2001 5449 Si
2030 5392 2169 5448 Deus
2201 5411 2291 5463 pro
2321 5394 2488 5462 nobis,
2518 5396 2629 5467 quis
2669 5407 2845 5451 contra
2891 5416 2982 5458 nos
3005 5401 3031 5453 ἶ)
3067 5400 3459 5461 Praedcstinalis
3502 5423 3528 5459 a

2007 5508 2020 5576 ξ
2049 5504 2236 5576 aliquot
2258 5509 2722 5576 Mss.,_expcctmido.
2750 5518 2848 5558 Am.
2873 5517 3039 5576 ctam.
3071 5514 3330 5576 sperando,

2004 5568 2020 5583 '
2045 5569 2311 5641 fastigatus
2334 5569 2392 5641 ad
2417 5568 2587 5641 omnes
2618 5578 2725 5620 Mss.
2753 5579 2806 5620 et
2842 5572 2952 5621 Edd.
3000 5574 3047 5623 in
3084 5568 3328 5627 s'ertnone'
3352 5593 3530 5641 grace-

1943 5628 2076 5693 denti
2103 5628 2244 5693 minio
2263 5629 2559 5693 designatos.

2005 5689 2078 5759 (ᾳ)
2103 5689 2242 5759 Alias,
2274 5691 2336 5738 de.
2365 5689 2531 5759 vrbis
2555 5693 2757 5754 Apostoli
2790 5694 2860 5742 l8.

2101 5752 2276 5862 litatur
2300 5766 2326 5800 ἢ
2353 5753 2482 5801 llm‘u
2508 5761 2564 5801 ml
2591 5751 2716 5803 llum.
2746 5772 2820 5806 vm
2849 5766 2895 5806 et
2936 5773 2999 5818 xl,
3028 5759 3085 5806 εμι
3109 5762 3244 5811 tuor.
3276 5777 3369 5822 Νι,
3402 5772 3447 5812 οι
3473 5765 3531 5815 ad
