3910 6184
381 302 483 357 ὃΰῧ

382 418 487 470 lico
512 456 527 482 ,
561 416 777 476 vocatis,
807 410 1128 482 jttstiﬁcatis,
1159 403 1486 477 gloriﬁcatis,
1515 402 1600 473 qui
1633 401 1742 455 vult
1779 397 1968 452 adver-

381 508 504 565 sari.
539 516 687 577 paret
711 521 766 558 se
790 545 804 570 ,
848 503 890 557 si
922 501 1093 569 potest
1122 500 1321 556 bellare
1365 497 1620 552 adversus
1651 494 1839 548 Deum.
1869 484 1966 545 Ubi

380 601 519 652 enim
546 596 872 657 audivimus,
904 594 965 648 Si
991 594 1127 647 Deus
1152 608 1242 662 pro
1284 591 1423 645 nobis
1445 631 1459 656 ,
1490 588 1600 658 quis
1630 596 1804 640 contra
1833 582 1969 636 nos?

381 690 479 744 nisi
506 688 593 759 qui
624 688 786 742 Deum
818 686 1012 743 vincit.
1046 700 1148 738 non
1180 683 1323 738 latdit
1366 696 1480 736 nos.
1516 680 1582 734 Ει.
1625 678 1743 748 quis
1772 685 1853 731 est
1878 672 1967 745 qui

382 782 542 833 vincit
568 778 997 848 Omnipotentem
1014 777 1040 830 ‘l
1063 775 1393 844 Quicumque
1419 770 1669 827 relnctari
1700 766 1926 821 voluerit
1950 807 1963 831 ,

378 870 477 924 sibi
505 879 679 924 nocet.
731 869 838 924 lloc
866 875 978 934 est,
1018 865 1158 937 quod
1204 874 1256 920 et
1296 864 1458 918 Paulo
1484 861 1655 914 adhuc
1697 857 1859 912 Sanlo
1900 855 1969 909 de

377 962 778 1020 cwlo'Chris:us
801 964 1042 1018 clamavit
1069 981 1082 1019 :
1119 960 1237 1015 Non
1265 959 1352 1013 tibi
1377 957 1583 1027 expedit
1597 962 1770 1008 contra
1792 952 1969 1005 stimu-

381 1059 486 1111 lum
531 1046 955 1126 calci:rure(Act.
983 1071 1068 1119 ιχ,
1104 1052 1181 1122 5).
1228 1048 1442 1112 Szeviat,
1486 1045 1669 1101 smriat
1714 1049 1969 1113 quantum

387 1158 558 1216 potest
585 1166 597 1213 ;
624 1149 711 1218 qui
735 1148 905 1201 calces
933 1146 1188 1200 advetsus
1214 1141 1483 1196 stimulum
1509 1137 1690 1201 mittit,
1720 1149 1895 1190 nonne
1918 1133 1970 1187 in

382 1257 440 1294 se
471 1242 644 1308 ipsum
673 1237 861 1294 sagvit?

455 1329 678 1385 CAPUT
708 1329 770 1382 ll.
788 1328 926 1382 —9..
956 1325 1095 1381 Deus
1118 1325 1259 1379 nobis
1282 1323 1474 1377 debitor
1494 1320 1656 1390 factus
1672 1333 1734 1372 ex
1753 1314 1972 1387 promis-

384 1425 473 1477 sis.
502 1422 557 1475 In
591 1421 671 1475 his
701 1429 875 1474 autem
916 1430 1143 1490 quatuor
1175 1417 1370 1495 rebus,
1396 1428 1547 1485 _qnas
1586 1407 1974 1466 commendarit

386 1511 675 1580 Apostolus
699 1511 961 1580 insignes,
990 1501 1108 1578 quae
1150 1507 1417 1577 pertinent
1451 1502 1515 1556 ad
1546 1516 1637 1557 eos
1666 1500 1682 1532 ¹
1715 1513 1807 1569 pro
1854 1497 1977 1566 qui-‘

386 1604 484 1656 bus
529 1612 610 1657 est
652 1602 793 1657 Deus
818 1643 832 1667 ,
870 1601 924 1655 id
963 1609 1084 1668 est,
1117 1595 1610 1669 prmdestinatione,
1657 1589 1934 1645 vocatione
1957 1629 1972 1652 ,

380 1693 778 1760 justiﬁcatione,
805 1691 1186 1763 gloriﬁcatione
1211 1707 1225 1755 ;
1250 1689 1304 1743 in
1328 1688 1407 1742 his
1429 1702 1553 1756 ergo
1574 1691 1797 1754 quatuor
1817 1678 1975 1735 rebus

385 1785 725 1840 considerare
772 1785 1026 1839 debemus
1070 1782 1194 1853 qttid
1232 1783 1339 1850 jam
1382 1779 1703 1839 habeamus,
1752 1785 1804 1830 et
1849 1771 1974 1843 quid

387 1876 561 1932 adhuc
589 1875 1066 1947 cxspectemusﬂn
1104 1876 1184 1928 his
1213 1874 1355 1929 cnim
1386 1887 1501 1941 qua:
1534 1870 1641 1938 jam
1685 1868 1986 1928 habemus,

392 1972 666 2026 laudemus
693 1970 854 2025 Deum
897 1968 1197 2039 largitorem
1224 1984 1238 2021 :
1270 1966 1318 2020 in
1349 1965 1431 2018 his
1459 1978 1577 2033 qua}
1610 1959 1841 2014 nondum
1878 1957 1976 2011 ha—

394 2065 598 2123 bemus,
635 2071 911 2116 teneamus
939 2060 1255 2114 debitorem.
1280 2055 1495 2110 Debitor
1515 2052 1656 2107 enim
1682 2050 1845 2104 lactus
1874 2056 1973 2111 est,

392 2170 497 2208 non
523 2152 719 2223 aliquid
762 2168 793 2206 a
834 2151 987 2205 nobis
1020 2148 1360 2219 accipiendo,
1398 2145 1494 2201 sed
1521 2143 1660 2214 quod
1690 2143 1737 2197 ei
1782 2141 1977 2210 placuit

393 2242 766 2312 promittendo.
797 2232 966 2296 Aliter
985 2236 1126 2296 enim
1152 2235 1381 2294 dicimus
1409 2234 1631 2300 homini,
1659 2231 1828 2287 Debes
1850 2229 1977 2284 mihi

390 2334 508 2403 quia
541 2332 823 2388 dedidihi:
872 2340 924 2387 et
965 2331 1118 2385 aliter
1153 2330 1411 2393 dicimus,
1452 2327 1623 2380 Debes
1662 2322 1829 2385 mihi,
1856 2321 1993 2391 quia‘

395 2426 680 2494 promisisti
712 2426 861 2479 tnihi.
894 2424 1116 2493 Quando
1143 2423 1294 2485 dicis,
1329 2420 1498 2475 Debes
1526 2418 1678 2480 mihi,
1707 2417 1827 2486 quia
1856 2414 1977 2469 dedi

395 2517 524 2570 tibi:
560 2528 666 2570 ate
707 2515 961 2584 processit
997 2513 1343 2575 beneﬁcium,
1373 2510 1466 2565 sed
1508 2518 1833 2570 mutuatum,
1872 2520 1977 2560 non

393 2607 665 2661 donatum.
691 2606 918 2672 Quando
946 2613 1121 2658 autem
1150 2603 1301 2666 dicis,
1332 2601 1500 2655 Debes
1527 2598 1675 2660 mihi,
1709 2596 1829 2668 quia
1861 2610 1981 2663 pro-

396 2697 582 2752 misisti
611 2698 739 2750 mihi
764 2714 778 2752 :
809 2697 863 2750 tu
891 2694 1016 2750 nihil
1039 2693 1254 2758 dedisti,
1278 2702 1330 2747 et
1355 2703 1531 2745 tamen
1556 2687 1980 2767 exigis.Box.itas

392 2789 533 2845 cnim
573 2789 686 2859 ejus
728 2789 814 2858 qui
847 2788 1118 2858 promis't,
1149 2786 1327 2847 dabit,
1367 2800 1434 2839 ne
1463 2784 1514 2838 in
1545 2783 1797 2836 malitiam
1849 2778 1991 2834 ﬁdes

393 2895 578 2935 convet
595 2888 753 2934 tatur.
796 2879 894 2947 Qui
938 2878 1079 2934 enim
1128 2877 1274 2941 fallit,
1320 2876 1490 2929 malus
1531 2884 1631 2937 est,
1660 2875 1765 2926 Deo
1803 2881 1977 2924 autem

396 2973 649 3043 numquid
689 2972 944 3035 dicimus,
983 2970 1165 3025 Redde
1193 2969 1344 3036 mihi,
1372 2968 1491 3038 quia
1533 2966 1653 3019 dedi
1689 2964 1815 3018 tibi?
1845 2961 1980 3030 Quid

394 3065 640 3121 dedimus
665 3066 790 3128 Deo,
823 3063 1225 3134 quando‘totum
1251 3060 1390 3131 quod
1413 3073 1614 3118 smnus.
1649 3065 1700 3110 et
1725 3055 1864 3125 quod
1889 3053 1981 3107 ha-

399 3161 582 3213 bemus
608 3158 729 3212 boui
747 3200 760 3222 ,
791 3158 856 3211 ah
878 3158 969 3212 illo
997 3154 1296 3211 habemus?
1321 3148 1460 3207 Nihil
1485 3165 1611 3221 ergo
1637 3150 1685 3205 ei
1714 3148 1999 3221 dedimus._

396 3250 510 3304 Non
534 3256 615 3305 est
635 3248 1079 3318 quemadmodum
1108 3250 1205 3301 ista
1238 3261 1368 3300 voce
1393 3244 1664 3313 exigamus
1685 3240 1979 3294 debitorem

400 3343 594 3405 Deum,
636 3341 862 3394 maxime
900 3340 1109 3393 dicente
1151 3338 1301 3391 nobis
1346 3334 1632 3404 Apostolo,
1684 3331 1808 3397 Quis
1853 3331 1981 3383 enim

395 3431 626 3501 cognorit
647 3447 845 3483 sensum
868 3428 1113 3482 Domini?
1142 3436 1226 3480 aut
1253 3427 1362 3495 quis
1381 3425 1699 3479 consiliarius
1722 3423 1829 3491 ejus
1846 3420 1983 3490 fuit?

396 3532 483 3575 aut
528 3523 638 3590 quis
673 3521 814 3593 prior
857 3521 993 3574 dedit
1034 3520 1142 3583 illi,
1176 3528 1223 3572 et
1264 3518 1561 3571 retribuetur
1607 3516 1651 3570 ei
1689 3514 1863 3584 (Rom.
1892 3528 1979 3577 xl,

397 3615 483 3673 35.
517 3614 654 3684 55)?
685 3614 777 3667 Illo
797 3628 926 3684 ergo
956 3612 1115 3675 modo
1144 3626 1426 3681 possumus
1455 3609 1668 3678 exigere
1701 3606 1982 3660 Dominum

398 3714 634 3758 nostrum
658 3746 672 3769 ,
706 3715 761 3758 ut
790 3703 1026 3758 dicamus
1052 3722 1066 3758 :
1118 3701 1302 3757 Redde
1331 3700 1472 3770 quod
1503 3698 1790 3770 pron'tisisti
1812 3740 1825 3761 ,
1857 3697 1991 3766 quia'

372 3796 616 3851 iecimus
641 3794 782 3865 quod
806 3795 1008 3864 iussisti
1034 3813 1047 3847 :
1079 3801 1132 3848 et
1154 3793 1253 3848 hoc
1273 3802 1326 3847 tu
1354 3792 1519 3847 fecisti
1546 3830 1561 3855 ,
1589 3791 1709 3860 quia
1732 3789 1980 3845 laboran-

400 3897 478 3941 tes
503 3886 702 3954 juvisti.

466 3976 690 4033 CAPUT
726 3977 810 4031 111.
834 4007 905 4016 -
925 3977 976 4030 5.
1030 3974 1205 4029 Vocati
1229 3986 1272 4029 et
1303 3972 1645 4045 prcedestiuati
1670 3988 1843 4026 sumus
1862 3986 1985 4040 gru—

398 4071 479 4125 tis.
512 4070 676 4124 Nemo
716 4085 842 4138 ergo
885 4069 1065 4123 dicat:
1114 4067 1236 4124 Ideo
1267 4082 1352 4122 me
1395 4067 1599 4120 vocavit
1648 4066 1815 4143 Deus,
1861 4064 1981 4133 quia

396 4159 533 4213 colui
566 4160 748 4214 Deum.
782 4158 1060 4227 Quomodo
1085 4158 1341 4213 coluisses
1361 4200 1374 4223 ,
1407 4157 1453 4211 si
1478 4165 1696 4210 vocatus
1722 4172 1826 4209 non
1854 4156 1982 4208 l'uis-

397 4252 518 4307 ses?
538 4253 590 4308 Si
615 4261 890 4322 propterea
917 4260 966 4307 te
991 4250 1196 4305 vocavit
1224 4252 1380 4316 Deus,
1406 4250 1527 4321 quia
1548 4248 1755 4304 coluisti
1781 4248 1979 4301 Deum:

399 4360 526 4413 ergo
550 4343 693 4412 prior
722 4343 948 4408 dedisti,
983 4350 1036 4396 ct
1064 4341 1306 4396 retribuit
1335 4340 1446 4395 tibi.
1477 4340 1663 4394 Nonne
1689 4339 1840 4393 istam
1893 4338 1982 4391 tibi

400 4450 584 4487 vocem
615 4435 898 4502 Apostolus
927 4432 1096 4496 tollit,
1129 4448 1247 4485 cum
1280 4431 1437 4497 dicit,
1470 4432 1567 4485 Aut
1592 4432 1703 4501 quis
1734 4431 1873 4501 prior
1897 4428 1985 4484 de-

401 4526 474 4576 dit
501 4525 598 4589 illi,
627 4532 671 4576 et
696 4524 991 4576 retribuetur
1018 4524 1060 4576 ei
1083 4523 1108 4576 ?
1143 4521 1245 4576 Sed
1276 4536 1398 4576 ecce
1424 4522 1635 4592 quando
1663 4531 1878 4578 vocatus
1903 4538 1979 4589 es,

402 4618 482 4671 vel
503 4618 612 4686 jam
643 4631 779 4670 eras.
809 4615 1087 4683 Quomodo
1127 4613 1606 4683 praedestinareris,
1635 4615 1734 4669 nisi
1775 4616 1985 4686 quando

402 4726 506 4764 non
554 4723 673 4763 eras
699 4708 719 4739 ¹
754 4707 777 4762 ?
821 4708 954 4775 Quid
987 4708 1093 4762 Deo
1136 4705 1367 4772 dedisti,
1401 4707 1611 4775 quando
1658 4707 1746 4777 qui
1787 4709 1984 4778 aliquid

401 4802 578 4865 «lares,
610 4816 712 4853 non
737 4798 894 4852 eras?
919 4798 1053 4869 Quid
1083 4814 1209 4867 ergo
1253 4795 1378 4852 fecit
1410 4797 1576 4863 Deus,
1600 4797 1810 4868 quando
1846 4814 1984 4867 pra:-

399 4891 681 4946 dcstinavit
720 4891 808 4961 qui
859 4907 961 4945 non
1004 4888 1156 4945 erat?
1200 4889 1350 4957 Quod
1399 4890 1785 4957 aitApostolus
1822 4908 1835 4945 :
1887 4890 1986 4956 Qui

400 4997 539 5039 vocat
562 5002 619 5039 ea
638 5002 751 5053 quo:
771 5001 868 5038 non
890 4966 1025 5053 sunt,
1051 4994 1290 5053 tanquam
1310 5000 1367 5036 ea
1388 4999 1502 5054 qua:
1519 4992 1633 5037 sunt
1655 4981 1763 5051 (Id.
1781 4999 1851 5048 tv,
1876 4983 1983 5054 17).

399 5078 453 5129 Si
479 5077 586 5145 jam
610 5092 777 5142 esses,
808 5091 909 5130 non
938 5074 1421 5146 prwdestittareris;
1451 5074 1547 5129 nisi
1572 5089 1792 5129 aversus
1817 5090 1983 5138 esses,
2010 5138 2011 5141 η

402 5183 508 5221 non
536 5169 839 5232 vocareris;
871 5168 971 5221 nisi
1000 5167 1193 5236 impius
1220 5180 1367 5221 esses
1388 5209 1401 5231 ,
1441 5181 1546 5219 non
1581 5166 1945 5234 justiﬁeareris
1970 5208 1984 5231 ,

403 5260 501 5314 nisi
530 5246 772 5315 terrenus
792 5259 1106 5335 etabjeetus
1128 5273 1295 5322 esses,
1322 5273 1424 5310 non
1445 5257 1835 5328 gloriﬁcareris.
1863 5257 1989 5325 Quis

407 5367 529 5422 ergo
549 5352 687 5422 prior
711 5348 847 5404 dedit
871 5351 966 5413 illi,
992 5360 1037 5404 et
1062 5349 1358 5404 retribuetur
1380 5348 1467 5403 ei?
1495 5349 1745 5416 Quoniam
1771 5367 1834 5404 ex
1856 5351 1985 5419 ipso,

398 5452 449 5493 et
476 5459 565 5511 per
589 5444 787 5512 ipsum,
820 5450 865 5493 et
903 5443 955 5495 in
980 5439 1090 5512 ipso
1117 5449 1233 5494 sunt
1260 5441 1450 5494 omnia.
1477 5439 1612 5508 Quid
1646 5455 1775 5510 ergo
1815 5440 1989 5495 reddi-

467 5554 483 5618 ξ
506 5552 689 5614 Florus,
709 5555 760 5605 in
779 5552 855 5604 Itis
876 5552 961 5618 qui
983 5550 1219 5618 pertineru
1239 5549 1305 5618 ad
1329 5559 1498 5618 nemo.

466 5614 613 5686 [ξω.
622 5623 687 5683 _et
705 5622 801 5686 En,
826 5613 1023 5686 Quando
1043 5613 1573 5686 prcedestirutrerisnon
1591 5614 1914 5686 eras.t-‘lorus,
1934 5626 1951 5662 l
1973 5623 1992 5667 ι

405 5673 822 5739 ρτῳάεδιῦιαζεῂε
837 5673 1028 5739 Quando
1044 5673 1136 5726 non
1155 5688 1282 5737 eras,
1299 5673 1414 5738 quid
1442 5683 1554 5735 Deo,
1575 5684 1668 5726 etc.
1698 5685 1801 5727 uss.
1818 5673 2015 5729 omnes.

400 5734 644 5797 omittunt,
669 5734 781 5787 nisi.

1619 289 1675 343 S.
1719 280 2084 341 AUGUSTINI
2116 278 2415 336 EPISCON
3559 279 3666 335 86.

2074 397 2233 450 Inus?
2263 395 2372 465 Ipsi
2418 398 2580 469 gloria
2609 396 2781 468 (Rom.
2818 413 2865 450 xl
2889 440 2902 464 ,
2928 397 3043 467 56).
3090 393 3221 463 Quia
3264 410 3366 450 non
3404 411 3664 456 eramus.

2072 486 2284 559 quando
2332 485 2538 541 sumus~
2570 486 2968 558 prmdestinati;
3020 486 3142 558 quia
3193 488 3364 562 aversi
3407 504 3663 550 eramus,

2071 582 2283 651 quando
2304 574 2486 634 sumus
2504 580 2704 646 vocati;
2726 582 2847 651 quia
2868 586 3176 651 peccatores
3193 596 3426 648 eramus,
3443 579 3669 653 quanio

2072 687 2256 725 sumus
2276 670 2547 740 jnstiﬁcati
2577 687 2591 726 :
2641 685 2859 743 agamus
2889 670 2996 727 Deo
3024 672 3220 743 gratias
3242 715 3255 737 ,
3283 687 3353 727 ne
3383 688 3667 729 remaneav

2073 776 2190 815 mus
2215 761 2423 831 ingrati.
2858 744 2862 751 ’

2142 851 2370 909 CAPUT
2400 851 2485 907 IV.
2504 854 2635 909 -4.
2666 852 2946 923 Justiﬁcati
2970 865 3149 911 utrum'
3152 857 3265 928 jam
3295 857 3470 909 simus.
3503 853 3677 908 Lact:

2072 944 2153 1000 hic
2178 948 2227 1000 in
2244 936 2542 1017 justi/icatis
2570 964 2805 1001 araneus.
2827 948 3281 1017 Proposueramus
3307 958 3484 1002 autem
3531 962 3664 1003 clin-

2074 1038 2309 1093 s'iderare
2335 1040 2400 1094 de
2427 1038 2512 1094 his
2533 1050 2757 1109 quatuor
2776 1040 2938 1095 rebus
2961 1040 3085 1109 quid
3116 1041 3227 1110 jam
3253 1043 3527 1097 consecuti
3550 1040 3673 1099 foe-

2074 1132 2240 1185 rimns
2261 1173 2274 1196 ,
2308 1132 2431 1202 quid
2464 1132 2635 1187 adhuc
2658 1131 3057 1203 adipiscendum
3094 1142 3484 1203 exSpectcmus.
3512 1134 3664 1191 Prat-

2074 1221 2322 1276 destinati
2356 1223 2496 1278 enim
2526 1223 2630 1291 jam
2662 1237 2849 1279 sumus
2869 1234 2923 1277 et
2959 1232 3244 1294 antequam
3272 1241 3531 1282 essemus.
3562 1226 3661 1281 Vo—

2076 1314 2175 1367 ca;i
2206 1329 2388 1368 Stunus
2410 1357 2423 1379 ,
2450 1314 2661 1389 quando
2682 1315 2955 1371 christiani
3000 1315 3118 1371 lacti
3172 1330 3376 1372 smnus.
3399 1316 3513 1373 Jam
3535 1333 3655 1389 ergo

2078 1417 2126 1457 et
2153 1404 2253 1458 hoc
2281 1406 2554 1461 habemus.
2584 1405 2864 1462 Jnstiﬁcati
2891 1450 2906 1473 ,
2937 1408 3063 1478 quid
3089 1408 3113 1461 ?
3142 1402 3279 1477 Quid
3308 1419 3409 1467 .est
3431 1453 3444 1476 ,
3467 1410 3651 1479 justiﬁ-

2079 1496 2220 1550 cati-?
2255 1496 2522 1551 Audemus
2550 1496 2729 1552 dicere
2749 1541 2763 1563 ,
2788 1498 2897 1567 jam
2928 1499 3027 1553 hoc
3058 1500 3269 1553 tertium
3301 1500 3494 1556 habere
3518 1498 3644 1556 nos?

2083 1587 2145 1640 lit
2171 1587 2273 1641 erit
2300 1587 2573 1656 quisquam
2617 1599 2857 1643 nostrum
2889 1590 2977 1659 qui
3019 1589 3209 1644 audeat
3237 1590 3416 1645 dicere
3436 1633 3451 1656 ,
3478 1590 3639 1647 Justus

2080 1692 2196 1731 smn
2223 1677 2245 1731 ?
2273 1677 2403 1731 l‘uto
2432 1679 2571 1732 enim
2604 1678 2706 1733 hoc
2737 1695 2856 1734 esse
2880 1722 2894 1746 ,
2944 1668 3127 1737 Justus
3175 1696 3327 1746 sum,
3357 1682 3491 1751 quod
3525 1693 3593 1737 est
3618 1725 3631 1750 ,

2082 1777 2327 1838 peccator
2354 1786 2456 1825 non
2504 1785 2643 1828 sum.
2678 1771 2731 1827 Si
2758 1772 2922 1827 audes
2951 1774 3049 1827 hoc
3079 1773 3540 1839 dicere,’occurrit
3558 1778 3629 1831 tibi

2079 1860 2357 1918 Joannes:
2388 1862 2448 1918 Si
2494 1865 2766 1920 dixerimus
2805 1867 2924 1935 quia
2954 1876 3205 1934 peccaturo
3248 1883 3347 1920 non
3380 1865 3591 1921 habemus
3612 1911 3624 1933 ,

2066 1940 2172 2031 tuos
2202 1954 2338 2022 ipsos
2376 1954 2651 2025 decipimus
2675 1999 2688 2019 ,
2719 1966 2764 2010 et
2791 1957 2971 2011 veritus
2995 1957 3044 2009 in
3068 1956 3207 2010 nobis
3222 1973 3323 2010 non
3350 1967 3421 2011 est
3445 1957 3626 2029 (Uouit.

2084 2063 2130 2112 ι,
2160 2046 2234 2119 8).
2265 2048 2397 2115 Quid
2427 2051 2597 2119 ergo?
2625 2050 2762 2104 Nihil
2793 2050 3046 2106 habemus
3076 2051 3142 2106 de
3163 2051 3408 2120 justitia?
3432 2053 3504 2105 An
3548 2050 3626 2106 ha-

2084 2126 2300 2202 bemus,
2319 2139 2409 2194 sed
2427 2157 2530 2195 non
2556 2147 2722 2195 totum
2745 2140 3045 2196 habemus?
3071 2142 3181 2197 lluc
3199 2157 3326 2212 ergo
3345 2158 3624 2210 qumrantns.

2084 2231 2137 2284 Si
2169 2231 2308 2284 enim
2339 2230 2534 2302 aliquid
2567 2232 2824 2288 habemus
2848 2276 2862 2296 ,
2896 2241 2950 2288 et
2994 2233 3188 2304 aliquid
3220 2248 3327 2287 non
3370 2233 3625 2299 habemus;

2083 2334 2283 2379 crescat
2305 2326 2445 2395 quod
2487 2324 2762 2391 habemus,
2796 2336 2849 2380 et
2877 2325 3182 2396 implebitur
3201 2325 3340 2395 quod
3367 2342 3463 2379 non
3493 2325 3624 2379 hahe-

2085 2430 2219 2470 mus.
2262 2414 2398 2470 Ecce
2427 2408 2567 2470 cnim
2599 2414 2848 2486 baptizali
2879 2426 2999 2470 sunt
3021 2408 3266 2470 homines
3286 2457 3300 2479 ,
3346 2417 3506 2469 omnia
3546 2416 3628 2468 illis

2087 2516 2299 2576 peccata
2338 2507 2551 2561 dimissa
2575 2516 2699 2562 sunt
2722 2549 2735 2570 ,
2758 2507 3031 2576 jnstilicati
3061 2516 3185 2562 sunt
3209 2523 3238 2560 a
3276 2506 3524 2577 peccatis;
3551 2522 3627 2560 nco

2084 2613 2208 2668 gare
2234 2614 2336 2653 non
2360 2615 2637 2668 possumus
2669 2616 2681 2653 :
2714 2609 2878 2654 restat
2908 2608 3082 2653 tamen
3115 2599 3253 2653 lucta
3296 2614 3415 2653 cum
3455 2614 3593 2652 came
3614 2639 3629 2662 ,

2086 2698 2249 2745 restat
2291 2690 2428 2746 lucta
2477 2706 2596 2745 cum
2629 2690 2859 2755 mundo,
2892 2701 3055 2746 restat
3110 2691 3248 2745 lucta
3274 2706 3395 2746 cum
3431 2691 3628 2746 diabolo.

2084 2782 2183 2849 Qui
2213 2792 2391 2837 autem
2423 2783 2653 2839 luctatur
2678 2825 2692 2849 ,
2720 2783 3004 2853 aliquando
3032 2781 3184 2846 ferit,
3236 2783 3508 2852 aliquando
3536 2796 3636 2851 pero

2085 2876 2315 2939 cutitur;
2342 2876 2627 2946 aliquando
2656 2876 2812 2932 vincit
2833 2919 2846 2943 ,
2876 2856 3161 2945 aliquando
3180 2876 3453 2943 perimitur
3483 2897 3494 2931 :
3521 2890 3635 2944 quo-

2086 2965 2245 3020 modo
2275 2966 2341 3021 de
2372 2968 2543 3021 stadio
2586 2975 2741 3021 exeat
2789 2968 3099 3023 attenditur.
3139 2965 3271 3020 Nam
3308 2967 3352 3020 si
3394 2965 3637 3019 dixerimus

2085 3058 2202 3128 quia
2223 3069 2479 3128 peccatum
2524 3076 2623 3113 non
2654 3059 2892 3129 [rubenius
2914 3103 2930 3125 ,
2972 3077 3064 3114 nos
3088 3059 3224 3129 ipsos
3267 3059 3529 3129 decipimus
3549 3100 3561 3123 ,
3598 3066 3639 3112 si

2086 3151 2269 3205 veritus
2296 3152 2348 3204 in
2368 3151 2507 3205 nobis
2533 3169 2631 3206 non
2653 3163 2743 3206 est.
2779 3152 2904 3207 Item
2922 3195 2937 3219 ,
2968 3152 3013 3208 si
3039 3153 3331 3207 dixerimus
3356 3153 3471 3223 quia
3503 3150 3640 3220 justi-

2089 3236 2171 3297 tiic
2194 3245 2323 3298 nihil
2344 3244 2597 3298 halemns
2620 3286 2633 3310 ,
2664 3244 2942 3298 adversum
2969 3244 3061 3299 Dei
3090 3243 3226 3298 dona
3254 3243 3547 3298 mentimur.
3593 3241 3639 3295 Si

2086 3338 2225 3392 enim
2248 3336 2466 3406 jllaliiiil}
2496 3337 2623 3391 nihil
2657 3336 2943 3403 habemus,
2975 3320 3072 3392 nec
3100 3336 3258 3391 ﬁdem
3294 3334 3539 3389 habemus
3568 3337 3640 3389 :si

2090 3428 2244 3483 ﬁdem
2277 3444 2379 3483 non
2406 3428 2662 3484 habemus
2681 3471 2697 3495 ,
2725 3429 3001 3484 christiani
3032 3444 3135 3483 non
3164 3443 3373 3482 smnus.
3404 3425 3457 3484 Si
3483 3437 3636 3481 autem

2088 3517 2244 3571 ﬁdem
2273 3518 2525 3573 habemus
2547 3562 2561 3583 ,
2588 3520 2697 3587 jam
2726 3520 2921 3590 aliquid
2948 3520 3201 3575 habemus
3224 3520 3460 3590 iustitia}.
3490 3520 3640 3589 Ipsum

2088 3609 2314 3678 aliquid,
2348 3609 2424 3664 vis
2470 3622 2625 3665 nosse
2649 3621 2902 3681 quantum
2948 3610 3261 3666 sit?‘Justus
3313 3629 3378 3667 ea:
3410 3613 3506 3681 [ide
3544 3612 3642 3666 risit

2089 3702 2313 3773 (llubuc.
2346 3720 2379 3758 ιι
2405 3745 2419 3769 ,
2444 3705 2512 3768 4;
2546 3704 2691 3759 Rom.
2722 3720 2774 3769 ι,
2806 3705 2893 3776 17)
2925 3697 3165 3777 :justus,
3196 3706 3409 3775 inquam
3429 3719 3535 3764 (ιε
3557 3690 3643 3773 fids

2087 3795 2241 3859 vivit;
2271 3795 2392 3864 quia
2415 3796 2585 3849 credit
2610 3794 2748 3865 quod
2782 3812 2882 3848 non
2914 3795 3073 3849 videt.

2158 3885 2382 3941 CAPUT
2412 3885 2474 3939 V.
2498 3916 2570 3927 —
2594 3887 2646 3942 ὅ.
2678 3886 2987 3955 Justiﬁcatio
3017 3886 3187 3957 aliqua
3225 3903 3339 3942 vere
3386 3904 3472 3957 per
3492 3886 3636 3957 ﬁdem.

2090 3977 2271 4031 l’atres
2295 4019 2310 4045 ,
2338 3978 2533 4033 arietes
2548 3978 2713 4032 sancti
2736 4020 2749 4041 ,
2771 3978 2933 4033 ductes
2953 3980 2991 4031 A
3000 3979 3190 4048 postoli
3211 4021 3227 4045 ,
3242 3979 3455 4049 quando
3467 3994 3641 4032 annun-

2090 4067 2353 4123 tiaveruut
2375 4111 2389 4133 ,
2416 4085 2519 4123 non
2545 4069 2716 4123 solum
2739 4068 2982 4124 viderunt
3012 4070 3208 4133 oculis,
3232 4069 3329 4124 sed
3360 4068 3519 4125 etiam’
3551 4082 3643 4121 ma-

2090 4161 2244 4215 nibus
2267 4170 2625 4215 tractaverunt
2655 4179 2667 4215 :
2700 4170 2754 4215 et
2779 4171 2953 4216 tamen
2979 4160 3234 4216 Dominus
3274 4177 3489 4217 servans
3515 4159 3643 4216 nobis

2088 4253 2285 4307 dountu
2310 4253 2460 4317 ﬁdei,
2492 4252 2699 4308 cuidam
2733 4254 3113 4323 discipulorum
3140 4268 3360 4309 suorum
3392 4252 3638 4314 tractanti,
3691 4314 3699 4323 .

2090 4344 2359 4414 palpanti,
2388 4345 2662 4399 veritatem
2711 4345 2888 4414 digitis
2935 4338 3220 4415 inquirenti
3260 4356 3312 4399 ct
3352 4342 3640 4405 inrenienti,

2089 4440 2405 4494 exclamanti
2429 4480 2442 4501 ,
2474 4437 2723 4492 Dominus
2752 4456 2890 4492 meus
2912 4448 2956 4492 et
2982 4438 3118 4492 Deus
3144 4455 3282 4493 meus
3302 4456 3322 4503 ;
3341 4440 3414 4494 ait
3435 4440 3538 4509 ipse
3561 4438 3644 4492 Do-

2091 4531 2265 4586 minus
2289 4539 2343 4586 et
2370 4530 2507 4585 Deus
2525 4572 2538 4597 ,
2566 4529 2697 4597 Quia
2721 4529 2890 4583 vidisti
2908 4572 2922 4593 ,
2946 4520 3220 4584 credidisti.
3252 4531 3319 4585 Et
3349 4546 3445 4586 nos
3469 4521 3645 4584 futuros

2092 4624 2301 4677 intuens
2323 4639 2342 4676 :
2366 4621 2545 4686 Beati,
2577 4621 2777 4689 inquit,
2809 4620 2896 4690 qui
2920 4637 3021 4674 non
3074 4621 3304 4675 viderunt
3365 4632 3413 4675 et
3450 4617 3644 4675 credide-

2090 4725 2206 4770 runt
2236 4714 2411 4784 (Joan.
2442 4730 2530 4779 xx,
2553 4711 2623 4767 28
2640 4724 2685 4766 et
2705 4711 2819 4783 29).
2842 4711 2952 4766 Non
2978 4712 3204 4767 vidimus
3224 4756 3238 4778 ,
3265 4713 3577 4773 audivimus.
3603 4718 3645 4763 et

2089 4807 2429 4864 credidimus.
2458 4805 2601 4859 Beati
2632 4805 2869 4875 praedicti
2899 4821 3113 4869 sumus,
3136 4813 3190 4860 et
3228 4804 3296 4860 de
3312 4804 3509 4875 jusdtia
3538 4800 3642 4856 nihil

2094 4895 2395 4952 habemus?
2427 4896 2580 4950 Venit
2625 4895 2880 4949 Dominus
2906 4895 3192 4950 carnaliter
3235 4895 3301 4949 ad
3332 4895 3563 4956 Judmos,
3602 4901 3644 4942 ct

2093 4991 2298 5046 occisus
2326 4999 2408 5045 est
2440 5008 2453 5043 :
2483 5003 2587 5043 non
2612 4988 2757 5041 venit.
2780 4988 2845 5041 ad
2876 5004 2972 5042 nos
3002 5030 3015 5053 ,
3046 4997 3099 5043 et
3143 4999 3393 5058 acceptus
3433 4997 3526 5044 est.
3554 4985 3640 5039 Po-

2093 5085 2243 5155 pulus
2267 5100 2409 5154 quem
2436 5099 2534 5137 non
2562 5081 2805 5152 cognovi,
2838 5082 3037 5135 servit-it
3061 5082 3217 5146 mihi,
3245 5082 3296 5135 in
3326 5082 3546 5135 obauditu
3562 5094 3640 5130 au-

2091 5176 2160 5231 ris
2194 5176 2408 5230 obedivit
2438 5175 2562 5228 mihi
2601 5172 2769 5245 (Psal.
2798 5189 2934 5238 χιιι,
2980 5170 3094 5238 45).
3125 5172 3235 5228 Nos
3280 5187 3487 5239 sumus,
3516 5182 3563 5227 et
3592 5170 3648 5224 de

2087 5269 2290 5339 justitia
2313 5269 2442 5323 nihil
2467 5268 2724 5321 habemus
2748 5265 2773 5320 ?
2793 5267 3023 5321 Omnino
3050 5266 3324 5322 habemus.
3345 5267 3484 5324 Grati
3505 5268 3649 5320 simus

2094 5378 2159 5418 ex
2185 5378 2249 5417 eo
2275 5362 2416 5432 quod
2444 5359 2735 5415 habemus:
2759 5368 2816 5412 ut
2843 5357 3068 5412 addatur
3096 5357 3235 5426 quod
3268 5374 3370 5411 non
3398 5358 3649 5419 habemus,

2093 5462 2146 5508 et
2177 5469 2279 5508 non
2313 5451 2595 5521 perdamus
2621 5449 2760 5520 quod
2791 5448 3066 5504 habemus.
3096 5448 3237 5520 Ergo
3257 5457 3311 5504 et
3337 5447 3434 5503 hoc
3462 5448 3652 5503 tertium

2090 5546 2199 5616 jam
2222 5544 2395 5616 agitur
2426 5542 2474 5596 in
2505 5540 2678 5596 nobis.
2707 5540 2987 5597 Justiﬁcati
3016 5555 3202 5595 sumus
3231 5558 3245 5594 :
3272 5539 3367 5596 sed
3390 5537 3651 5608 ipsajusti-

2102 5637 2169 5691 tia
2192 5678 2206 5701 ,
2238 5650 2358 5690 cum
2387 5633 2694 5705 proﬁcimus
2712 5673 2726 5697 ,
2753 5632 2965 5688 crescit.
2992 5631 3060 5687 Et
3083 5630 3351 5703 quomodo
3388 5626 3652 5687 crcsoitdi-

2098 5743 2248 5792 cam,
2284 5736 2336 5782 et
2366 5725 2635 5781 vobiscum
2664 5724 2891 5796 quodam
2924 5723 3083 5780 modo
3102 5723 3405 5794 conferant;
3437 5736 3489 5781 ut
3506 5738 3654 5779 onor
