3850 6188
194 362 292 417 865

192 476 411 546 quisque
433 486 567 532 vesti
582 496 666 531 um
686 479 795 550 jam
826 481 878 534 in
897 481 1007 553 ipsa
1033 481 1407 551 justiﬁestlone
1421 484 1760 545 constitutus,

192 576 400 637 accepta
430 566 634 635 scilicet
661 554 974 627 remissione
1008 582 1341 643 peccatorum
1360 591 1455 645 per
1498 576 1760 632 lavacrum

190 648 602 728 regenerationis
626 704 640 726 ,
669 673 890 733 accepto
909 654 1106 734 Spiritu
1133 676 1344 732 sancto,
1372 668 1654 738 proﬁciens
1691 670 1760 726 de

188 752 342 806 'Iiein
374 752 559 821 diem,
605 755 781 810 videat
833 756 919 810 ubi
972 758 1074 825 sit,
1118 759 1367 827 accedat,
1418 760 1654 830 proﬁciat
1706 772 1762 823 et

187 853 421 911 crescat,
453 842 628 900 donec
671 856 1097 914 consummetur,
1129 864 1237 929 non
1284 858 1340 905 ut
1386 849 1631 917 ﬁniatur,
1663 852 1756 906 sed

189 942 240 985 ut
263 932 588 1002 perﬁciatur.
1210 992 1240 1007 ,

248 1023 477 1079 CAPUT
503 1023 591 1080 VI.
613 1057 683 1066 —
712 1025 764 1081 6.
799 1026 952 1083 Fides
977 1030 1259 1099 iustiﬁcans
1291 1048 1321 1083 a
1347 1032 1449 1100 ﬁde
1472 1033 1754 1086 dtemonum

185 1115 481 1169 discernitur
495 1134 585 1187 per
608 1134 745 1187 spem
770 1127 814 1171 et
836 1118 1147 1174 charitatent.
1168 1122 1318 1189 Spes.
1342 1122 1592 1176 Charitas.
1623 1123 1757 1179 Inci-

187 1206 252 1270 pit
299 1204 465 1260 Itamo
489 1223 519 1261 a
567 1205 669 1262 ﬁde
697 1225 708 1261 :
739 1208 862 1277 quid
892 1210 1119 1279 pertinet
1160 1212 1223 1265 ad
1275 1211 1474 1267 ﬁdem?
1500 1212 1750 1269 Credere.

183 1294 280 1349 Sed
307 1296 486 1351 adhuc
514 1296 614 1352 ista
645 1290 789 1352 ﬁdes
814 1297 1143 1354 discernatur
1181 1301 1248 1356 ab
1282 1302 1564 1359 immundis
1594 1303 1752 1373 spiri-

183 1382 335 1437 tibus.
367 1384 447 1437 Ad
472 1385 626 1439 ﬁdem
649 1386 772 1455 quid
808 1388 1085 1457 pertinet?
1112 1390 1361 1446 Credere.
1392 1392 1493 1447 Sed
1529 1393 1601 1446 ait
1626 1409 1753 1464 apo-

180 1475 342 1529 stolus
368 1474 601 1531 Jacobus
631 1472 730 1530 :Et
756 1479 1006 1533 dtemones
1033 1480 1262 1548 credunt,
1289 1491 1334 1535 et
1359 1486 1750 1565 contremiscunt

180 1564 374 1635 (Jacobi
404 1582 480 1633 ιι,
506 1566 619 1639 i9).
649 1568 703 1623 Si
745 1579 946 1623 tantum
977 1573 1180 1641 credis,
1213 1583 1266 1628 et
1294 1576 1408 1631 sine
1438 1592 1533 1648 spe
1577 1564 1709 1655 vivis
1731 1621 1747 1645 ,

180 1656 251 1710 rel
273 1656 613 1712 dilectionem
643 1675 745 1713 non
778 1658 940 1716 habes
975 1680 986 1715 :
1020 1660 1090 1716 Et
1125 1666 1373 1720 dtemones
1401 1669 1610 1723 credunt
1631 1710 1647 1734 ,
1701 1681 1749 1735 et

177 1742 579 1802 contremiscunt.
602 1748 735 1818 Quid
771 1740 1015 1821 magnum
1047 1763 1165 1821 est,
1206 1756 1249 1831 si
1299 1757 1431 1813 dicis
1482 1757 1745 1837 Christum

178 1835 361 1891 Filium
391 1837 487 1893 Dei
514 1838 539 1892 ?
569 1839 678 1895 [Ioc
704 1840 834 1895 dixit
865 1842 1051 1896 Petrus
1074 1886 1087 1910 ,
1120 1854 1174 1898 et
1195 1847 1395 1902 audivit
1422 1888 1438 1915 ,
1466 1849 1653 1906 Beatus
1696 1835 1747 1908 es

177 1924 354 1980 Simon
390 1926 498 1981 Bar
522 1927 659 1983 Jona
685 1946 703 1983 :
730 1930 830 1984 hoc
863 1931 1110 1987 dixerunt
1137 1935 1406 2017 dmmones
1430 1981 1443 2005 ,
1471 1950 1523 1995 et
1559 1944 1744 2001 audie-

176 2025 318 2081 runt,
351 2014 703 2073 Obmutescite.
736 2018 828 2076 IIIe
870 2022 1082 2088 beatus,
1109 2024 1300 2081 dicitur
1345 2014 1449 2105 ei,
1481 2030 1611 2097 Quia
1643 2050 1744 2109 non

174 2105 402 2160 reuelauit
427 2107 515 2161 tibi
538 2125 656 2163 caro
675 2119 721 2164 et
748 2100 953 2182 sanguis
976 2154 990 2178 ,
1017 2115 1106 2167 sed
1133 2115 1285 2170 Pater
1307 2100 1449 2174 meus
1461 2123 1547 2199 qui
1566 2124 1617 2177 in
1647 2102 1743 2178 cte-

174 2199 314 2254 lisest
340 2199 551 2271 (Matth.
579 2217 707 2268 xw,
740 2203 850 2274 17).
886 2203 965 2287 illi
989 2216 1163 2261 autem
1185 2209 1442 2277 audiunt,
1478 2211 1740 2287 Obmutes-

171 2291 256 2344 tite
280 2289 475 2359 (ﬂare.
507 2309 525 2346 ι
545 2334 560 2360 ,
588 2292 679 2365 25)
709 2312 722 2348 :
752 2294 929 2351 ethoc
954 2282 1123 2367 ipsqu
1155 2298 1366 2367 dicunt,
1399 2310 1454 2357 et
1472 2282 1741 2373 repellun-

174 2388 265 2433 tur.
290 2380 409 2436 Una
441 2396 541 2436 vox
570 2392 652 2437 est
682 2403 695 2438 :
727 2383 820 2440 sed
856 2385 1105 2440 Dominus
1132 2389 1363 2445 radicem
1407 2392 1694 2465 interrogat
1722 2437 1737 2461 ,

171 2486 265 2524 tum
294 2470 508 2528 ﬂorem.
534 2472 686 2529 Unde
730 2474 921 2531 dicitur
937 2477 1003 2532 ad
1039 2478 1293 2535 Hebrazos
1317 2499 1330 2533 :
1364 2481 1448 2537 Ne
1468 2500 1565 2553 qua
1594 2487 1743 2541 radix

168 2562 514 2618 amaritudinis
542 2582 743 2619 sursum
771 2568 1056 2637 germinans
1092 2572 1313 2626 molestet
1332 2615 1345 2639 ,
1391 2583 1435 2627 et
1477 2591 1566 2645 per
1596 2575 1738 2631 illam

168 2652 560 2710 contaminemur
607 2659 749 2711 multi
774 2657 956 2728 (Hebr.
994 2678 1069 2716 xu
1092 2704 1107 2728 ,
1138 2661 1251 2739 15).
1272 2665 1431 2739 Prius
1457 2684 1581 2738 ergo
1624 2668 1736 2724 dis-

168 2755 321 2799 cerne
343 2745 501 2801 ﬁdem
525 2754 666 2801 tuam
696 2763 722 2801 a
756 2748 856 2805 ﬁde
884 2736 1159 2808 dzemonis‘.
1187 2736 1338 2810 Unde
1358 2750 1488 2810 eam
1523 2736 1738 2814 idisccr-

168 2835 331 2890 nis‘?
393 2835 672 2892 Daemones
728 2838 831 2895 hoc
890 2840 1134 2897 dixerunt
1199 2846 1432 2901 timendo
1463 2890 1479 2916 ,
1546 2836 1736 2907 Petrus

166 2924 407 2979 amando.
434 2927 584 2982 Adde
614 2943 739 2999 ergo
771 2929 892 2985 lidei
921 2946 1089 3001 spem.
1113 2933 1179 2988 Et
1202 2952 1320 3006 qum
1346 2952 1469 3008 spes
1499 2950 1580 2995 est
1599 2983 1613 3007 ,
1634 2942 1735 2996 nisi

166 3013 223 3069 de
257 3010 442 3086 aliqua
489 3014 829 3074 conscientiae
872 3020 1143 3079 bonitate?
1179 3027 1406 3098 Speique
1454 3030 1550 3107 ipsi
1599 3033 1736 3089 adde

165 3105 490 3161 chariutem.
504 3107 738 3179 Desuper
758 3112 1085 3189 eminentem.
1098 3116 1230 3171 viam
1247 3105 1521 3192 habemus,
1532 3123 1736 3195 dicente

166 3195 416 3263 Apostolo
438 3236 454 3261 ,
488 3196 951 3268 Supereminentem
994 3205 1124 3259 viam
1155 3208 1288 3261 vobis
1316 3209 1600 3267 demonstro
1629 3231 1647 3267 :
1673 3216 1735 3272 Si

164 3287 345 3357 linguis
371 3290 631 3343 hominum
651 3291 828 3362 loquar
852 3303 899 3348 et
928 3296 1231 3367 Angelorum
1251 3342 1265 3365 ,
1311 3302 1603 3361 charitatem
1644 3326 1762 3379 aug

164 3387 247 3431 tam
271 3397 382 3433 non
412 3380 622 3435 habeant
645 3424 660 3449 ,
692 3388 859 3455 factus
879 3404 990 3441 sum
1016 3386 1148 3443 velut
1175 3406 1498 3450 teramentum
1528 3417 1729 3467 sonans,

162 3482 239 3523 aut
264 3472 560 3543 cymbalum
601 3475 818 3531 tinniens
846 3483 865 3531 :‘
893 3489 945 3534 et
984 3491 1174 3537 caetera
1194 3542 1197 3545 _
1220 3498 1432 3543 enarrat
1485 3490 1618 3546 bona
1641 3535 1653 3557 ,
1683 3506 1734 3548 ct

160 3563 261 3619 sine
284 3564 551 3622 charitatc
570 3567 701 3622 nihil
741 3570 992 3639 prodesse
1029 3576 1323 3631 conﬁrmat.
1347 3580 1586 3637 Maneant
1609 3600 1734 3655 ergo

163 3651 307 3719 lucc,
364 3653 537 3719 ﬁdes,
588 3658 742 3726 spe's,
788 3658 1062 3716 charitas:
1105 3665 1275 3735 major
1317 3678 1492 3723 autem
1547 3671 1732 3727 horum

160 3742 388 3798 charitas
422 3743 460 3817 (I
484 3746 600 3800 Cor.
630 3763 722 3811 xu,
744 3749 805 3802 51
838 3760 887 3804 et
907 3751 1052 3827 ,xtu).
1084 3754 1370 3811 Sectamini
1399 3760 1731 3819 charitatem.

161 3832 451 3890 Discernite
479 3850 608 3907 ergo
637 3837 793 3893 ﬁdem
835 3850 1085 3897 vestram.
1115 3844 1229 3899 Jam
1257 3849 1385 3902 estis
1423 3849 1487 3904 de
1529 3854 1733 3921 praede-

160 3927 390 3991 stinatis,
418 3930 649 3996 vocatis,
672 3931 995 4000 justiﬁcatis.
1019 3936 1209 3991 Paulus
1238 3939 1526 4010 Apostolus
1563 3946 1690 3999 dicit
1718 3964 1731 4002 :

160 4014 339 4086 Neque
365 4018 671 4075 circumcisio
700 4022 893 4091 aliquid
913 4025 1040 4080 valet
1064 4069 1078 4091 ,
1109 4045 1264 4099 neque
1285 4029 1624 4100 praiputium;
1646 4036 1734 4090 sed

157 4107 286 4172 ﬁdes.
336 4108 426 4164 Dic
468 4110 671 4179 adhuc;
699 4114 991 4185 Apestole,
1033 4116 1167 4173 adde
1193 4160 1207 4185 ,
1248 4120 1528 4191 discerne;
1568 4128 1686 4195 quia
1713 4168 1728 4193 ,

158 4194 213 4248 Et
238 4198 503 4254 dmmones
530 4204 737 4256 credunt
778 4213 826 4258 et
877 4208 1261 4263 contremiscunt
1289 4227 1307 4263 :
1333 4226 1459 4282 ergo
1483 4194 1618 4270 adde
1678 4226 1733 4272 ct

154 4286 431 4355 discetne,
470 4292 723 4347 dtemones
776 4296 918 4351 enim
974 4298 1216 4365 credunt,
1260 4311 1305 4355 ct
1347 4302 1730 4361 contrcniscnnt

153 4379 282 4445 quod
341 4378 586 4437 oderunt.
628 4382 929 4457 Distingue,
985 4386 1271 4460 Apo‘stole,
1315 4402 1367 4448 ct
1413 4395 1730 4454 circumcide

156 4467 311 4525 ﬁdem
351 4487 563 4539 meam,
597 4462 650 4529 et
697 4475 940 4532 discerne
982 4494 1192 4536 causam
1241 4500 1410 4539 meam
1468 4486 1536 4542 de
1578 4497 1731 4558 gente

158 4572 255 4612 non
283 4571 473 4615 sancta
507 4561 677 4627 (Psal.
708 4581 845 4632 XLII,
877 4569 952 4639 1).
977 4568 1139 4627 Plane
1188 4572 1487 4644 distinguit,
1530 4578 1728 4633 discor-

158 4648 256 4715 nit,
279 4651 635 4708 circumcidit.
671 4656 735 4710 Et
760 4656 885 4720 ﬁdes
909 4698 924 4723 ,
957 4661 1151 4729 inquit,
1174 4658 1395 4742 qute‘per
1421 4667 1730 4723 dilectionem

157 4752 396 4810 operatur
427 4744 624 4813 (Colat.
652 4764 706 4814 ν,
733 4748 808 4819 6).

219 4828 451 4891 CAPUT
482 4835 588 4890 VII.
615 4868 690 4878 —
718 4840 770 4893 7.
799 4838 975 4896 Cultus
1000 4845 1250 4915 gratuitas
1286 4846 1403 4901 Dei.
1449 4849 1551 4916 Qui
1593 4853 1729 4907 solus

156 4925 376 4978 animum
402 4927 571 4979 satiat.
595 4927 968 5001 Unusquisque
997 4949 1122 5005 ergo
1145 4978 1158 5000 ,
1186 4936 1371 4993 fratres
1396 4940 1529 5007 mei,
1550 4942 1729 5017 inspi-

154 5015 255 5069 ciat
290 5030 353 5069 se
397 5017 573 5082 intus,
617 5022 881 5091 appendat
907 5039 967 5079 se
990 5025 1041 5092 ²,
1094 5028 1279 5096 probet
1309 5044 1367 5085 se
1402 5018 1457 5085 in
1486 5015 1730 5111 omnibus

155 5101 308 5157 factis
334 5107 445 5160 suis
465 5148 482 5173 ,
513 5108 667 5164 bonis
693 5113 941 5180 operibus
966 5116 1077 5171 suis
1094 5157 1110 5183 ,
1138 5134 1255 5188 qua:
1283 5120 1437 5175 faciat
1463 5102 1582 5179 cum
1604 5125 1729 5195 cha-

154 5192 344 5259 ritate,
374 5210 479 5249 non
523 5208 840 5268 exspectans
893 5203 1293 5263 retributionem
1342 5215 1723 5283 temporalem,

153 5282 242 5337 sed
278 5287 596 5354 promissum
643 5291 771 5358 Dei,
801 5292 985 5348 faciem
1016 5294 1133 5351 Dei.
1169 5294 1281 5371 Non
1309 5303 1449 5357 cnim
1476 5282 1727 5376 quidquid

152 5372 242 5427 tibi
271 5375 411 5431 Deus
431 5378 707 5447 promittit,
726 5382 868 5438 valet
895 5385 1091 5454 aliquid
1109 5402 1300 5459 praeter
1319 5372 1666 5464 ipsumDeum
1682 5399 1724 5454 ³.

152 5462 383 5522 Omnino
410 5484 497 5524 me
522 5486 625 5525 non
652 5474 872 5529 satiaret
906 5475 1045 5534 Deus
1066 5520 1079 5544 ,
1104 5482 1205 5536 nisi
1235 5462 1568 5554 promitteret
1600 5491 1724 5546 mihi

215 5620 230 5648 ι
249 5626 300 5666 tu
328 5626 451 5679 κει,
481 5620 613 5676 unde
628 5625 754 5677 enim
774 5627 1000 5681 discreta.

213 5680 231 5709 ³
255 5687 385 5741 ηδε,
408 5682 469 5732 ab
491 5697 539 5733 se
558 5689 733 5741 pendat
752 5703 821 5740 se.

213 5741 234 5771 ³
258 5754 388 5802 ass,
408 5745 539 5808 apud
554 5741 713 5808 ipsum
739 5758 903 5801 Delon.

1572 371 1797 425 SEMIU
1834 371 2055 425 CLVIII.

3346 400 3447 454 866

1871 499 1928 538 se
1955 485 2124 554 ipsum
2152 486 2337 542 Deum.
2364 491 2498 556 Quid
2530 504 2610 548 est
2643 505 2748 551 tota
2782 506 2921 555 terra
2943 501 2966 554 τ
2991 502 3123 570 Quid
3151 516 3231 561 est
3280 518 3445 567 totum

1869 573 2054 628 mare?
2083 574 2215 642 Quid
2247 588 2327 633 est
2356 588 2521 635 totum
2545 585 2773 641 caelum?
2800 587 2934 656 Quid
2965 604 3088 647 sunt
3106 598 3280 650 utnuia
3307 601 3447 655 side-

1868 661 1964 715 ra?
1984 661 2119 729 Quid
2148 665 2260 718 sol?
2286 666 2419 735 Quid
2448 670 2603 724 luna?
2625 674 2758 751 Quid
2787 680 3055 736 exercitus
3082 683 3435 754 Angelorum?

1866 751 2111 807 Omnium
2142 756 2361 813 istorum
2405 758 2713 820 Creatorem
2769 770 2890 825 sitio
2917 772 2931 803 ¹
2959 789 2973 825 :
3023 774 3192 844 ipsum
3225 781 3402 833 esurio
3428 826 3444 848 ,

1867 841 2036 911 ipsum
2069 844 2219 927 sitio,
2246 848 2340 919 ipsi
2367 851 2487 907 dico
2507 894 2522 920 ,
2553 856 2802 931 Quoniam
2826 866 2966 932 apud
3002 841 3060 918 te—
3084 878 3156 920 est
3193 870 3307 937 fons
3335 874 3448 929 rita!

1826 1002 1833 1005 _
1865 930 2038 1001 (Psal.
2072 939 2389 1013 suum).
2431 942 2529 1011 Qui
2559 947 2686 1019 mihi
2715 930 2881 1004 dicit:
2902 952 3021 1024 Ego
3049 974 3165 1011 sum
3188 930 3335 1030 panis
3358 967 3445 1033 qui

1861 1024 1926 1077 de
1951 1025 2074 1080 calo
2099 1028 2334 1085 descendi
2361 1031 2535 1106 (Joan.
2563 1053 2611 1091 Vt
2635 1080 2648 1101 ,
2680 1040 2795 1110 Μ).
2830 1044 3037 1101 Esuriat
3080 1058 3133 1104 et
3178 1024 3320 1107 sitiat
3347 1024 3441 1123 pe-

1860 1116 2142 1184 regrinatio
2186 1135 2336 1188 mea,
2369 1132 2426 1177 ut
2464 1127 2686 1182 satietur
2722 1136 3000 1199 prmsentia
3056 1155 3190 1193 mea.
3230 1144 3441 1199 Arridet

1857 1477 2117 1547 [testabitur
2145 1481 2309 1551 gloria
2351 1495 2437 1538 tua
2467 1486 2634 1559 (Psat.
2673 1509 2792 1559 xvr,
2828 1497 2936 1567 15).
2980 1497 3137 1557 Fides
3164 1520 3291 1575 ergo
3316 1523 3434 1576 quae

1857 1580 1951 1634 per
1979 1568 2314 1627 dilectionem
2345 1587 2594 1651 operatur
2621 1581 2663 1635 si
2697 1595 2777 1637 est
2804 1585 2854 1639 in
2899 1589 3047 1645 vobis
3071 1632 3087 1655 ,
3128 1568 3251 1661 jani
3270 1568 3435 1664 perti-

1852 1656 1990 1711 netis
2018 1659 2095 1735 {ad
2139 1656 2539 1741 przcdestinatos
2562 1709 2580 1737 ,
2626 1684 2840 1729 vocatos
2860 1717 2874 1741 ,
2915 1678 3234 1746 justilicatos
3263 1702 3276 1739 :
3308 1701 3435 1757 ergo

1852 1759 2054 1803 crescat
2077 1750 2127 1804 in
2159 1753 2324 1808 vobis.
2353 1754 2510 1812 Fides
2530 1760 2671 1815 enim
2693 1779 2809 1831 qum
2834 1782 2926 1834 per
2941 1769 3279 1828 dilectionem
3306 1792 3433 1844 ope-

1850 1844 2028 1905 ratur,
2057 1840 2170 1896 siue
2198 1857 2293 1912 spe
2331 1860 2450 1901 esse
2497 1864 2601 1901 non
2635 1861 2825 1919 potest.
2859 1856 2986 1909 Cum
3019 1870 3194 1915 autem
3228 1867 3431 1919 veneri-

1849 1943 1967 1982 mus
1992 1970 2005 1993 ,
2033 1928 2142 2000 jam
2167 1922 2360 1989 erit‘ibi
2404 1936 2575 1992 ﬁdes?
2624 1940 2829 1997 dicetur
2858 1948 3036 2012 nobis,
3071 1950 3241 2007 Crede
3264 1953 3287 2007 ?
3314 1955 3428 2009 Non

1819 2012 2047 2089 'utiquc.
2080 2021 2388 2081 Videbimus
2418 2043 2538 2083 cum
2570 2032 2620 2097 ³,
2652 2024 3133 2105 contemplabimur
3161 2060 3304 2099 eum.
3340 2047 3432 2102 Di-

1847 2110 2132 2177 lectissimi,
2163 2114 2259 2182 ﬁlii
2287 2114 2382 2169 Dei
2432 2135 2637 2187 sumus,
2670 2134 2717 2176 et
2769 2129 2989 2182 nondum
3017 2136 3253 2201 apparuit
3294 2140 3428 2206 quod

1824 2199 2058 2253 'erimus.
2083 2200 2213 2267 Quia
2245 2206 2467 2260 nondum
2508 2200 2782 2285 apparuit,
2817 2216 2936 2270 ideo
2974 2199 3123 2274 ﬁdes.
3151 2222 3276 2275 Filii
3331 2226 3426 2282 Dei
3452 2234 3461 2243 ‘

1843 2280 2013 2340 sumus
2036 2328 2050 2352 ,
2083 2290 2436 2358 pra‘destinati
2458 2338 2493 2377 ,γ
2515 2282 2682 2353 νοςιιίἰ
2704 2292 3015 2371 ,justilicati
3050 2326 3061 2360 :
3094 2311 3190 2378 ﬁlii
3215 2312 3310 2368 Dei
3336 2334 3422 2370 su~

1845 2390 1992 2443 mus,
2023 2386 2068 2429 et
2111 2381 2333 2435 nondum
2371 2370 2608 2456 apparuit
2664 2392 2800 2462 quod
2847 2396 3052 2452 erimus.
3103 2394 3256 2457 Modo
3298 2422 3424 2481 ergo

1820 2466 2010 2533 'Iidcs,
2038 2479 2319 2541 antequam
2352 2472 2602 2547 appareat
2627 2483 2767 2550 quod
2814 2488 3031 2543 erimus.
3062 2490 3265 2547 Scimus
3290 2474 3424 2566 quod

1820 2564 1953 2609 ‘cum
1975 2566 2295 2630 apparuerit,
2323 2566 2508 2620 similes
2533 2570 2581 2621 ei
2603 2571 2804 2626 erimus.
2822 2574 3082 2647 Numquid
3108 2584 3228 2651 quia
3253 2564 3421 2640 credi-

1843 2650 2003 2703 mus?
2030 2651 2163 2706 Non.
2192 2642 2364 2722 Quare
2383 2660 2545 2729 ergo?
2570 2646 2819 2727 Quoniam
2842 2669 3114 2725 videbimus
3139 2690 3250 2728 eum
3276 2679 3422 2731 sicuti

1822 2748 1914 2790 ‘est
1939 2738 1985 2805 (1
2009 2738 2164 2795 Joan.
2194 2759 2250 2796 ιη
2270 2786 2284 2809 ,
2307 2743 2383 2815 2).

1911 2828 2136 2885 CAPUT
2165 2832 2298 2887 VIII.
2333 2865 2403 2875 ——
2430 2837 2481 2892 8.
2517 2828 2666 2910 Spes,
2698 2843 2749 2896 in
2779 2844 2873 2899 hac
2914 2834 3310 2922 peregrinatione
3332 2875 3417 2912 so-

1843 2919 2038 2981 latium.
2068 2921 2202 2989 Quid
2231 2927 2508 2994 spcs?erit
2539 2931 2648 2985 ibi?
2673 2933 2925 3007 Spesjam
2946 2919 3046 2996 non
3072 2946 3191 3012 erit,
3211 2952 3421 3019 quando

1840 3010 1939 3064 erit
1967 3027 2069 3067 res.
2105 3014 2313 3072 Etenim
2365 3021 2473 3089 ipsa
2505 3037 2628 3090 spes
2670 3031 3077 3098 peregrinationi
3124 3022 3418 3096 necessaria

1840 3109 1957 3165 est,
2014 3104 2122 3173 ipsa
2173 3117 2251 3187 est
2299 3125 2416 3178 quae
2457 3116 2763 3171 consolatur
2810 3119 2859 3173 in
2913 3124 3018 3177 via.
3054 3125 3235 3182 Viator
3279 3133 3417 3187 enim

1839 3191 2049 3259 quando
2064 3180 2267 3250 laborat
2288 3196 2607 3256 ambulando
2623 3248 2637 3270 ,
2666 3205 2786 3261 ideo
2806 3209 3038 3267 laborem
3064 3215 3268 3285 tolerat,
3300 3223 3418 3291 quia

1841 3284 2115 3350 pervenire
2141 3297 2337 3355 sperat.
2365 3289 2516 3346 Tolle
2545 3293 2617 3349 illi
2655 3312 2801 3366 spem
2842 3308 3217 3377 perveniendi,
3250 3284 3420 3369 conti—

1842 3366 1946 3425 ιιιιό
1971 3372 2279 3443 franguntur
2297 3381 2437 3435 vires
2456 3384 2783 3441 ambulandi.
2798 3374 2944 3464 Ergo
2973 3378 3025 3451 et
3051 3413 3172 3469 Spes
3200 3420 3313 3471 qua:
3337 3406 3420 3460 liic

1817 3470 1958 3527 -est-,
1989 3464 2055 3519 ad
2076 3466 2347 3534 justitiam“
2364 3472 2589 3538 pertinet
2619 3481 3057 3548 peregrinationis
3079 3464 3299 3544 nostr-.e.
3334 3495 3417 3562 Ip-

1807 3565 1954 3607 .'sum
1984 3552 2291 3624 ApostOlum
2309 3559 2430 3614 audi
2464 3578 2475 3613 :
2504 3564 2831 3631 Adeptioucm
2854 3611 2868 3636 ,
2903 3574 3101 3643 inquit,
3127 3552 3416 3650 exsyecluit-

1839 3653 1908 3696 tes
1932 3686 1945 3706 ,
1978 3645 2031 3697 in
2056 3646 2417 3721 nobismetipsis
2460 3653 2829 3724 ingemiscimus
2850 3664 3061 3723 adhuc;
3089 3667 3187 3724 Ubi
3214 3682 3294 3725 est
3319 3691 3415 3746 gn-

1820 3735 1998 3789 .ntitus
2022 3777 2037 3802 ,
2062 3736 2171 3806 jam
2203 3754 2306 3794 non
2332 3751 2542 3837 Δ[δοίοςῐ
2589 3735 2713 3802 (1ίεῖ
2747 3751 2834 3805 illa
2884 3755 3139 3827 felicitas,
3192 3763 3259 3819 de
3316 3735 3415 3837 qua

1839 3825 2110 3896 Scriptura
2136 3829 2295 3899 dicit,
2330 3822 2548 3890 Transiit
2568 3839 2710 3894 labor
2734 3853 2779 3895 ct
2800 3848 3012 3913 gemitus
3043 3849 3193 3922 (lsai.
3226 3822 3368 3911 xxxv
3399 3903 3411 3922 ,

1840 3919 1949 3987 10).
1982 3920 2121 3990 Ergo
2143 3922 2310 3976 adhuc
2332 3966 2347 3990 ,
2394 3926 2592 3997 inquit,
2640 3933 2691 3985 in
2740 3919 3104 4009 nobismetipsis
3132 3919 3416 4015 ingemiscis-

1839 4026 1978 4074 mus,
2030 4012 2351 4081 adoptionem
2394 4031 2732 4090 exspectantes
2762 4030 3148 4101 redemptionem
3196 4045 3416 4110 corporis

1838 4110 2013 4154 nostri.
2043 4103 2232 4159 Adhuc
2259 4107 2673 4177 ingemiscimus.
2714 4116 2929 4183 Quare?
2971 4123 3078 4193 Spe
3121 4130 3251 4181 enim
3282 4103 3416 4186 'salt't'

1838 4191 1961 4260 {acti
1990 4210 2178 4269 sumus.
2214 4197 2345 4273 Spes
2371 4211 2536 4254 autent
2564 4220 2681 4271 qua:
2708 4208 2927 4278 ridetur,
2952 4229 3051 4267 non
3081 4227 3157 4270 est
3179 4237 3308 4288 spes.
3357 4224 3417 4278 Si

1835 4282 1966 4334 enim
1988 4284 2118 4337 videt
2142 4288 2280 4356 quis,
2315 4290 2437 4360 quid
2453 4305 2622 4359 sperat
2646 4295 2672 4348 ?
2695 4295 2757 4351 Si
2799 4311 2965 4354 autent
2991 4307 3127 4372 quod
3154 4324 3252 4363 non
3276 4314 3414 4366 ride-

1838 4388 1950 4426 mus
2002 4392 2302 4444 speramus,
2354 4399 2443 4450 per
2469 4387 2765 4455 patientiam
2811 4406 3185 4465 exspectantus..
3216 4403 3271 4474 In
3320 4404 3415 4462 Ilth

1836 4476 1964 4533 ergo
1994 4467 2240 4534 patientia
2288 4484 2547 4544 martyres
2584 4462 3023 4553 coronabantur;
3042 4486 3415 4553 desiderabant

1836 4568 2085 4622 qurenon
2113 4559 2390 4629 videbant,
2420 4572 2829 4628 contemnebant
2878 4593 2994 4646 qua:
3044 4581 3302 4641 ferebant.
3362 4590 3415 4643 In

1836 4643 1935 4699 hac
1978 4661 2071 4715 spe
2117 4648 2363 4706 dicebant
2423 4672 2436 4706 :
2488 4656 2612 4720 Quis
2655 4677 2746 4715 nos
2790 4643 3041 4734 separabit
3099 4688 3131 4726 a
3173 4675 3417 4732 charitate

1836 4735 2062 4792 Christi?
2104 4737 2427 4799 Tribulatio?
2451 4764 2517 4801 an
2563 4755 2795 4831 angustia
2817 4755 2844 4809 .9
2870 4732 2937 4810 an
2979 4767 3258 4830 persecutio
3279 4770 3305 4821 ?
3351 4786 3414 4821 an

1836 4826 2036 4895 fontes?
2059 4846 2123 4883 an
2164 4834 2401 4888 auditas?
2440 4852 2505 4888 an
2552 4826 2794 4907 gladius?
2825 4844 2957 4911 Quia
2979 4826 2990 4830 —
3001 4863 3206 4920 propter
3254 4864 3318 4908 te.
3352 4857 3412 4910 Iit

1835 4916 1922 4969 ubi
1947 4928 2028 4972 est
2059 4930 2273 4990 prepter
2301 4925 2498 4992 quem?
2525 4927 2656 4994 Quia
2690 4944 2895 5001 propter
2916 4916 3011 5003 te,
3045 4916 3244 5010 inquit,
3281 4963 3415 4998 mor—

1835 5008 2087 5075 tiﬁcamur
2117 5021 2218 5064 tota
2255 5015 2337 5067 die
2372 5014 2543 5086 (Rom.
2596 5035 2716 5086 vm,
2749 5022 2847 5090 23,
2890 5027 2987 5093 24,
3016 5008 3243 5101 25,55,
3298 5036 3389 5106 56)

1835 5095 2053 5169 PrOptcr
2079 5110 2143 5154 te.
2173 5102 2237 5155 Et
2263 5104 2348 5157 ubi
2380 5114 2487 5171 est,
2512 5105 2655 5162 Beati
2673 5113 2759 5181 qui
2784 5131 2882 5168 non
2931 5095 3158 5175 viderunt
3206 5095 3251 5177 et
3299 5095 3404 5179 cre.

1835 5186 2070 5243 diderunt
2110 5190 2284 5261 (Joan.
2327 5211 2397 5248 xx
2424 5236 2438 5258 ,
2467 5196 2594 5268 29)?
2623 5201 2756 5255 Ecce
2810 5206 2895 5259 ubi
2941 5218 3056 5273 est,
3100 5211 3154 5267 in
3183 5221 3233 5269 te
3285 5225 3367 5270 est
3393 5258 3406 5282 ,

1835 5280 1954 5347 quia
1972 5289 2024 5331 et
2054 5279 2182 5334 ﬁdes
2210 5281 2320 5351 ipsa
2350 5285 2400 5337 in
2436 5296 2485 5341 te
2516 5287 2629 5356 ipso
2656 5302 2754 5345 est.
2784 5293 2866 5349 Au
2896 5295 3032 5352 fallit
3058 5317 3154 5357 nos
3178 5279 3410 5372 Aposto;

1835 5367 1915 5421 Ius
1935 5410 1947 5433 ,
1982 5370 2068 5438 qui
2099 5370 2225 5424 dicit
2251 5373 2474 5430 habitare
2498 5376 2749 5436 Christum
2774 5402 2863 5453 per
2908 5390 3057 5457 ﬁdem
3086 5393 3136 5445 in
3183 5397 3414 5449 cordibus

1835 5460 2019 5515 nostris
2049 5460 2260 5532 (Ephes.
2314 5480 2405 5531 ιιι,
2449 5469 2577 5538 17)?
2624 5472 2894 5545 Modoper
2923 5479 3112 5549 ﬁdem,
3149 5493 3267 5540 tunc
3321 5504 3412 5557 prr

1898 5653 1914 5723 ξ
1941 5646 2324 5723 ψαλμῶ-βοά
2347 5661 2510 5720 plures
2532 5672 2653 5723 3:55.,
2674 5666 2797 5716 sitio.

1897 5714 2423 5807 Lsicigq‘l‘qﬁrtimgsils.
2444 5734 2492 5773 At
2520 5714 2652 5785 editi,
2681 5714 2771 5788 nec
2799 5738 2849 5779 et
2871 5733 3089 5793 proximo
3112 5734 3417 5807 ιοοολιλιιφσ,

1842 5785 1967 5836 (ΠΜ)
2003 5775 2197 5839 habent,
2222 5780 2362 5831 (πέδη,
2638 5775 2648 5785 ’
2721 5775 2731 5788 ‘
2751 5775 2763 5777 “
2806 5775 2847 5779 "
2871 5775 2885 5793 ι
2905 5775 2916 5780 ·
2934 5775 3085 5784 *η’-ην
3112 5775 3214 5787 ww
3233 5775 3271 5807 ,t
