3850 6188
506 300 608 355 367

506 415 737 485 speciem
774 431 785 465 :
813 411 969 465 modo
998 425 1091 480 per
1120 407 1277 463 fidem
1303 449 1318 474 ,
1350 405 1598 477 quamdiu
1624 406 1674 459 in
1703 405 1787 458 via
1806 445 1820 468 ,
1845 401 2094 474 quamdiu

508 508 558 558 in
594 501 1039 574 peregrinatione.
1087 499 1342 567 Quamdiu
1376 495 1518 551 enim
1548 511 1721 548 sumus
1746 495 1796 547 in
1852 509 2062 564 corpore
2085 533 2099 555 ,

512 595 889 665 peregrinantur
914 608 945 644 α
974 590 1192 643 Domino
1218 605 1236 644 :
1261 606 1351 661 per
1378 587 1530 657 ﬁdem
1557 586 1702 659 enim
1746 585 2062 640 ambulamus
2087 625 2102 649 ,

508 702 606 739 non
630 701 717 753 per
741 684 954 752 speciem
990 672 1196 755 (ll'Cor.
1230 697 1261 735 ν
1286 723 1300 747 ,
1332 679 1366 735 6
1391 688 1436 734 et
1463 680 1543 748 '7).

589 773 812 829 CAPUT
846 773 935 827 IX.
970 804 1038 813 —
1064 775 1117 827 9.
1150 771 1289 827 Deus
1315 770 1470 825 beatis
1500 770 1591 823 erit
1639 768 1809 822 omnia
1855 768 1907 820 in
1939 766 2105 819 omni-

510 867 618 920 bus.
647 863 881 920 Charitas
906 865 1015 918 sola
1043 880 1240 933 semper
1260 871 1445 915 manet.
1470 860 1526 915 Si
1553 859 1655 914 hoc
1676 868 1757 914 est
1787 858 1949 924 ﬁdes,
1981 855 2107 927 quid

512 961 612 1013 erit
633 958 872 1027 Species?
901 957 1035 1012 Audi
1059 957 1183 1024 quid
1211 957 1311 1010 erit
1340 972 1352 1008 :
1389 954 1455 1010 Ut
1487 954 1551 1008 sit
1568 952 1706 1008 Deus
1732 951 1900 1006 omnia
1928 950 1982 1003 in
2008 966 2112 1002 om-

514 1053 660 1106 nibus
688 1050 727 1121 (l
753 1051 874 1106 Cor.
904 1068 971 1105 xv
989 1093 1001 1115 ,
1028 1050 1141 1121 28).
1174 1049 1308 1117 Quid
1333 1058 1444 1113 est,
1471 1046 1656 1101 Omnia
1683 1047 1708 1099 ?
1734 1043 1997 1114 Quidquid
2024 1038 2111 1096 hic

514 1142 790 1211 qumrebas
811 1184 825 1205 ,
848 1140 1101 1210 quidquid
1122 1140 1206 1194 hic
1233 1155 1329 1209 pro
1352 1153 1542 1209 magno
1566 1136 1801 1191 habebas
1826 1178 1841 1199 ,
1874 1135 1987 1204 ipse
2016 1133 2110 1188 tibi

515 1235 634 1289 erit.
662 1232 799 1301 Quid
830 1232 914 1286 hic
937 1222 1166 1286 volebas
1186 1274 1199 1293 ,
1229 1230 1353 1301 quid
1384 1228 1644 1284 amabas?
1690 1222 2006 1282 Manducarc
2057 1234 2112 1280 et

519 1325 738 1381 bibere?
766 1324 887 1393 Ipse
911 1323 1003 1378 tibi
1026 1323 1129 1378 erit
1154 1322 1335 1389 cibus,
1367 1322 1479 1392 ipse
1505 1321 1596 1375 tibi
1622 1320 1723 1375 erit
1755 1328 1928 1390 potus.
1974 1316 2110 1385 Quid

520 1419 607 1473 hic
631 1416 882 1471 volebas?
922 1415 1215 1471 Sanitatem
1247 1411 1489 1483 corporis
1520 1410 1759 1483 fragilem
1783 1452 1799 1477 ,
1834 1419 2112 1464 transeun-

532 1510 681 1564 tem?
710 1508 824 1581 Ipse
852 1506 943 1562 tibi
974 1506 1348 1561 immortalitas
1375 1505 1494 1559 erit.
1523 1502 1660 1571 Quid
1682 1502 1768 1557 hic
1791 1498 2109 1570 quaerebas?

522 1600 782 1654 Divitias?
812 1601 984 1654 Arare
1008 1642 1021 1665 ,
1055 1597 1178 1667 quid
1209 1597 1350 1652 enim
1376 1595 1468 1651 tibi
1496 1593 1689 1649 sufﬁcit
1709 1635 1723 1657 ,
1753 1594 1798 1647 si
1832 1593 1970 1647 Deus
2000 1594 2114 1661 ipse

522 1710 627 1746 non
655 1692 895 1746 sufﬁcit?
925 1692 1028 1747 Sed
1058 1690 1181 1760 quid
1225 1686 1480 1743 amabas?
1518 1686 1753 1743 Gloriam
1776 1726 1790 1750 ,
1833 1684 2062 1740 honores
2090 1683 2114 1736 ?

526 1784 663 1836 Deus
694 1782 787 1836 tibi
829 1783 933 1836 erit
983 1782 1148 1850 gloria
1183 1780 1305 1835 :cui
1356 1789 1410 1833 et
1458 1776 1617 1832 modo
1662 1776 1890 1841 dicitur,
1939 1773 2116 1828 Cloria

523 1890 673 1940 mea,
719 1882 765 1926 et
814 1872 1043 1926 exultans
1091 1881 1242 1941 caput
1287 1886 1449 1923 meum
1492 1864 1675 1940 (Ρεαι.Δ
1712 1882 1812 1934 ιιι,
1861 1864 1940 1939 4).
1995 1864 2114 1919 Jam

526 1963 668 2015 enim
698 1961 951 2016 exultavit
974 1971 1131 2030 caput
1161 1975 1359 2014 meum.
1392 1957 1562 2029 Caput
1590 1968 1834 2013 nostrum
1873 1955 2117 2012 Christus

528 2064 627 2109 est.
656 2054 760 2109 Sed
791 2054 917 2125 quid
946 2054 1201 2108 miraris?
1229 2052 1359 2121 Quia
1415 2059 1574 2123 caput
1615 2060 1670 2107 et
1707 2061 1900 2107 caetera
1949 2065 2118 2106 mem-

531 2145 625 2199 bra
657 2145 1064 2209 exaltabuntur;
1090 2155 1216 2198 tunc
1253 2143 1356 2198 erit
1401 2141 1539 2197 Deus
1568 2142 1743 2196 omnia
1772 2142 1823 2196 in
1848 2141 2115 2196 omnibus.

530 2237 641 2292 lloc
668 2237 826 2291 modo
852 2236 1119 2292 credimus
1142 2276 1157 2300 ,
1192 2234 1294 2289 hoc
1316 2232 1473 2288 modo
1498 2248 1774 2303 speramus
1807 2250 1820 2285 :
1854 2247 1974 2288 cum
2026 2247 2119 2287 ve-

534 2330 802 2396 nerimus,
837 2329 1169 2401 tenebinms_;
1198 2335 1253 2382 et
1278 2327 1387 2397 jam
1434 2325 1570 2382 visio
1612 2327 1744 2392 erit,
1792 2341 1897 2379 non
1942 2324 2116 2381 ﬁdes:

533 2436 653 2475 cum
698 2421 1032 2486 venerimus,
1066 2419 1403 2484 tenebimus,
1461 2427 1515 2473 et
1542 2418 1651 2487 jam
1707 2432 1794 2471 res
1839 2418 1967 2483 erit,
2015 2432 2121 2470 non

534 2524 677 2580 spes.
707 2509 951 2565 Charitas
971 2510 1096 2579 quid
1122 2510 1147 2563 ?
1186 2508 1439 2578 numquid
1470 2517 1524 2562 ct
1562 2507 1673 2577 ipsa
1714 2507 1872 2563 modo
1900 2516 2015 2573 est,
2069 2514 2123 2562 et

538 2612 663 2654 tunc
694 2616 795 2654 non
822 2601 965 2655 erit?
995 2600 1048 2656 Si
1077 2616 1320 2653 amamus
1349 2599 1615 2654 credendo
1637 2607 1691 2654 et
1724 2615 1827 2653 non
1855 2599 2080 2654 ridendo
2104 2616 2120 2665 ;

536 2692 804 2761 quomodo
828 2693 1124 2747 amabimus
1146 2692 1374 2747 ridendo
1402 2702 1456 2747 et
1482 2692 1754 2748 tenendo?
1785 2693 1924 2764 Ergo
1943 2692 2122 2748 chari—

539 2793 620 2837 tas
652 2784 770 2846 erit,
800 2783 890 2837 sed
916 2784 1144 2853 perfecta
1166 2785 1267 2838 erit
1294 2802 1307 2839 :
1336 2785 1473 2840 sicut
1497 2785 1790 2854 Apostolus
1814 2787 1918 2850 ait,
1947 2785 2121 2853 Fides,

538 2894 652 2944 spes
674 2918 692 2943 ,
721 2877 941 2931 charitas
964 2918 979 2944 ,
1010 2878 1106 2931 tria
1134 2877 1277 2942 hinc;
1307 2879 1473 2949 major
1492 2888 1663 2933 autem
1700 2879 1881 2932 horum
1903 2878 2124 2956 citaritas

541 2968 585 3036 tl
614 2968 732 3023 Cor.
766 2984 889 3032 xm,
928 2967 1039 3040 l5).
1097 2968 1245 3024 lianc
1277 2968 1563 3037 habentes,
1608 2978 1665 3025 et
1716 2968 1768 3024 in
1823 2970 1975 3025 nobis
2023 2986 2125 3025 nu-

540 3058 765 3113 trientes
784 3099 798 3123 ,
825 3058 999 3113 securi
1043 3058 1132 3113 illo
1156 3057 1444 3128 adjuvante
1472 3070 1876 3128 perseverantes
1924 3060 1973 3114 in
2015 3075 2079 3115 co
2108 3102 2123 3127 ,

539 3148 779 3204 dicamus
805 3166 816 3201 :
850 3148 974 3215 Quis
995 3165 1085 3203 nos
1107 3148 1362 3219 separabit
1380 3166 1411 3202 a
1432 3150 1675 3203 clturitate
1700 3148 1887 3205 Christi
1908 3152 1933 3205 ?
1954 3151 2127 3206 donec

542 3238 654 3306 ipse
675 3238 1009 3303 misereatur,
1027 3240 1139 3307 ipse
1162 3238 1418 3308 perficiat.
1446 3238 1488 3292 Τ
1489 3239 1761 3294 ribulatio?
1780 3257 1844 3294 an
1866 3241 2129 3312 angustia?

543 3345 609 3381 an
644 3329 845 3398 fames?
894 3345 960 3382 an
1003 3329 1259 3383 nuditas?
1310 3346 1378 3384 an
1423 3330 1742 3401 periculum?
1780 3348 1844 3385 an
1890 3332 2129 3403 gladius?

547 3418 800 3482 Quoniam
847 3428 1053 3489 propter
1107 3428 1153 3473 te
1180 3420 1543 3488 mortiﬁcamur
1588 3430 1692 3475 tota
1733 3422 1849 3489 die,
1902 3422 2129 3493 deputati

539 3525 713 3563 sttntus
743 3518 796 3562 ut
820 3526 932 3563 aves
975 3510 1259 3565 occisionis.
1290 3511 1355 3566 Et
1374 3513 1493 3582 quis
1514 3514 1824 3584 supportat?
1848 3514 1969 3585 quis
2012 3532 2129 3569 om-

543 3603 626 3656 nia
654 3600 892 3655 tolerat?
931 3601 1038 3656 Sed
1070 3602 1123 3655 in
1153 3603 1232 3657 Itis
1285 3604 1515 3659 omnibus
1556 3621 1871 3676 superamus.
1923 3606 2127 3663 Unde?

546 3692 646 3747 Per
673 3710 784 3746 cum
811 3694 897 3763 qni
935 3693 1112 3748 dilexit
1146 3711 1237 3749 nos
1267 3696 1441 3766 (Rom.
1477 3712 1599 3759 vut.
1634 3697 1738 3765 '56,
1772 3699 1883 3770 '57).
1938 3699 2080 3771 Ergo
2106 3741 2123 3766 ,

543 3785 603 3836 Si
629 3784 759 3851 Deus
781 3799 873 3855 pro
912 3783 1053 3839 nobis
1071 3826 1087 3853 ,
1114 3786 1225 3856 quis
1249 3796 1424 3841 contra
1453 3805 1544 3844 nos
1569 3790 1596 3843 .9

1039 3896 1270 3954 SER-MO
1297 3897 1457 3954 CLIX
1480 3905 1497 3922 ‘
1529 3899 1626 3974 (α).

540 4005 619 4060 De
643 4007 798 4060 verbis
823 4006 1009 4062 eisdem
1036 4008 1268 4080 Apostoli
1285 4051 1301 4076 ,
1336 4010 1484 4065 Rom.
1513 4028 1604 4067 vm
1627 4055 1639 4076 ,
1669 4014 1738 4069 50
1757 4056 1772 4081 ,
1804 4016 1864 4070 5|
1892 4056 1906 4078 .
1949 4033 2036 4071 seu
2065 4018 2128 4072 de

604 4098 970 4168 jnstiﬁcutione
1000 4114 1020 4153 :
1045 4116 1239 4154 necnon
1268 4101 1331 4155 de
1355 4101 1512 4158 verbis
1534 4102 1717 4159 Jacobi
1739 4122 1776 4171 ι,
1805 4106 1928 4171 24,
1957 4108 2127 4165 Omne

608 4191 860 4260 gaudium
890 4191 1192 4248 existimate
1211 4234 1226 4257 ,
1256 4192 1450 4250 fratres
1480 4197 1618 4260 mei,
1648 4213 1767 4253 cum
1801 4199 1851 4253 in
1883 4204 2128 4257 tentatio-

613 4296 709 4336 nes
735 4282 911 4336 varias
939 4282 1231 4339 incideritis
1249 4325 1265 4351 ,
1295 4295 1389 4339 etc.
1419 4285 1517 4357 (b).

610 4394 838 4450 CAPUT
876 4395 1162 4451 PRIMUM.
1195 4427 1266 4438 —
1308 4400 1359 4453 1.
1419 4399 1730 4470 Justiﬁcatio
1775 4407 1855 4460 hic
1895 4407 1948 4462 in
1986 4407 2129 4464 nobis

538 4485 854 4552 imperfecta.
911 4484 1144 4555 Perfecta
1178 4488 1484 4559 justiﬁcatio
1511 4490 1564 4545 in
1605 4494 1926 4566 martyribus.
1975 4496 2131 4569 Inju-

540 4573 618 4625 ria
655 4583 761 4640 est,
818 4591 911 4645 pro
954 4586 1176 4647 martyre
1220 4594 1387 4634 orare.
1437 4579 1700 4637 Hesterno
1727 4584 1815 4641 die
1857 4586 1925 4643 de
1967 4587 2126 4658 justi-

543 4663 785 4718 ﬁeationc
815 4673 995 4719 nostra
1016 4705 1032 4732 ,
1063 4683 1182 4736 qum
1211 4669 1366 4724 nobis
1382 4680 1463 4727 est
1483 4688 1511 4724 a
1543 4673 1766 4731 Domino
1783 4677 1894 4734 Deo
1921 4690 2124 4749 nostro,

548 4770 726 4809 sermo
756 4757 1047 4827 productus
1076 4770 1190 4825 est,
1233 4761 1658 4823 ministrantibus
1685 4769 1858 4839 nobis,
1891 4773 2126 4832 donante

541 4848 671 4915 illo,
718 4849 1054 4907 audientibus
1099 4853 1269 4909 vobis.
1322 4855 1388 4910 Et
1430 4872 1549 4912 cum
1591 4858 1758 4917 simus
1796 4862 1849 4917 in
1892 4863 1993 4920 hac
2021 4869 2126 4922 vita

540 4943 745 4996 onerati
776 4944 983 4998 sarcina
1013 4947 1375 5017 corruptibilis
1403 4952 1581 5006 carnis
1604 4995 1619 5020 ,
1672 4970 1779 5010 non
1807 4958 1986 5029 utique
2011 4961 2127 5017 sine

539 5042 796 5100 peccato;
835 5035 955 5104 quia
983 5034 1029 5090 si
1066 5036 1361 5093 dixerimus
1382 5040 1503 5111 quia
1535 5053 1811 5113 peceatum
1838 5063 1944 5103 non
1966 5049 2128 5108 habe-

537 5138 655 5176 mus
678 5163 694 5189 ,
738 5139 834 5179 nos
874 5125 1018 5195 ipsos
1056 5127 1363 5184 seducimus
1384 5173 1400 5200 ,
1450 5142 1505 5188 et
1533 5136 1727 5192 veritas
1756 5137 1808 5194 in
1839 5141 1992 5196 nobis
2019 5158 2125 5199 non

534 5225 617 5268 cst
647 5214 689 5285 (Ι
718 5214 875 5270 Joan.
911 5234 963 5282 ι,
986 5218 1042 5290 8)
1077 5237 1089 5274 :
1113 5220 1433 5290 justiticatos
1461 5236 1635 5283 tamen
1663 5245 1760 5285 nos
1795 5247 1915 5288 esse
1937 5248 2127 5290 secun-

537 5305 658 5358 dum
688 5306 903 5361 modum
932 5310 1377 5380 peregrinationis
1407 5325 1636 5384 nostra},
1664 5319 1905 5378 viventes
1930 5338 1993 5379 ex
2024 5324 2125 5383 fide

531 5443 1056 5557 “'Atgstigatpugradlg;
1070 5445 1154 5496 bu.
1177 5446 1241 5497 cl.
1264 5448 1343 5499 cb.
1370 5448 1403 5499 f.
1430 5449 1486 5502 fs.
1512 5465 1564 5517 g.
1588 5451 1649 5504 1r.
1667 5466 1733 5504 ω.
1759 5468 1815 5518 pr
1858 5470 1949 5509 rm.
1969 5460 2049 5513 wi.
2074 5471 2127 5515 et

595 5565 668 5634 tu)
704 5565 845 5634 tilias,
867 5567 931 5634 de
956 5570 1126 5634 Verbis
1148 5571 1355 5634 Apostoll
1382 5573 1457 5623 17.

689 5627 811 5677 citat
834 5622 1011 5699 riotus
1048 5632 1105 5699 ad
1144 5622 1274 5682 Rom.
1312 5622 1387 5694 vt,
1420 5622 1481 5689 et
1523 5639 1670 5689 Hebr.
1695 5653 1781 5692 xu.
1814 5643 2012 5696 Habitus
2047 5656 2125 5699 est

524 5688 751 5796 δ’ξέἓῖιο
774 5695 880 5750 post
908 5694 1214 5753 superiorem
1248 5688 1546 5764 scmionetn,
1569 5688 1652 5753 die
1690 5688 2124 5763 ibiie’hZi'aiti'nSii

2100 5838 2109 5845 ο

2046 5845 2113 5865 ⁸,.-

1717 291 1772 347 S'
1817 289 1855 343 Α
1867 285 2161 345 L'CUSTIN
2169 286 2183 339 ι
2228 283 2525 340 EPISCOI‘I
3643 299 3723 353 868

2216 413 2495 469 quousque
2528 397 2766 452 fruamur
2793 398 2969 467 Specie
2998 442 3008 460 ,
3039 399 3248 468 claruit,
3281 414 3507 472 quantum
3528 410 3725 468 arbitror.

2216 487 2473 544 Charitati
2503 498 2711 543 vestrm.
2747 489 2998 557 lneipitttr
3018 505 3147 560 ergo
3171 508 3198 544 a
3229 493 3343 556 ὕειν,
3377 504 3426 547 ut
3451 504 3724 565 perveniatur

2210 578 2277 633 ad
2303 580 2532 649 speciem
2569 597 2580 632 :
2619 579 2699 632 via
2736 580 3002 646 curritur,
3054 581 3215 650 patria
3241 585 3494 651 qua-ritur.
3536 587 3583 641 In
3612 608 3724 660 pere—

2211 669 2511 740 grinatione
2546 670 2677 724 dicit
2715 672 2890 724 anima
2941 682 3116 725 nostra
3152 691 3165 727 :
3196 673 3434 737 Quoniam
3471 689 3571 733 ante
3602 692 3639 735 te
3672 699 3726 739 est

2213 777 2360 815 omne
2407 761 2713 815 desiderium
2762 777 2928 815 meum
2953 804 2967 828 ,
3011 774 3057 815 et
3087 764 3291 834 gemitus
3317 782 3443 820 meus
3466 784 3494 820 ιι
3519 779 3557 823 te
3580 786 3728 829 nonest

2221 853 2541 908 absconditus
2571 852 2744 921 (Psal.
2782 869 2978 919 xxxv",
3011 856 3119 926 10).
3178 856 3232 910 In
3265 857 3421 924 patria
3454 875 3565 914 vero
3597 866 3728 921 nullus

2219 945 2407 1000 orandi
2439 945 2585 999 locus
2612 946 2745 1011 erit,
2776 946 2871 1000 sed
2903 956 3101 1001 tanttnn
3130 947 3386 1001 laudandi.
3413 951 3568 1016 Quare
3590 959 3728 1012 (ιπηιάί

2216 1035 2365 1090 locus
2388 1035 2566 1089 nullus
2582 1035 2717 1089 erit?
2745 1035 2876 1104 Quia
2901 1036 3030 1090 nihil
3056 1036 3229 1092 deest.
3260 1038 3404 1104 Quod
3433 1041 3508 1094 hic
3529 1045 3728 1110 creditur,

2217 1125 2289 1180 ibi
2318 1125 2567 1189 videtur;
2598 1125 2739 1196 quod
2770 1126 2857 1180 hic
2883 1136 3147 1196 speratur,
3177 1128 3246 1182 ibi
3276 1136 3508 1197 tenetur;
3535 1137 3650 1204 quod
3673 1138 3731 1191 In:

2216 1219 2454 1289 petitur,
2498 1219 2565 1273 ibi
2616 1218 2894 1288 accipitur.
2947 1219 3211 1276 Perfectio
3257 1231 3426 1276 tamen
3467 1225 3511 1277 in
3557 1225 3730 1281 hacrin

2218 1311 2472 1365 nonnulla
2503 1319 2583 1365 est
2608 1353 2621 1375 ,
2653 1309 2719 1367 ad
2746 1327 2904 1381 quam
2930 1314 3096 1369 sancti
3148 1323 3401 1385 martyres
3426 1331 3730 1384 pervcncnnu.

2218 1400 2451 1471 Ideoque
2496 1400 2657 1457 habet
2697 1403 3056 1457 ecclesiastica
3099 1404 3409 1473 disciplina.
3451 1408 3574 1477 quod
3598 1410 3734 1465 IItICIt‘S

2221 1501 2515 1558 noverunt,
2554 1508 2675 1547 cmn
2704 1503 2969 1565 martyres
2996 1512 3061 1549 eo
3101 1495 3220 1549 loco
3248 1496 3519 1552 recitantur
3539 1501 3593 1552 ad
3610 1501 3735 1555 altare

2224 1581 2315 1637 Dei
2337 1622 2352 1645 ,
2397 1581 2485 1637 ubi
2528 1599 2632 1636 non
2676 1598 2770 1652 pro
2812 1583 2951 1653 ipsis
2982 1594 3168 1640 oretur
3201 1603 3216 1639 :
3250 1601 3342 1656 pro
3380 1590 3569 1644 cmteris
3602 1602 3733 1645 autem

2220 1673 2654 1728 commemoratis
2679 1672 2943 1729 defunctis
2970 1683 3179 1730 oratur.
3205 1675 3396 1745 lnjuria
3419 1686 3493 1733 est
3509 1680 3644 1744 enim,
3666 1697 3733 1749 pro

2219 1766 2455 1834 martyre
2492 1778 2647 1819 orare
2664 1806 2677 1829 ,
2713 1764 2866 1836 cujus
2892 1781 2990 1820 nos
3018 1766 3285 1823 debemus
3309 1770 3604 1826 orationibus
3621 1787 3731 1827 com-

2221 1852 2483 1907 mendari.
2531 1853 2765 1908 Certavit
2803 1856 2945 1909 enim
2982 1865 3175 1911 contra
3220 1868 3481 1927 peccatum
3522 1875 3659 1931 usque
3688 1862 3734 1914 ad

2220 1945 2551 2017 sanguinem.
2600 1945 2925 2014 Quibusdam
2971 1964 3099 2003 vero
3153 1949 3325 2006 adhuc
3371 1952 3736 2023 imperfectis,et

2223 2044 2403 2091 tamen
2436 2052 2500 2092 ex
2528 2047 2677 2105 parte
2698 2038 3022 2113 justiticatis,
3055 2041 3124 2096 ad
3159 2042 3404 2100 Hebraros
3426 2045 3538 2100 dicit
3569 2047 3737 2116 Apono-

2222 2128 2307 2183 lus
2337 2147 2350 2183 :
2386 2127 2629 2183 Nondum
2655 2131 2786 2184 enim
2816 2148 2973 2202 usque
2994 2135 3063 2187 ad
3088 2136 3392 2206 sanguinem
3411 2139 3648 2209 pugnastis,
3668 2139 3736 2192 ad-

2222 2237 2391 2275 versus
2431 2232 2689 2292 peccatum
2736 2234 2983 2281 certantes
3012 2225 3207 2297 (Ilebr.
3236 2245 3304 2283 xu
3328 2270 3344 2293 ,
3378 2231 3452 2299 4).
3490 2231 3537 2286 Si
3557 2247 3658 2302 ergo
3676 2232 3726 2285 illi

2226 2313 2463 2392 nondum
2497 2329 2664 2384 usque
2705 2314 2770 2368 ad
2819 2319 3176 2387 sanguinem,
3232 2322 3411 2390 procul
3449 2321 3593 2377 dubio
3622 2325 3735 2392 aliqui

2225 2420 2397 2474 usque
2432 2390 2499 2459 ἑά
2525 2406 2856 2476 sanguinem.
2900 2408 2999 2476 Qui
3028 2426 3207 2481 usque
3232 2412 3298 2468 ad
3323 2415 3625 2484 sanguinem?
3655 2390 3736 2470 Uli-

2228 2511 2331 2563 que
2356 2496 2522 2550 sancti
2554 2506 2853 2568 martyres;
2885 2498 2952 2554 de
2991 2501 3195 2571 quibus
3220 2504 3373 2558 lectio
3400 2506 3551 2560 sancti
3574 2504 3736 2574 apestuli

2228 2583 2410 2638 Jacobi
2456 2586 2616 2639 modo
2661 2587 2836 2641 audita
2874 2598 2974 2643 est.
3026 2590 3200 2646 Omne
3240 2595 3470 2664 gaudium
3508 2597 3736 2657 existimate,

2236 2676 2417 2745 fratres
2451 2677 2548 2730 mei
2568 2719 2583 2743 ,
2625 2694 2737 2731 eum
2764 2679 2815 2733 in
2855 2682 3166 2738 tentationcs
3192 2687 3353 2740 rarius
3376 2687 3628 2740 incidentis.
3652 2686 3740 2739 Per-

2231 2765 2381 2821 feetis
2409 2767 2519 2836 jam
2560 2768 2752 2823 dicitur
2775 2811 2790 2835 ,
2818 2771 2905 2840 qui
2943 2772 3102 2826 etiam
3149 2787 3366 2845 possunt
3404 2777 3561 2832 dicere
3584 2796 3596 2832 :
3623 2776 3739 2829 Proba

2230 2874 2340 2922 me,
2372 2858 2610 2927 Domine,
2643 2871 2688 2915 et
2711 2871 2844 2915 tenta
2868 2880 2946 2917 me
2970 2861 3157 2933 (Psal.
3191 2883 3313 2931 xxv,
3342 2868 3415 2938 2).
3448 2870 3661 2929 Scientes.
3685 2868 3740 2920 in.

2232 2950 2371 3021 quit,
2401 2953 2521 3022 quia
2545 2952 2800 3007 tribulatio
2831 2957 3140 3025 patientium
3166 2970 3430 3028 aperatur;
3460 2962 3659 3029 patientia
3675 2977 3737 3012 au-

2232 3050 2329 3095 tem
2356 3058 2482 3112 Opus
2504 3043 2778 3112 perfectum
2807 3045 2973 3099 habet.

2302 3130 2529 3188 CAPUT
2558 3133 2622 3187 Il.
2651 3164 2721 3173 —
2744 3133 2795 3188 2.
2827 3132 3053 3191 Iustitia:
3082 3155 3238 3192 amor
3264 3140 3471 3193 admittit
3489 3141 3642 3210 aliquot
3660 3156 3740 3211 gra-

2231 3223 2346 3276 dus.
2395 3221 2608 3277 Primus
2653 3224 2865 3295 gradus.
2905 3220 3288 3284 Delectationes
3322 3248 3537 3285 sensuum
3567 3231 3732 3284 licitact

2174 3345 2188 3355 -
2231 3314 2442 3368 illiciat.
2493 3315 2733 3370 Amanda
2780 3324 2864 3372 est.
2892 3317 3032 3373 enim
3058 3320 3313 3389 justitia;
3345 3332 3396 3377 et
3421 3325 3466 3377 in
3491 3321 3736 3389 hacjustitit

2231 3402 2457 3457 amanda
2483 3404 2680 3473 gradus
2701 3417 2824 3460 sunt
2846 3410 3270 3476 proficientium.
3300 3414 3442 3469 Prius
3462 3425 3536 3469 est
3560 3424 3605 3466 ut
3623 3411 3739 3465 amoti

2234 3494 2454 3563 justitizn
2485 3511 2588 3550 non
2622 3508 2996 3566 pneponantur
3017 3503 3208 3557 omnia
3235 3520 3351 3574 qum
3377 3504 3623 3559 delectant.
3661 3502 3740 3571 Ipse

2231 3594 2315 3638 est
2364 3585 2566 3654 primus
2606 3586 2819 3655 gradus.
2879 3588 3015 3655 Quid
3060 3601 3156 3646 est
3201 3594 3339 3663 quod
3378 3595 3516 3647 dixit
3561 3592 3611 3648 Ut
3649 3592 3742 3645 inter

2238 3676 2415 3729 oiunia
2444 3693 2562 3747 qua:
2600 3676 2888 3745 delectant,
2932 3680 3050 3749 plus
3091 3690 3156 3737 te
3196 3680 3422 3739 delectet
3443 3684 3541 3755 ipsa
3565 3682 3739 3753 iustitia;

2233 3782 2336 3820 non
2376 3775 2436 3820 ut
2472 3767 2574 3821 alia
2624 3784 2730 3823 non
2771 3769 3078 3836 delectent,
3137 3774 3233 3829 scd
3277 3775 3392 3845 plus
3435 3776 3532 3845 ipsa
3556 3773 3737 3827 delectet.

2233 3858 2507 3913 Delectant
2532 3860 2672 3914 enim
2701 3860 2943 3927 quaedam
2971 3865 3296 3920 naturaliter
3331 3866 3649 3920 inﬁrmitatem
3674 3875 3736 3914 ao-

2230 3958 2393 4003 stram
2420 3989 2435 4014 ,
2486 3960 2540 4003 ut
2566 3950 2718 4004 cibus
2747 3958 2802 4005 et
2843 3962 3004 4020 potus
3032 3952 3312 4011 delectant
3348 3958 3613 4012 esurientes
3631 3965 3739 4021 atque

2231 4039 2507 4105 sitientes;
2541 4050 2597 4093 ut
2628 4055 2724 4095 nos
2751 4041 2980 4097 delectat
3007 4042 3126 4098 iure
3161 4036 3248 4100 lux
3270 4090 3285 4113 ,
3314 4063 3428 4117 qua:
3453 4047 3514 4101 de
3531 4044 3640 4101 caelo
3661 4041 3739 4095 [ιιιι-

2230 4130 2373 4185 ditur
2397 4132 2512 4187 ante
2536 4143 2744 4199 exorto,
2774 4133 2856 4189 vel
2880 4150 2998 4205 qua:
3020 4135 3090 4191 de
3113 4137 3382 4195 sideribus
3407 4147 3460 4194 et
3479 4140 3583 4194 luna
3609 4135 3736 4203 fulget.

2231 4223 2314 4275 vel
2344 4238 2463 4292 qua:
2490 4222 2542 4276 in
2587 4232 2725 4277 terra
2763 4222 3075 4281 accenditur
3114 4228 3405 4286 luminibus
3428 4225 3741 4284 consolantibus

2234 4312 2478 4368 tenebras
2521 4314 2798 4369 oculoran
2831 4333 2844 4368 :
2876 4313 3111 4373 deleCtat
3156 4337 3355 4377 canora
3383 4339 3477 4377 vos
3514 4329 3563 4377 et
3596 4316 3743 4373 suavis-

2233 4404 2366 4457 sima
2396 4406 2680 4473 cantilena,
2708 4407 2939 4463 delectat
2961 4410 3099 4466 odor
3123 4413 3298 4468 bonus
3321 4431 3336 4481 ;
3375 4414 3611 4469 delectant
3630 4408 3741 4463 etiam

2234 4504 2430 4551 tactum
2462 4507 2702 4552 nostrum
2746 4516 3094 4571 quascumque
3140 4505 3412 4573 pertinent
3432 4505 3493 4560 ad
3515 4501 3656 4560 cannis
3676 4496 3742 4549 ali—

2234 4602 2391 4657 quam
2422 4588 2768 4658 voluptatem.
2810 4590 2876 4645 Et
2908 4591 3023 4647 hazc
3048 4595 3229 4649 omnia
3254 4637 3272 4663 ,
3300 4613 3419 4667 quae
3438 4612 3526 4650 nos
3547 4592 3743 4648 delectati!

2236 4677 2290 4731 in
2333 4677 2579 4733 sensibus
2629 4681 2899 4749 corporis,
2955 4682 3129 4752 aliqua
3176 4685 3316 4740 licita
3357 4695 3493 4740 sunt.
3544 4682 3743 4739 Delectant

2237 4770 2405 4837 enim,
2438 4770 2620 4825 utdixi
2643 4813 2658 4837 ,
2691 4772 2876 4828 oculos
2903 4776 3207 4844 spectacula
3238 4777 3335 4832 ista
3366 4791 3539 4847 magna
3566 4779 3744 4828 natur-131

2233 4859 2327 4914 sed
2368 4860 2636 4915 delectant
2678 4863 2863 4917 oculos
2904 4865 3065 4919 etiam
3123 4869 3428 4936 spectacula
3471 4867 3739 4921 theatrorullt-

2235 4949 2357 5004 llaec
2381 4950 2544 5017 licita,
2578 4952 2665 5005 illa
2694 4952 2894 5007 illicita.
2936 4955 3178 5010 Psalmus
3199 4971 3354 5013 sacer
3380 4956 3592 5012 suaviter
3610 4957 3743 5005 canu-

2235 5051 2318 5095 tus
2358 5041 2585 5097 delectat
2622 5044 2857 5099 auditum
2895 5044 3031 5101 :sed
3070 5046 3343 5103 delectant
3381 5048 3596 5103 auditum
3628 5039 3746 5097 etiam

2231 5134 2435 5188 cantica
2464 5134 2803 5189 histrionum.
2833 5136 2945 5192 lloc
2972 5138 3131 5203 licitc,
3165 5139 3296 5194 illud
3320 5140 3510 5194 illicite.
3536 5133 3749 5190 Delccmll

2230 5223 2484 5279 olfactum
2531 5226 2691 5281 ﬂores
2728 5237 2780 5282 et
2823 5239 3097 5296 aromata,
3145 5246 3202 5284 et
3251 5231 3364 5286 inec
3405 5230 3491 5286 Dei
3516 5231 3745 5281 creatura:

2231 5313 2497 5369 delectant
2525 5317 2774 5372 olfactum
2810 5319 2969 5374 etiam
2996 5320 3145 5375 thura
3179 5321 3231 5375 in
3265 5324 3371 5375 aris
3414 5317 3744 5375 dmmoniorum-

2230 5403 2342 5458 lloc
2376 5404 2515 5460 licitc
2536 5447 2551 5472 ,
2591 5406 2720 5461 illud
2758 5408 2960 5464 illicite.
3014 5410 3253 5465 Delectat
3282 5419 3483 5482 gustum
3511 5406 3637 5462 cibus
3660 5412 3746 5459 non

2231 5492 2529 5562 prohibitus
2557 5512 2572 5557 ;
2604 5496 2873 5554 delectant
2910 5511 3117 5572 gustum
3146 5502 3306 5557 etiam
3334 5501 3494 5571 epulae
3515 5494 3744 5559 sacrileg0°

2231 5602 2346 5640 rum
2378 5587 2787 5645 sacrificiorum.
2815 5592 2927 5647 Hoc
2958 5593 3131 5658 licitc,
3158 5594 3286 5647 illud
3310 5588 3498 5647 illicite.
3530 5586 3746 5643 Delectat"

2230 5679 2539 5750 coniugales
2585 5684 2863 5753 amplexus
2894 5705 2907 5741 :
2936 5687 3199 5742 delectant
3239 5689 3394 5742 etiam
3448 5679 3742 5738 meretricum-

2234 5770 2344 5826 lloc
2371 5771 2535 5837 licitc.
2570 5774 2696 5831 illud
2729 5776 2927 5834 illicite.
2957 5778 3155 5835 Videtis
3180 5769 3610 5847 ergo,cltat'issitn‘
3651 5791 3666 5809 ν
