3910 6184
240 312 343 369 869

244 429 298 482 in
342 426 458 481 istis
503 422 743 497 corporis
782 424 1025 479 sensibus
1051 423 1222 480 licitas
1247 431 1301 479 et
1343 422 1555 478 illicitas
1598 422 1832 478 delecta-

244 522 440 575 tiones.
491 515 703 574 iustitia
745 515 824 570 sic
849 514 1111 583 delectet,
1156 525 1213 570 ut
1247 515 1423 571 vincat
1462 515 1621 569 etiam
1665 514 1836 569 licitas

244 610 664 673 delectationes;
695 614 751 662 et
776 607 825 662 ei
849 605 1187 663 delectationi
1213 623 1314 678 qua
1350 606 1492 663 licite
1530 606 1834 672 delectaris,

244 716 502 775 przrpone
524 700 806 771 justitiam.

319 792 548 849 CAPUT
591 790 678 847 Ill.
707 822 779 833 —
809 793 862 848 ὅ.
906 791 1185 848 Delectatio
1229 791 1409 847 mentis
1448 791 1513 847 de
1548 792 1752 864 justitia
1791 801 1837 846 et

245 887 370 956 ﬁde.
420 874 819 941 Constituamus
865 892 989 940 ante
1034 883 1255 949 oculos,
1304 891 1526 955 propter
1564 882 1668 939 hoc
1696 884 1835 954 quod

244 979 359 1034 dixi
385 1020 400 1041 ,
448 977 753 1048 exemplum
792 977 1122 1033 certaminis.
1169 978 1442 1048 Interrogo
1485 984 1661 1031 utrum
1690 991 1839 1032 ames

239 1069 504 1141 justitiam
538 1085 551 1121 :
581 1066 951 1139 reSpondcbis,
983 1069 1140 1123 Amo.
1171 1067 1323 1135 Quod
1350 1082 1456 1123 non
1481 1066 1839 1138 responderes

246 1161 543 1227 veraciter,
592 1159 695 1215 nisi
725 1167 776 1216 te
811 1159 1147 1230 aliquatenus
1170 1158 1477 1215 delectaret.
1531 1157 1645 1213 Non
1695 1158 1837 1214 enim

243 1262 489 1318 amatur,
558 1250 663 1307 nisi
705 1251 847 1322 quod
895 1251 1142 1307 delectat.
1213 1249 1477 1305 Delectare
1522 1250 1576 1304 iu
1621 1250 1839 1304 Domino

253 1340 432 1413 (Psat.
463 1357 648 1407 xxxvr,
679 1340 761 1414 4),
789 1341 1059 1411 Scriptura
1088 1341 1234 1397 dicit.
1268 1341 1523 1397 Dominus
1548 1348 1723 1396 autem
1750 1339 1839 1410 ju-

244 1434 396 1489 stitia
420 1444 520 1490 est.
564 1432 678 1487 Non
718 1433 862 1489 enim
905 1432 999 1488 tibi
1041 1434 1243 1505 fingere
1286 1432 1449 1489 debes
1481 1433 1647 1488 Deum
1688 1432 1839 1502 quasi

248 1524 472 1580 idolum.
514 1524 872 1581 lnvisihilihus
900 1524 1091 1580 similis
1114 1534 1198 1580 est
1224 1525 1392 1590 Deus;
1433 1533 1488 1579 et
1515 1539 1577 1579 ea
1604 1524 1657 1578 in
1688 1523 1841 1579 nobis

247 1625 376 1671 sunt
417 1616 637 1672 meliora
659 1657 675 1683 ,
705 1632 825 1688 qua:
862 1626 985 1671 sunt
1031 1616 1339 1672 invisibilia.
1384 1616 1569 1672 Melior
1599 1625 1681 1672 est
1711 1615 1841 1671 fides

249 1722 411 1778 quam
436 1722 594 1773 caro,
643 1707 836 1763 melior
863 1716 948 1762 est
977 1707 1109 1763 fides
1142 1723 1301 1777 quam
1331 1722 1519 1762 aurum
1540 1749 1555 1773 ,
1583 1716 1637 1762 et
1655 1706 1843 1762 melior

257 1807 341 1854 est
372 1799 503 1855 fides
527 1815 685 1869 quam
713 1807 1009 1869 argentum,
1044 1815 1203 1869 quam
1235 1798 1456 1868 pecunia
1482 1840 1498 1865 ,
1525 1812 1682 1868 quam
1709 1812 1843 1867 prte-

256 1890 365 1955 dia,
392 1904 555 1960 quam
580 1888 798 1956 familia,
821 1905 977 1959 quam
999 1888 1196 1944 divitia:
1220 1905 1234 1956 ;
1265 1897 1318 1944 et
1342 1889 1441 1944 ista
1458 1888 1635 1943 omnia
1659 1888 1842 1943 viden-

255 1989 377 2046 tur,
406 1981 541 2035 fides
568 1996 674 2034 non
713 1979 941 2035 videtur.
990 1979 1085 2035 Cui
1124 1994 1252 2050 ergo
1293 1978 1605 2034 similiorem
1639 1979 1844 2048 putabi-

254 2088 376 2127 mus
417 2072 617 2137 Dcum,
658 2071 981 2138 visibilibus,
1023 2086 1088 2126 an
1134 2070 1530 2126 iuvisibilibus?
1577 2069 1838 2140 pretiosis,

252 2179 323 2218 an
354 2163 591 2218 vilibus?
624 2163 699 2218 De
726 2163 1000 2219 vilioribus
1031 2161 1235 2233 loquar.
1281 2161 1454 2216 llahcs
1482 2161 1616 2215 duos
1638 2176 1840 2225 servos,

255 2270 419 2309 unum
450 2252 750 2308 deformem
775 2268 1001 2323 corpore
1024 2294 1039 2320 ,
1070 2254 1230 2308 alium
1259 2252 1706 2323 pulcherrimum;
1750 2251 1843 2306 sed

257 2346 405 2399 illum
434 2344 733 2400 deformem
763 2344 998 2409 fidelem,
1023 2345 1249 2399 alterum
1281 2344 1566 2399 infidelem.
1599 2344 1692 2398 Die
1714 2343 1844 2397 mihi

254 2452 414 2504 quem
466 2436 583 2504 plus
620 2435 810 2505 diligas
849 2452 861 2488 :
904 2443 958 2491 et
1001 2435 1157 2490 video
1210 2445 1261 2490 te
1310 2449 1492 2490 amare
1530 2422 1840 2490 invisibilia.

251 2526 389 2593 Quid
421 2540 551 2597 ergo
571 2568 584 2589 ,
615 2526 828 2596 quando
867 2525 984 2596 plus
1008 2541 1158 2581 amas
1197 2539 1412 2580 servum
1442 2525 1650 2581 fidelem
1676 2568 1690 2591 ,
1724 2525 1847 2579 licet

251 2633 483 2688 corpore
524 2617 817 2673 deformem
850 2659 864 2679 ,
905 2634 1062 2687 quam
1108 2617 1386 2687 pulchrum
1417 2618 1682 2674 infidelem
1708 2659 1725 2683 ,
1753 2634 1844 2673 er-

254 2710 422 2775 rasti,
474 2717 527 2764 et
571 2708 709 2763 foeda
757 2709 993 2778 pulchris
1030 2709 1407 2778 pra‘posnisti't
1456 2708 1653 2780 Utique
1697 2726 1840 2764 non:

259 2800 355 2855 sed
396 2799 698 2869 pulchriora
726 2798 883 2855 Redis
913 2801 1265 2869 [‘ra'posuisti.
1301 2801 1676 2871 Contempsisti
1703 2801 1842 2856 enim

252 2891 440 2946 oculos
470 2891 645 2946 carnis
669 2933 684 2956 ,
728 2901 780 2946 ct
818 2890 1033 2944 erexisti
1073 2891 1258 2946 oculos
1285 2892 1479 2947 cordis.
1507 2890 1845 2962 lnterrognsti

250 2983 440 3039 cenbis
470 2983 645 3037 carnis
666 3025 680 3048 ,
728 2991 783 3039 et
808 2982 932 3053 quid
961 2982 1055 3038 tibi
1083 2984 1563 3039 renuntiaverunt?
1594 2985 1698 3039 lste
1727 2984 1846 3054 pul-

251 3076 386 3131 cher
408 3085 492 3131 est
511 3118 525 3142 ,
578 3076 665 3130 ille
695 3074 888 3133 foedus.
934 3074 1193 3145 Repulisti
1217 3090 1311 3132 eos
1333 3118 1349 3143 ,
1390 3092 1572 3132 eorum
1602 3078 1845 3134 testimo-

255 3169 405 3223 nium
458 3167 752 3238 reprohasti
788 3168 1045 3224 :erexisti
1086 3167 1269 3223 oculos
1314 3168 1489 3223 cordis
1536 3171 1588 3224 in
1634 3184 1844 3225 servum

255 3262 468 3317 fidelem
491 3304 506 3328 ,
551 3272 606 3317 et
648 3262 698 3315 in
748 3277 960 3315 servum
1008 3260 1278 3316 infidelem
1313 3262 1328 3293 ⁸
1364 3276 1379 3313 :
1412 3262 1568 3315 istum
1599 3261 1846 3317 invenisti

253 3354 456 3410 tendum
509 3369 706 3418 carne,
778 3353 926 3408 illum
977 3352 1293 3423 pulchrum;
1350 3352 1444 3408 sed
1496 3354 1847 3423 pronuntiasti

254 3456 311 3501 et
338 3445 519 3501 dixisti
544 3487 559 3513 ,
604 3444 741 3514 Quid
773 3444 876 3501 fide
904 3444 1220 3515 pulchrius?
1257 3444 1384 3515 quid
1417 3444 1727 3499 infidelitate
1751 3444 1846 3500 de-

254 3537 483 3593 formius
502 3537 528 3591 ‘t

326 3626 558 3684 CAPUT
598 3626 687 3682 iV.
730 3658 803 3668 —
839 3629 893 3683 4.
923 3626 1136 3682 Iustitia
1181 3644 1287 3699 pne
1319 3628 1549 3682 omnibus
1585 3627 1733 3682 licitis
1761 3627 1850 3683 de—

259 3717 608 3775 lectationibus
627 3719 867 3773 amanda.
898 3718 1042 3790 Ergo
1063 3736 1173 3790 pra:
1193 3719 1443 3774 omnibus
1468 3720 1847 3790 voluptatibus,

261 3813 367 3869 hoc
394 3823 474 3869 est
494 3813 935 3870 delectationibus
955 3813 1117 3868 etiam
1136 3813 1316 3879 licitis,
1347 3813 1573 3869 amanda
1599 3814 1850 3884 estjusti—

263 3906 358 3959 tia.
405 3903 462 3960 Si
487 3903 627 3959 enim
670 3904 835 3959 habes
865 3918 1055 3959 sensus
1083 3903 1396 3967 interiores,
1443 3920 1629 3960 omnes
1657 3904 1732 3959 illi
1772 3905 1853 3959 in-

265 3995 487 4051 teriores
528 4008 718 4050 sensus
758 3994 1091 4050 delectantur
1131 3994 1486 4050 delectatione
1524 3995 1762 4067 justitim.
1794 3995 1851 4052 Si

265 4086 432 4141 habes
456 4084 640 4140 oculos
677 4085 961 4140 interiores
984 4126 1001 4152 ,
1044 4085 1164 4140 vide
1198 4085 1416 4155 justiti-.e
1455 4086 1630 4162 lumen
1666 4103 1678 4138 :
1710 4084 1851 4151 Quo-

265 4176 403 4229 niani
421 4174 561 4244 apud
584 4184 633 4229 te
655 4183 726 4229 est
752 4174 867 4244 [ous
900 4176 1014 4229 vitta
1037 4218 1051 4241 ,
1084 4185 1130 4229 et
1157 4176 1209 4229 iu
1240 4175 1428 4229 lumine
1463 4184 1546 4229 tuo
1581 4175 1853 4230 videbimus

267 4270 435 4323 lumen
464 4266 634 4339 (Psal.
671 4268 998 4337 xxxv,10).
1055 4268 1129 4322 De
1170 4268 1259 4322 illo
1298 4268 1499 4322 lumine
1538 4267 1665 4323 dicit
1702 4268 1852 4324 Psal-

230 4342 249 4451 ξ
269 4377 388 4417 mus
416 4379 430 4415 :
462 4359 713 4415 [flumina
754 4359 929 4415 oculos
971 4376 1137 4425 meos,
1181 4375 1244 4413 ne
1289 4368 1509 4430 unquam
1543 4358 1854 4414 obdormiam

232 4449 244 4492 ἰ
270 4452 322 4505 in
351 4461 510 4505 morte
539 4449 710 4524 (Psal.
740 4466 811 4505 xu
832 4491 847 4517 ,
876 4450 952 4519 4).
1003 4449 1132 4504 item
1165 4451 1210 4505 si
1239 4450 1405 4505 habes
1442 4466 1597 4507 aures
1642 4452 1855 4506 interio-

230 4541 239 4551 '
270 4557 355 4596 res
375 4584 390 4607 ,
419 4540 541 4595 audi
564 4542 847 4610 justitiam.
878 4540 1035 4595 Tales
1062 4556 1219 4596 aures
1245 4545 1550 4611 quarrebat,
1582 4544 1669 4613 qui
1706 4543 1854 4599 dice-

269 4634 358 4689 bat
389 4651 402 4686 :
435 4634 535 4698 Qui
571 4633 717 4688 habet
754 4649 908 4687 aures
948 4633 1215 4697 audiendi,
1242 4633 1417 4687 audiat
1444 4632 1590 4706 (Luc.
1618 4652 1709 4690 vttt
1729 4677 1744 4703 ,
1776 4636 1853 4706 8).

269 4725 321 4780 Si
348 4724 521 4779 habes
556 4725 807 4780 olfactum
837 4724 1094 4787 interius,
1136 4725 1256 4779 audi
1282 4727 1595 4795 Apustolum
1627 4745 1640 4781 :
1671 4727 1858 4782 Christi

270 4818 430 4871 bonus
468 4816 594 4871 odor
634 4833 808 4871 sumus
852 4815 955 4870 Deo
993 4817 1045 4871 iu
1075 4819 1211 4871 omni
1252 4819 1361 4872 loco
1401 4818 1463 4890 (Il
1496 4818 1613 4873 Cor.
1649 4836 1713 4887 ιι,
1745 4821 1854 4891 15).

269 4910 323 4965 Si
349 4910 514 4966 habes
555 4918 822 4981 gustatum
854 4911 1109 4976 interius,
1142 4910 1263 4965 audi
1293 4927 1305 4964 :
1341 4909 1549 4965 Cuslale
1586 4922 1632 4965 et
1674 4914 1853 4981 ridete,

266 5002 511 5070 quoniam
533 5002 700 5056 suavis
740 5013 810 5056 est
838 5001 1081 5057 Dominus
1109 5001 1277 5073 (Psal.
1309 5020 1473 5059 χχχιιι
1495 5047 1508 5068 ,
1537 5004 1614 5078 9).
1660 5006 1716 5061 Si
1760 5006 1856 5061 ha-

271 5096 368 5148 bes
424 5104 618 5148 tactum
677 5094 933 5160 interius,
987 5094 1108 5148 audi
1159 5094 1285 5165 quid
1333 5111 1526 5165 Sponsa
1574 5090 1749 5153 cantet
1791 5098 1859 5153 de

271 5199 472 5254 SponSo
500 5203 513 5238 :
544 5184 766 5241 Sinistra
804 5190 914 5256 ejus
938 5186 1030 5240 sub
1063 5188 1228 5258 capite
1253 5205 1390 5254 meo,
1426 5199 1473 5242 et
1509 5189 1713 5244 dextera
1749 5192 1860 5262 ejus

269 5277 600 5346 aniplecmur
628 5295 705 5331 me
736 5278 906 5349 (Cant.
940 5294 1003 5344 ιι,
1033 5278 1109 5351 6).

344 5369 400 5424 5.
447 5367 672 5423 Justitia:
709 5369 971 5423 delectatio
1016 5370 1364 5438 anteponenda
1405 5372 1596 5426 arteria
1637 5372 1859 5427 delecta-

274 5456 511 5510 tionibus.
541 5458 853 5528 Exemplum
884 5475 1009 5530 ergu
1036 5503 1051 5522 ,
1080 5469 1137 5515 ut
1162 5460 1341 5516 dicere
1366 5477 1632 5531 coeperam
1651 5504 1664 5526 ,
1704 5462 1862 5533 hujus

273 5549 585 5604 certaminis
608 5565 986 5621 proponamus.
1021 5551 1335 5620 Videamus,
1359 5551 1547 5609 fratres
1567 5555 1693 5620 mei,
1718 5555 1862 5625 quis-

338 5747 357 5779 ⁸
382 5753 455 5797 διε
476 5750 799 5814 nwtuseripti.
819 5749 937 5800 utin
951 5757 1134 5811 autem,
1151 5756 1195 5800 et
1213 5763 1304 5800 non
1317 5748 1364 5802 iu
1385 5764 1569 5803 servum
1587 5752 1859 5818 pulchrum.

1657 311 1886 367 SEIiMO
1924 311 2103 367 CLIX.

3421 318 3526 375 870

1948 438 2069 476 nam
2101 422 2205 487 sit;
2237 422 2507 495 interrogo
2539 426 2554 457 ⁸
2575 467 2591 493 ,
2624 433 2676 481 et
2721 427 3078 496 respondeat,
3122 431 3261 500 quod
3294 429 3530 487 dicturus

1944 529 2102 580 sum,
2151 523 2324 570 utrum
2351 518 2430 572 sic
2459 517 2754 574 delectetur
2786 519 2989 589 justitia
3014 562 3029 587 ,
3074 531 3125 575 ut
3170 538 3286 577 eam
3322 527 3530 579 exteris

1948 608 2013 661 ad
2048 607 2144 662 hos
2169 623 2359 664 sensus
2388 612 2632 679 corporis
2675 614 3063 682 pertinentibus
3093 615 3530 674 delectationibus

1943 707 2253 784 anteponat.
2284 700 2422 756 Ecce
2447 700 2674 758 delectat
2699 713 2749 759 te
2773 719 2960 759 aurum
2998 716 3164 771 tuum,
3199 709 3385 763 oculos
3413 719 3531 765 tuos

1942 790 2173 847 delectat
2203 810 2217 846 :
2245 793 2519 849 metallum
2572 804 2656 851 est
2696 797 2971 867 pulchrum
2997 841 3013 866 ,
3065 800 3531 870 fnlgeutissimum,

1943 879 2192 938 delectat.
2240 883 2531 942 Pulchrum
2560 896 2665 953 est,
2696 904 2799 942 non
2823 904 2959 960 nego
2987 908 3001 942 :
3033 906 3155 945 nam
3184 892 3227 945 si
3251 892 3531 962 pulchrum

1945 990 2243 1045 negavero,
2274 974 2514 1032 Creatori
2554 978 2801 1048 injuriam
2831 981 2985 1035 facio.
3028 981 3181 1036 Venit
3205 999 3334 1054 ergo
3366 995 3534 1039 lenta-

1947 1075 2052 1132 tor,
2079 1076 2133 1121 ct
2158 1067 2287 1122 dicit
2316 1069 2409 1123 tibi
2444 1087 2458 1123 :
2486 1069 2640 1125 Tollo
2667 1071 2757 1125 tibi
2807 1087 2994 1126 aurum
3017 1116 3031 1138 ,
3078 1074 3178 1127 nisi
3207 1073 3407 1129 dixeris
3436 1092 3531 1145 pro

1945 1172 2031 1213 me
2057 1157 2246 1213 falsum
2274 1159 2632 1217 testimonium
2665 1180 2679 1217 :
2708 1164 2751 1217 si
2784 1175 2959 1220 autem
2982 1165 3182 1221 dixeris
3201 1209 3213 1231 ,
3243 1167 3381 1222 addo
3412 1169 3525 1223 tibi.

1945 1247 2231 1303 Decertant
2261 1249 2310 1303 itt
2353 1258 2404 1306 te
2443 1250 2566 1307 dua:
2606 1252 2988 1309 delectationes
3019 1273 3030 1307 :
3062 1257 3220 1310 modo
3266 1258 3534 1329 interrogo

1946 1345 1998 1391 te
2025 1338 2150 1408 quid
2192 1356 2503 1411 pmponas,
2533 1343 2656 1413 quid
2699 1352 2749 1399 te
2787 1330 2905 1414 plus
2931 1345 3191 1414 delectet,
3221 1365 3437 1416 aurum,
3466 1369 3532 1404 an

1945 1430 2143 1484 veritas
2170 1448 2184 1495 ;
2230 1446 2415 1486 aurum
2441 1475 2456 1499 ,
2488 1449 2555 1488 an
2582 1450 2765 1489 verum
2798 1437 3179 1492 testimonium.
3210 1439 3292 1493 An
3326 1441 3424 1494 huc
3454 1442 3535 1496 ln-

1948 1529 2060 1586 cet,
2094 1531 2148 1576 et
2187 1522 2316 1577 illud
2346 1539 2450 1578 non
2479 1524 2662 1579 lucet?
2690 1526 2848 1582 Fides
2876 1528 3130 1597 quatritur
3155 1529 3205 1583 in
3234 1546 3359 1585 vero
3381 1533 3533 1587 testi-

1950 1610 2152 1665 monio.
2183 1611 2383 1667 Aurum
2413 1614 2553 1669 lucet
2572 1656 2586 1680 ,
2617 1615 2747 1670 fides
2778 1632 2882 1670 non
2913 1618 3091 1673 lucet?
3121 1620 3407 1688 Erubesce,
3437 1621 3533 1676 lta~

1947 1701 2071 1756 beto
2112 1703 2295 1759 oculos
2326 1721 2339 1758 :
2370 1705 2508 1775 quod
2536 1707 2752 1761 amabas
2796 1708 2848 1762 in
2882 1724 3038 1764 servo
3084 1719 3199 1776 tuo,
3242 1711 3404 1767 redde
3432 1713 3535 1767 Do-

1947 1791 2093 1849 mino
2144 1802 2253 1846 tuo.
2310 1794 2628 1851 iamdudum
2676 1799 2817 1852 enim
2862 1815 2983 1854 cum
3036 1802 3419 1874 interrogarem
3468 1805 3534 1859 de

1947 1882 2154 1938 duobus
2181 1885 2350 1941 servis
2378 1888 2480 1942 tuis
2502 1930 2518 1954 ,
2552 1905 2656 1942 uno
2684 1889 2910 1945 deformi
2960 1890 3122 1958 fideli,
3165 1894 3271 1949 alio
3310 1896 3535 1964 pulelu-n

1949 1971 2167 2038 infideli,
2187 1990 2344 2044 quem
2365 1977 2530 2047 magis
2545 1977 2828 2051 diligeres;
2853 1984 3213 2051 respondebas
3228 1987 3355 2040 mihi
3370 1988 3532 2056 juste.

1948 2074 2001 2118 et
2042 2068 2388 2136 praqmnebas
2424 2069 2566 2139 quod
2599 2078 3013 2142 prmpunendum
3048 2076 3158 2130 fuit.
3209 2077 3340 2133 Redi
3375 2080 3426 2132 in
3460 2091 3532 2139 te.

1948 2158 2066 2221 quia
2100 2160 2259 2213 modo
2307 2161 2480 2229 agitur
2527 2162 2595 2217 de
2640 2174 2689 2219 te
2721 2164 2853 2233 ipso.
2901 2165 3057 2222 Certe
3096 2170 3286 2224 amasti
3323 2154 3534 2226 servum

1949 2248 2163 2305 fidelem
2200 2269 2212 2305 :
2243 2252 2496 2307 Dominus
2547 2263 2667 2310 tuus
2711 2255 2957 2327 indignus
2994 2269 3115 2325 est,
3160 2260 3205 2315 si
3252 2270 3302 2316 te
3342 2262 3535 2318 habent

1948 2356 2164 2397 servum
2208 2343 2460 2398 fidelem?
2505 2344 2571 2399 Et
2604 2354 2655 2400 tu
2703 2361 2859 2402 servo
2900 2358 2989 2402 tuo
3033 2350 3173 2405 fideli
3214 2364 3312 2421 pro
3343 2368 3537 2423 magno

1948 2432 2073 2501 quid
2128 2432 2516 2503 promittebas?
2571 2436 2639 2492 Ut
2686 2438 2908 2493 multum
2951 2440 3233 2511 diligeres,
3271 2460 3534 2498 sumnnnn

1948 2523 2225 2591 praemium
2256 2524 2535 2580 libertatis.
2568 2526 2703 2593 Quid
2729 2544 2977 2599 magnum
3021 2534 3370 2601 promittebas
3396 2535 3533 2589 fideli

1948 2630 2104 2671 servo
2130 2628 2219 2671 tuo
2241 2619 2266 2670 'i
2312 2617 2635 2675 Libertatem
2668 2623 3035 2691 temporalem.
3078 2623 3267 2680 Nonne
3293 2625 3539 2683 videmus

1948 2708 2144 2762 multos
2169 2710 2464 2766 servientes
2492 2727 2596 2789 non
2626 2724 2846 2782 egentes
2870 2756 2885 2783 ,
2931 2725 2985 2770 et
3010 2716 3204 2773 liberos
3229 2719 3539 2774 mendican-

1952 2798 2070 2854 tes?
2125 2799 2189 2853 Et
2231 2800 2481 2871 exigebas
2505 2802 2573 2857 ab
2603 2819 2668 2859 co
2710 2803 2868 2866 fidem
2896 2847 2911 2872 ,
2962 2806 3048 2860 cui
3096 2810 3442 2876 promittebas
3468 2809 3535 2864 li-

1950 2892 2254 2947 bertatem:
2298 2911 2397 2950 nec
2437 2896 2485 2950 ei
2526 2913 2710 2952 servas
2755 2898 2909 2953 fidem
2936 2940 2951 2966 ,
3002 2901 3091 2971 qui
3137 2901 3229 2956 tibi
3279 2903 3539 2974 promittit

1951 2986 2298 3041 :nlcrnitatcm
2325 2986 2339 3040 ι

2023 3076 2106 3130 CA
2118 3074 2246 3129 l‘UT
2272 3075 2331 3130 V.
2351 3108 2422 3117 —
2434 3077 2485 3132 6.
2504 3078 2710 3132 Justitia
2727 3096 2839 3134 cum
2855 3081 3181 3139 delectatione
3191 3101 3255 3141 ea:
3266 3101 3436 3140 amore
3456 3103 3537 3140 se-

1951 3171 2152 3224 clauda.
2170 3170 2410 3241 Longtun
2426 3182 2525 3233 est,
2544 3184 2638 3241 per
2652 3174 2888 3243 singulos
2899 3176 3139 3246 corporis
3150 3190 3339 3232 sensus
3352 3195 3541 3233 excur-

1952 3277 2101 3317 rere:
2122 3261 2215 3317 sed
2236 3262 2375 3331 quod
2396 3262 2460 3316 de
2479 3263 2645 3316 oculis
2661 3263 2789 3329 dixi,
2808 3264 2908 3320 hoc
2918 3265 2985 3321 de
3001 3267 3212 3323 czetcris
3234 3268 3537 3339 intelligite;

1954 3363 2009 3409 et
2044 3354 2333 3423 prmponite
2352 3352 2689 3408 delectzttimi
2721 3356 2918 3420 carnis,
2946 3356 3350 3413 delectationem
3390 3376 3541 3414 tuen-

1955 3442 2041 3497 tis.
2071 3441 2300 3497 Carnem
2330 3442 2527 3512 quippe
2569 3454 2798 3498 vestram
2831 3445 3097 3501 deleetant
3149 3448 3348 3503 illicita:
3389 3450 3539 3503 voluo

1954 3541 2154 3602 ptates:
2174 3541 2407 3588 mentem
2438 3541 2671 3588 vestram
2700 3534 2934 3591 delectet
2961 3536 3259 3605 invisibilis,
3294 3538 3537 3608 pulchra,

1953 3632 2120 3686 casta,
2166 3633 2367 3688 saneta,
2401 3639 2619 3692 canora,
2655 3624 2826 3680 dulcis
2846 3626 3073 3695 justitia,
3117 3637 3175 3681 ιιι
3198 3645 3303 3683 ιιυιι
3328 3630 3393 3683 ad
3422 3646 3539 3685 eam

1956 3714 2147 3769 timore
2192 3714 2479 3784 cogamini.
2507 3715 2563 3771 Si
2610 3714 2753 3770 enim
2782 3717 2847 3769 ad
2874 3731 2991 3770 eam
3034 3717 3223 3773 timore
3267 3718 3536 3790 cogiinini,

1957 3804 2191 3860 nondum
2254 3804 2502 3861 delectat.
2553 3806 2782 3861 Peccare
2827 3821 2931 3860 non
2963 3806 3149 3875 debes,
3200 3825 3305 3864 non
3354 3810 3543 3866 timore

1957 3909 2151 3965 pmuze,
2199 3895 2292 3950 sed
2344 3911 2526 3951 amore
2571 3896 2810 3966 justitiae.
2854 3897 2992 3955 llinc
3035 3899 3322 3969 Apostolus
3372 3900 3540 3958 dicit:

1959 3987 2257 4043 Humanum
2313 3988 2426 4043 dico
2492 4000 2697 4060 propter
2745 3990 3109 4060 iuﬁrmitatem’
3133 3994 3300 4048 contis
3347 4003 3539 4050 vestra'.

1959 4079 2105 4133 Sicut
2143 4081 2276 4133 enim
2311 4080 2607 4135 exitibuistis
2644 4083 2869 4136 membra
2911 4092 3073 4139 vestra
3114 4085 3297 4139 sei-circ
3325 4086 3538 4141 immun-

1958 4171 2098 4224 ditia:
2134 4173 2155 4203 ²
2182 4182 2230 4225 et
2276 4172 2525 4244 iniquitati
2544 4172 2613 4225 ad
2653 4173 2966 4244 iniquitatem
2990 4190 3012 4240 ,°
3040 4176 3114 4230 sic
3156 4193 3290 4231 nunc
3320 4177 3548 4234 exhibete

1959 4261 2180 4315 membra
2242 4272 2405 4315 vestra
2459 4264 2643 4317 servire
2701 4266 2920 4336 justitia:
2983 4267 3038 4321 iu
3095 4268 3545 4338 sancti/irationem

1960 4354 2137 4425 (Rom.
2191 4353 2405 4425 v1,i9).
2458 4346 2800 4422 Ωιιίιῖάὶιιίἳ
2846 4357 3143 4414 Humanum
3194 4361 3354 4417 dico:
3403 4364 3546 4433 quid

1962 4450 2182 4517 potestis
2226 4456 2460 4518 portare,
2509 4447 2649 4504 dico.
2701 4449 2926 4518 Quando
2964 4451 3281 4510 exhibuistis
3309 4456 3547 4511 membra

1962 4550 2138 4596 vestra
2188 4540 2447 4611 iniquitati
2475 4541 2542 4596 ad
2581 4540 2779 4613 ﬂagitia
2811 4545 3184 4615 perpetranda,
3234 4547 3420 4602 timore
3449 4549 3545 4603 ad-

1963 4632 2121 4688 ducti’
2150 4636 2298 4700 estis,
2331 4649 2400 4689 an
2439 4633 2794 4693 delectatione
2837 4636 3043 4693 invitati
3074 4639 3098 4694 ?
3145 4639 3281 4709 Quid
3331 4640 3552 4697 dicitis?

1966 4726 2302 4796 ReSpondete
2355 4728 2531 4795 nobis,
2565 4729 2687 4799 quia
2738 4739 2792 4784 et
2843 4731 2935 4800 qui
2985 4731 3121 4786 bene
3168 4733 3364 4800 vivitis,
3413 4734 3550 4789 male

1964 4819 2254 4890 aliquando
2304 4819 2530 4877 fortasse
2578 4820 2804 4876 vixistis.
2850 4822 3072 4890 Quando
3108 4825 3426 4893 peecabatis,
3455 4826 3548 4879 de~

1965 4911 2304 4966 lectabamini
2335 4912 2387 4965 in
2417 4912 2651 4982 peccatis
2678 4912 2868 4965 vestris
2897 4929 2912 4977 ;
2942 4913 3102 4967 timor
3130 4930 3225 4969 vos
3252 4915 3550 4970 adducebat

1964 5002 2029 5056 ad
2079 5001 2429 5073 peccandum,
2472 5017 2538 5055 an
2580 5001 2812 5056 suavitas
2840 5004 3093 5071 peccati?
3123 5005 3551 5078 Respondebitis,

1967 5095 2230 5151 Suavitas.
2280 5093 2360 5148 Ad
2392 5102 2667 5164 peccatum
2707 5095 2944 5149 suavitas
2972 5094 3221 5163 adducit,
3260 5105 3315 5151 et
3354 5097 3422 5153 ad
3464 5097 3552 5169 ju-

1967 5187 2164 5242 stitiam
2197 5186 2355 5239 timor
2394 5185 2640 5255 impingit
2670 5185 2693 5238 ?
2719 5184 2944 5239 Probate
2973 5202 3066 5241 vos
3086 5229 3101 5253 ,
3141 5187 3385 5257 inspicite
3436 5204 3551 5244 vos.

1969 5278 2144 5333 Tollat
2192 5293 2380 5332 aurum
2420 5278 2509 5348 qui
2542 5278 2821 5333 minatur:
2865 5283 3080 5335 suavior
3104 5281 3432 5351 estjustitia,
3475 5282 3555 5338 lu—

1968 5369 2137 5425 cidior
2158 5376 2239 5424 est
2260 5368 2484 5439 justitia.
2503 5368 2616 5424 Non
2645 5370 2735 5424 det
2756 5384 2941 5423 aurum
2972 5370 3059 5441 qui
3087 5373 3344 5442 promittit
3378 5390 3393 5428 :
3420 5389 3556 5444 pra:-

1971 5462 2211 5534 poncnda
2260 5471 2341 5516 est
2392 5478 2523 5516 auro
2564 5461 2801 5531 justitia,
2844 5461 3161 5518 delectando
3201 5466 3555 5534 prteponenda

1971 5566 2053 5611 est
2082 5572 2097 5622 ;
2128 5554 2412 5625 fulgentior
2443 5562 2545 5620 est,
2584 5555 2807 5609 lucidior
2835 5566 2937 5620 cst,
2964 5555 3176 5611 suavior
3215 5569 3315 5623 est,
3354 5558 3556 5614 dulcior

2038 5695 2050 5722 ³
2080 5698 2153 5741 Er.
2180 5689 2325 5754 Lugd.
2355 5698 2472 5739 ven.
2499 5696 2629 5755 Lov.,
2651 5686 2955 5755 interroget,
2995 5698 3050 5740 tt.

2037 5755 2055 5784 ³
2079 5766 2179 5803 .tm.
2208 5752 2280 5801 Er.
2309 5760 2358 5803 et
2382 5753 2706 5815 manuscript,
2738 5752 2916 5806 seruire
2938 5754 3184 5813 iniustitia:
3207 5755 3530 5822 antiquitati.
