3910 6184
461 386 561 440 871

460 507 564 552 est.
593 493 709 552 Jam
747 509 885 564 ergo.
913 494 958 548 si
988 494 1104 563 quis
1131 510 1188 569 se
1215 495 1417 564 probat,
1449 505 1505 550 et
1532 495 1582 550 in
1613 495 1715 551 hoc
1753 497 2042 550 certamine

462 586 763 654 superavit,
811 584 1010 639 audivit
1049 585 1361 655 Apostolum
1405 587 1703 653 dicentem,
1750 586 2043 642 Humanum

462 677 575 729 dico
620 684 824 745 propter
873 675 1216 744 inﬁrmitatem
1265 677 1433 731 carnis
1481 687 1673 732 vestrae.
1727 677 1852 733 Sine
1881 677 2041 732 dubio

457 766 692 834 pepercit
762 764 1049 821 infirmitati
1095 785 1108 820 :
1147 775 1202 822 et
1243 769 1420 823 nescio
1448 767 1573 838 quid
1617 768 1817 839 gratius
1869 769 2042 823 minus

456 857 661 912 idoneis
687 858 867 913 dicere
899 860 1138 914 tentavit.

524 948 747 1002 CAPUT
799 949 1044 1017 κτλ-7.
1078 950 1181 1013 Pro
1214 951 1424 1022 justitia
1471 950 1777 1011 nonisolum
1816 960 2040 1006 content-

453 1038 619 1101 nenda
643 1039 892 1109 voluptas,
920 1041 1008 1095 sed
1028 1041 1177 1095 etiam
1202 1041 1438 1110 ferendas
1463 1042 1626 1095 dolor.
1664 1042 1823 1102 Ecce.
1848 1042 2038 1107 inquit,

454 1130 554 1184 hoc
606 1129 725 1184 dico
762 1130 900 1198 quod
933 1146 1125 1200 capere
1154 1134 1373 1200 potestis
1402 1149 1415 1185 :
1444 1131 1758 1187 exhibuistis
1800 1133 2040 1188 membra

451 1230 627 1275 vestra
667 1220 873 1275 deliciis
923 1222 1142 1286 illicitis,
1196 1231 1532 1292 peccatorum
1582 1224 1843 1278 suavitate
1896 1222 2040 1277 ducti

451 1312 600 1372 estis,
661 1320 718 1385 ut
760 1311 847 1364 illa
900 1310 1143 1383 faceretis
1189 1329 1204 1377 ;
1257 1312 1416 1367 ducat
1460 1329 1552 1375 vos
1593 1312 1661 1366 ad
1710 1323 1853 1371 recta
1902 1312 2041 1368 facta

453 1401 686 1456 suavitas
726 1411 781 1456 et
820 1402 1046 1457 dulcedo
1082 1403 1357 1472 justitia:
1402 1413 1575 1458 amate
1597 1403 1875 1472 justitiam,
1906 1419 2041 1472 quo-

456 1491 617 1544 modo
655 1494 872 1551 amastis
903 1492 1251 1563 iniquitatem.
1299 1494 1463 1561 Digna
1491 1503 1571 1547 est
1593 1493 1817 1563 justitia,
1851 1509 1967 1562 qme
2011 1509 2040 1548 a

452 1585 602 1638 vobis
642 1584 887 1652 impetret
935 1591 990 1637 ut
1038 1584 1330 1639 exhibeatis
1368 1584 1472 1649 illi,
1520 1583 1664 1654 quod
1726 1584 2042 1662 exhibuistis

452 1673 754 1742 iniquitati:
785 1673 886 1729 hoc
931 1683 1016 1729 est
1064 1674 1358 1729 Humanum
1412 1664 1546 1741 dico,
1606 1676 1707 1730 hoc
1756 1684 1859 1737 cst.
1901 1677 2041 1745 quod

455 1763 730 1819 infirmitas
780 1748 957 1818 vestra
1005 1765 1231 1819 tolerare
1277 1765 1448 1818 adhuc
1501 1774 1691 1834 potest.
1739 1767 1873 1831 Quid
1915 1782 2042 1832 ergo

454 1834 730 1919 suSpendit
758 1853 1082 1922 Apostolus?
1121 1854 1245 1923 quid
1282 1854 1486 1925 distulit
1513 1856 1689 1909 dicere
1716 1856 1739 1909 ?
1768 1856 1902 1922 Quid
1929 1856 2039 1910 dis-

454 1945 591 2007 tulit,
632 1943 826 2009 dicam,
856 1945 897 1998 si
946 1956 1150 2015 potero.
1184 1947 1438 2016 Appeude
1468 1946 1721 2016 justitiam
1765 1956 1820 2001 et
1849 1948 2040 2017 iniqui-

456 2042 617 2086 tatem
662 2052 674 2086 :
718 2044 991 2090 tantumne
1026 2036 1182 2106 digna
1211 2048 1289 2093 est
1314 2039 1514 2105 justitia
1538 2079 1553 2101 ,
1594 2049 1846 2109 quantum
1885 2038 2040 2107 digna

456 2122 552 2176 fuit
597 2125 889 2194 iniquitas?
918 2127 1007 2181 Sic
1044 2128 1267 2182 amanda
1293 2139 1371 2183 est
1405 2131 1499 2183 ista
1522 2172 1535 2194 ,
1573 2130 1836 2198 quomodo
1868 2141 2040 2184 amata

455 2224 535 2265 est
563 2214 647 2266 illa
678 2214 701 2266 ?
732 2215 882 2269 Absit
913 2224 977 2279 ut.
1017 2216 1112 2282 sic,
1159 2217 1252 2270 sed
1295 2228 1348 2270 et
1387 2219 1582 2287 utinam
1630 2219 1713 2273 vel
1757 2218 1854 2273 sic.
1902 2218 2041 2289 Ergo

459 2302 576 2368 plus
607 2304 629 2355 ?
656 2303 780 2357 Plus
801 2304 1035 2358 omnino.
1071 2290 1426 2375 lniniquitalc
1454 2318 1664 2363 secutus
1692 2318 1772 2363 est
1798 2310 2037 2379 volupta~

457 2402 585 2455 tetu,
614 2409 709 2462 pro
724 2392 927 2461 justitia
956 2395 1119 2449 tolera
1143 2395 1403 2451 dolorem.
1436 2398 1489 2452 In
1510 2398 1784 2468 iujustitia,
1805 2400 2034 2470 inquam,

460 2495 676 2537 secutus
716 2499 774 2539 es
819 2485 1252 2552 delectationem,
1304 2504 1399 2558 pro
1438 2490 1637 2559 justitia
1679 2492 1841 2546 tolera
1887 2491 2041 2546 dolo-

463 2588 574 2626 rem
611 2591 623 2626 :
668 2572 769 2630 hoc
801 2584 882 2629 est
921 2575 1058 2643 plus.
1099 2577 1233 2632 Ecce
1264 2579 1443 2633 nescio
1473 2581 1590 2650 quis
1617 2583 1786 2635 artatis
1824 2582 2042 2636 lubrica:

398 2642 405 2659 ’
462 2662 757 2732 impudicus
812 2667 1159 2734 adolescens,
1230 2669 1487 2723 suavitate
1556 2670 1800 2726 illicientc
1861 2671 2041 2741 injecit

455 2753 640 2808 oeulos
662 2754 713 2808 in
740 2752 1017 2827 conjugem
1040 2746 1286 2821 alienam,
1314 2759 1532 2825 amavit,
1560 2762 1704 2835 cupit
1723 2762 2037 2833 pervenire;

451 2844 639 2913 quierit
684 2840 858 2911 tamen
904 2849 1067 2903 latere
1102 2870 1113 2903 :
1144 2850 1220 2905 sic
1250 2850 1390 2904 enim
1419 2861 1562 2905 amat
1592 2853 1932 2922 voluptatem,
1985 2864 2040 2909 ut

452 2936 569 3005 plus
595 2938 769 2993 timeat
803 2930 1058 2994 dolorem.
1084 2940 1258 3009 Quare
1284 2944 1470 3013 qamrit
1502 2945 1662 2999 latere
1686 2948 1708 2997 't
1736 2946 1909 2999 Timet
1938 2962 2038 3014 ap-

453 3026 725 3094 prchemli,
770 3029 941 3098 ligari,
982 3031 1193 3097 adduci,
1238 3030 1728 3102 iucludi,°produci,
1777 3034 2035 3107 torqueri,

451 3121 638 3176 occidi.
677 3120 801 3176 Ila'c
827 3124 1001 3177 omnia
1032 3124 1288 3191 timendo,
1319 3126 1368 3179 in
1401 3125 1483 3178 illa
1513 3127 1833 3195 appetitione
1863 3128 2039 3182 suavi-

452 3220 531 3264 tas
559 3200 669 3263 sde
701 3211 897 3266 latebra
925 3206 1153 3282 qumrit:
1188 3205 1478 3285 aucupatur
1506 3200 1801 3271 absentiam
1840 3218 2035 3287 mariti,

450 3301 618 3369 ipsum
641 3301 932 3371 adjutorem
962 3304 1140 3373 flagitii
1172 3305 1250 3358 sui
1292 3306 1439 3359 timet
1465 3306 1722 3370 invenire,
1758 3308 1879 3377 quia
1902 3324 2035 3363 con-

450 3392 563 3446 scio
591 3407 648 3447 se
676 3392 920 3447 formidat
949 3394 1238 3467 implicare.
1274 3396 1339 3450 Et
1368 3396 1607 3451 videmus
1628 3412 1747 3453 cum
1778 3400 2034 3456 suavitate

446 3483 568 3539 duci
613 3504 626 3540 :
672 3486 763 3539 sed
794 3482 1024 3542 suavitas
1049 3488 1135 3541 illa
1158 3505 1262 3542 non
1294 3498 1374 3543 est
1397 3498 1560 3552 tanta,
1599 3499 1652 3543 ut
1682 3491 1855 3546 vincat
1875 3492 2035 3546 etiam

448 3578 690 3631 timorem
731 3589 781 3632 et
814 3579 1050 3633 dolorem
1085 3580 1433 3648 timoremque
1465 3598 1767 3650 poenarum;
1802 3583 1874 3636 Da
1906 3584 2035 3638 mihi

449 3667 717 3735 pulchram
756 3669 1052 3738 justitiam,
1101 3669 1164 3724 da
1211 3671 1337 3725 mihi
1366 3653 1492 3725 fidei
1541 3673 1980 3745 pulchritudinem
2017 3693 2030 3727 :

449 3759 699 3825 procedat
729 3762 778 3814 in
824 3762 1076 3830 medium,
1112 3764 1359 3818 ostendat
1403 3780 1459 3819 se
1503 3765 1670 3819 oculis
1709 3765 1908 3831 cordis,
1956 3767 2034 3821 in-

445 3851 901 3913 spirctfervorcm
947 3854 1272 3910 amatoribus
1320 3857 1447 3910 suis.
1482 3856 1595 3911 Jam
1651 3858 1742 3911 tibi
1789 3858 2028 3915 dicitur:

449 3942 570 3995 l‘rui
602 3959 685 3996 me
716 3945 843 3999 vis?
880 3945 1174 4001 Contemue
1217 3947 1468 4016 quidquid
1509 3959 1558 4001 te
1597 3948 1736 4002 aliud
1766 3948 1991 4005 delectat
2014 3992 2028 4015 ,

446 4042 724 4089 t'OlllClllne
767 4050 862 4106 pro
891 4053 995 4091 me.
1026 4038 1162 4093 Ecce
1184 4039 1568 4108 contempsisti,
1600 4055 1780 4108 parum
1806 4049 1887 4095 est
1911 4042 1982 4094 illi
2015 4061 2028 4097 :

457 4123 749 4180 llmuanum
772 4138 852 4183 est
879 4129 997 4195 hoc,
1021 4139 1234 4200 prOptcr
1253 4132 1608 4187 infirmitatem
1631 4133 1801 4186 carnis
1815 4142 2026 4188 vestrae.

448 4214 635 4270 Parum
684 4227 766 4273 est
812 4229 866 4272 ut
911 4210 1220 4275 contemnas
1269 4222 1520 4292 quidquid
1578 4232 1628 4278 te
1675 4222 1973 4279 delectabat
2011 4241 2023 4279 :

440 4319 720 4365 rontemne
746 4312 996 4381 quidquid
1031 4323 1080 4368 te
1130 4314 1359 4369 terrebat
1392 4333 1406 4378 ;
1448 4323 1728 4371 contemne
1765 4332 2023 4385 carceres,

440 4409 723 4457 contemne
775 4404 1021 4470 vincula,
1070 4413 1356 4460 contemne
1394 4408 1702 4477 cquuleum,
1748 4421 2026 4465 contemne

444 4498 728 4555 tormenta,
773 4502 1053 4548 contemne
1084 4504 1329 4553 mortem.
1375 4498 1499 4554 Ha‘c
1540 4501 1731 4567 vicisti,
1762 4516 1847 4556 me
1877 4503 2027 4557 inve-

442 4580 581 4633 nisti.
608 4581 662 4651 ln
685 4590 910 4652 utroque
932 4585 1096 4653 gradu
1134 4596 1401 4641 amatores
1425 4589 1642 4656 justitize
1674 4608 1766 4646 vos
1784 4593 2018 4660 probate.

507 4670 733 4727 CAPUT
770 4673 880 4726 VII.
922 4675 1064 4731 -—-8.
1113 4676 1363 4755 Martyres
1403 4680 1611 4749 perfecti
1651 4692 1898 4736 amatores
1928 4685 2020 4754 ju-

436 4762 602 4816 stitiar.
662 4764 962 4820 invenimus
1025 4760 1240 4823 forsitan
1301 4770 1505 4841 aliquos
1557 4774 1643 4841 qui
1713 4786 2019 4843 [imponant

432 4857 655 4924 justitia:
716 4857 1120 4915 delectationem
1175 4861 1528 4932 voluptatibus
1582 4875 1636 4920 et
1682 4865 2015 4923 delectationi

434 4946 675 5017 corporis
718 4948 798 5002 sui
831 4967 841 5000 :
872 4950 957 5018 qui
1013 4962 1187 5005 autent
1246 4967 1340 5021 pro
1399 4954 1481 5007 illa
1536 4972 1736 5023 pmnas,
1782 4956 2013 5024 delores,

436 5048 768 5109 martemque
815 5049 1139 5108 contemnat,
1188 5052 1341 5113 putas
1381 5054 1463 5100 est
1491 5044 1679 5116 aliqtiis
1723 5048 1772 5100 in
1817 5049 2015 5105 vobis?

435 5126 633 5182 Saltem
662 5130 976 5200 cogitemus,
1009 5133 1148 5204 quod
1182 5135 1415 5204 profiteri
1447 5152 1548 5191 non
1576 5138 1848 5193 audemus.
1877 5139 2011 5205 Quid

432 5208 725 5288 cogitamus
755 5221 778 5274 ?
808 5221 904 5276 Ubi
945 5225 1237 5294 cogitamus
1277 5225 1300 5279 ?
1339 5226 1493 5280 lilillia
1533 5240 1822 5300 martyrum
1867 5232 2012 5301 adja-

430 5319 554 5365 cent
603 5313 768 5366 oculis
817 5315 1035 5381 nostris,
1084 5315 1184 5387 ipsi
1218 5318 1322 5372 veri
1373 5330 1640 5377 amatores
1688 5323 2008 5395 perfectique

426 5398 663 5466 justilizc.
707 5404 780 5460 De
824 5405 928 5458 illis
968 5406 1167 5460 dictum
1214 5417 1296 5462 est
1327 5427 1339 5463 :
1376 5408 1536 5463 Omne
1565 5413 1804 5482 gaudium
1833 5416 2006 5468 existi-

430 5500 561 5543 mate
580 5534 593 5554 ,
620 5495 800 5562 fratres
826 5496 940 5557 mei,
964 5514 1077 5550 cum
1106 5500 1156 5550 in
1179 5501 1475 5554 lentationes
1500 5503 1665 5557 varias
1689 5503 1960 5560 incidet-itis
1985 5524 2006 5573 ;

427 5582 633 5635 scientes
657 5584 790 5651 quod
815 5587 1042 5654 probatio
1063 5589 1184 5658 ﬁdei
1212 5600 1386 5644 restra:
1405 5592 1695 5662 patientiam
1725 5604 1959 5666 operatur
1985 5613 2005 5662 ,'

430 5669 666 5734 patientia
712 5683 878 5727 autem
916 5694 1042 5747 opus
1091 5683 1367 5750 perfectum
1398 5683 1562 5737 habet.
1591 5685 1726 5751 Quid
1763 5687 1883 5742 addi
1914 5704 2006 5759 p0-

428 5762 551 5821 test,
596 5766 652 5810 ut
688 5773 821 5829 opus
850 5765 1140 5831 perfectum
1186 5769 1375 5825 habeat
1410 5771 1631 5842 tAmat,
1683 5776 1850 5841 ardet,
1898 5781 2002 5833 fer-

1692 381 1748 436 S.
1791 381 2153 438 AUGUSTINI
2195 383 2494 440 EPISCOPI

3591 408 3680 463 8‘72

2146 508 2240 552 vet
2273 516 2287 563 ;
2336 500 2504 555 caleat
2531 502 2707 555 omnia
2733 517 2851 572 qum
2888 504 3181 576 delectant,
3221 520 3275 567 et
3303 517 3522 575 transit:
3562 530 3681 583 venit

2149 587 2214 643 ad
2241 604 2430 659 aspera
2452 633 2466 655 ,
2508 592 2795 660 horrenda,
2831 599 3147 666 truculenta,
3192 605 3479 677 minantia;
3523 617 3677 681 caleat,

2149 678 2362 750 frangit,
2390 690 2445 736 et
2483 686 2687 739 transit.
2728 686 2773 742 Ο
2800 703 3001 757 amare,
3055 705 3089 746 ο
3129 693 3279 760 ire,o
3315 700 3413 753 sibi
3456 678 3682 771 perire,o

2147 769 2212 823 ad
2246 771 2409 826 Deum
2454 776 2730 843 pervenire
2761 778 2773 831 !
2806 778 2905 844 Qui
2949 782 3170 837 animam
3204 799 3349 840 suam
3383 769 3512 845 amat
3532 836 3548 858 ,
3589 815 3680 865 ραν-

2147 862 2229 915 det
2250 864 2409 933 illam
2433 881 2455 929 ;
2490 876 2538 920 et
2558 869 2647 937 qui
2672 871 2943 939 perdiderit
2967 876 3187 930 animam
3212 894 3357 933 suam
3388 896 3573 954 propter
3590 862 3678 957 datr,

2146 953 2198 1007 in
2245 957 2399 1010 vitam
2440 967 2677 1013 cateruam
2724 963 2939 1019 inveniet
2982 968 3140 1021 illam.
3176 968 3268 1026 Sic
3310 953 3580 1033 armandas

2145 1057 2352 1102 amator
2375 1049 2612 1117 justitiae.
2656 1055 2735 1109 sic
2779 1057 3069 1113 armandas
3101 1071 3183 1115 est
3210 1075 3416 1119 amator
3449 1066 3683 1127 invisibilis

2144 1137 2568 1205 pulchritudinis.
2630 1144 2757 1209 Quae
2783 1147 2896 1201 dico
2925 1147 3060 1203 vobis
3102 1151 3156 1205 in
3201 1149 3435 1221 tenebris,
3479 1159 3609 1214 dicite
3641 1165 3682 1218 in

2142 1228 2338 1285 lutnine
2376 1250 2397 1298 ;
2439 1244 2485 1286 et
2522 1252 2637 1302 qum
2660 1238 2711 1290 in
2741 1252 2862 1293 aure
2882 1242 3087 1308 auditis,
3123 1258 3277 1319 super
3314 1254 3437 1301 tecta
3462 1255 3684 1321 praedicam

2146 1319 2361 1388 (Matth,
2392 1339 2449 1387 ι,
2476 1320 2570 1390 59,
2593 1326 2703 1395 27).
2745 1329 2879 1395 Quid
2907 1340 3007 1395 est,
3034 1348 3150 1401 quae
3191 1335 3306 1388 dico
3344 1319 3474 1392 vobis
3504 1342 3550 1395 in
3573 1353 3681 1397 tene-

2142 1412 2264 1477 bris,
2298 1414 2449 1468 dicite
2468 1416 2519 1468 in
2541 1417 2730 1472 tantine
2754 1420 2781 1474 .9
2814 1420 2943 1488 Quae
2966 1423 3088 1477 dico
3115 1434 3171 1480 et
3200 1426 3395 1482 auditis
3431 1442 3603 1495 mente,
3628 1435 3680 1487 di-

2141 1504 2249 1558 cite
2276 1518 2675 1573 praesumentes.
2704 1509 2772 1562 Et
2806 1512 2943 1583 quod
2969 1514 3022 1567 in
3050 1531 3174 1569 aure
3195 1517 3403 1585 auditis,
3426 1536 3563 1590 super
3584 1533 3681 1577 tecte

2146 1598 2435 1664 prtedicate.
2459 1599 2595 1665 Quid
2621 1611 2722 1665 est,
2753 1601 2818 1657 In
2843 1621 2966 1660 aure
2985 1607 3219 1663 auditis?
3254 1609 3313 1663 in
3353 1622 3547 1668 secreto
3567 1618 3682 1671 audi-

2149 1690 2254 1755 tis;
2303 1692 2424 1759 quia
2460 1693 2695 1762 profiteri
2740 1703 2795 1749 et
2819 1697 3060 1753 confiteri
3112 1700 3292 1757 adhuc
3335 1704 3538 1759 timetis.
3576 1708 3680 1776 Quid

2146 1789 2226 1833 est
2279 1795 2434 1851 ergo,
2487 1782 2659 1854 Super
2695 1795 2822 1839 tecta
2872 1789 3147 1857 pra’dicale
3184 1792 3212 1845 2
3259 1793 3453 1847 Domus
3509 1808 3679 1863 vestra,

2142 1884 2372 1938 corpora
2394 1882 2569 1927 vestra
2617 1890 2632 1938 ;
2671 1875 2860 1931 domus
2909 1890 3123 1946 vasum,
3157 1896 3350 1936 carnes
3380 1895 3570 1938 vestrae.
3602 1889 3681 1941 As-

2145 1961 2314 2015 cende
2346 1961 2647 2030 intectum,
2672 1967 2835 2023 calca
2865 1983 3105 2039 carnem,
3150 1984 3204 2028 et
3236 1976 3458 2043 prmdica
3483 1980 3679 2034 verbum.

2216 2071 2442 2129 CAPUT
2472 2075 2600 2131 VIII.
2619 2079 2751 2136 ——9.
2789 2080 2869 2135 Ea:
2887 2080 2996 2136 Deo
3026 2095 3117 2149 est,
3146 2087 3191 2138 si
3211 2089 3333 2156 quid
3342 2090 3543 2159 justitia:
3566 2093 3682 2149 habe-

2146 2180 2273 2217 mus.
2299 2166 2402 2219 Sed
2434 2169 2600 2236 prius,
2637 2169 2831 2226 fratres
2859 2175 2986 2240 mei,
3016 2175 3255 2247 plangite
3294 2181 3427 2249 quod
3458 2184 3615 2249 eratis,
3639 2196 3680 2238 ut

2147 2255 2287 2322 quod
2319 2257 2551 2311 nondum
2600 2261 2749 2327 estis,
2793 2276 2911 2317 esse
2934 2266 3170 2332 possitis.
3222 2268 3333 2323 [ioc
3368 2272 3499 2340 quod
3530 2273 3681 2344 loquor

2149 2361 2395 2415 ntagnum
2424 2359 2524 2404 est.
2554 2350 2623 2405 Et
2651 2353 2789 2408 unde
2817 2356 2968 2411 nobis
2997 2373 3252 2428 magnum
3275 2361 3299 2414 Ἰ
3325 2362 3578 2418 Summum
3600 2379 3676 2431 est,

2148 2436 2439 2504 perfectum
2490 2450 2590 2503 est.
2640 2444 2896 2512 optimum
2950 2456 3075 2503 est‘:
3103 2440 3250 2505 unde
3295 2453 3489 2509 nobis?
3534 2457 3678 2512 Audite

2148 2526 2287 2581 unde
2335 2529 2489 2583 nobis
2536 2548 2548 2584 :
2595 2530 2962 2590 Omne'datnm
2990 2540 3238 2607 optimum
3268 2554 3314 2596 et
3354 2562 3491 2599 omne
3530 2548 3676 2600 donum

2147 2618 2420 2688 perfectura
2468 2621 2727 2705 desursmn
2753 2637 2843 2693 est,
2872 2629 3182 2687 descendens
3221 2652 3254 2688 a
3282 2634 3432 2692 Patre
3457 2641 3675 2705 luminum,

2146 2712 2284 2783 apud
2315 2730 2459 2784 quem
2486 2732 2586 2771 non
2619 2727 2690 2772 est
2730 2726 3098 2791 transmutatio,
3151 2742 3247 2781 nec
3290 2734 3511 2785 momenti
3543 2734 3677 2785 obum-

2147 2803 2304 2857 bratio
2332 2804 2531 2887 (Jacobi
2560 2824 2596 2873 l,’
2630 2810 2734 2881 l7).
2771 2811 2896 2883 inde
2928 2826 3008 2870 est
3046 2818 3193 2887 quod
3228 2810 3473 2876 habemus
3499 2823 3674 2885 bonum.

2144 2893 2267 2950 inde
2306 2900 2551 2968 estquod
2601 2903 2831 2958 nondum
2872 2905 3149 2965 habemus.
3186 2913 3300 2968 Non
3343 2914 3572 2970 habetis?
3600 2915 3677 2970 Pe-

2145 2988 2251 3053 tite,
2280 2999 2326 3042 et
2363 2993 2635 3060 accipietis.
2667 2995 2729 3049 Si
2765 3000 2970 3083 voshait
3005 3000 3274 3071 Salvator,
3303 3007 3343 3059 si
3369 3024 3448 3061 vos
3471 3025 3567 3060 cum
3594 3010 3676 3061 sitis

2144 3079 2285 3144 mali,
2334 3083 2489 3136 nostis
2526 3084 2654 3163 bona
2690 3086 2810 3140 data
2836 3079 2959 3142 dare
2981 3092 3101 3160 [iliis
3138 3098 3364 3162 vestris;
3400 3109 3566 3167 quanto
3591 3116 3675 3151 ma-

2143 3169 2219 3237 gis
2286 3169 2441 3225 l’ater
2491 3185 2647 3228 vester
2701 3179 2909 3233 cwleslis
2968 3182 3106 3236 dabit
3164 3188 3299 3241 bona
3352 3190 3596 3257 petentibus
3637 3204 3675 3242 tt

2142 3260 2357 3331 (Matth.
2388 3281 2478 3328 vn,
2509 3268 2561 3333 '7,
2595 3269 2679 3340 Η)
2710 3269 2734 3322 ?
2782 3272 3061 3329 Examinct
3098 3292 3159 3332 se
3202 3283 3507 3351 ergoomnis
3531 3282 3671 3348 homo,

2141 3363 2194 3406 et
2222 3353 2474 3424 quidquid
2515 3358 2566 3411 in
2611 3372 2669 3414 se
2696 3360 2817 3415 boni
2863 3364 3146 3433 invenerit,
3192 3372 3332 3442 quod
3374 3376 3603 3443 pertineat
3623 3373 3671 3427 ad

2136 3444 2567 3514 justificatiooem
2612 3463 2868 3523 nostram,
2919 3468 3040 3528 agat
3065 3464 3272 3532 gratias
3311 3466 3381 3520 illi
3417 3467 3498 3537 qui
3524 3467 3669 3531 dedit;

2140 3548 2196 3590 et
2230 3541 2434 3609 agendo
2474 3545 2671 3613 gratias
2714 3546 2786 3601 illi
2814 3550 2902 3619 qui
2927 3551 3092 3619 dedit,
3121 3555 3197 3610 ab
3229 3558 3317 3613 illo
3343 3569 3476 3630 petat
3499 3569 3545 3614 et
3564 3559 3669 3628 quod

2142 3631 2373 3687 nondum
2400 3635 2561 3690 dedit.
2586 3637 2700 3692 Non
2732 3644 2872 3695 enim
2912 3645 3037 3699 tuin
3069 3650 3379 3721 accipiendo
3409 3656 3608 3724 proficis,
3630 3664 3669 3706 et

2095 3782 2099 3786 ι
2141 3720 2230 3777 ille
2270 3724 2320 3777 in
2351 3724 2527 3781 dando
2573 3728 2770 3804 deﬁcit.
2816 3733 3215 3801 Quantumlibet
3251 3720 3466 3814 capaces
3510 3745 3666 3810 fauces,

2139 3826 2385 3882 capacem
2413 3826 2650 3873 ventrem
2681 3821 2871 3878 afferas
2899 3840 2913 3888 ;
2954 3826 3070 3882 fons
3095 3830 3267 3887 vincit
3293 3835 3557 3890 sitientem.

2546 3912 2553 3929 ‘
2634 3933 2861 3990 SERMO
2907 3938 3042 3994 (:Lx
3070 3946 3087 3963 ο
3122 3940 3221 4015 (α).

2138 4040 2215 4096 De
2241 4044 2398 4098 verbis
2416 4045 2664 4113 Apostoli,
2686 4047 2715 4101 1
2748 4049 2863 4104 Cor.
2897 4068 3011 4121 cap.
3036 4071 3052 4108 t
3074 4095 3089 4120 ,
3120 4056 3215 4123 3i,
3244 4059 3340 4128 Qui
3368 4062 3605 4130 gloriatur,
3624 4061 3661 4114 la

2209 4134 2432 4191 Domino
2485 4138 2757 4207 glorietur.
2810 4141 2879 4195 Et
2919 4145 2982 4198 de
3028 4162 3173 4203 versu
3219 4150 3411 4207 Psatmi
3456 4152 3659 4217 111,2,

2210 4226 2262 4279 In
2294 4236 2379 4281 tua
2409 4230 2610 4298 justitia
2638 4247 2765 4288 erue
2788 4250 2892 4301 me,
2932 4247 2983 4291 et
3008 4241 3183 4296 exime
3208 4259 3296 4299 me
3334 4245 3425 4318 (tt).

2201 4357 2249 4409 ί.
2278 4357 2532 4414 Gloriatur
2579 4362 2741 4437 homo,
2771 4366 2823 4418 in
2868 4365 3104 4436 Domino,
3136 4390 3236 4428 non
3271 4376 3321 4428 in
3356 4394 3445 4430 sua
3477 4376 3655 4448 justitia.

2132 4446 2398 4504 Admouiti
2454 4453 2522 4506 ab
2575 4446 2832 4524 Aposfolo
2887 4474 3106 4528 sumus,
3175 4476 3233 4518 ut
3285 4471 3375 4535 qui
3420 4446 3654 4538 gloriatur,

2128 4538 2180 4590 in
2234 4539 2450 4594 Domino
2509 4547 2789 4615 glorietur;
2846 4549 2999 4622 eique
3057 4553 3281 4609 Domino
3339 4560 3653 4619 cantavimus,

2131 4628 2194 4682 In
2232 4640 2317 4684 tua
2352 4634 2553 4703 justitia
2595 4654 2712 4693 erue
2759 4657 2854 4703 me,
2905 4651 2952 4696 et
2987 4646 3146 4700 exime
3184 4666 3278 4703 me.
3311 4650 3416 4706 [ioc
3454 4662 3526 4706 est
3556 4663 3653 4718 ergo

2128 4723 2178 4775 iu
2211 4724 2433 4781 Domino
2474 4729 2723 4799 gloriari,
2772 4749 2876 4787 nou
2918 4737 2969 4789 in
3012 4752 3139 4806 sua,
3190 4741 3280 4795 scd
3311 4744 3359 4796 in
3397 4743 3499 4813 ejus
3524 4741 3650 4811 justi-

2127 4816 2196 4866 tia
2248 4816 2483 4885 gloriari.
2526 4821 2649 4876 llaec
2683 4833 2860 4878 autem
2903 4826 3106 4895 justitia
3162 4830 3310 4886 latuit
3359 4849 3447 4887 eos
3486 4834 3558 4902 qui
3600 4830 3650 4885 de

2124 4923 2216 4961 sua
2258 4910 2459 4977 justitia
2486 4914 2794 4983 gloriantur.
2829 4918 2895 4971 Et
2925 4920 3025 4976 hoc
3069 4926 3294 4980 maxime
3319 4928 3489 4981 vitium
3515 4941 3648 4996 appi-

2122 4998 2227 5052 ruit
2259 5000 2308 5054 in
2358 5001 2554 5057 Judaris
2601 5021 2792 5061 novum
2825 5008 3218 5070 Testamentum
3246 5018 3576 5072 recusantibus
3607 5023 3645 5067 et

2122 5090 2172 5142 in
2222 5099 2403 5148 vetere
2453 5096 2663 5150 homine
2707 5104 3124 5161 remanentibus.
3177 5106 3384 5163 Frustra
3427 5118 3475 5162 et
3508 5105 3619 5160 infttt

2118 5193 2301 5239 ctuose
2350 5186 2400 5239 in
2428 5188 2539 5243 suis
2573 5189 2846 5246 codicibus
2879 5193 3115 5265 legerant
3140 5212 3294 5269 atque
3329 5205 3637 5259 cantaverunt.

2117 5271 2184 5324 In
2214 5282 2298 5326 tua
2322 5275 2521 5343 justitia
2551 5295 2667 5332 erue
2690 5297 2785 5335 me.
2817 5281 3116 5353 lgnorantes
3141 5291 3265 5373 enim
3292 5288 3384 5344 Dei
3394 5290 3624 5360 justitiam,

2117 5372 2163 5414 ct
2196 5380 2340 5419 suam
2374 5368 2586 5423 volentes
2620 5377 2934 5442 constituere,
2951 5368 3165 5447 justitia:
3183 5368 3277 5435 Dei
3301 5399 3394 5435 non
3418 5391 3519 5434 sunt
3546 5378 3631 5431 sat»

2178 5522 2195 5540 ‘
2218 5523 2421 5575 Collatus
2442 5525 2500 5581 ad
2524 5527 2605 5577 bd.
2631 5529 2681 5579 tl.
2706 5543 2783 5593 gr.
2811 5540 2863 5583 et
2881 5539 2987 5583 Lor.

2110 5606 2417 5719 adﬂigi“,
2458 5612 2507 5660 Η
2549 5614 2677 5664 inter
2716 5615 2872 5665 editos
2909 5632 2970 5669 οἵ
3003 5621 3197 5684 maioris
3224 5620 3465 5669 Carthasim
3494 5622 3624 5662 aratu-

2173 5728 2244 5837 (ἔγ
2267 5734 2478 5783 Meminit
2498 5736 2735 5787 Possidius
2766 5742 2816 5791 in
2847 5740 3069 5804 lodicula,
3103 5756 3204 5807 cap.
3225 5741 3272 5801 9,
3306 5741 3494 5801 citatqae
3518 5731 3624 5782 Beda

2188 5796 2217 5837 F
2236 5805 2351 5837 oms
2373 5794 2430 5837 ad
2463 5794 2608 5837 (tam-
2636 5812 2695 5837 ιιι

2112 5795 2163 5838 et
2188 5794 2351 5843 Florus
2373 5794 2430 5841 ad
2463 5794 2608 5847 calet.
2636 5812 2695 5847 νι.
