3850 6188
117 303 212 358 8ῖό

109 429 233 507 jerti.
279 425 452 482 Nemo
489 435 620 496 ergo
659 433 910 494 tanquam
939 421 1005 478 de
1045 435 1140 476 sua
1177 418 1379 490 justitia
1405 417 1682 488 glorietur,

115 519 303 576 «iamsi
340 518 520 589 justus
563 527 664 573 est.
714 517 790 571 De
835 530 928 570 sua
959 514 1151 583 quippe
1198 510 1398 581 jnstitia
1441 508 1681 579 glorianti

113 613 302 668 dictum
324 595 412 664 es’t
439 627 453 663 :
478 609 612 676 Quid
630 609 763 663 enim
785 607 936 661 habes
960 605 1094 676 quod
1121 621 1219 658 non
1241 603 1478 670 accepisti
1508 600 1546 671 (I
1563 601 1680 654 Cor.

113 722 175 769 tv,
210 703 262 774 7)
300 703 326 756 Υ
349 702 494 771 Ergo
516 701 604 771 qui
630 701 898 772 gloriatur,
933 699 986 752 in
1014 697 1232 750 Domino
1259 695 1520 766 glorietur.
1549 691 1682 758 Quid

115 798 235 854 enim
276 795 544 859 securius,
588 807 746 864 quam
780 792 830 845 in
866 790 959 844 illo
992 787 1232 860 gloriari,
1274 786 1339 841 de
1368 799 1476 854 quo
1524 797 1683 838 nemo

116 897 264 959 potes:
303 886 528 940 omnino
563 883 812 940 confundi
841 882 864 936 ?
893 881 1023 936 Nam
1055 880 1099 934 si
1135 878 1392 950 gloriatus
1440 874 1602 931 fueris
1632 874 1683 928 in

118 979 331 1044 homine,
378 985 556 1048 potest
575 975 797 1030 inveniri
820 972 1016 1044 aliquid
1043 973 1095 1028 in
1124 970 1360 1031 homine,
1389 967 1496 1022 imo
1521 965 1682 1020 multa

120 1069 320 1125 inveniri
362 1075 590 1139 possunt
628 1066 681 1120 in
722 1064 958 1127 homine,
997 1062 1064 1119 de
1103 1061 1295 1132 quibus
1328 1056 1686 1114 confundatur

111 1150 188 1231 ξιιιί
229 1163 281 1216 in
325 1161 422 1216 illo
453 1160 731 1230 gloriatur.
767 1157 900 1212 Cum
927 1166 1104 1210 autem
1141 1152 1293 1209 audis
1319 1166 1423 1206 non
1471 1163 1590 1204 esse
1631 1148 1682 1202 in

112 1237 314 1322 ihnmine
354 1250 714 1322 gloriandum,
749 1249 929 1318 utique
956 1261 1054 1302 nec
1079 1246 1129 1300 in
1173 1253 1225 1299 te
1257 1261 1270 1297 :
1304 1259 1408 1296 non
1453 1240 1595 1296 enim
1628 1249 1682 1294 tu

111 1317 204 1396 ’aon
244 1317 426 1396 homo.
469 1340 524 1396 Si
563 1355 690 1409 ergo
715 1317 962 1410 gloriaris
988 1337 1040 1390 in
1070 1345 1140 1400 te,
1171 1334 1222 1388 itt
1247 1332 1463 1387 homine
1487 1329 1684 1400 gloria-

112 1420 216 1487 ;ris:
259 1443 311 1488 et
338 1433 442 1487 hoc
470 1441 554 1486 est
577 1431 790 1486 stultius
817 1438 872 1484 et
897 1425 1298 1483 exsecrabilius.
1329 1423 1460 1490 Quia
1489 1421 1533 1475 si
1573 1420 1685 1490 glo-

122 1525 265 1578 tiatus
287 1523 452 1577 fueris
481 1523 532 1576 in
566 1521 779 1575 homine
808 1519 955 1588 justo
975 1517 1152 1588 aliquo
1181 1515 1265 1570 vel
1292 1514 1398 1568 alio
1423 1511 1681 1581 sapiente,

123 1615 192 1670 dle
218 1631 322 1670 non
354 1615 406 1669 in
431 1629 492 1668 se
511 1615 768 1684 gloriatur
795 1613 848 1666 in
873 1626 978 1680 quo
1017 1619 1070 1665 tu
1101 1607 1345 1679 gloriaris
1375 1622 1389 1670 ;
1428 1614 1482 1659 tu
1508 1611 1684 1657 autem

122 1709 156 1762 si
187 1709 238 1762 in
283 1715 334 1762 te
367 1705 632 1776 gloriaris,
661 1720 765 1758 non
805 1703 1040 1772 sapiens,
1068 1715 1173 1754 non
1210 1699 1384 1768 justus
1407 1711 1502 1751 es:
1533 1695 1576 1748 si
1595 1709 1688 1746 au-

123 1808 212 1853 tem
241 1814 340 1852 non
381 1805 598 1867 oportet
638 1796 693 1850 in
721 1794 936 1850 homine
963 1792 1204 1862 sapiente
1241 1788 1482 1859 gloriari,
1521 1786 1687 1840 multo

125 1891 279 1944 minus
305 1897 515 1959 oportet
540 1888 592 1942 in
619 1886 900 1956 insipiente
927 1883 1164 1955 gloriari.
1212 1881 1311 1949 Qui
1351 1887 1531 1934 autem
1576 1877 1689 1947 glo-

123 1982 272 2034 riatur
307 1981 470 2045 inse,
522 1979 574 2032 in
616 1977 898 2048 insipiente
939 1975 1219 2046 gloriatur.
1255 1973 1333 2028 Eo
1378 1972 1520 2027 enim
1572 1970 1687 2038 ipso

126 2075 359 2144 insipiens
399 2071 754 2133 convincitur,
786 2071 908 2142 quia
937 2068 989 2123 in
1015 2083 1072 2123 se
1098 2069 1213 2137 ipso
1238 2065 1513 2136 gloriatur.
1547 2062 1688 2131 Ergo

126 2167 197 2234 qui
234 2165 489 2235 gloriatur,
526 2163 581 2217 in
621 2162 836 2216 Domino
865 2160 1126 2232 glorietur.
1168 2157 1306 2212 Nihil
1333 2157 1515 2220 tutius,
1558 2153 1686 2208 nihil

126 2259 360 2312 securius.
409 2257 466 2312 Si
514 2263 684 2326 potes,
731 2253 895 2308 habes
923 2251 1063 2322 quod
1089 2247 1478 2321 apprehendas,
1509 2246 1559 2300 in
1589 2245 1690 2299 Do-

129 2352 256 2405 mino
298 2351 551 2421 gloriatus
602 2364 708 2402 non
754 2344 1116 2402 confunderis.
1167 2343 1280 2397 Non
1323 2341 1464 2396 enim
1492 2336 1688 2407 aliquid

129 2439 534 2511 reprehensionis
579 2437 800 2493 inveniri
841 2445 1014 2507 potest
1040 2435 1094 2490 in
1123 2434 1234 2499 illo,
1266 2433 1318 2486 in
1361 2445 1466 2501 quo
1491 2428 1658 2500 gloria

130 2535 211 2587 ris.
252 2536 319 2590 Ac
355 2549 449 2604 per
474 2532 581 2588 hoc
617 2541 670 2586 et
711 2532 798 2586 ille
823 2530 912 2601 qui
940 2545 1045 2584 non
1077 2528 1304 2588 diccbat,
1346 2524 1402 2580 In
1444 2538 1561 2578 mea
1609 2522 1693 2592 ju-

130 2625 252 2679 stitia
279 2641 400 2680 erue
429 2639 514 2679 me
543 2641 557 2689 ;
583 2624 699 2689 sed,
719 2621 782 2677 1η
805 2632 894 2675 tua
909 2621 1110 2691 justitia
1133 2633 1249 2674 erue
1269 2633 1348 2671 me
1374 2632 1392 2670 :
1419 2619 1520 2672 hoc
1546 2613 1694 2685 prius

132 2719 260 2782 dixit,
290 2717 353 2772 In
388 2727 436 2772 te
475 2717 694 2788 speravi,
740 2714 973 2780 Domine,
1006 2729 1105 2766 non
1142 2707 1428 2782 confundor
1455 2709 1508 2764 in
1539 2715 1692 2763 atter-

133 2827 236 2861 uunt
259 2808 424 2879 (Psal.
459 2825 592 2874 Lxx,
628 2809 702 2878 l).

190 2900 423 2956 2.1udtei
463 2901 685 2972 propriae
713 2899 930 2970 justitiat
956 2896 1218 2967 'opinioue
1244 2893 1500 2950 excazcati.
1530 2889 1695 2948 Num-

136 2993 240 3064 quid
267 2995 401 3049 enim
446 2993 588 3047 aliud
620 3001 733 3056 est,
787 2991 840 3045 iu
872 3005 977 3060 quo
1007 2997 1318 3054 erraverunt
1345 2985 1550 3050 induti,
1603 2991 1696 3039 aut

137 3102 224 3156 quo
269 3090 368 3143 alio
414 3087 544 3141 vitio
596 3087 664 3140 ab
707 3084 1013 3155 evangelica
1058 3082 1228 3153 gratia
1271 3088 1519 3136 extorres
1570 3075 1692 3133 facti

138 3188 256 3241 sunt,
280 3179 376 3233 nisi
407 3193 514 3233 uno
539 3177 632 3232 illo
659 3176 727 3232 de
757 3191 862 3247 quo
888 3174 1178 3245 Apostolus
1205 3187 1310 3227 non
1342 3171 1526 3238 tacuit,
1552 3167 1695 3241 quod

141 3271 273 3338 paulo
312 3282 434 3327 ante
461 3269 926 3327 commemoravi?
969 3267 1362 3329 Testimonium,
1392 3264 1563 3335 inquit
1582 3306 1595 3326 ,
1623 3263 1695 3316 eis

139 3362 376 3430 perhibco,
414 3364 533 3434 quia
577 3361 744 3417 zelum
774 3359 870 3414 Dei
907 3359 1124 3426 habent,
1155 3356 1247 3413 sed
1288 3373 1389 3411 non
1423 3355 1696 3410 secundum

140 3453 387 3507 scientiam.
433 3452 536 3509 Ubi
592 3451 864 3516 laudavit,
915 3451 1074 3506 etiam
1128 3448 1489 3520 reprehendit.
1545 3445 1697 3502 Unde

139 3559 246 3616 ergo
271 3546 340 3601 illi
380 3545 596 3601 vitiosi?
621 3544 755 3613 Quia
793 3544 972 3614 utique
1001 3543 1240 3614 quamvis
1269 3541 1441 3595 zelum
1475 3539 1568 3593 Dei
1598 3539 1694 3592 ha-

140 3642 298 3711 beant,
327 3661 430 3700 non
471 3643 767 3700 secundum
809 3641 1112 3697 scientiam.
1145 3638 1214 3692 Et
1260 3636 1408 3708 quasi
1449 3634 1696 3690 consule-

140 3751 290 3791 remus
315 3737 622 3807 Apostolum
641 3777 656 3802 ,
696 3743 752 3790 et
786 3734 1094 3789 diceremus
1117 3773 1129 3794 ,
1158 3729 1294 3796 Qu'd
1337 3736 1421 3782 est
1449 3725 1589 3796 quod
1617 3725 1698 3780 di-

141 3828 258 3895 xisti,
281 3845 378 3884 non
408 3828 702 3886 secundum
727 3823 1038 3882 scientiam?
1060 3823 1189 3890 Qua:
1213 3829 1294 3876 est
1323 3819 1420 3874 ista
1450 3818 1691 3882 scientia,

139 3937 271 3990 quam
300 3924 371 3977 illi
394 3939 500 3978 non
529 3921 760 3987 habent,
798 3919 887 3990 qui
917 3927 1091 3972 tamen
1137 3914 1309 3969 zelum
1338 3913 1427 3966 Dei
1460 3910 1696 3966 habent?

139 4015 278 4078 Quam
320 4016 597 4070 scientiam
642 4027 746 4067 non
796 4010 1027 4072 habent,
1074 4007 1155 4061 vis
1200 4005 1424 4060 audire?
1472 4002 1697 4057 Attende

139 4107 252 4173 quod
297 4111 533 4178 sequitur
581 4124 595 4160 :
644 4103 948 4175 lgnaranles
1003 4100 1135 4153 enim
1179 4097 1283 4163 Dei
1317 4095 1604 4166 justitiam,
1651 4105 1696 4147 ct

139 4212 255 4249 suam
284 4200 498 4251 volentes
541 4195 877 4260 cons'ituere,
914 4190 1132 4264 justitiaz
1171 4187 1268 4242 Dei
1293 4202 1392 4239 non
1421 4192 1537 4238 sunt
1575 4183 1696 4236 sub-

135 4287 233 4355 jccti
259 4289 426 4361 (fiam.
462 4304 533 4353 ιι,
570 4287 660 4358 5).
693 4285 748 4341 Si
792 4298 919 4354 ergo
945 4281 1118 4336 zelum
1167 4277 1258 4334 Dei
1290 4277 1487 4338 habes,
1537 4283 1591 4327 et
1619 4275 1698 4328 vis

139 4380 306 4437 habere
349 4381 642 4438 secundum
687 4379 964 4434 scientiam
987 4417 1002 4443 ,
1034 4383 1090 4430 et
1127 4372 1392 4450 pertinere
1415 4367 1483 4424 ad
1514 4367 1701 4422 Testa-

138 4487 344 4529 mentum
377 4489 574 4529 novum
594 4520 607 4538 ,
640 4471 705 4527 ad
738 4469 877 4540 quod
908 4467 1077 4523 Judaei
1120 4472 1401 4536 prepterea
1434 4461 1700 4531 pertinuere

138 4581 222 4620 non
251 4576 533 4639 polttcrltttl
557 4608 570 4629 ,
606 4565 727 4636 quia
757 4562 927 4616 zelum
958 4561 1048 4614 Dei
1077 4574 1182 4613 non
1207 4555 1498 4612 secundum
1519 4554 1693 4610 scien-

139 4657 242 4711 liam
300 4659 628 4718 habuerunt;
693 4667 925 4725 agnosce
978 4650 1072 4705 Dei
1123 4647 1412 4720 justitiam,
1477 4656 1531 4699 et
1591 4644 1699 4698 noli

136 4755 258 4800 tuam
292 4748 426 4803 velle
452 4746 778 4802 constituere
821 4743 957 4796 hanc
995 4740 1194 4809 ipsam,
1235 4737 1278 4792 si
1309 4751 1467 4806 quam
1491 4733 1651 4787 habes
1685 4749 1698 4786 :

135 4841 167 4891 si
198 4841 323 4896 bene
349 4839 486 4895 vivis
507 4881 520 4902 ,
554 4839 598 4892 si
631 4844 892 4907 prcccepta
934 4831 1024 4886 Dei
1053 4830 1211 4893 facis,
1241 4827 1347 4881 noli
1373 4835 1516 4880 tuum
1545 4834 1700 4894 puta-

135 4944 214 4992 re;
242 4930 336 4986 hoc
376 4941 460 4986 est
495 4929 637 4984 enim
683 4926 818 4981 velle
859 4938 1007 4979 suam
1052 4919 1309 4991 justitiam
1355 4915 1699 4972 constituere.

58 5032 70 5046 ‘
137 5023 358 5092 Agnosco
400 5039 428 5078 a
484 5039 589 5093 quo
636 5019 907 5089 acceperis
954 5022 1008 5071 ct
1057 5013 1221 5067 habes
1259 5010 1398 5082 quod
1430 5007 1700 5078 accepisti.

135 5112 236 5169 Non
262 5117 398 5171 enim
448 5117 644 5176 habes,
687 5111 827 5183 quod
871 5126 974 5163 non
1004 5103 1278 5174 accepisti.
1313 5102 1374 5156 Si
1420 5111 1586 5154 autem
1617 5116 1702 5152 ac-

135 5207 294 5276 cepisti
312 5249 324 5269 ,
355 5206 478 5276 quid
514 5205 750 5276 gloriaris
770 5244 784 5266 ,
823 5199 966 5270 quasi
996 5214 1095 5251 non
1125 5193 1377 5263 acceperis
1398 5190 1436 5259 (l
1462 5189 1576 5244 Cor.
1608 5205 1661 5244 tv
1687 5231 1702 5254 ,

136 5296 220 5362 7)?
256 5297 383 5353 Cum
411 5299 552 5352 enim
589 5294 866 5366 gloriaris,
900 5289 1051 5360 quasi
1091 5304 1196 5341 non
1223 5282 1521 5352 acceperis,
1571 5281 1624 5334 in
1656 5290 1707 5332 te

136 5386 366 5451 gloriaris
409 5405 421 5440 :
464 5398 518 5441 ct
547 5387 633 5440 ubi
664 5393 749 5440 est
768 5425 782 5449 ,
818 5382 919 5447 Qui
944 5380 1193 5451 gloriatur
1212 5417 1226 5439 ,
1270 5375 1320 5428 in
1351 5373 1567 5426 Domino
1593 5372 1706 5440 glo-

137 5477 327 5534 rietttr?
358 5478 548 5533 Datum
577 5486 698 5531 tene
722 5515 738 5541 ,
771 5472 864 5528 sed
889 5471 1127 5526 datorem
1157 5479 1406 5532 agnosce.
1452 5462 1706 5532 Spiritum

139 5580 280 5623 suum
310 5586 366 5624 sc
407 5570 654 5625 daturum
680 5583 799 5620 cum
842 5565 1172 5635 promitteret
1195 5559 1485 5614 Dominus:
1517 5555 1577 5609 Si
1600 5554 1711 5625 quis

140 5661 263 5725 sitit,
292 5663 488 5733 inquit,
520 5662 684 5715 veniat
703 5659 771 5712 ad
806 5675 884 5711 me
903 5700 917 5722 ,
949 5667 994 5711 et
1022 5655 1175 5709 bibat.
1216 5655 1313 5717 Qui
1340 5651 1494 5703 credit
1522 5650 1572 5701 in
1595 5664 1671 5700 me
1693 5687 1708 5712 ,

145 5751 343 5818 ﬁumina
366 5768 514 5826 aqua:
537 5753 659 5806 viva:
686 5751 842 5816 ﬂuent
871 5748 934 5802 de
953 5756 1119 5801 ventre
1138 5745 1246 5815 ejus
1277 5742 1452 5815 (loan.
1485 5756 1555 5796 Vll
1577 5779 1592 5806 ,
1615 5740 1707 5808 37,

381 5859 650 5919 Parnm.
697 5847 1052 5910 XXXVIII.

1514 299 1741 356 διεκιιο
1781 291 1933 356 (τις.

3284 311 3382 369 874

1793 414 1906 486 38).
1937 416 2088 474 Unde
2133 421 2184 475 in
2215 431 2263 476 te
2308 421 2408 478 hoc
2434 424 2665 482 ﬂumen?
2697 425 2998 482 Recordare
3027 434 3170 482 tuam
3201 427 3379 497 pristi-

1795 521 1915 574 nam
1946 509 2257 567 siceitatem.
2304 512 2412 568 Nisi
2453 517 2593 570 enim
2639 518 2813 571 siccus
2841 516 3066 584 fuisses,
3099 534 3204 572 non
3235 519 3376 574 sitis-

1791 611 1880 652 ses
1911 601 1988 654 :si
2043 617 2146 657 non
2189 603 2425 671 sitisses,
2453 622 2558 662 non
2600 607 2843 664 bibisses.
2873 609 3009 676 Quid
3035 617 3146 676 est,
3197 610 3240 665 si
3271 627 3373 664 non

1792 692 2032 759 sit-isses,
2066 709 2168 749 non
2208 697 2465 753 bibisscs?
2493 699 2602 754 Nisi
2637 710 2690 756 tu
2724 712 2773 757 te
2800 702 3011 758 inanem
3039 702 3334 758 invenisses
3361 746 3372 767 ,

1791 783 1845 838 in
1897 784 2167 842 Christum
2227 804 2332 844 non
2394 790 2732 847 credidisses.
2786 795 3084 865 Antequam
3136 793 3372 860 diceret,

1791 877 2000 944 [Iuntina
2036 894 2182 947 aqua
2205 880 2328 935 viva:
2355 882 2513 950 ﬂuent
2542 883 2604 936 de
2647 894 2813 939 ventre
2855 889 3001 957 ejus;
3030 887 3173 955 prius
3203 885 3335 941 dixit
3357 928 3373 948 ,

1791 965 1981 1036 Siquis
2000 968 2104 1022 sitit
2124 1011 2137 1033 ,
2163 971 2324 1024 veniat
2350 982 2396 1026 et
2422 973 2572 1027 bibat.
2599 974 2721 1030 Ideo
2750 975 2942 1031 flumen
2975 976 3196 1032 habebis
3224 992 3376 1047 aqua:

1791 1055 1922 1110 viva:
1943 1099 1956 1121 ,
1986 1059 2106 1128 quia
2147 1059 2282 1115 bibis
2317 1079 2330 1115 :
2365 1078 2469 1116 non
2503 1064 2664 1132 bibis,
2697 1062 2745 1121 si
2777 1082 2880 1120 non
2909 1065 3026 1120 sitis
3060 1085 3073 1119 :
3108 1066 3156 1120 si
3196 1075 3372 1120 autem

1790 1146 2026 1212 sitiehas,
2052 1165 2215 1219 quare
2247 1161 2495 1221 tanquam
2523 1153 2592 1208 de
2627 1165 2717 1210 tuo
2746 1155 2960 1211 flumine
2988 1155 3202 1226 gloriari
3229 1155 3374 1211 vole-

1792 1237 1924 1293 bas?
1951 1240 2090 1311 Ergo
2117 1243 2203 1313 qui
2227 1245 2471 1313 gloriatur
2490 1290 2504 1313 ,
2533 1248 2584 1302 in
2610 1248 2825 1303 Domino
2865 1248 3126 1320 glorietur.
3304 1317 3307 1320 .

1861 1330 1915 1383 5.
1951 1330 2096 1386 Scire
2130 1334 2382 1390 Christum
2408 1340 2706 1408 cruciﬁxum
2750 1358 2933 1410 magna
2963 1341 3227 1412 sapientia.
3274 1341 3376 1395 Su-

1794 1421 1961 1490 perbia
1985 1423 2234 1480 hominem
2261 1429 2488 1497 prohibet
2515 1447 2546 1483 a
2581 1432 2682 1499 [ille
2706 1432 2757 1486 in
2784 1431 3136 1487 Christutn.-
3160 1431 3224 1484 Et
3245 1448 3336 1502 ego
3358 1474 3372 1492 ,

1792 1511 1991 1582 inquit,
2049 1519 2258 1587 fratres,
2310 1520 2507 1575 veniens
2545 1521 2614 1576 ad
2637 1523 2740 1577 "vos
2781 1523 2894 1576 veni
2939 1540 3039 1576 non
3078 1524 3130 1576 in
3163 1523 3377 1575 elatione

1791 1605 1926 1659 verbi
1952 1618 2038 1661 aut
2085 1610 2346 1680 sapientia:
2368 1655 2382 1677 ,
2412 1616 2715 1670 annuntians
2755 1617 2890 1670 vobis
2926 1616 3216 1685 mysterium
3264 1614 3374 1667 Dei.

1796 1696 1930 1751 Dicit
1958 1699 2115 1753 etiam
2146 1717 2158 1754 :
2190 1699 2454 1773 Numquid
2482 1705 2589 1760 dixi
2627 1723 2705 1760 me
2730 1708 2856 1760 scire
2889 1708 3079 1774 aliquid
3125 1709 3177 1759 in
3207 1690 3343 1759 vobis
3363 1747 3375 1765 .

1793 1788 1890 1841 nisi
1939 1787 2116 1844 Jesum
2169 1791 2421 1848 Christum
2447 1839 2461 1860 ,
2495 1806 2541 1850 et
2590 1797 2721 1850 hunc
2751 1798 3049 1865 crucifixum
3079 1795 3117 1867 (I
3149 1795 3268 1850 Cor.
3301 1811 3337 1848 ιι
3364 1837 3376 1856 .

1796 1880 1816 1932 l
1845 1920 1859 1944 ,
1890 1879 1984 1948 2)?
2010 1881 2074 1935 Et
2113 1883 2157 1937 si
2202 1883 2304 1939 hoc
2331 1886 2500 1940 solum
2543 1887 2777 1951 sciebat,
2809 1887 2939 1940 nihil
2993 1896 3076 1942 est
3113 1888 3252 1956 quod
3282 1901 3377 1940 uc-

1793 1969 2010 2025 sciebat.
2038 1972 2281 2044 Magnum
2309 1986 2390 2030 est
2419 1977 2556 2032 scire
2593 1976 2863 2032 Christum
2907 1978 3216 2032 cruciﬁxum
3249 1974 3378 2029 :sed

1793 2071 1919 2117 ante
1962 2064 2147 2132 oculos
2187 2068 2528 2134 parvulorum
2576 2077 2826 2138 tanquam
2860 2069 3153 2123 involutum
3200 2069 3378 2138 posuit

1797 2153 2126 2211 thesaurum.
2178 2157 2462 2224 Christum,
2530 2161 2731 2230 inquit,
2784 2162 3105 2230 cruciﬁxum.
3171 2161 3381 2228 Quanta

1799 2245 1956 2300 habet
1982 2247 2124 2302 intus
2164 2248 2264 2304 iste
2307 2249 2625 2304 thesaurus?
2674 2249 2878 2305 Deinde
2921 2250 3026 2304 alio
3077 2240 3381 2314 loco,'cn'm

1797 2347 2056 2392 metueret
2080 2339 2392 2408 quibusdam
2410 2382 2425 2405 ,
2459 2356 2527 2395 ne
2549 2355 2642 2410 per
2673 2340 3064 2410 phil050phiam
3087 2350 3141 2395 et
3166 2340 3377 2394 inanem

1799 2426 2059 2483 fallaciam
2091 2429 2474 2485 scduccrentur
2507 2447 2537 2486 a
2567 2431 2814 2497 ChriSto,
2855 2415 3160 2503 thesaurum
3203 2424 3376 2486 scien-

1799 2518 1885 2573 tia:
1913 2527 1967 2574 et
1991 2520 2265 2590 sapientiae
2290 2521 2383 2576 Dei
2425 2522 2666 2591 promisit
2705 2522 2756 2576 in
2780 2521 3014 2578 Christo.
3055 2521 3263 2601 Cavete,
3296 2523 3377 2576 in-

1797 2609 1942 2678 quit,
1975 2627 2038 2664 ne
2061 2611 2172 2681 quis
2215 2626 2301 2666 vos
2338 2612 2544 2666 seducet
2571 2627 2661 2682 per
2695 2611 3066 2684 philosophiam
3107 2622 3154 2667 et
3182 2615 3382 2668 inanem

1796 2701 2155 2768 seductionem,
2183 2703 2458 2758 secundum
2483 2703 2726 2758 elementa
2749 2704 2946 2771 mundi,
2977 2721 3078 2759 non
3105 2704 3383 2760 secundum

1799 2792 2049 2848 Christum
2064 2835 2079 2861 ,
2102 2798 2153 2849 in
2179 2812 2276 2866 quo
2295 2805 2410 2850 sunt
2431 2813 2601 2851 omnes
2630 2797 2852 2851 thesauri
2871 2797 3131 2866 sapientia:
3153 2807 3198 2851 et
3222 2798 3380 2852 scien‘

1799 2887 1882 2941 tice
1900 2886 2176 2941 absconditi
2203 2886 2418 2958 (Coloss.
2447 2903 2513 2954 tt,
2555 2887 2589 2942 8
2609 2929 2624 2956 ,
2659 2887 2732 2958 5).
2777 2886 3020 2944 Christus
3062 2887 3382 2951 cruciﬁxus,

1800 2979 2031 3034 thesauri
2077 2979 2351 3049 sapientia:
2399 2989 2453 3034 et
2480 2981 2716 3036 scientia:
2741 2980 3057 3035 absconditi.
3097 2979 3267 3036 Nolite
3293 2995 3384 3036 er-

1797 3086 1902 3143 go,
1948 3072 2147 3142 inquit,
2179 3072 2394 3128 nomine
2423 3072 2698 3143 sapientiae
2713 3069 2904 3142 decipi.
2935 3073 3016 3127 Ad
3053 3071 3156 3128 hoc
3183 3072 3385 3127 involu-

1799 3177 1950 3217 crum
1990 3172 2086 3217 vos
2130 3147 2419 3229 advocate,
2453 3161 2554 3216 hoc
2581 3162 2732 3217 vobis
2763 3172 2819 3216 ut
2855 3163 3160 3228 evolvatur,
3211 3171 3383 3216 orate.

1799 3253 1972 3310 Stulte
2014 3253 2171 3324 hujus
2201 3255 2382 3309 mundi
2439 3254 2785 3324 philosophe,
2838 3254 2978 3326 quod
3025 3255 3219 3324 qumris
3256 3255 3384 3308 nihil

1801 3355 1884 3400 est
1917 3363 1930 3400 :
1959 3361 2118 3416 quem
2141 3361 2247 3400 non
2277 3347 2474 3416 qumris
2503 3347 2542 3398 ¹.
2568 3345 2704 3414 Quid
2733 3345 2982 3415 prodest,
3014 3347 3134 3415 quia
3161 3347 3386 3400 multum

1800 3439 1948 3502 sitis,
1992 3447 2046 3493 et
2072 3435 2272 3494 fontem
2299 3437 2554 3493 calcando
2582 3439 2908 3508 pertransis?
2949 3438 3257 3492 Contemnis
3285 3438 3385 3491 hu-

1803 3529 2109 3591 militatem,
2142 3529 2263 3598 quia
2307 3543 2412 3582 non
2457 3528 2709 3595 intelligis
2758 3527 3113 3596 ntajestatem.
3145 3527 3205 3580 Si
3251 3528 3387 3580 enim

1802 3619 2174 3688 cognovissent,
2206 3634 2463 3686 nunquam
2503 3617 2776 3670 Dominum
2805 3617 2980 3687 gloria:
3020 3617 3386 3685 cruciﬁxisseut

1804 3710 1844 3780 (I
1872 3707 1988 3764 Cor.
2041 3725 2111 3776 tt,
2157 3708 2236 3776 8).
2267 3707 2440 3762 Jesum
2490 3707 2772 3773 Christum,
2825 3708 3021 3778 inquit,-
3063 3710 3387 3779 crucifixum.

1807 3801 1926 3856 Non
1968 3801 2075 3855 dixi
2119 3799 2311 3870 aliquid
2337 3816 2416 3852 me
2460 3800 2513 3854 in
2539 3798 2670 3853 vobis
2699 3800 2852 3863 scire,
2907 3799 3004 3854 nisi
3039 3799 3217 3854 Iesum
3242 3799 3392 3855 Chri-

1803 3905 1953 3954 stum,
2005 3900 2048 3944 et
2095 3892 2228 3943 hunc
2251 3891 2547 3957 cruciﬁxum
2597 3905 2615 3943 :
2661 3889 3008 3944 humilitatem
3039 3891 3183 3959 ejus,
3231 3906 3386 3961 quam

1803 3982 2025 4038 irrident
2049 3981 2298 4050 superbi,
2346 3992 2402 4034 ut
2437 3980 2526 4034 fiat
2569 3980 2620 4034 in
2667 3981 2776 4045 eis,
2809 3979 3092 4050 Increpasti
3120 3981 3388 4049 superbos;

1803 4074 2058 4129 maledicti
2100 4075 2228 4128 enim
2277 4073 2362 4144 qui
2401 4073 2654 4127 declinant
2703 4089 2736 4125 a
2787 4074 3038 4126 mandatis
3087 4074 3185 4127 tuis
3216 4072 3386 4144 (Psal.

1803 4181 1998 4232 cxvnt,
2049 4165 2167 4232 2|).
2223 4165 2288 4218 Et
2315 4164 2455 4233 quod
2502 4173 2584 4218 est
2629 4163 2936 4218 mandatum
2981 4162 3132 4232 ejus,
3189 4165 3288 4218 nisi
3333 4173 3388 4218 ιιι

1803 4255 2084 4311 credamus
2121 4256 2172 4309 in
2204 4270 2356 4320 cum,-
2402 4263 2459 4308 et
2503 4252 2785 4321 d.Iigamus
2833 4253 3098 4308 invicem?
3148 4253 3205 4309 In
3231 4271 3391 4324 quem

1805 4347 2119 4404 credamus?
2168 4345 2220 4398 lu
2263 4344 2530 4400 Christum
2583 4347 2912 4400 crucifixum.
2957 4345 3109 4412 Quod
3151 4363 3254 4402 non
3280 4349 3392 4402 vult

1805 4440 1990 4494 audire
2041 4438 2317 4508 superbia,
2373 4438 2476 4492 hoc
2525 4436 2705 4490 audiat
2755 4438 3034 4506 sapientia.
3083 4439 3386 4492 Mandatum

1807 4531 1920 4599 ejus
1943 4540 2024 4586 est
2050 4571 2064 4596 ,
2091 4541 2146 4583 ut
2169 4529 2448 4584 credamus
2476 4530 2525 4583 in
2549 4544 2690 4584 eum.
2718 4528 2774 4582 In
2804 4529 3004 4599 quem?
3035 4530 3090 4584 In
3118 4531 3393 4587 Christum

1807 4624 2136 4680 crucifixum.-
2170 4623 2279 4678 IIoc
2303 4633 2386 4678 est
2424 4622 2728 4677 mandatum
2756 4621 2900 4690 ejus,
2930 4631 2988 4677 ut
3030 4623 3310 4678 credamus
3342 4625 3390 4678 ia

1806 4716 2075 4771 Christum
2120 4715 2455 4770 crucifixum.
2499 4713 2610 4768 IIoe
2654 4714 2874 4767 omnino
2927 4729 2938 4765 :
2995 4713 3088 4767 sed
3135 4714 3396 4782 superbus

1810 4811 1936 4872 iste,
1984 4816 2158 4862 erecta
2190 4807 2426 4869 cervice,
2467 4804 2691 4858 tumenti
2719 4812 2962 4874 gutture,
3010 4805 3149 4858 elata
3176 4805 3350 4870 lingua
3378 4846 3391 4863 ,

1809 4903 2006 4958 inflatis
2060 4901 2240 4956 lmceis
2286 4899 2473 4954 irridet
2521 4899 2791 4953 Christum
2850 4898 3180 4953 crucifixum.
3227 4899 3392 4953 Male-
3446 4931 3453 4938 -

1811 4986 1929 5040 dicti
1983 5000 2109 5054 ergo
2152 4985 2236 5053 qui
2265 4983 2516 5036 declinant
2568 4998 2597 5033 a
2639 4981 2888 5034 mandatis
2909 4983 3025 5035 tuis.
3053 4981 3228 5049 Quare
3274 4983 3394 5036 irri-
3449 4997 3454 5004 ·

1810 5076 1964 5141 dent,-
2017 5076 2113 5128 nisi
2144 5074 2265 5143 quia
2312 5073 2470 5127 vilem
2499 5073 2807 5126 resticulam
2852 5071 3145 5126 forinsecus
3168 5072 3397 5138 circum-

1813 5169 1987 5220 datam
2019 5165 2230 5226 vident,
2261 5164 2508 5217 latentem
2541 5162 2680 5217 intus
2711 5161 3014 5216 thesaurum
3046 5177 3150 5216 non
3177 5162 3396 5217 vident?

1816 5259 1971 5313 Videt
1998 5271 2211 5311 curaeat
2233 5298 2247 5321 ,
2293 5253 2730 5326 vidctlltominem
2753 5297 2767 5319 ,
2802 5253 2942 5307 videt
2986 5267 3228 5318 eruerat,
3257 5253 3394 5308 videt

1817 5359 2072 5411 mortem,
2105 5349 2202 5402 ista
2248 5346 2562 5402 contemnit.
2613 5345 2792 5410 Mane,
2827 5346 2930 5399 noli
2979 5345 3240 5411 transire,
3291 5345 3428 5401 ttuli-

1815 5455 2100 5513 spernere,
2143 5440 2250 5494 noli
2291 5440 2562 5494 insultare.
2608 5437 2873 5506 Exspecta
2895 5479 2909 5497 ,
2938 5446 3177 5492 scrnmre
3211 5455 3226 5494 :
3254 5439 3402 5497 forte

1818 5543 1902 5589 cst
1927 5531 2127 5602 aliquid
2153 5533 2291 5585 intus
2317 5529 2456 5600 quod
2482 5539 2532 5583 le
2559 5529 2775 5581 multum
2805 5527 3052 5582 delectet.
3083 5527 3136 5583 Si
3167 5529 3404 5584 invenias

1820 5626 1954 5698 quod
2004 5626 2178 5678 oculus
2205 5639 2302 5677 non
2351 5624 2507 5684 vidit,
2559 5637 2646 5673 ntc
2676 5620 2812 5672 auris
2841 5619 3064 5685 audivit,
3098 5637 3187 5675 nec
3211 5622 3263 5675 i-t
3317 5638 3404 5677 cor

1890 5746 1902 5774 ¹
1932 5743 2012 5792 llic
2033 5737 2208 5802 aliquid
2231 5735 2376 5788 deest

2601 5817 2865 5896 (Vinql-
2884 5815 3072 5893 ltuit.)
