3910 6184
363 312 474 370 $79

370 422 612 496 agnoscis
639 441 652 476 :
677 421 766 478 sed
796 421 880 475 ille
909 435 940 474 a
968 429 1018 474 te
1037 417 1221 474 oculos
1242 430 1344 470 non
1371 411 1593 476 avet-tit,
1625 425 1731 466 non
1757 409 1822 465 ad
1842 407 1945 463 ad-

371 515 656 586 iuvandum
683 555 696 579 ,
723 511 815 565 sed
856 510 921 565 ad
967 507 1312 580 puniendum.
1360 501 1506 574 Oculi
1552 501 1694 556 enim
1744 499 1949 553 Domini

371 623 523 674 super
541 606 708 674 justas
727 641 742 665 ,
775 611 819 654 et
856 616 1003 655 aures
1029 599 1138 670 ejus
1168 599 1234 649 ad
1256 611 1430 666 preces
1454 609 1648 647 eorum.
1677 590 1949 646 Continuo

371 694 624 764 subjecit,
651 700 704 746 et
753 691 942 745 terruit
984 703 1077 744 eos
1104 687 1194 758 qui
1237 686 1338 740 sibi
1378 685 1570 738 malam
1611 682 1949 737 securitatem

370 787 595 851 dabant,
622 784 712 856 qui
757 783 857 838 sibi
900 781 1176 846 dicebam,
1209 778 1418 834 Faciam
1452 794 1466 831 :
1495 789 1602 830 non
1640 774 1783 830 enim
1811 773 1951 829 Deus

370 891 457 931 me
500 885 607 930 tam
654 873 825 944 turpia
866 872 1143 928 facientem
1187 869 1434 939 dignatur
1477 865 1774 922 attendere.
1813 863 1952 918 Audi

368 969 492 1037 quid
521 967 778 1036 sequitur,
802 965 951 1035 cujus
969 963 1043 1020 sis
1067 960 1317 1027 attende;
1345 958 1592 1030 quoniam
1619 969 1952 1028 quocumque

371 1060 495 1114 ieris
513 1100 528 1123 ,
559 1058 713 1112 Jesus
738 1055 880 1110 videt
910 1073 924 1108 :
966 1052 1146 1107 Vultus
1171 1061 1339 1106 autem
1366 1047 1573 1104 Domini
1590 1063 1739 1119 super
1763 1045 1954 1118 facien-

371 1165 441 1205 tes
485 1148 648 1212 mula,
671 1156 724 1201 ut
763 1145 941 1216 perdat
978 1144 1041 1199 de
1082 1154 1215 1198 terra
1244 1141 1533 1195 memoriam
1577 1153 1751 1193 eorum
1777 1135 1949 1208 (Psal.

365 1223 576 1308 ixxxm,
621 1241 724 1305 I6,
774 1238 886 1311 17).
929 1235 1033 1294 Sed
1080 1235 1148 1291 de
1195 1249 1298 1300 qua
1350 1233 1527 1288 terra?
1567 1230 1667 1286 Ubi
1721 1229 1950 1294 dicitur,

372 1335 506 1405 Spes
547 1349 658 1387 mea
703 1348 754 1388 es
790 1341 874 1397 tu,
894 1329 1056 1402 portio
1090 1344 1199 1383 mea
1231 1327 1284 1382 in
1319 1336 1452 1381 terra
1483 1323 1746 1378 viventium
1777 1320 1950 1393 (Psal.

370 1442 526 1489 cxu,
549 1425 624 1494 6).

443 1513 668 1570 CAPUT
708 1511 885 1569 Ill.—-
908 1513 963 1568 5.
1008 1508 1302 1565 Fornicatio
1331 1508 1550 1564 excludit
1583 1524 1616 1561 a
1653 1522 1806 1578 regno
1835 1504 1950 1560 Dei.

378 1606 540 1661 Forte
569 1605 710 1661 enim
741 1603 931 1669 malus,
961 1601 1193 1672 iniquus,
1221 1599 1448 1666 adulter,
1481 1597 1798 1669 impudicus,
1841 1595 1954 1651 for-

373 1699 602 1753 nicarius
630 1696 825 1768 gaudet
852 1695 974 1766 quia
1000 1693 1152 1759 facit,
1184 1701 1240 1748 et
1277 1689 1510 1747 senescit
1538 1689 1592 1744 in
1636 1702 1742 1760 quo
1793 1685 1955 1741 libido

374 1806 478 1846 non
501 1790 748 1853 senescit.
775 1800 827 1844 et
851 1787 979 1842 dicit
1005 1785 1146 1856 apud
1171 1799 1261 1840 se:
1291 1784 1446 1838 Certe
1476 1796 1657 1837 verum
1685 1789 1784 1846 est,
1826 1777 1954 1833 Vul-

375 1892 454 1936 tus
475 1891 644 1935 autem
671 1879 878 1933 Domini
906 1893 1060 1949 super
1105 1876 1341 1948 facientes
1381 1874 1538 1938 mala,
1588 1882 1644 1926 ut
1690 1871 1866 1942 perdat
1893 1871 1958 1926 de

373 1985 506 2029 terra
531 1972 825 2026 memoriam
853 1985 1043 2024 eorum.
1071 1967 1209 2023 Ecce
1237 1981 1335 2036 ego
1352 1965 1461 2035 jam
1481 1964 1652 2026 senui,
1675 1963 1765 2033 qui
1794 1961 1958 2016 abin-

373 2076 536 2126 eunte
555 2072 711 2118 aetate
726 2077 893 2132 usque
917 2061 968 2115 in
992 2058 1304 2114 hodiernum
1331 2056 1473 2111 diem
1498 2063 1641 2109 tanta
1657 2053 1954 2121 committo,

374 2160 571 2213 multos
593 2165 770 2212 castos
811 2163 935 2208 ante
973 2168 1058 2206 me
1101 2166 1177 2220 sel
1198 2150 1342 2217 elivi,
1375 2150 1658 2203 multorum
1688 2156 1955 2203 castorum

375 2249 559 2304 funera
579 2247 830 2318 juveoum
860 2242 927 2297 ad
958 2241 1261 2311 sepulcrum
1289 2239 1401 2309 ipse
1435 2237 1649 2303 deduxi,
1673 2245 1727 2292 et
1755 2236 1958 2306 pudicis

367 2340 674 2412 impudicus
700 2334 987 2406 supervixi.
1011 2331 1146 2399 Quid
1167 2341 1250 2388 est
1267 2328 1407 2401 quod
1435 2329 1649 2394 dicitur,
1679 2328 1799 2398 quia
1834 2325 1960 2381 Vul-

375 2443 455 2488 tus
485 2430 686 2486 Domini
713 2445 862 2500 super
890 2426 1130 2500 facientes
1152 2421 1308 2484 mala,
1333 2432 1387 2475 ut
1408 2422 1586 2491 perdat
1605 2420 1678 2474 de
1701 2429 1834 2473 terra
1850 2435 1958 2474 me-

375 2525 586 2579 moriam
611 2520 818 2575 eorum?
845 2517 941 2572 Est
965 2517 1067 2571 alia
1095 2524 1234 2569 terra
1263 2512 1349 2567 ubi
1389 2526 1493 2565 non
1533 2521 1616 2565 est
1641 2508 1954 2578 impudicus,

371 2623 458 2670 est
483 2613 584 2667 alia
609 2620 748 2667 terra
778 2610 830 2663 in
857 2622 1020 2679 regno
1050 2604 1162 2660 Dei.
1194 2601 1367 2657 Nolite
1395 2616 1599 2656 errare:
1624 2617 1780 2670 neque
1799 2600 1960 2671 [orni-

375 2715 590 2771 ratores,
635 2718 793 2772 neque
833 2699 985 2754 idolis
1009 2697 1273 2752 seruientes
1293 2734 1307 2758 ,
1339 2708 1495 2764 neque
1525 2691 1763 2757 adulteri,
1805 2705 1962 2761 neque

375 2797 574 2863 molles,
611 2810 768 2866 neque
811 2790 1148 2846 masculorum
1195 2784 1558 2848 concubitores,
1599 2798 1756 2852 neque
1798 2781 1957 2851 fures,

377 2907 536 2958 neque
561 2887 722 2951 avari,
761 2899 917 2956 neque
943 2879 1143 2944 ebriosi,
1183 2891 1340 2948 neque
1365 2873 1598 2930 maledici
1625 2889 1834 2944 regnum
1863 2871 1962 2925 Dei

379 2978 722 3052 possidebunt.
744 2975 867 3030 Hoc
895 2981 996 3039 est,
1027 2969 1212 3041 perdet
1239 2967 1306 3023 de
1335 2975 1472 3022 terra
1519 2962 1830 3019 memoriam
1866 2977 1962 3016 eo-

382 3089 520 3128 rum.
551 3068 697 3125 Multi
739 3065 878 3121 enim
920 3063 1046 3119 talia
1088 3059 1499 3121 committentes,
1529 3069 1679 3124 spem
1720 3053 1821 3108 sibi
1864 3066 1962 3122 po-

370 3171 515 3216 nunt
534 3179 546 3214 ς
568 3168 781 3228 propter
804 3170 896 3210 eos
922 3153 1010 3224 qui
1040 3149 1241 3222 perdite
1282 3147 1518 3201 viventes
1556 3157 1702 3213 spem
1733 3141 1831 3197 sibi
1864 3156 1962 3210 po-

384 3261 512 3305 nunt
539 3253 590 3303 iu
628 3259 794 3317 regno
822 3243 937 3308 Dei,
981 3256 1087 3312 quo
1117 3254 1222 3294 non
1267 3235 1531 3292 accessuri
1574 3241 1718 3300 sunt,
1762 3231 1960 3287 dictum

370 3353 487 3408 .cst,
523 3339 705 3394 Perdet
734 3337 795 3390 de
823 3345 955 3389 terra
983 3332 1275 3386 memoriam
1312 3343 1504 3384 eorum.
1539 3326 1653 3381 Erit
1677 3325 1819 3379 cnim
1850 3339 1962 3380 etn-

388 3438 493 3490 Inm
527 3445 743 3496 novum,
777 3439 830 3484 et
859 3435 1001 3482 terra
1029 3438 1185 3489 nova,
1214 3435 1372 3493 quam
1404 3419 1532 3489 justi
1575 3415 1963 3472 inbabitabunt.

375 3524 458 3580 'Ihi
487 3522 654 3590 impii,
687 3519 756 3574 ibi
780 3516 927 3583 mali,
961 3514 1032 3570 ibi
1059 3510 1365 3584 nequissimi
1391 3509 1627 3563 habitare
1651 3521 1756 3561 non
1779 3507 1966 3559 sinun-

387 3629 491 3672 tur.
521 3615 693 3684 Eligat
721 3609 879 3666 modo
905 3607 994 3678 qui
1025 3606 1143 3661 talis
1163 3613 1266 3671 est,
1301 3602 1388 3657 ubi
1408 3600 1675 3657 desideret
1701 3597 1962 3664 habitare,

387 3725 507 3764 cum
536 3717 745 3776 tempus
767 3711 849 3759 est
875 3710 933 3755 ut
955 3698 1127 3770 possit
1157 3695 1368 3750 mutari.

458 3794 686 3850 CAPUT
725 3791 813 3848 IV.
831 3820 902 3833 --
930 3791 984 3845 4.
1027 3785 1377 3843 Habitatioues
1400 3785 1534 3848 dure,
1564 3785 1614 3839 in
1637 3785 1772 3856 igne,
1798 3792 1886 3835 aut
1915 3784 1969 3837 in

389 3904 559 3959 regno.
591 3885 698 3940 Pro
726 3899 936 3950 corpore
971 3890 1210 3953 quantum
1231 3879 1464 3932 timetur.
1498 3877 1624 3930 Dua:
1653 3875 1848 3946 quippe
1875 3873 1972 3929 ha-

389 3980 672 4036 bitationes
699 3985 854 4042 sunt;
895 3988 996 4029 una
1042 3975 1093 4028 in
1139 3972 1258 4041 igne
1298 3977 1518 4030 teterno,
1564 3966 1662 4020 alia
1711 3966 1764 4020 in
1808 3979 1971 4034 regno

391 4083 611 4128 αξιοι-πο.
647 4070 775 4125 Puta
802 4067 924 4139 quia
948 4066 999 4120 in
1033 4065 1152 4136 igne
1177 4071 1380 4117 mterno
1409 4059 1562 4114 aliter
1586 4058 1696 4124 ille,
1715 4057 1868 4112 aliter
1885 4057 1971 4112 ille

395 4164 813 4236 torquebuntur:
846 4159 916 4214 ibi
944 4167 1098 4213 erunt
1121 4165 1318 4216 tamen,
1351 4152 1419 4207 ibi
1447 4157 1636 4204 omnes
1655 4149 1970 4205 cruciabun-

365 4265 510 4320 'tur;
536 4253 707 4307 minus
737 4251 848 4316 ille,
879 4250 998 4318 plus
1024 4247 1128 4302 ille.
1161 4245 1293 4311 Quia
1323 4241 1650 4298 tolerabilius
1674 4239 1775 4295 erit
1802 4236 1973 4295 Sodo-

396 4361 495 4400 ma:
523 4345 574 4397 in
600 4343 686 4397 die
708 4340 914 4411 judicii,
945 4354 1100 4408 quam
1123 4336 1270 4391 alteri
1297 4335 1494 4390 civitati
1520 4331 1732 4404 (Matth.
1755 4348 1808 4399 κ,
1847 4331 1930 4402 15)
1955 4349 1972 4386 :

393 4444 449 4490 et
467 4433 678 4504 quidam
710 4432 1038 4484 circumeunt
1082 4440 1226 4480 mare
1265 4433 1321 4480 et
1349 4433 1565 4489 terram,
1604 4422 1780 4477 facere
1810 4436 1971 4476 unum

395 4524 740 4594 prosi-lytum,
770 4535 927 4589 quem
969 4533 1089 4574 cum
1131 4513 1373 4578 fecerint,
1414 4512 1616 4568 faciunt
1656 4528 1778 4567 eum
1809 4512 1972 4566 lilium

393 4613 648 4685 gehcnum
676 4610 838 4680 duplo
873 4623 1028 4677 quam
1067 4613 1190 4659 sunt
1229 4597 1468 4675 ipsi-(Id.
1516 4618 1666 4666 mu,
1698 4601 1810 4674 15).
1844 4603 1973 4656 Pula

394 4706 514 4778 quia
542 4702 629 4758 alii
658 4701 838 4770 duplo,
867 4699 956 4753 alii
1001 4697 1222 4766 simplo;
1264 4703 1388 4766 puta
1419 4693 1540 4762 quia
1579 4693 1666 4747 alii
1706 4694 1845 4763 plus,
1885 4691 1973 4747 alii

393 4798 601 4853 minus:
627 4811 730 4848 non
761 4802 842 4847 est
863 4792 1008 4863 regio
1034 4789 1120 4844 ubi
1153 4787 1242 4842 tibi
1271 4788 1432 4857 eligas
1459 4785 1652 4840 locum.
1691 4785 1973 4852 Quaecum-

393 4904 494 4958 que
515 4887 584 4942 ibi
608 4886 812 4939 mitiora
845 4891 1106 4937 tormenta
1135 4887 1276 4946 sunt,
1307 4878 1483 4949 pejora
1511 4885 1653 4944 sunt,
1679 4891 1836 4946 quam
1856 4891 1974 4946 qua:

395 4979 650 5037 formidas
676 4979 728 5032 in
755 4977 855 5029 isto
895 4974 1110 5029 scecnlo.
1143 4970 1324 5041 (Iogita
1365 4960 1632 5040 quomodo
1682 4977 1898 5032 tremas,
1929 4966 1973 5020 si

397 5071 490 5126 tibi
526 5067 714 5139 aliquis
742 5065 1111 5126 calumnietur,
1153 5076 1219 5116 ne
1247 5061 1472 5116 mittaris
1507 5060 1561 5114 in
1590 5053 1893 5113 carcerem:
1922 5065 1977 5111 et

396 5175 453 5219 tu
492 5163 606 5232 ipse
645 5170 827 5214 contra
861 5166 913 5213 te
954 5155 1092 5212 male
1119 5155 1271 5218 vivis,
1318 5163 1372 5208 ut
1417 5153 1642 5207 mittaris
1682 5153 1733 5206 in
1765 5150 1977 5222 ignem?

393 5251 792 5316 Contremiscis,
812 5245 1162 5311 conturbaris,
1189 5245 1452 5315 pallescis.
1476 5243 1540 5300 ad
1559 5244 1836 5300 ecclesiam
1856 5256 1978 5297 cur-

395 5348 486 5405 ris.
511 5345 815 5415 episcopum
856 5340 1038 5396 videre
1078 5337 1367 5399 desideras,
1399 5335 1465 5390 ad
1497 5335 1660 5404 pedes
1683 5335 1798 5406 ejus
1825 5336 1975 5390 volu-

397 5437 543 5491 laris.
575 5434 794 5503 Quaerit,
825 5430 1020 5502 quare?
1049 5429 1234 5482 Libera
1267 5443 1371 5493 mc,
1396 5427 1586 5498 inquis.
1615 5426 1749 5494 Quid
1773 5426 1978 5498 agitur?

400 5528 537 5580 Ecce
562 5526 648 5580 ille
676 5522 803 5578 mihi
831 5520 1198 5576 calumniatur.
1232 5517 1297 5571 Et
1326 5517 1449 5588 quid
1481 5517 1573 5570 tibi
1597 5512 1836 5572 facturus
1861 5519 1975 5572 est?

398 5615 638 5680 Domine,
665 5612 966 5676 concutior;
1002 5610 1243 5675 Domine,
1277 5607 1326 5662 in
1354 5621 1621 5664 carcerem
1647 5608 1858 5674 mittor;
1880 5610 1978 5663 mi-

399 5715 577 5756 serere
607 5703 731 5763 mei,
761 5701 921 5754 libera
947 5715 1048 5755 me.
1075 5698 1212 5756 Ecce
1238 5697 1504 5771 quomodo
1527 5698 1742 5755 timetur
1771 5715 1972 5765 carcer,

1609 296 1667 353 S.
1709 293 2072 353 AUGUSTI.“
2109 289 2414 349 E'PISCOPI

3535 289 3642 346 880

2057 403 2322 475 quomodo
2348 403 2560 457 timetur
2588 400 2890 468 conclusio;
2917 409 2971 458 et
2998 416 3102 456 non
3141 401 3357 458 timetur
3382 401 3648 474 gebenrne

2057 497 2299 553 exustio!
2327 495 2622 562 Postremo,
2641 494 2852 564 quando
2869 502 3090 565 augetur
3107 494 3401 561 calamitas,
3419 504 3470 550 et
3494 512 3652 566 prcs-

2055 603 2179 643 sura
2205 586 2361 641 smvit
2377 586 2628 652 atrocior,
2652 593 2705 639 et
2723 600 2892 656 usque
2907 584 2973 639 ad
2989 593 3214 640 mortem
3237 587 3405 650 saevit,
3431 587 3652 657 quando

2057 677 2253 732 bonum
2277 676 2488 732 videtur
2512 676 2711 732 homini
2739 691 2806 732 ne
2836 675 3112 742 moriatur,
3143 692 3210 732 ne
3229 678 3523 746 occidatur,
3545 680 3652 735 de-

2056 765 2186 823 bere
2210 767 2451 823 succurri
2470 781 2658 822 omncs
2677 765 2927 834 clamant,
2948 765 3208 837 adjutoria
3237 778 3426 822 cuncta
3451 769 3653 838 implo-

2056 868 2283 924 rantur;
2335 859 2646 923 subvenite,
2695 859 2896 914 currite
2943 866 3160 928 propter
3203 859 3455 913 animam.
3508 860 3653 915 Tota

2057 951 2394 1024 exaggeratio
2417 950 2734 1006 calamitatis
2761 959 2864 1018 est,
2891 951 3011 1021 quia
3038 949 3254 1016 dicitur,
3285 959 3501 1022 pr0pter
3531 952 3654 1006 ani-

2057 1058 2220 1099 mam.
2249 1042 2674 1099 Succurrendum
2700 1051 2780 1098 est
2809 1042 3044 1112 quidem,
3069 1057 3168 1097 nec
3196 1040 3318 1096 huic
3350 1043 3524 1096 timori
3547 1042 3654 1096 ad-

2053 1135 2309 1207 jutorium
2352 1134 2755 1206 denegandum:
2785 1132 3082 1190 faciendum
3129 1132 3271 1204 quod
3302 1131 3415 1188 ﬁeri
3442 1144 3647 1204 potest,

2057 1243 2088 1282 ει
2113 1244 2218 1298 quo
2243 1236 2438 1297 potest.

2128 1319 2354 1374 CAPUT
2397 1318 2458 1373 V.
2491 1349 2560 1359 —
2585 1319 2636 1373 5.
2681 1317 2823 1374 Mors
2867 1317 3051 1373 animle
3101 1319 3215 1388 plus
3245 1319 3466 1373 timenda
3492 1336 3652 1390 quam

2058 1413 2303 1482 corporis.
2336 1411 2710 1467 Verumtamen
2753 1426 2853 1481 ego
2892 1411 3218 1482 interrogare
3263 1411 3383 1466 volo
3431 1411 3644 1480 pericli-

2060 1512 2282 1570 tantem,
2319 1513 2378 1558 et
2427 1503 2527 1558 isto
2569 1503 2782 1558 nomine
2812 1517 2928 1558 mea
2959 1503 3160 1558 viscera
3186 1514 3651 1570 commoventem;

2057 1596 2307 1666 quoniam
2348 1593 2494 1656 dicit.
2537 1593 2703 1650 Curre
2743 1604 2958 1664 propter
2997 1593 3288 1648 animam‘.
3317 1594 3493 1651 Facile
3525 1594 3654 1650 huic

2059 1701 2159 1756 ego
2204 1685 2535 1755 respondeo:
2567 1685 2676 1756 Ego
2720 1684 2933 1755 quidem
2976 1698 3134 1739 curro
3179 1692 3394 1754 pr0pter
3430 1699 3654 1738 Carnem

2061 1783 2238 1842 tuam;
2271 1776 2470 1830 utinam
2502 1787 2554 1831 tu
2584 1791 2828 1831 curreres
2871 1786 3087 1845 propter
3112 1775 3343 1829 animam
3378 1762 3545 1829 tuam.
3586 1775 3658 1830 Et

2060 1875 2116 1922 tu
2138 1867 2348 1922 noveris
2369 1867 2491 1936 quia
2520 1875 2734 1936 pr0pter
2772 1880 2966 1935 corpus
3004 1873 3151 1919 tuum
3181 1879 3360 1930 curro,
3386 1881 3490 1919 non
3524 1882 3656 1935 prn-

2062 1964 2180 2025 pter
2203 1957 2434 2011 animam
2473 1963 2635 2011 tuam.
2675 1955 2860 2010 Melius
2887 1954 3081 2010 audio’
3106 1954 3378 2011 Christum
3408 1972 3533 2010 vera
3565 1956 3657 2010 di-

2059 2057 2288 2113 contem,
2330 2063 2488 2118 quam
2533 2057 2583 2103 te
2629 2048 2819 2103 timore
2861 2047 2992 2102 falso
3037 2057 3476 2103 mttrmurantem.
3533 2049 3657 2118 Ipse

2060 2139 2204 2193 enim
2233 2138 2486 2193 Dominus
2510 2138 2669 2193 dicit:
2700 2137 2871 2192 Nolite
2895 2138 3067 2192 timere
3096 2155 3179 2192 eos
3209 2140 3290 2204 qui
3309 2156 3492 2207 corpus
3511 2141 3658 2192 occi-

2060 2228 2206 2294 dunt,
2221 2229 2440 2282 animam
2452 2238 2729 2282 autemnon
2748 2237 2952 2298 possunt
2965 2229 3187 2282 occidere
3209 2227 3418 2299 (Matth.
3448 2246 3506 2295 ι,
3526 2229 3625 2302 28)
3638 2270 3654 2283 .

2060 2318 2216 2374 Certe
2240 2327 2455 2389 pr0pter
2470 2319 2700 2372 animam
2725 2328 2866 2372 tuam
2885 2334 2970 2373 me
2987 2317 3064 2372 vis
3079 2335 3292 2373 currere
3317 2339 3328 2372 :
3347 2335 3472 2375 ecce
3487 2337 3656 2390 quem

2062 2411 2238 2477 times,
2264 2419 2319 2465 et
2341 2409 2440 2465 sub
2466 2409 2619 2481 cujus
2642 2409 3144 2464 comminationibus
3171 2411 3507 2478 expallescis,
3545 2429 3656 2466 non

2063 2511 2238 2572 potest
2273 2501 2517 2558 occidere
2560 2502 2791 2556 animam
2824 2510 3000 2555 tuam:
3031 2515 3195 2572 usque
3225 2501 3291 2555 ad
3321 2517 3517 2570 corpus
3548 2517 3658 2556 sat--

2062 2595 2156 2661 vit,
2204 2603 2259 2648 tu
2303 2595 2412 2648 noli
2454 2594 2642 2649 saevire
2681 2593 2733 2648 in
2775 2593 3004 2646 animam
3037 2600 3200 2647 tuam.
3236 2593 3317 2646 Ab
3357 2593 3448 2647 illo
3477 2595 3660 2648 occidi

2064 2701 2168 2740 non
2202 2693 2394 2756 potest,
2419 2701 2450 2740 a
2491 2694 2540 2741 te
2577 2693 2781 2757 potest;
2812 2699 2916 2739 non
2957 2684 3157 2750 lancea,
3186 2683 3280 2739 sed
3311 2685 3506 2754 lingua.
3547 2685 3662 2738 lni-

2064 2777 2230 2832 micus
2256 2777 2344 2847 qui
2371 2785 2425 2832 te
2448 2778 2698 2847 percutit,
2726 2777 2838 2830 linit
2863 2777 2999 2832 hanc
3017 2779 3175 2830 vitam
3199 2795 3211 2830 :
3239 2776 3309 2831 Os
3330 2790 3492 2831 autent
3517 2780 3662 2847 quod

2065 2869 2326 2932 mentitur,
2340 2868 2531 2921 occidit
2555 2868 2778 2921 animam
2807 2866 2958 2940 (Sap.
2990 2883 3026 2932 ι,
3064 2868 3174 2938 II).
3195 2867 3275 2922 Ex
3294 2869 3373 2922 his
3387 2884 3517 2936 ergo
3535 2886 3665 2939 qua:

2065 2957 2119 3012 in
2147 2957 2247 3012 hoc
2266 2964 2505 3026 tempore
2528 2957 2770 3013 homines
2795 2958 3003 3024 timent,
3025 2957 3310 3028 conjiciant
3325 2976 3441 3028 qua:
3465 2960 3666 3014 timere

2065 3048 2312 3104 debeant.
2341 3048 2511 3104 Timet
2555 3049 2697 3104 enim
2727 3063 3017 3115 carcerem,
3049 3058 3102 3104 et
3131 3065 3233 3104 non
3275 3049 3419 3109 timet
3448 3051 3667 3126 gehen-

2068 3140 2224 3196 nam?
2253 3141 2425 3196 Timet
2445 3141 2851 3213 qumstionarios
2879 3149 3126 3211 tortores,
3157 3155 3215 3200 et
3243 3161 3346 3201 non
3389 3147 3544 3202 timet
3577 3151 3667 3202 in-

2067 3230 2296 3289 fernales
2317 3232 2568 3304 angelos?
2583 3233 2756 3289 Timet
2771 3234 3060 3289 cruciatum
3082 3237 3447 3306 temporalem,
3474 3247 3530 3292 et
3552 3254 3667 3293 non

2067 3325 2220 3380 timet
2241 3339 2426 3396 pcenas
2443 3324 2585 3396 ignis
2604 3326 2822 3380 interni?
2842 3326 3119 3382 Postremo
3141 3329 3292 3384 timet
3307 3328 3372 3383 ad
3386 3329 3666 3385 modicum

2070 3417 2224 3483 mori,
2257 3427 2312 3473 et
2339 3433 2445 3472 non
2479 3417 2627 3472 timet
2651 3416 2707 3472 in
2736 3426 2995 3473 aeternum
3026 3417 3196 3473 mori?

2139 3509 2193 3564 6.
2241 3507 2357 3564 Vita
2385 3508 2572 3562 anima
2606 3517 2651 3564 et
2695 3510 2797 3563 vita
2836 3509 3061 3580 corporis
3113 3508 3263 3564 unde.
3309 3509 3506 3563 Anium:
3561 3511 3669 3564 rita

2071 3599 2227 3656 Deus.
2261 3599 2352 3655 Ille
2393 3599 2482 3670 qui
2527 3608 2578 3654 te
2613 3599 2890 3654 occisurus
2918 3608 3022 3666 est,
3067 3615 3224 3670 quem
3277 3601 3450 3666 times,
3495 3617 3666 3670 quem

2071 3692 2426 3759 exhorreseis,
2467 3707 2624 3762 quem
2663 3690 2819 3762 fugis,
2845 3707 2876 3746 a
2901 3690 3054 3760 cujus
3085 3691 3275 3746 timore
3314 3706 3420 3745 non
3465 3692 3668 3747 sineris

2073 3783 2326 3850 dormire,
2352 3791 2405 3838 et
2433 3782 2603 3852 ipsum
2634 3781 2686 3836 in
2717 3781 2916 3835 somnis
2936 3781 2980 3837 si
3003 3779 3172 3846 vides,
3199 3797 3320 3836 cum
3351 3779 3665 3848 dormieris,

2075 3877 2408 3947 expavescis,
2434 3875 2560 3946 quid
2587 3884 2666 3930 est
2693 3872 2924 3929 facturus
2956 3874 3082 3928 tihi‘!
3121 3873 3447 3928 Exclusurus
3483 3886 3568 3928 est
3597 3873 3668 3930 de

2073 3984 2233 4024 carne
2264 3977 2348 4023 tua
2387 3969 2617 4022 animam
2650 3977 2789 4022 tuam
2813 3985 2827 4022 :
2853 3967 3028 4022 anima
3057 3976 3142 4021 tua
3170 3956 3382 4021 ex'clusa
3415 3983 3522 4037 quo
3553 3978 3664 4035 eat,

2074 4061 2214 4117 vide.
2244 4060 2423 4131 Neque
2452 4061 2593 4114 enim
2625 4068 2798 4129 potest
2840 4059 2930 4113 ille
2959 4059 3113 4113 aliter
3141 4073 3356 4114 carnem
3391 4068 3535 4112 tuam
3569 4075 3668 4114 oc-

2075 4153 2274 4218 cidere,
2321 4152 2421 4206 nisi
2459 4149 2580 4206 inde
2601 4149 2850 4206 excludat
2875 4151 3105 4205 animam
3151 4159 3314 4218 tuam,
3363 4166 3460 4222 per
3501 4168 3665 4220 quam

2076 4244 2204 4298 vivit
2221 4257 2346 4299 caro
2368 4251 2474 4296 tua.
2497 4241 2786 4296 Praesentia
2811 4241 3004 4311 quippe
3021 4241 3211 4295 animte
3241 4250 3344 4296 tua:
3366 4257 3492 4296 caro
3513 4243 3665 4306 vivit,

2075 4344 2133 4392 et
2161 4334 2410 4406 quamdiu
2442 4333 2493 4388 in
2523 4349 2684 4389 carne
2712 4343 2797 4386 tua
2831 4349 3066 4403 przesens
3101 4343 3180 4386 cst
3217 4334 3390 4386 anima
3421 4340 3529 4398 tua,
3567 4350 3666 4388 ne-

2081 4441 2230 4482 cesse
2251 4435 2343 4480 est
2369 4434 2423 4478 ιιι
2453 4426 2592 4480 vivat
2618 4439 2743 4480 caro
2770 4433 2876 4478 tua.
2908 4421 2999 4478 Ille
3023 4435 3197 4478 autem
3229 4420 3318 4491 qui
3348 4433 3490 4478 tuam
3521 4441 3672 4478 tuor-

2079 4527 2188 4572 tem
2211 4520 2419 4588 quaerit.
2448 4517 2645 4588 ejicere
2666 4517 2773 4571 vult
2797 4517 2866 4572 de
2887 4531 3047 4571 carne
3079 4527 3164 4570 tua
3187 4516 3348 4570 vitam
3372 4525 3538 4580 tuam,
3565 4534 3666 4586 qua

2079 4609 2212 4662 vivit
2235 4623 2360 4663 caro
2383 4617 2487 4661 tua.

2150 4699 2374 4755 CAPUT
2418 4699 2500 4754 VI.
2520 4729 2590 4739 —
2610 4698 2789 4760 Putas,
2817 4713 2920 4753 non
2943 4706 3028 4753 est
3055 4697 3226 4767 aliqua
3254 4697 3379 4763 vita,
3408 4712 3510 4768 qua
3539 4698 3670 4752 vivit

2081 4792 2192 4861 ipsa
2218 4791 2389 4845 anima
2415 4793 2544 4846 tua?
2570 4791 2661 4845 Est
2705 4789 2846 4844 enim
2889 4790 3063 4844 anima
3111 4791 3216 4844 vita
3263 4790 3529 4860 qumdam,
3562 4805 3669 4860 qua

2082 4884 2212 4937 vivit
2230 4899 2354 4938 caro
2376 4892 2481 4937 tua.
2507 4883 2686 4948 Putas,
2711 4882 2853 4938 nulla
2880 4882 2981 4937 alia
3011 4883 3116 4936 vita
3147 4893 3246 4948 est,
3271 4900 3373 4953 qua
3405 4883 3533 4937 vivit
3552 4885 3674 4954 ipsa

2081 4977 2256 5030 anima
2289 4983 2407 5034 tua:
2435 4984 2526 5028 aut
2549 4971 2816 5045 quomodo
2844 4973 3004 5030 habet
3039 4990 3165 5028 caro
3207 4985 3294 5028 tua
3330 4976 3513 5039 vitam,
3543 4973 3671 5031 ani-

2084 5081 2222 5120 mam
2251 5081 2351 5136 qua
2383 5064 2512 5119 vivit
2535 5080 2662 5118 caro
2691 5075 2797 5128 tua,
2829 5062 2885 5118 lit
2913 5072 2966 5121 et
2994 5064 3103 5134 ipsa
3145 5062 3319 5118 anima
3351 5075 3459 5131 tua,
3490 5074 3546 5119 ut
3575 5065 3671 5120 Ita-

2081 5158 2203 5212 beat
2223 5157 2450 5227 aliquam
2478 5156 2638 5209 vitam
2665 5153 2849 5209 suam?
2868 5163 2922 5209 et
2943 5155 3208 5225 quomodo
3233 5169 3380 5222 caro,
3401 5170 3523 5210 cum
3554 5171 3669 5210 rno-

2083 5249 2240 5316 ritur,
2284 5248 2520 5318 exspirat
2548 5247 2779 5302 animam
2811 5247 2971 5300 vitam
3011 5262 3192 5310 suam;
3238 5247 3317 5300 sic
3366 5255 3422 5301 et
3463 5246 3662 5309 anima,

2081 5343 2296 5414 quando
2325 5343 2568 5404 moritur,
2604 5341 2840 5410 exspirat
2859 5339 3087 5410 aliquam
3113 5341 3274 5395 vitam
3297 5341 3489 5396 suam?
3508 5339 3562 5395 Si
3584 5339 3662 5394 iu-

2083 5434 2387 5489 venerimus
2415 5448 2531 5503 qua:
2573 5431 2643 5486 sit
2682 5431 2796 5486 hare
2825 5432 2949 5496 vita,
2989 5445 3094 5485 non
3123 5429 3366 5500 corporis
3400 5427 3500 5496 tui,
3527 5428 3660 5500 quod

2149 5588 2164 5618 ι
2189 5591 2262 5634 Er.
2287 5584 2433 5648 wgd.
2450 5591 2568 5634 ven.
2593 5590 2721 5642 t.ov.,
2745 5581 2934 5648 Currite
2957 5587 3150 5648 propter
3172 5581 3407 5636 artiums.
3466 5586 3522 5631 Ι.

2148 5649 2168 5679 ³
2191 5653 2262 5695 Er.
2291 5645 2436 5708 Lugd.
2464 5654 2602 5704 veu.,
2626 5652 2679 5708 Et
2703 5653 2752 5696 ut
2773 5645 2963 5696 noveris
2980 5645 3310 5708 qriapropter
3333 5656 3506 5708 corpus
3533 5649 3653 5692 tatam

2085 5721 2245 5767 curro,
2272 5705 2576 5772 nonpropter
2597 5705 2808 5762 animam
2830 5714 2982 5768 tuam,
3000 5705 3168 5761 melius
3189 5705 3354 5760 audio.
3421 5705 3479 5757 it.
