3850 6188
219 374 314 430 881
493 421 495 424 .
1629 374 1782 435 SER!

1892 375 2070 438 CLXh

217 498 299 545 est
325 487 505 544 anima
532 495 650 558 tua;
681 489 773 544 sed
803 489 910 546 vita
933 489 1054 544 vitae
1077 489 1316 560 corporis
1335 490 1430 557 lui,
1455 488 1554 546 hoc
1574 498 1675 556 est,
1697 491 1798 544 vita

217 583 409 637 animm
441 592 580 637 tuae:
607 581 651 637 si
682 582 1036 638 invenerimus
1061 597 1201 647 eam,
1231 598 1305 637 ex-
1329 581 1430 637 hac
1473 593 1664 647 morte,
1695 599 1797 653 qua

218 674 371 726 times
403 687 469 726 ne
495 672 561 728 de
590 688 750 728 carne
780 673 1022 742 ejiciatur
1045 673 1223 727 anima
1245 682 1354 738 tua,
1383 681 1508 742 puto
1534 674 1653 743 quia
1681 673 1798 744 plus

215 763 381 816 debes
405 764 596 818 timere
623 763 761 817 illam
789 773 1034 828 mortem,
1065 778 1133 818 ne
1161 764 1263 818 vita
1289 764 1481 820 animm
1508 773 1608 819 tua:
1631 765 1796 834 proji-

213 854 385 908 ciatur
421 855 489 908 de
531 854 722 909 anima;
751 864 857 908 tua.
903 855 1142 910 Breviter
1183 871 1312 926 ergo
1355 856 1561 911 dicam:
1591 857 1795 928 etquid

213 944 398 998 nudtis
449 943 669 997 teneor?
713 942 837 996 Vita
873 944 1110 1013 corporis
1137 945 1312 998 anima
1342 954 1446 1013 est,
1471 946 1574 1000 vita
1603 946 1795 1001 anima:

213 1032 354 1087 Deus
395 1044 496 1088 est.
553 1033 778 1103 Spiritus
821 1034 912 1088 Dei
943 1033 1138 1088 habitat
1165 1035 1218 1088 in
1245 1037 1446 1103 anima,
1469 1044 1524 1091 et
1552 1051 1646 1105 per
1673 1036 1792 1091 aui-

209 1140 351 1196 inam
383 1125 434 1176 iu
464 1140 706 1192 corpore,
751 1135 803 1177 ιιι
839 1135 891 1178 et
925 1140 1146 1193 corpora
1180 1134 1357 1180 nostra
1401 1127 1654 1196 templum
1686 1127 1794 1182 sint

202 1192 443 1284 E’piritus
473 1216 661 1279 sancti,
694 1230 850 1284 quem
892 1192 1146 1270 habemus
1189 1230 1218 1270 a
1266 1216 1392 1270 Deo.
1448 1192 1607 1271 venit
1648 1217 1788 1272 enim

211 1305 440 1370 Spiritus
459 1303 525 1356 ad
549 1302 781 1356 animam
805 1314 1036 1358 nostram
1061 1323 1073 1356 :
1096 1304 1216 1374 quia
1238 1304 1469 1359 charitas
1491 1306 1581 1360 Dei
1601 1306 1790 1361 dilfusa

211 1407 293 1450 est
319 1398 370 1450 in
400 1396 650 1450 cordibus
673 1395 871 1450 nostris
898 1411 993 1466 per
1022 1395 1272 1466 Spiritum
1299 1409 1562 1463 sanetum,
1585 1399 1672 1468 qui
1696 1399 1792 1454 da-

190 1487 298 1576 ;tus
326 1499 408 1542 est
434 1488 586 1541 nobis
617 1487 791 1542 (Rom.
821 1505 872 1554 ν,
903 1487 990 1559 5);
1021 1498 1074 1544 et
1096 1497 1260 1544 totutn
1289 1490 1520 1560 possidet
1539 1492 1628 1562 qui
1647 1492 1791 1561 prin-

214 1580 387 1649 cipale
418 1589 579 1634 tenet.
607 1579 660 1634 lu
688 1589 737 1634 te
761 1581 954 1650 quippe
978 1581 1104 1635 illud
1128 1582 1474 1652 principatur,
1505 1583 1643 1652 quod
1673 1598 1790 1638 me-

215 1672 315 1726 lius
358 1678 461 1725 est.
507 1670 718 1724 Tenens
763 1671 901 1725 Deus
944 1671 1084 1740 quod
1117 1673 1306 1727 melius
1350 1682 1455 1738 est,
1484 1673 1536 1726 id
1565 1683 1666 1735 est,
1697 1687 1791 1728 cor

217 1773 381 1828 tuum,
413 1770 642 1816 mentem
673 1769 834 1825 tuam,
856 1762 1088 1816 animam
1110 1768 1278 1828 tuam,
1307 1760 1542 1830 profecto
1564 1777 1658 1830 per
1677 1777 1790 1816 me-

218 1855 396 1908 liorem
427 1854 658 1923 possidet
681 1863 735 1908 et
759 1852 1082 1919 inferiorem,
1116 1854 1256 1924 quod
1285 1866 1366 1909 est
1393 1869 1585 1924 corpus
1616 1862 1785 1909 tuum.

217 1947 409 2001 Saeviat
438 1947 596 2016 igitur
612 1947 877 2010 inimicus,
910 1948 1139 2001 minetur
1162 1957 1413 2012 mortem,
1431 1946 1589 2001 faciat
1605 1946 1647 2000 si
1665 1961 1789 2016 per-

215 2039 456 2101 mittitur,
492 2037 740 2092 excludat
763 2037 831 2092 de
849 2052 1010 2092 carne
1027 2037 1256 2092 animam
1290 2045 1432 2091 tuam
1453 2055 1466 2092 :
1487 2037 1671 2091 .anima
1696 2044 1786 2094 tua

214 2143 314 2183 non
343 2128 587 2182 excludat
612 2144 642 2182 a
673 2144 730 2182 se
758 2129 918 2182 vitam
941 2143 1109 2181 suam.
1141 2129 1194 2182 Si
1223 2137 1366 2183 recte
1383 2128 1608 2197 plangis,
1623 2138 1676 2182 et
1694 2142 1789 2196 pu-

217 2231 289 2274 tas
316 2231 365 2274 te
409 2220 781 2274 miserabiliter
823 2220 1002 2274 dicere
1046 2221 1247 2292 potenti
1279 2219 1490 2274 inimico
1518 2229 1626 2286 tuo,
1666 2219 1785 2274 Noli

217 2311 386 2375 ferire,
429 2328 589 2382 parce
627 2313 863 2382 sanguini
895 2327 1046 2365 meo:
1076 2326 1180 2366 non
1209 2313 1296 2365 tibi
1327 2312 1453 2366 dicit
1493 2312 1650 2375 Deus,
1684 2311 1786 2364 Mi-

214 2417 368 2456 serere
389 2403 572 2454 anima:
601 2412 699 2454 tua:
727 2403 926 2472 placens
953 2400 1057 2454 Deo
1083 2399 1266 2471 (Eccli.
1299 2399 1578 2471 “3,24)?
1598 2402 1785 2459 Anima

217 2501 296 2544 tua
317 2491 452 2546 forte
475 2491 634 2546 dicit:
666 2491 806 2560 Roga
836 2490 1004 2555 illum,
1029 2506 1095 2546 ne
1116 2491 1297 2556 feriat;
1323 2506 1442 2544 nam
1473 2491 1681 2545 dimitto
1712 2500 1782 2547 te.

215 2583 263 2636 Si
290 2584 428 2638 enim
463 2582 802 2652 percusserit,
830 2597 1046 2637 manere
1063 2590 1235 2638 tecum
1257 2596 1363 2636 non
1381 2596 1614 2652 possum.
1639 2582 1784 2652 Roga

216 2693 278 2730 ne
307 2676 480 2740 feriat,
512 2675 556 2730 si
584 2676 661 2729 vis
682 2683 738 2729 ut
757 2689 863 2728 non
891 2683 943 2730 te
976 2673 1260 2730 dimittam;
1287 2674 1417 2743 Qua:
1442 2674 1534 2729 tibi
1564 2673 1710 2740 dicit,
1737 2675 1783 2733 si

215 2767 286 2820 vis
307 2776 359 2821 ut
387 2782 491 2820 non
517 2777 567 2820 te
595 2765 892 2820 dimittam?
917 2765 993 2819 Tu
1017 2765 1161 2836 ipse:
1189 2774 1242 2819 tu
1266 2765 1406 2820 enim
1424 2763 1512 2834 qui
1531 2763 1781 2834 loqueris,

214 2857 379 2909 anima
398 2871 475 2910 es.
501 2855 556 2910 Si
585 2870 711 2925 ergo
738 2856 1056 2924 percusserit
1072 2869 1308 2919 carnem,
1324 2863 1382 2930 tu
1401 2852 1556 2923 fugis,
1579 2863 1629 2907 tu
1648 2855 1781 2918 exis,

216 2959 264 2999 tu
291 2948 506 3017 migras,
528 2946 670 3015 jacet
694 2954 831 3000 terra
863 2947 914 2999 in
945 2952 1102 3000 terra.
1130 2945 1228 3000 Ubi
1248 2945 1350 2998 erit
1375 2943 1512 3014 quod
1533 2944 1785 2998 animavit

215 3037 439 3090 terram?
463 3035 602 3105 quod
630 3033 754 3088 ﬂatu
780 3036 869 3088 Dei
895 3035 986 3088 tibi
1012 3035 1190 3088 datum
1212 3022 1311 3096 est,
1341 3035 1426 3088 ubi
1447 3035 1580 3090 erit?
1605 3034 1658 3088 Si
1676 3049 1784 3088 non

213 3124 408 3180 efﬂavit
437 3126 597 3179 vitam
629 3140 799 3188 suam,
833 3125 880 3178 id
912 3133 1012 3188 est,
1059 3125 1224 3179 Deum
1265 3139 1439 3190 suum,
1485 3123 1538 3177 in
1567 3123 1654 3178 illo
1683 3124 1784 3178 erit

209 3231 360 3284 quem
389 3231 494 3269 non
527 3214 772 3284 perdidit,
803 3215 858 3268 in
887 3214 976 3267 illo
996 3215 1096 3267 erit
1117 3229 1274 3283 quem
1294 3227 1439 3267 nona
1463 3228 1522 3267 se
1539 3213 1778 3268 exclusit.

204 3307 258 3360 Si
288 3317 464 3361 autem
496 3306 830 3375 obtemperas
860 3304 1150 3358 inlirmitati
1192 3303 1383 3358 anima:
1425 3313 1545 3370 tum,
1585 3303 1780 3359 dicenti

205 3397 315 3459 tibi,
349 3396 516 3463 Ferit,
561 3408 612 3452 et
649 3397 856 3450 dimitto
884 3405 966 3461 te;
1001 3412 1105 3450 non
1137 3396 1288 3450 times
1316 3397 1484 3452 Deum
1514 3396 1778 3453 dicentem

205 3487 314 3549 tibi,
333 3487 558 3550 Psecas,
587 3495 640 3540 et
665 3486 872 3540 dimitto
895 3486 979 3540 te?

269 3575 500 3632 CAPUT
543 3575 738 3630 VII.—
766 3577 815 3628 7.
857 3575 1031 3630 Timor
1059 3592 1213 3631 vanus
1250 3586 1295 3630 et
1333 3577 1481 3630 timor
1508 3578 1662 3633 utilis.
1707 3579 1780 3632 De

201 3667 390 3721 timore
417 3681 555 3720 vano
586 3667 827 3722 timorem
881 3667 1058 3722 utilem
1085 3668 1372 3738 capiamus.
1404 3669 1588 3724 Timor
1614 3685 1780 3727 vanus

199 3768 282 3814 est
305 3759 542 3814 omnium
567 3744 841 3813 hominum
868 3760 1161 3815 timentium
1183 3761 1426 3816 amittere
1449 3763 1774 3832 temporalia,

199 3851 516 3920 quandoque
559 3853 986 3920 migraturorum,
1018 3861 1071 3906 et
1111 3851 1341 3921 migrare
1382 3840 1807 3922 trepidantium,'

199 3941 492 3995 volentium
521 3956 732 4010 semper
760 3941 970 3996 dill‘erre
998 3941 1139 4012 quod
1167 3958 1269 3996 non
1300 3952 1520 4013 possunt
1547 3945 1774 4000 auferre.

199 4030 378 4086 Vanus
406 4040 494 4088 est
519 4033 618 4088 iste
661 4032 819 4088 timor
845 4033 1153 4088 hominum:
1177 4043 1231 4088 et
1260 4044 1432 4088 tamen
1464 4047 1566 4100 est,
1603 4049 1654 4091 et
1683 4053 1776 4092 ve-

199 4119 421 4177 ltetnens
450 4131 554 4189 est,
586 4130 640 4177 et
663 4121 835 4177 resisti
855 4123 902 4178 ei
930 4137 1034 4177 non
1069 4131 1261 4193 potest.
1287 4124 1420 4178 l-linc
1445 4125 1774 4196 increpandi,

198 4211 322 4266 hinc
348 4211 688 4282 objurgandi,
719 4211 842 4266 hinc
879 4211 1178 4282 plangendi,
1209 4213 1332 4268 hinc
1356 4214 1567 4285 lugendi
1608 4215 1779 4270 homi-

198 4319 312 4369 nes,
347 4305 597 4358 timentes
622 4303 777 4367 mori,
803 4312 856 4358 et
885 4303 1015 4357 nihil
1045 4302 1185 4358 aliud
1215 4313 1452 4374 agentes,
1479 4306 1575 4360 nisi
1606 4309 1777 4360 serius

195 4396 348 4449 mori.
379 4395 558 4462 Quare
595 4410 698 4449 non
729 4403 890 4464 agunt
915 4409 1018 4449 non
1048 4393 1214 4448 mori?
1237 4393 1494 4461 Quoniam
1524 4396 1776 4471 quidquid

194 4494 378 4554 agunt,
414 4499 520 4538 non
553 4483 788 4539 efficiunt
812 4493 988 4539 utnon
1013 4485 1326 4539 moriantur.
1351 4485 1576 4540 Possunt
1599 4497 1775 4546 autem

192 4577 392 4646 aliquid
423 4593 604 4646 agere,
635 4592 738 4647 quo
767 4576 996 4632 efficiant
1036 4586 1095 4632 ut
1138 4594 1403 4648 nunquam
1449 4579 1777 4634 moriantur?

192 4666 350 4722 Nullo
380 4667 563 4720 modo.
611 4667 834 4722 Prorsus
875 4666 1124 4737 quidquid
1151 4667 1341 4738 egeris,
1368 4679 1775 4738 quantumcum-

190 4774 295 4826 que
323 4759 704 4828 iuvigilaveris,
751 4774 1083 4829 quocumque
1127 4759 1339 4830 fugeris,
1384 4762 1627 4836 qualibet
1662 4778 1777 4816 mu-

190 4851 427 4904 nimenta
463 4849 757 4919 qua-sieris,
789 4850 1112 4920 quibuslibet
1154 4850 1349 4906 divitiis
1380 4860 1430 4905 te
1459 4851 1771 4919 redemeris,

191 4941 518 5010 quibuslibet
546 4940 921 4996 calliditatibus
950 4942 1156 4997 hostem
1189 4941 1468 5008 fefelleris;
1497 4959 1598 4998 non
1637 4943 1776 5000 fallis

191 5029 417 5085 febrem.
450 5030 590 5084 Nihil
625 5032 765 5086 enim
797 5031 940 5087 aliud
985 5033 1123 5104 agis,
1151 5043 1206 5087 ut
1247 5049 1348 5086 non
1395 5034 1498 5087 cito
1526 5037 1592 5088 ab
1623 5035 1774 5092 hoste

189 5122 462 5186 moriaris,
495 5122 596 5176 nisi
637 5131 688 5176 ut
731 5123 900 5178 serius
949 5123 1232 5194 aliquando
1261 5138 1291 5177 a
1337 5122 1478 5177 febre
1511 5125 1770 5181 moriaris.

190 5209 370 5266 [labes
393 5211 535 5280 quod
559 5226 703 5281 agas,
729 5224 784 5265 ut
811 5228 1071 5283 nunquam
1096 5214 1355 5268 moriaris.
1387 5214 1440 5268 Si
1465 5214 1616 5269 times
1636 5233 1776 5271 tuor-

190 5308 323 5364 tcm,
353 5317 473 5356 ama
505 5302 687 5357 vitam.
722 5303 838 5357 Vita
866 5311 951 5357 tua
987 5303 1122 5358 Deus
1148 5312 1247 5370 est,
1278 5304 1379 5358 vita
1420 5313 1507 5358 tua
1536 5303 1774 5362 Christus

189 5399 299 5454 est,
325 5391 431 5445 vita
457 5401 544 5447 tua
571 5392 798 5462 Spiritus
820 5405 1033 5450 sanctus
1056 5403 1157 5450 est.
1187 5394 1298 5449 Non
1330 5395 1401 5449 illi
1443 5396 1618 5465 places
1638 5397 1774 5452 male

188 5484 421 5554 agendo.
453 5485 734 5556 Templum
779 5487 1051 5542 ruinosum
1079 5504 1182 5540 non
1211 5486 1488 5554 inhabitat,
1521 5490 1773 5559 templum

187 5575 470 5630 sordidum
498 5593 600 5632 non
621 5578 930 5650 ingreditur.
949 5577 1052 5634 Sed
1073 5594 1226 5649 geme
1252 5577 1318 5632 ad
1347 5579 1515 5644 illum,
1544 5587 1598 5634 ut
1623 5596 1775 5636 mun-

184 5666 281 5719 det
313 5668 413 5722 sibi
444 5668 648 5729 locum;
692 5686 847 5740 geme
876 5669 940 5723 ad
967 5670 1136 5733 illum,
1172 5681 1222 5723 ut
1253 5671 1476 5725 :rdilicet
1517 5673 1771 5744 templum

187 5756 330 5813 sibi:
360 5761 497 5830 quod
531 5770 586 5816 tu
616 5761 937 5826 destruxisti,
966 5761 1073 5830 iprc
1102 5771 1370 5816 ct-nstroat
1397 5778 1410 5826 ;
1436 5764 1570 5832 quod
1602 5773 1652 5818 tu
1679 5782 1770 5821 cs-

3380 398 3502 456 882‘

1905 490 2216 556 terminasti,
2252 493 2674 565 ipse-refertuet;
2701 501 2842 570 quod
2869 510 2924 557 tu
2953 504 3212 576 deiecisti,
3235 509 3347 578 ipse
3371 514 3481 570 eri-

1899 589 2010 648 gat.
2033 580 2212 636 Clama
2237 583 2302 638 ad
2326 585 2512 653 Deum,
2541 588 2710 643 clama
2739 591 2976 659 interius,
3002 595 3170 651 clama
3197 598 3283 652 ubi
3310 601 3478 659 audit:

1899 671 2024 741 quia
2048 681 2104 727 et
2129 673 2198 727 ibi
2220 688 2426 744 peccas,
2461 676 2551 732 ubi
2577 676 2748 746 videt;
2779 681 2850 736 ibi
2876 683 3065 751 clama,
3094 684 3180 740 ubi
3206 686 3372 750 audit,

1971 763 2025 820 8..
2070 763 2268 820 Timore
2286 784 2448 840 paena:
2466 770 2656 824 malum
2675 789 2775 826 non
2794 775 3008 845 faciens,
3029 777 3254 832 nondum
3270 779 3480 838 laudan-

1899 851 2015 907 dus.
2054 853 2305 910 (ie/reuna:
2348 858 2498 914 timor
2535 861 2603 914 ad
2625 862 2749 930 quid
2776 862 2935 917 utilis.
2977 864 3046 924 Et
3085 883 3204 923 cum
3236 870 3479 927 timorem

1899 947 2230 1014 correxeris,
2247 956 2299 1002 et
2325 949 2522 1005 utiliter
2549 952 2735 1009 timere
2759 956 3006 1028 coeperis,
3031 973 3136 1014 non
3158 964 3479 1032 temporales

1898 1037 2183 1103 cruciatus,
2214 1039 2307 1094 sed
2337 1041 2521 1095 aeterni
2552 1043 2688 1114 ignis
2716 1046 2994 1115 supplicia,
3035 1058 3088 1104 et
3133 1049 3251 1106 ideo
3273 1052 3480 1111 adulter

1898 1142 2003 1179 non
2055 1126 2250 1184 fueris:
2276 1130 2399 1187 hinc
2425 1133 2567 1187 enim
2597 1133 2961 1206 loquebamur,
2993 1151 3208 1210 propter
3245 1145 3477 1213 Aposto-

1897 1213 2029 1281 lum,
2061 1219 2147 1287 qui
2193 1218 2344 1285 dixit,
2379 1220 2603 1292 Corpora
2633 1233 2792 1280 vestra
2840 1231 3058 1282 membra
3103 1227 3290 1286 Christi
3317 1246 3430 1289 sunt
3457 1254 3474 1289 :

1897 1323 2016 1364 cum
2046 1325 2174 1381 ergo
2204 1312 2322 1368 ideo
2358 1314 2566 1370 adulter
2594 1332 2712 1372 esse
2741 1334 2848 1374 non
2873 1323 3122 1390 coeperis,
3152 1326 3276 1394 quia
3318 1327 3472 1382 times

1894 1398 2082 1454 ardere
2110 1401 2161 1455 in
2183 1401 2304 1472 igne
2324 1405 2670 1475 sempiterno,
2690 1408 2924 1463 nondum
2945 1409 3236 1468 laudandus
3257 1430 3340 1481 es;
3369 1433 3476 1472 non

1893 1490 2105 1559 quidem
2137 1492 2206 1547 ita
2235 1493 2512 1565 dolendus,
2540 1508 2597 1553 ut
2623 1509 2765 1568 ante,
2788 1501 2882 1556 sed
2909 1511 3083 1560 tamen
3105 1507 3338 1564 nondum
3362 1510 3474 1574 lat;-

1893 1582 2116 1639 dandus.

1962 1671 2186 1730 CAPUT
2224 1676 2603 1748 Vlll.—-Quid
2645 1684 2788 1743 enim
2835 1701 3082 1757 maguum
3133 1699 3235 1758 est,
3286 1692 3472 1749 timere

1895 1779 2103 1833 poenam
2117 1766 2147 1825 2,
2169 1767 2413 1839 Magnum
2438 1776 2662 1840 est,_sed
2687 1778 3168 1848 amrejustitiam.
3198 1783 3471 1854 Interrogo

1893 1861 1964 1918 te,
2009 1863 2065 1909 et
2109 1855 2319 1913 invenio
2347 1868 2413 1915 te.
2450 1861 2528 1916 Tu
2573 1865 2773 1933 iuSpice
2800 1867 3268 1939 interrogationem
3297 1889 3467 1929 meam

1891 1953 2189 2012 sonantem,
2215 1957 2269 2002 et
2298 1949 2378 2004 fac
2406 1951 2474 2006 de
2500 1961 2550 2007 te
2570 1953 2686 2023 ipso
2708 1955 3172 2028 interrogationem
3203 1962 3465 2024 silentem.

1892 2027 2018 2088 Dico
2043 2049 2170 2106 ergo
2201 2037 2325 2093 tibi:
2348 2039 2588 2098 Libidine
2612 2058 2730 2098 eum
2749 2027 3105 2108 victushabes
3127 2055 3460 2110 consentien-

1892 2131 2018 2214 tem,
2047 2141 2211 2195 quare
2239 2144 2342 2183 non
2370 2133 2656 2187 committis
2693 2135 3043 2196 adulterium?
3073 2141 3138 2199 Et.
3173 2145 3465 2214 responde-

1890 2213 2162 2281 hiszﬂuia
2203 2218 2363 2274 timeo
2398 2221 2723 2291 gehennam,
2771 2213 3287 2300 timeo.supplieium
3332 2235 3466 2304 ignis

1889 2307 2092 2372 :elerui,
2117 2307 2278 2366 timeo
2298 2309 2552 2380 judicium
2573 2311 2788 2382 Christi,
2822 2318 2981 2373 timeo
3017 2323 3322 2378 societatem
3349 2327 3463 2378 dia-

1889 2394 2018 2462 boli,
2053 2414 2119 2452 ne
2148 2401 2334 2469 puuiar
2358 2403 2425 2456 ab
2451 2403 2574 2472 illo,
2593 2413 2647 2459 et
2671 2423 2791 2461 cum
2823 2409 2916 2464 illo
2935 2411 3168 2468 ardeam.
3199 2412 3362 2482 Quid?
3390 2413 3465 2472 di-

1889 2497 2071 2548 cturus
2111 2506 2250 2558 sum,
2299 2492 2432 2548 Male
2472 2495 2660 2550 times?
2704 2502 2968 2568 quomodo
3009 2503 3100 2558 tibi
3130 2505 3367 2560 dicebam
3397 2509 3464 2563 de

1888 2578 2216 2646 adversario,
2244 2583 2364 2652 quia
2395 2587 2662 2654 quarrebat
2691 2604 2884 2659 corpus
2916 2602 3058 2649 tuum
3089 2597 3351 2655 occidere.
3386 2601 3462 2656 lbi

1888 2671 2030 2730 enim
2059 2682 2201 2728 recte
2229 2674 2489 2740 dicebam,
2514 2677 2643 2734 Male
2674 2681 2846 2746 times,
2875 2698 3117 2740 securum
3145 2695 3194 2743 te
3225 2688 3345 2746 fecit
3363 2691 3465 2746 Do-

1888 2763 2062 2818 minus
2093 2773 2230 2831 tuus,
2261 2767 2473 2824 dicens:
2502 2769 2672 2826 Nolite
2697 2774 2868 2829 timere
2895 2793 2977 2830 eos
3002 2779 3089 2847 qui
3117 2796 3297 2848 corpus
3326 2786 3462 2837 occi-

1887 2856 2031 2911 dunt.
2064 2856 2218 2912 Modo
2244 2875 2363 2915 cum
2394 2860 2526 2918 dicis
2549 2863 2700 2930 mihi,
2729 2864 3035 2923 Gebennam
3065 2871 3244 2938 timeo,
3275 2876 3462 2932 ardere

1887 2946 2069 3013 timeo,
2099 2949 2151 3002 in
2177 2961 2434 3006 :eternum
2469 2956 2640 3024 puniri
2670 2957 2864 3013 timeo:
2894 2961 3016 3030 qttid
3043 2961 3276 3018 dicturus
3304 2969 3460 3020 sum?

1887 3035 2021 3091 Male
2049 3039 2238 3094 times?
2284 3058 2418 3098 vane
2449 3045 2636 3101 times?
2662 3047 2778 3102 Non
2816 3049 3006 3116 audeo,
3039 3055 3460 3126 quandoquidem

1886 3129 2000 3199 ipse
2027 3130 2282 3189 Dominus
2308 3137 2486 3192 ablato
2514 3139 2723 3208 timore,
2754 3140 2979 3212 subjecit
3005 3144 3242 3201 timorem
3261 3166 3274 3213 ;
3294 3158 3344 3204 et
3363 3151 3456 3216 ait,

1885 3219 1972 3274 ubi
2002 3221 2160 3290 dixit,
2185 3223 2357 3307 Notae
2379 3228 2551 3282 timere
2571 3247 2652 3284 eos
2674 3232 2761 3302 qui
2775 3249 2956 3304 corpus
2977 3236 3226 3304 occidunt,
3249 3250 3294 3294 et
3320 3253 3459 3310 post-

1884 3327 1942 3365 ea
1979 3329 2077 3367 non
2113 3315 2294 3370 habent
2312 3320 2436 3389 quid
2454 3320 2646 3390 faciant
2667 3340 2685 3376 .'
2708 3323 2797 3378 sed
2838 3342 2950 3379 eum
2977 3328 3160 3394 timete,
3190 3333 3274 3400 qui
3313 3333 3457 3387 habet

1885 3411 2173 3472 potestatem
2204 3416 2249 3460 et
2288 3424 2473 3478 corpus
2502 3422 2547 3464 et
2571 3413 2791 3466 animant
2831 3415 3054 3471 occidere
3089 3420 3139 3472 in
3181 3421 3456 3490 gehennam

1882 3492 2013 3563 ignis
2035 3511 2052 3548 :
2078 3495 2148 3548 ita
2173 3496 2285 3550 dico
2314 3499 2468 3562 vobis,
2499 3501 2630 3554 hunc
2652 3503 2819 3556 timete
2843 3503 2994 3574 (Luc.
3018 3523 3110 3572 ιιι,
3138 3509 3192 3574 4,
3216 3509 3290 3579 5).
3325 3510 3453 3566 Cum

1881 3599 2010 3660 ergo
2038 3586 2291 3646 Dominus
2313 3589 2554 3644 timorem
2584 3592 2884 3662 incusserit,
2913 3604 2968 3650 et
2998 3596 3338 3658 vehementer
3366 3603 3447 3656 itt-

1881 3676 2126 3743 eusserit,
2153 3686 2205 3732 et
2231 3679 2519 3748 repetendo
2546 3682 2765 3736 verbum
2793 3685 3260 3744 comminationem
3282 3693 3454 3761 gemi-

1881 3769 2106 3833 naverit,
2136 3769 2373 3827 dicturus
2399 3788 2498 3843 ego
2529 3788 2671 3839 sum,
2703 3775 2836 3836 Male
2875 3779 3066 3835 times?
3108 3781 3209 3838 Ista
3243 3800 3344 3839 non
3375 3787 3454 3841 dio

1881 3870 2020 3910 eam.
2049 3857 2211 3915 Plane
2240 3861 2393 3928 time,
2433 3864 2562 3918 nihil
2596 3866 2787 3921 melius
2837 3869 3022 3936 times;
3053 3871 3184 3928 nihil
3211 3885 3291 3930 est
3313 3879 3452 3946 quod

1881 3947 2049 4016 magis
2080 3950 2267 4005 timere
2292 3951 2508 4008 debeas.
2540 3953 2644 4010 Sed
2673 3957 2938 4030 interrogo
2965 3968 3049 4017 te:
3080 3961 3134 4018 Si
3161 3957 3265 4019 non
3302 3976 3352 4022 te
3374 3968 3453 4026 vi:

1881 4036 2032 4091 deret
2053 4037 2212 4106 Deus,
2244 4043 2455 4110 quando
2477 4042 2626 4110 facis,
2661 4061 2758 4101 nec
2785 4049 3061 4119 quisquam
3097 4061 3146 4108 te
3173 4057 3457 4115 convince-

1881 4137 1962 4182 ret
1987 4129 2039 4182 in
2062 4128 2264 4198 judicio
2303 4132 2466 4201 illius,
2512 4135 2754 4192 faceres?
2792 4138 2870 4193 Tu
2919 4149 2968 4195 te
2997 4142 3137 4198 vide.
3166 4143 3280 4200 Non
3311 4148 3451 4202 enim

1881 4227 2031 4288 potes
2073 4220 2140 4274 ad
2184 4223 2344 4276 verba
2373 4225 2552 4280 omnia
2599 4241 2715 4281 mea
2764 4230 3122 4301 respondere,,
3153 4234 3354 4307 inspice
3401 4249 3453 4296 te

1881 4308 2074 4378 ipsum.
2109 4309 2462 4390 Faceres?_Si
2493 4314 2712 4385 faceres,
2743 4334 2870 4390 ergo
2901 4336 3108 4390 poenam
3145 4326 3318 4393 times,
3360 4346 3452 4384 ea-

1881 4401 2112 4455 stitatem
2147 4402 2381 4458 nondum
2412 4420 2579 4472 amas,
2610 4407 2921 4466 charitatcm
2971 4415 3202 4471 nondum
3247 4417 3448 4476 habes:

1879 4490 2142 4546 serviliter
2173 4495 2361 4559 times;
2410 4494 2635 4552 formido
2677 4508 2756 4554 est
2791 4502 2936 4570 mali,
2979 4505 3210 4561 nondum
3240 4509 3453 4566 dilectio

1881 4581 2060 4637 boni‘.
2095 4582 2201 4640 Sed
2243 4586 2369 4642 time
2401 4595 2597 4654 tamen,
2631 4599 2686 4644 ut
2711 4591 2807 4645 ista
2834 4592 3344 4670 formidqeustodiat
3379 4613 3449 4670 te,

1878 4681 1934 4725 ιιι
1961 4673 2214 4743 perducat
2234 4675 2300 4730 ad
2322 4675 2680 4736 dilectionem.
2709 4681 2893 4738 Timor
2915 4686 3055 4740 enim
3083 4687 3201 4755 iste,
3233 4706 3336 4760 quo
3356 4708 3450 4762 ge-

1879 4765 2110 4821 hennam
2154 4768 2329 4836 limes,
2357 4779 2412 4825 et
2441 4771 2559 4826 ideo
2589 4774 2723 4826 mala
2764 4789 2869 4829 non
2914 4776 3060 4844 facis,
3101 4782 3333 4836 continet
3363 4793 3448 4848 te;

1877 4865 1931 4912 et
1956 4857 2033 4912 sic
2056 4859 2315 4914 volentem
2348 4876 2566 4930 peccare
2594 4863 2824 4917 animum
2845 4866 3144 4922 interiorem
3175 4886 3276 4922 non
3304 4871 3447 4925 sinit.

1879 4947 1974 5002 Est
2002 4949 2142 5002 enim
2171 4948 2382 5019 quidam
2412 4960 2592 5006 custos
2621 4953 2796 5020 timor,
2841 4956 2990 5023 quasi
3019 4957 3333 5027 pardagogus
3371 4961 3449 5017 le-

1877 5040 1985 5110 gis;
2011 5035 2184 5096 littera
2209 5049 2293 5096 est
2316 5042 2544 5110 minans,
2573 5043 2805 5098 nondum
2830 5047 2995 5115 gratia
3019 5047 3228 5117 juvans.
3255 5050 3448 5107 Custo-

1878 5131 1988 5185 diat
2028 5141 2201 5186 tamen
2241 5141 2291 5187 te
2327 5133 2485 5188 timor
2513 5135 2631 5201 iste,
2664 5134 2790 5191 dum
2824 5152 2924 5191 non
2956 5138 3085 5194 facis
3116 5142 3368 5208 timendo,
3397 5157 3451 5209 et

1878 5223 2056 5277 veniet
2080 5223 2336 5290 cltaritas;
2370 5223 2526 5279 intrat
2568 5226 2619 5280 in
2659 5242 2752 5284 cor
2778 5238 2923 5286 tuum
2942 5235 3052 5300 ’,ει
3079 5237 3450 5305 quantumilla

1879 5313 2059 5377 intrat,
2091 5320 2287 5366 tantum
2321 5311 2477 5367 timor
2500 5314 2628 5370 exit.
2667 5315 2849 5374 Timor
2873 5322 3013 5377 enim
3049 5323 3100 5378 id
3139 5326 3348 5395 agebat,
3370 5342 3450 5395 ne

1880 5403 2078 5457 faceres
2103 5419 2116 5454 :
2140 5403 2370 5458 cbaritas
2397 5403 2448 5459 id
2478 5405 2604 5476 agit,
2635 5415 2690 5461 ut
2712 5408 2848 5464 nolis
2872 5409 3067 5482 facere,
3091 5413 3250 5472 etiam
3281 5417 3452 5474 siim-

1879 5511 2020 5566 pune
2043 5496 2212 5565 possis
2237 5496 2536 5554 admittere.

3471 5099 3484 5159 ι

1942 5655 1956 5683 ²
1985 5651 2208 5714 Plerique
2227 5659 2356 5711 uss,
2379 5654 2590 5706 nondum
2613 5656 2862 5708 delectatio
2879 5661 3003 5713 boni.

1881 5774 1892 5784 ο
1936 5714 1959 5784 Ξ
1982 5714 2055 5784 sic
2079 5723 2174 5761 Am.
2193 5719 2265 5784 Er.
2290 5722 2342 5762 et
2364 5716 2575 5766 nonnulli
2599 5725 2702 5769 Mss.
2731 5727 2782 5770 At
2807 5729 2932 5782 Low,
2957 5733 3002 5773 et
3023 5725 3175 5778 veniat
3208 5724 3444 5782 Charitas.

1875 5780 2016 5825 intret
2040 5780 2086 5824 tn
2113 5787 2193 5823 cor
2212 5780 2358 5824 ttmm.
2863 5821 2880 5832 ς
