3850 6188
174 325 273 381 885

665 409 894 510 saeuo
930 451 1110 510 CLXII
1137 451 1233 524 (a).

171 621 239 676 [fe
261 614 426 672 verbis
449 609 680 684 Apostoli
699 651 716 679 ,
747 610 918 666 Omne
948 616 1222 680 peccatum
1259 604 1628 677 quodcumque
1673 601 1745 658 fee

231 707 370 764 cerit
402 705 583 771 homo,
623 711 774 759 extra
812 714 1008 772 corpus
1031 708 1145 766 est;
1182 697 1271 768 qui
1310 705 1486 752 autem
1527 693 1754 750 fornica-

236 807 326 852 tur
349 837 365 862 ,
393 796 448 850 in
491 808 686 865 corpus
723 791 994 862 proprium
1038 797 1241 860 peccat.
1288 786 1308 841 l
1347 784 1466 842 Cor.
1498 800 1613 855 cap.
1654 797 1710 837 vr
1733 823 1748 848 ,

252 889 288 957 φ
313 925 330 941 .
361 885 521 943 9.20.

774 1069 1150 1110 πιιΔωιειιτυιι.

239 1215 291 1268 Ι.
347 1211 572 1283 Difﬁcilis
618 1212 824 1282 q'ttcstio
873 1226 936 1264 ea:
979 1208 1136 1264 verbis
1209 1207 1458 1280 Apostoli.
1518 1205 1754 1274 Qumstio

172 1303 232 1356 de
261 1301 502 1372 Epistula
525 1299 921 1354 Corinthiorum
945 1298 1084 1353 beati
1115 1297 1258 1352 Pauli
1284 1296 1530 1367 apostoli,
1557 1295 1648 1352 ubi
1674 1295 1758 1351 di-

172 1399 279 1460 cit,
317 1393 480 1449 Omne
505 1401 759 1464 peccatum
793 1389 1138 1461 quodcumque
1177 1390 1347 1460 fecerit
1381 1389 1532 1442 homo
1556 1427 1572 1454 ,
1613 1394 1756 1441 extra

178 1503 364 1557 corpus
402 1493 513 1550 est;
541 1484 626 1552 qui
651 1492 817 1536 autent
847 1482 1159 1553 fornicatur,
1197 1480 1250 1533 in
1278 1495 1462 1548 corpus
1492 1479 1753 1549 propriunt

173 1585 386 1648 peccat;
415 1574 595 1629 nescio
620 1573 666 1627 si
696 1573 866 1643 possit
893 1571 959 1626 ad
997 1571 1252 1641 liquidum
1279 1569 1540 1636 dissolvi,
1571 1584 1755 1639 quam-

173 1667 252 1721 vis
279 1666 470 1737 possit,
499 1665 731 1719 donante
767 1663 1016 1729 Domino,
1040 1660 1239 1731 aliquid
1265 1660 1386 1716 inde
1417 1659 1759 1730 probabiliter

171 1757 274 1813 dici
302 1775 318 1812 :
349 1759 418 1811 ita
439 1756 580 1811 enim
602 1753 859 1825 profunda
883 1762 985 1808 est.
1011 1751 1143 1808 Nam
1163 1767 1284 1808 cum
1310 1751 1556 1822 superius
1584 1751 1638 1806 in
1668 1765 1758 1806 ea-

173 1851 294 1904 dem
327 1847 562 1918 Epistola
593 1845 878 1917 Apostolus
906 1844 1128 1909 diceret,
1157 1841 1331 1897 Nolite
1358 1858 1528 1897 errare
1553 1858 1572 1896 :
1603 1857 1782 1912 neque.

174 1941 526 2011 fornicatores,
555 1953 713 2007 neque
739 1936 890 1991 idolis
910 1936 1193 2001 servientes,
1222 1950 1381 2005 neque
1397 1934 1636 2000 adulteri,
1669 1950 1759 1990 ne-

173 2050 265 2101 que
292 2031 492 2098 molles,
521 2047 678 2102 neque
702 2030 1038 2084 masculorum
1068 2027 1411 2083 concubitores
1429 2067 1445 2092 ,
1489 2043 1648 2098 neque
1675 2030 1760 2098 fu-

174 2141 273 2192 res,
309 2139 469 2193 neque
496 2123 656 2188 avari,
689 2138 845 2194 neque
870 2121 1071 2187 ebriosi,
1099 2136 1256 2189 neque
1287 2120 1522 2174 maledici
1547 2160 1561 2186 ,
1604 2135 1762 2190 neque

174 2230 384 2284 rapaces
409 2229 616 2284 regnum
642 2211 740 2266 Dei
761 2210 1079 2282 possidebunt
1107 2227 1126 2265 :
1154 2221 1206 2265 et
1233 2211 1387 2281 paulo
1412 2219 1552 2282 post,
1587 2209 1761 2264 Nesci-

177 2307 238 2360 tis
257 2348 275 2372 ,
304 2305 408 2373 ait,
436 2304 674 2376 quoniam
714 2319 926 2373 corpora
951 2312 1112 2356 vestra
1137 2302 1357 2356 membra
1393 2311 1508 2356 sunt
1535 2300 1761 2357 Christi?

179 2386 383 2453 Tollens
407 2413 524 2469 ergo
551 2395 774 2450 membra
805 2395 1022 2462 Christi,
1052 2395 1240 2467 faciant
1276 2395 1499 2449 ntentbru
1540 2394 1764 2448 meretri-

177 2489 246 2542 cis
264 2490 292 2542 .9
311 2489 470 2542 Absit.
498 2489 574 2541 An
601 2488 798 2540 nescitis
817 2487 935 2558 quia
955 2487 1042 2557 qui
1060 2485 1282 2540 adhaeret
1312 2486 1575 2549 meretrici,
1605 2501 1763 2540 unum

178 2598 362 2652 corpus
391 2591 463 2635 est
484 2582 510 2635 ?
539 2579 703 2634 Erunt
731 2581 885 2644 enim,
911 2579 1100 2648 inquit,
1125 2579 1226 2632 duo
1254 2579 1308 2631 in
1333 2595 1485 2632 carne
1510 2594 1632 2632 una.
1662 2577 1768 2643 Qui

177 2681 344 2726 autem
368 2672 591 2727 adliceret
617 2671 853 2735 Domino,
883 2687 1012 2725 unus
1031 2671 1238 2740 spiritus
1266 2677 1358 2723 est.
1393 2668 1577 2740 Fugite
1603 2669 1764 2740 forni-

178 2766 426 2818 cationem
449 2780 467 2817 :
492 2772 651 2834 atque
681 2764 750 2818 ibi
782 2763 1076 2833 subjunxit,
1112 2763 1274 2817 Omne
1304 2771 1564 2833 peccatum
1597 2762 1760 2832 quod-

178 2871 389 2924 cumque
412 2857 580 2925 fecerit
607 2854 777 2922 homo,
800 2863 942 2908 extra
968 2870 1149 2921 corpus
1175 2864 1282 2919 est;
1304 2854 1390 2924 qui
1412 2863 1580 2906 autem
1605 2853 1764 2924 forni-

177 2956 342 3010 catur,
378 2947 431 2998 in
459 2962 640 3016 corpus
661 2945 922 3016 proprium
949 2954 1138 3016 peccat.
1173 2945 1249 2999 An
1285 2945 1480 2998 nescitis
1499 2944 1616 3015 quia
1647 2959 1764 2997 cor-

179 3053 273 3106 pus
326 3045 538 3090 vestrum
563 3077 577 3101 ,
628 3036 872 3108 templum
910 3037 963 3090 in
1001 3035 1138 3090 vobis
1188 3034 1412 3106 Spiritus
1447 3035 1608 3106 spncti
1649 3042 1761 3102 est,

179 3146 327 3200 quem
355 3129 544 3210 hebetis
580 3144 613 3182 a
654 3127 762 3182 Deo
783 3169 798 3193 ,
842 3138 887 3182 et
928 3143 1029 3182 non
1059 3128 1175 3181 estis
1204 3127 1351 3181 vestri
1377 3127 1402 3180 ?
1434 3126 1607 3199 Empti
1633 3128 1764 3181 enim

181 3221 303 3275 alis
349 3221 508 3290 pretio
554 3236 738 3291 magno
769 3235 789 3273 :
818 3219 1104 3291 gloriﬁcate
1153 3229 1200 3273 et
1246 3228 1442 3290 portate
1487 3219 1652 3274 Deum
1711 3220 1765 3275 in

180 3326 393 3380 corpore
431 3319 589 3364 vestro
612 3324 771 3364 :cum
809 3323 936 3378 ergo
971 3310 1135 3366 multa
1180 3319 1232 3362 et
1265 3307 1530 3363 horrenda
1571 3309 1622 3363 in
1663 3307 1766 3365 hoc

178 3403 415 3473 capitulo
439 3405 582 3472 prius
605 3411 973 3457 enumerasset
1003 3400 1275 3456 hominum
1309 3410 1545 3470 peccata,
1573 3400 1765 3472 quibus

180 3510 289 3550 non
321 3494 530 3549 dabitur
551 3509 772 3566 regnum
801 3494 912 3560 Dei,
936 3509 1052 3565 qua:
1081 3502 1254 3548 tamen
1287 3493 1497 3548 nonnisi
1528 3508 1623 3562 per
1641 3508 1764 3548 cor-

178 3603 280 3659 pus
318 3588 606 3658 perpetrari
652 3587 718 3642 ab
751 3586 1054 3641 hominibus
1085 3593 1337 3655 possunt;
1389 3583 1529 3654 quod
1573 3598 1767 3653 corpus

179 3685 364 3753 utique
387 3681 498 3752 jam
529 3679 787 3745 ﬁdelium,
813 3678 1064 3748 templum
1093 3691 1212 3732 esse
1241 3676 1368 3734 dicit
1389 3675 1616 3746 Spiritus
1644 3689 1770 3731 san-

179 3774 272 3840 cti,
303 3787 461 3843 quem
490 3769 748 3824 habemus
777 3783 806 3822 a
836 3767 977 3834 Deo;
1019 3767 1236 3838 ipsaque
1262 3767 1502 3822 membra
1529 3765 1769 3836 corporis

180 3867 374 3929 nostri,
399 3862 640 3920 membra
669 3877 789 3918 esse
813 3869 1082 3916 asseverat
1111 3859 1307 3915 Christi
1333 3875 1346 3912 :
1375 3860 1443 3914 de
1465 3858 1656 3929 quibus
1679 3873 1767 3913 ar-

177 3955 393 4030 guendo
429 3963 483 4012 et
510 3952 739 4025 quodam
783 3952 942 4008 modo
981 3949 1378 4021 interrogando,
1423 3949 1533 4003 ait:
1564 3947 1770 4004 Tollens

181 4063 304 4120 ergo
347 4050 570 4100 membra
610 4043 818 4110 Christi,
853 4042 1036 4114 faciam
1077 4041 1296 4096 membra
1339 4040 1654 4095 meretricis?
1687 4055 1772 4096 rc-

177 4138 565 4208 sponderitque
613 4135 735 4203 sibi,
779 4134 954 4201 Absit;
995 4129 1278 4204 subjungat
1319 4133 1493 4188 adhuc
1529 4141 1582 4189 et
1608 4132 1768 4201 dicat,

183 4229 410 4286 Nescitis
441 4229 683 4299 quoniam
721 4227 806 4298 qui
845 4226 1064 4281 adhazret
1095 4225 1362 4288 meretrici,
1403 4240 1560 4278 unum
1591 4240 1773 4294 corpus

181 4320 448 4374 estJL'runt
479 4319 631 4384 enim,
663 4319 844 4388 inquit,
885 4317 985 4371 duo
1015 4317 1067 4370 in
1113 4332 1264 4369 carne
1310 4331 1414 4368 una
1439 4331 1457 4369 :
1483 4315 1568 4386 qui
1606 4323 1774 4370 autem

181 4405 411 4464 adliceret
439 4409 678 4474 Domino,
708 4424 838 4462 unus
866 4407 1072 4476 spiritus
1101 4415 1208 4469 est;
1237 4414 1291 4460 et
1331 4405 1634 4473 concludat,
1663 4404 1776 4459 Fu-

181 4503 289 4572 gite
308 4501 691 4571 fornicationem
710 4515 728 4553 :
744 4499 986 4568 sequitur
1008 4507 1180 4552 tamen
1204 4497 1339 4568 ipse,
1368 4505 1422 4552 et
1441 4497 1588 4565 dicit,
1615 4495 1777 4570 Omne

180 4606 452 4664 peccatum
489 4593 838 4664 quodcumque
873 4591 1045 4662 fecerit
1084 4591 1249 4653 homo,
1292 4598 1433 4644 extra
1460 4606 1641 4662 corpus
1667 4601 1776 4655 est;

181 4686 274 4755 qui
302 4695 466 4738 autem
491 4683 789 4755 fornicatur,
816 4682 870 4735 in
901 4697 1083 4752 corpus
1114 4681 1375 4751 proprium
1397 4689 1603 4750 peccat;
1625 4680 1776 4750 quasi

181 4791 320 4831 vero
356 4777 444 4830 illa
477 4791 597 4845 quae
621 4773 974 4829 dinumeravit
999 4781 1232 4840 peccata,
1260 4771 1462 4837 dicens,
1494 4771 1669 4825 Nolite
1693 4789 1776 4826 er-

182 4885 304 4921 rare
333 4884 352 4922 :
379 4882 538 4936 neque
563 4865 912 4936 fornicatores,
945 4879 1102 4932 neque
1128 4861 1278 4916 idolis
1299 4863 1588 4926 servientes,
1621 4877 1778 4931 neque

182 4958 430 5022 adulteri,
468 4972 626 5022 neque
653 4955 848 5020 molles,
873 4970 1028 5020 neque
1049 4951 1386 5006 masculorum
1413 4951 1775 5019 concubitores,

184 5065 350 5119 neque
377 5052 537 5119 fures,
572 5062 730 5116 neque
754 5045 914 5107 avari,
938 5059 1093 5112 neque
1118 5042 1318 5106 ebriosi,
1351 5058 1505 5112 neque
1525 5041 1776 5108 maledici,

180 5156 351 5206 neque
369 5154 597 5206 rapaces,
621 5152 828 5206 regnum
850 5133 946 5186 Dei
976 5134 1332 5203 possidebunt;
1373 5133 1470 5186 ista
1496 5133 1671 5186 omnia
1697 5131 1776 5186 fa-

181 5229 374 5284 cinora
416 5226 710 5296 ctllagitia,
754 5225 1008 5294 numquid
1054 5223 1262 5277 nonnisi
1309 5236 1400 5291 per
1443 5236 1636 5291 corpus
1664 5221 1776 5275 fieri

180 5332 288 5376 aut
325 5321 561 5376 exerceri
603 5317 899 5389 possunt“?
937 5315 1065 5384 Quis
1097 5315 1197 5370 hoc
1239 5315 1352 5369 sani
1393 5314 1581 5384 capitis
1620 5313 1780 5367 homo

181 5564 206 5602 ε
258 5495 453 5603 "t’prte,
478 5489 710 5554 numquid
732 5487 826 5541 nisi
847 5503 933 5553 per
957 5501 1128 5546 corpus
1164 5485 1274 5553 ﬁeri
1303 5495 1383 5538 aut
1420 5486 1641 5539 exerceri
1670 5500 1780 5551 pos-

211 5568 285 5603 rm
324 5592 334 5602 .

211 5568 305 5604 mu
324 5573 334 5602 .‘

251 5638 332 5692 (τι)
356 5638 494 5692 Atlas,
517 5635 842 5698 fragmentum
869 5634 902 5684 3
926 5633 975 5684 in
993 5635 1189 5695 Eugypii
1206 5631 1495 5683 collectione
1527 5641 1778 5698 repertum

178 5705 242 5748 et
263 5699 464 5746 dimittit
488 5710 518 5746 a
536 5696 672 5747 Flam
691 5699 748 5746 ad
775 5704 788 5746 ι
823 5703 928 5758 Cor.
963 5712 1026 5746 vr.
1052 5698 1337 5758 castigatum
1382 5704 1458 5746 est
1486 5696 1542 5744 ad
1581 5703 1686 5744 Mss.
1731 5705 1782 5747 ct

178 5759 311 5807 aut.
331 5762 376 5808 in
394 5773 623 5810 sermone
648 5757 943 5820 praecedenti
965 5758 1104 5808 modo
1125 5757 1424 5816 designatos.

1581 308 1809 370 SEMO
1843 309 2044 368 CLXII.

3334 324 3456 384 886-

1857 426 2168 496 negaverit?
2217 426 2411 484 Totum
2458 430 2653 501 quippe
2695 431 2855 488 istum
2907 433 3080 490 locum
3130 435 3441 508 Apostolus,

1857 527 2074 588 propter
2116 516 2289 588 ipsum
2317 533 2510 589 corpus
2547 521 2655 591 jam
2681 532 2915 593 emptum
2945 524 3117 595 pretio
3146 541 3357 598 magno,
3389 529 3441 583 id

1857 620 1958 675 est,
1989 609 2187 666 Christi
2214 612 2472 683 sanguine
2498 615 2754 684 pretioso,
2785 618 3040 688 templum
3066 617 3293 689 Spiritus
3315 637 3441 676 san-

1856 702 1926 756 cti
1953 701 2148 758 factum
2176 719 2215 759 a
2246 703 2491 772 Domino,
2535 720 2602 760 ne
2632 706 2824 763 talibus
2855 707 3066 780 ﬂagitiis
3093 710 3440 780 pollueretur,
3469 771 3473 773 _

1861 793 1948 847 sed
1981 794 2155 864 potius
2187 795 2498 851 inviolatum
2530 806 2779 868 tanquam
2819 789 3300 857 Dei'habitaeulum
3328 818 3441 859 ser-

1859 893 2095 949 varetur,
2131 885 2320 956 agebat
2361 896 2418 943 et
2458 886 2796 946 defendebat.
2841 890 3017 958 Quare
3056 906 3182 963 ergo
3225 893 3443 963 subjun-

1856 991 1982 1045 gere
2007 978 2170 1032 voluit
2197 978 2318 1048 hoc,
2348 979 2486 1036 unde
2515 980 2745 1038 difficilis
2774 984 2998 1053 quaestio
3021 994 3357 1053 nasceretur;
3389 988 3439 1042 id

1859 1076 1958 1132 est,
2005 1080 2061 1124 ut
2107 1069 2326 1138 diceret,
2375 1070 2537 1126 Omne
2578 1083 2836 1144 peccatum
2877 1075 3226 1146 quodcumque
3269 1079 3442 1148 fecerit

1860 1159 2028 1223 homo,
2061 1170 2202 1215 extra
2239 1179 2420 1234 corpus
2450 1173 2556 1228 est;
2585 1165 2674 1235 qui
2699 1174 2867 1219 autem
2896 1167 3198 1238 fornicatur,
3240 1168 3294 1222 in
3329 1184 3442 1222 cor-

1861 1266 1955 1318 pus
1986 1267 2131 1305 suum
2173 1261 2522 1322 peccat:cum
2565 1255 2676 1310 sive
2717 1254 2829 1325 ipsa
2857 1254 3155 1322 fornicatio,
3185 1259 3297 1313 sive
3339 1257 3441 1312 alia

1860 1339 2184 1410 hujusmodi,
2214 1359 2332 1413 qua:
2355 1345 2564 1400 nonnisi
2589 1361 2684 1415 per
2703 1361 2896 1417 corpus
2927 1349 3059 1404 liunt
3087 1357 3302 1420 peccata
3335 1356 3444 1404 tur-

1860 1432 2086 1503 pitudini
2120 1443 2173 1490 et
2202 1434 2536 1492 fornicationi
2577 1439 2862 1507 simillima,
2893 1441 3101 1496 nonnisi
3146 1456 3240 1513 per
3272 1442 3443 1514 ipsum

1860 1538 2054 1595 corpus
2093 1535 2345 1596 gerantur
2372 1537 2530 1599 atque
2560 1530 2950 1586 exerceantur?
2979 1531 3112 1599 Quid
3143 1532 3324 1587 enim?
3349 1549 3446 1602 po-

1857 1619 2053 1700 teritne
2083 1634 2202 1674 esse
2243 1621 2502 1691 quispiam
2534 1621 2611 1694 (ut
2653 1634 2846 1679 caetera
2878 1625 3122 1694 superius
3152 1635 3442 1681 memorata

1863 1707 2088 1782 taceam)
2116 1708 2221 1777 fur,
2252 1712 2335 1766 vel
2379 1712 2640 1779 ebriosus,
2673 1715 2754 1770 vel
2787 1715 3095 1784 maledicus,
3137 1717 3220 1771 vel
3257 1733 3442 1787 rapax,

1861 1809 2010 1855 extra
2035 1802 2396 1870 operationem
2425 1806 2665 1874 corporis
2697 1805 2896 1876 hujus?
2934 1806 3186 1874 Quamvis
3213 1825 3310 1863 nec
3335 1809 3444 1878 ipsa

1862 1890 2160 1946 idololatria
2186 1909 2356 1963 neque
2388 1895 2500 1964 ipsa
2529 1895 2768 1962 avaritia,
2801 1906 2996 1966 prseter
3025 1899 3298 1953 servitium
3322 1915 3446 1953 cor-

1861 1981 2010 2052 poris
2037 1982 2194 2052 hujus
2220 1985 2412 2054 poterit
2437 1985 2503 2041 ad
2531 2001 2681 2042 usum
2714 1986 3043 2058 fructumque
3082 2005 3235 2044 suum
3263 2007 3450 2060 perve-

1863 2074 2000 2129 nire.
2028 2073 2167 2140 Quid
2197 2085 2278 2131 est
2307 2092 2456 2147 ergo,
2487 2077 2647 2133 Omne
2669 2090 2926 2148 peccatum
2946 2081 3290 2152 quodcumque
3319 2086 3449 2156 fece—

1863 2166 1930 2218 rit
1962 2169 2132 2232 homo,
2171 2176 2312 2220 extra
2355 2185 2539 2239 corpus
2577 2179 2684 2236 est;
2727 2171 2814 2239 qui
2851 2179 3016 2224 autem
3053 2172 3353 2242 fornicatur,
3396 2175 3448 2230 in

1865 2272 2050 2328 corpus
2076 2260 2338 2328 praprium
2365 2260 2571 2328 peccat?
2592 2259 2848 2328 Primum,
2871 2263 2992 2332 quia
3024 2263 3073 2317 in
3102 2280 3326 2333 corpore
3347 2266 3449 2320 ile

1867 2348 2030 2404 homo
2055 2349 2392 2418 constitutus,
2421 2351 2674 2421 quidquid
2700 2352 2816 2408 solo
2855 2360 3058 2408 tantum
3098 2355 3275 2409 animo
3301 2365 3450 2424 pote~

1867 2441 1937 2496 rit
1965 2441 2146 2511 inique
2172 2441 2571 2512 concupiscere,
2601 2441 2704 2497 dici
2734 2459 2840 2497 non
2876 2439 3049 2514 potest
3079 2457 3226 2499 extra
3258 2461 3449 2516 corpus

1868 2532 1972 2588 hoc
1994 2531 2267 2589 hominem
2294 2531 2491 2598 facere,
2524 2549 2643 2588 cum
2673 2543 2881 2590 constet
2915 2551 3036 2590 eum
3063 2536 3259 2589 carnali
3290 2551 3448 2591 sensu

1868 2632 1922 2680 et
1948 2626 2146 2694 carnali
2172 2624 2450 2696 prudentia
2494 2629 2595 2680 hoc
2621 2640 2798 2696 agere,
2832 2626 2934 2680 isto
2963 2626 3135 2681 adhuc
3164 2628 3452 2682 circumse-

1867 2727 2014 2790 ptum
2039 2733 2282 2788 corpore.
2307 2717 2438 2772 Nam
2466 2726 2519 2772 et
2543 2717 2684 2788 quod
2712 2717 2765 2772 in
2802 2717 3014 2773 Psalmo
3052 2718 3305 2787 scriptum
3344 2729 3447 2784 est,

1868 2807 2012 2863 Dixit
2037 2809 2222 2880 impius
2241 2810 2293 2863 in
2319 2809 2470 2863 corde
2487 2825 2597 2875 suo,
2631 2807 2750 2862 Non
2771 2818 2842 2864 est
2863 2809 2999 2863 Deus
3024 2808 3192 2882 (Psal.
3220 2825 3327 2873 xui,
3362 2811 3412 2880 l)
3435 2829 3446 2866 :

1869 2898 2011 2956 idem
2041 2899 2226 2956 beatus
2256 2900 2448 2958 Paulus
2473 2901 2745 2970 apostolus
2771 2917 2874 2955 non
2904 2901 3072 2971 potuit
3098 2902 3276 2971 utique
3300 2916 3453 2972 sepa-

1870 3007 1990 3049 rare
2019 3008 2048 3047 a
2081 2994 2344 3065 corporali
2370 3009 2554 3064 Opere,
2584 2992 2673 3047 illo
2712 2992 2830 3047 loco
2860 2993 2948 3048 ubi
2977 2994 3068 3056 ait,
3103 2993 3287 3048 Omnes
3311 3003 3451 3046 asta-

1869 3082 2034 3141 bimus
2057 3093 2174 3139 ante
2202 3085 2426 3139 tribunal
2449 3082 2655 3151 Christi,
2687 3095 2742 3139 ut
2764 3084 2974 3154 recipiat
3001 3085 3338 3155 unusquisque
3376 3101 3454 3140 se-

1869 3178 2090 3233 cundum
2117 3195 2178 3233 ea
2197 3195 2310 3250 qua
2337 3196 2425 3249 per
2444 3195 2628 3250 corpus
2651 3178 2824 3250 gessit,
2856 3180 2956 3233 sive
2981 3179 3184 3245 bonum,
3217 3180 3317 3232 sive
3346 3195 3454 3231 ma-

1871 3273 1976 3326 lunt
2001 3271 2063 3344 (ll
2092 3271 2208 3327 Cor.
2231 3287 2285 3340 v,
2313 3270 2423 3344 10).
2453 3272 2585 3339 Quia
2608 3271 2854 3326 videlicet
2893 3271 3102 3325 nonnisi
3145 3271 3194 3324 in
3224 3284 3448 3340 corpore

1871 3363 2187 3415 constitutus
2214 3360 2405 3430 impius
2432 3362 2604 3431 potuit
2627 3361 2825 3426 dicere,
2861 3359 2982 3415 Non
3006 3370 3079 3414 est
3109 3360 3258 3414 Deus.
3286 3359 3354 3414 Ut
3377 3370 3456 3412 ta-

1870 3465 2019 3505 ceam
2045 3450 2184 3522 quod
2212 3451 2266 3505 in
2288 3451 2386 3504 alia
2414 3450 2645 3521 Epistola
2674 3451 2786 3521 ipse
2812 3451 3006 3504 Doctor
3027 3450 3272 3506 Gentium
3303 3450 3452 3514 dicit,

1825 3582 1832 3590 .
1873 3540 2150 3612 Manifesta
2176 3551 2343 3596 autem
2361 3552 2476 3597 sunt
2501 3559 2653 3614 Opera
2673 3544 2839 3596 carnis
2858 3559 2875 3596 :
2895 3551 2948 3597 et
2976 3542 3302 3611 exsequitur,
3326 3539 3454 3606 Qua:

1873 3644 1987 3688 sunt
2009 3635 2387 3706 fornicationes,
2416 3635 2764 3695 immunditiaz,
2799 3633 3035 3697 luxuriae,
3075 3633 3330 3703 veneficia,
3357 3633 3458 3685 ini—

1874 3725 2095 3792 micitia,
2135 3726 2493 3793 contentiones,
2533 3725 2900 3788 (entulationes,
2945 3725 3307 3790 animositates,
3341 3723 3453 3779 dis-

1875 3817 2148 3881 sensiones,
2181 3817 2414 3882 Itwrcses,
2458 3818 2676 3881 invidiae,
2722 3815 2997 3878 ebrietates,
3041 3826 3085 3868 et
3125 3816 3203 3868 his
3236 3815 3457 3879 similia;

1875 3923 1987 3977 qua:
2015 3909 2231 3978 prtedico
2261 3907 2417 3972 vobis,
2445 3907 2572 3960 sicut
2599 3905 2829 3976 prwdia‘i,
2861 3907 2982 3975 quia
3011 3907 3097 3974 qui
3125 3905 3250 3958 talia
3277 3915 3453 3975 agunt,

1876 4014 2084 4068 regnum
2109 3995 2202 4050 Dei
2237 4013 2336 4050 non
2379 3995 2706 4068 possidebunt
2741 3995 2932 4066 (Galat.
2965 4011 3014 4059 ν,
3049 3993 3255 4065 19-2l).
3291 3994 3456 4048 Num-

1877 4091 2002 4161 quid
2046 4093 2188 4145 enitu
2228 4106 2330 4144 non
2364 4090 2574 4143 videtur
2616 4088 2767 4142 nobis
2799 4098 2945 4140 extra
2985 4101 3178 4156 corpus
3214 4085 3327 4140 ﬁeri
3355 4101 3458 4140 ca:-

1881 4191 1992 4236 tera
2027 4183 2112 4235 illa
2138 4197 2257 4252 quae
2295 4181 2366 4235 ibi
2408 4179 2759 4248 imterposuit,
2787 4179 3170 4239 :cmulatioucs,
3205 4177 3459 4231 animosi-

1881 4283 2036 4342 tates,
2065 4273 2444 4339 dissensiones,
2476 4271 2720 4337 invidias,
2752 4271 3018 4325 hmrcses?
3047 4277 3102 4324 et
3131 4277 3306 4323 tamen
3335 4282 3460 4340 ope-

1881 4367 2027 4420 ribus
2069 4365 2245 4420 carnis
2295 4365 2393 4420 ista
2437 4363 2616 4418 tribuit
2660 4364 2855 4417 Doctor
2892 4362 3139 4418 Gentium
3173 4361 3222 4413 in
3270 4359 3372 4413 lide
3411 4368 3464 4413 et

1882 4461 2122 4516 veritate.
2155 4459 2290 4527 Quid
2335 4469 2415 4514 est
2449 4475 2596 4528 ergo,
2642 4457 2802 4510 Omne
2829 4466 3083 4526 peccatum
3119 4452 3467 4522 quodcumque

1884 4553 2053 4624 fecerit
2082 4552 2250 4614 homo,
2282 4561 2423 4605 extra
2461 4567 2645 4621 corpus
2676 4561 2781 4615 est;
2824 4558 2877 4602 et
2907 4564 3064 4602 unum
3099 4545 3463 4600 tantummodo

1883 4644 2248 4698 fornicationis
2297 4652 2566 4712 peccatum
2616 4642 2934 4705 nominans,
2989 4640 3059 4693 ait
3100 4659 3114 4696 :
3159 4638 3259 4707 Qui
3300 4647 3464 4693 autem

1885 4734 2182 4804 fornicatur,
2212 4735 2265 4788 in
2289 4751 2470 4803 corpus
2500 4735 2759 4804 proprium
2784 4732 2994 4802 peccat?

1916 4825 1919 4828 ’
1955 4827 2009 4880 2.
2053 4826 2252 4883 Salutio
2308 4826 2634 4897 diﬁicultatis.
2667 4823 2770 4880 Cur
2815 4826 2924 4877 sola
2969 4824 3235 4891 fornicatio
3281 4823 3464 4874 dicitur

1888 4928 2144 4982 peccatum
2189 4920 2241 4972 in
2270 4934 2453 4985 corpus
2497 4915 2776 4986 prOprium.
2821 4917 3054 4983 Apparet
3097 4914 3254 4981 igitur
3299 4911 3467 4965 cuivis

1891 5013 2040 5066 tardo
2081 5005 2134 5066 et
2176 5011 2420 5073 obtunso,
2467 5023 2622 5078 quam
2669 5006 2737 5058 sit
2783 5005 2882 5057 ista
2932 5004 3155 5072 quaestio
3195 5000 3462 5055 difﬁcilis:

1887 5119 2044 5174 quam
2067 5103 2321 5155 Dominus
2344 5101 2442 5169 piae
2467 5096 2742 5152 intentioni
2771 5104 2987 5156 nostrtc,
3017 5093 3058 5146 si
3084 5091 3465 5173 aliquantulum

1890 5195 2134 5266 dignatus
2161 5191 2317 5245 fuerit
2341 5191 2666 5243 dilueescere
2701 5195 2860 5256 atque
2889 5185 3144 5251 revelare,
3179 5183 3466 5253 poterimus

1888 5285 2087 5357 aliquid
2109 5282 2488 5339 rationabiliter
2507 5281 2703 5336 dicere.
2728 5279 2946 5334 Videtur
2962 5277 3102 5332 enim
3127 5277 3311 5331 beatus
3331 5278 3466 5343 Apoc

1890 5378 2079 5444 slolus,
2103 5377 2155 5430 in
2179 5389 2282 5445 quo
2307 5372 2620 5444 loquebatur
2639 5370 2903 5435 Christus,
2929 5375 3020 5423 aut
3045 5378 3366 5436 exaggerare
3384 5378 3472 5419 vo.

1891 5469 2053 5523 luisse
2090 5465 2454 5520 fornicationis
2483 5462 2679 5518 malum
2713 5476 2872 5530 super
2909 5469 3099 5516 caetera
3141 5455 3315 5510 omnia
3348 5468 3470 5525 pec-

1891 5571 2028 5624 cata,
2060 5574 2178 5627 qum
2219 5558 2316 5611 etsi
2346 5570 2440 5623 per
2476 5567 2670 5622 corpus
2701 5550 3130 5610 committantur;
3159 5561 3262 5601 non
3291 5551 3468 5600 tamen

1891 5654 2126 5708 animum
2150 5649 2436 5704 humanum
2465 5642 2904 5716 concupiscentitc
2927 5639 3124 5695 carnali
3152 5637 3222 5693 ita
3238 5634 3471 5692 efﬁciunt

1894 5744 2208 5802 obstrictum
2226 5751 2278 5799 et
2298 5740 2603 5808 obnoxium,
2629 5731 3072 5810 quemadmodum
3095 5732 3145 5787 iu
3173 5730 3287 5787 solo
3308 5743 3471 5798 Opere
