3850 6188
745 180 1083 200 W.

494 365 529 438 fc
551 369 857 432 ruieatinnis
881 367 1194 438 corporalis,
1225 365 1558 422 commisceri
1590 364 1712 420 facit
1731 381 1963 420 annnam
1990 365 2070 419 vis

496 462 679 530 ingens
710 461 940 515 libidinis
967 476 1085 514 cum
1116 461 1230 530 ipso
1261 474 1504 530 corpore,
1532 468 1588 514 et
1617 476 1777 513 unum
1805 475 1925 514 cum
1958 461 2072 528 ipso

493 553 718 620 quodam
750 550 906 606 modo
932 552 1244 622 agglutinari
1273 561 1326 607 et
1348 551 1649 607 devinctum
1686 567 1838 617 esse;
1871 553 1923 606 in
1952 563 2070 606 tan-

496 655 602 696 tum
626 652 682 697 ut.
703 641 833 696 nihil
859 643 1000 698 aliud
1030 644 1144 714 ipso
1166 625 1434 699 momento
1450 653 1506 706 ,et
1527 645 1892 714 experimento
1919 643 2071 713 hujus

493 744 600 803 tam
629 734 814 811 magni
844 734 1023 806 ﬂagitii
1064 736 1298 806 cogitare
1328 737 1529 790 homini
1569 737 1742 800 liceat,
1771 746 1860 788 aut
1899 735 2073 788 inten-

490 827 640 891 dere,
665 815 764 898 nisi
793 829 932 910 quod
963 830 1176 884 sibimet
1203 829 1401 884 addicit
1432 839 1696 893 mentem,
1717 844 1872 899 quam
1899 827 2070 899 capti-

489 934 608 972 vam
637 921 814 992 subdit
845 922 953 990 ipsa
993 921 1312 994 submersio,
1342 932 1396 976 et
1439 922 1665 992 quodam
1700 921 1856 976 modo
1881 921 2068 974 absor-

493 1011 600 1082 ptio
634 1011 868 1082 libidinis
895 1023 947 1066 et
973 1014 1420 1084 concupiscentia:
1446 1013 1708 1072 carnalis;
1741 1023 1792 1067 ut
1819 1011 1921 1066 hoc
1948 1025 2069 1066 esse

488 1104 726 1156 videatur
765 1103 905 1174 quod
937 1104 1132 1160 dictum
1181 1115 1282 1167 est,
1337 1105 1436 1172 Qui
1463 1115 1626 1158 autem
1669 1103 1969 1173 fornicatur,
2017 1109 2068 1154 ιη

484 1209 668 1261 corpus
693 1195 954 1262 proprium
978 1205 1148 1264 peccat
1177 1211 1193 1248 :
1223 1195 1343 1264 quia
1367 1204 1490 1248 tunc
1522 1195 1576 1247 fit
1604 1193 1811 1262 proprie
1841 1204 1894 1247 et
1915 1192 2068 1246 fami-

487 1282 687 1337 liariter
731 1298 942 1338 servum
973 1285 1213 1354 corporis
1255 1301 1349 1340 cor
1389 1285 1618 1339 hominis
1649 1283 1975 1348 fornicantis,
2015 1281 2067 1335 in

487 1383 725 1446 tempore
770 1375 997 1428 maxime
1037 1376 1202 1444 ipsius
1248 1375 1584 1445 nequissimm
1621 1374 1980 1444 operationis:
2015 1373 2066 1426 in

487 1473 690 1517 tantum
719 1474 773 1518 ut
800 1465 912 1534 ipse
938 1466 1224 1535 Apostolus
1253 1466 1563 1521 inculcatius
1588 1467 1770 1519 volens
1794 1478 2066 1518 commen-

485 1555 613 1609 dare
639 1557 929 1610 cavendum
965 1556 1266 1610 hominibus
1298 1556 1398 1609 hoc
1434 1556 1651 1617 ntalum,
1688 1553 1902 1618 dixerit,
1943 1551 2066 1606 Tol-

487 1647 592 1721 lens
629 1663 746 1716 ergo
773 1647 991 1700 membra
1031 1646 1236 1714 Christi,
1278 1648 1462 1718 faciant
1501 1645 1721 1700 membra
1759 1643 2066 1698 meretricis?

485 1746 539 1810 et
563 1752 848 1791 exsccrans
889 1747 1048 1808 atque
1083 1737 1352 1792 detestans
1393 1737 1747 1806 responderit,
1794 1735 1955 1788 Absit.
1984 1733 2064 1786 An

489 1828 709 1903 nescitis,
750 1828 937 1897 inquit,
969 1809 1204 1896 quoniam
1239 1830 1325 1898 qui
1353 1829 1574 1881 adltwret
1617 1827 1863 1880 meretrici
1907 1841 2064 1880 unum

486 1936 666 1988 corpus
706 1920 816 1972 est?
862 1919 1025 1972 Erunt
1076 1921 1230 1985 enim,
1277 1921 1456 1990 inquit,
1507 1921 1606 1972 duo
1651 1920 1702 1972 in
1748 1935 1898 1972 carne
1938 1934 2059 1971 una.

485 2008 747 2079 Numquid
777 2009 876 2064 hoc
915 2019 1091 2079 posset
1116 2010 1218 2070 dici
1249 2010 1316 2066 de
1355 2011 1474 2064 aliis
1504 2020 1662 2079 atque
1697 2010 1815 2064 aliis
1841 2010 2061 2079 quibus-

484 2115 712 2169 cumque
742 2100 1081 2156 -facinoribus
1134 2101 1444 2156 hominum?
1501 2100 1746 2155 Liberum
1796 2109 1880 2155 cst
1919 2099 2061 2154 enim

483 2191 660 2243 :utimo
690 2190 921 2245 humano
951 2191 1000 2245 in
1028 2193 1145 2247 aliis
1170 2192 1463 2262 quibusque
1489 2191 1800 2256 sceleribus,
1827 2199 1879 2245 et
1899 2206 2060 2245 unum

482 2283 680 2357 aliquid
718 2301 903 2338 eorum
930 2287 1156 2354 operari,
1181 2297 1233 2338 et
1257 2300 1322 2340 eo
1351 2286 1464 2354 ipso
1495 2294 1733 2354 tempore
1769 2284 1892 2339 alibi
1921 2284 2063 2353 cogi-

485 2379 684 2456 tatione
729 2379 996 2455 distendi:
1029 2379 1170 2452 qupd
1220 2380 1270 2433 in
1317 2377 1676 2433 fornicationis
1731 2378 1845 2446 ipso
1897 2392 2062 2448 opere

480 2481 639 2540 atque
666 2481 902 2541 tempore
927 2487 1032 2546 non
1060 2473 1183 2526 licet
1207 2471 1406 2545 animo,
1438 2470 1504 2523 ad
1532 2469 1674 2524 aliud
1695 2469 1893 2541 aliquid
1918 2470 2061 2542 cogi-

483 2562 699 2626 tandum
729 2562 949 2617 liberum
987 2577 1124 2616 esse.
1159 2561 1248 2625 Sic
1272 2562 1411 2627 enim
1449 2568 1589 2615 totus
1620 2559 1778 2616 homo
1803 2560 2059 2616 absorbe-

483 2663 568 2705 tur
591 2651 657 2706 ab
689 2651 802 2720 ipso
839 2661 892 2706 et
917 2652 970 2705 in
1001 2653 1115 2720 ipso
1140 2666 1384 2720 corpore,
1410 2659 1466 2704 ut
1486 2654 1596 2725 jam
1623 2650 1725 2705 dici
1760 2666 1864 2705 non
1896 2651 2062 2721 possit

485 2744 596 2810 ipse
637 2742 848 2796 animus
889 2757 1018 2797 suus
1054 2757 1204 2805 esse;
1253 2742 1344 2796 sed
1389 2742 1544 2796 simul
1588 2750 1728 2797 totus
1766 2741 1926 2814 homo
1956 2742 2057 2796 dici

481 2835 648 2910 possit
670 2834 812 2905 quod
837 2850 960 2889 caro
987 2836 1076 2900 sit,
1105 2844 1158 2890 et
1183 2835 1397 2904 spiritus
1423 2835 1620 2890 vadens
1651 2843 1703 2888 et
1740 2849 1846 2888 non
1877 2851 2056 2890 rever-

481 2938 597 3004 tens
622 2925 790 2998 (Psal.
812 2928 1141 2998 Lxxvu,'59).
1171 2927 1258 2983 Sic
1283 2944 1406 2998 ergo
1435 2943 1714 2998 possumus
1740 2929 2054 2999 intelligere,

483 3020 604 3107 quia
650 3036 798 3094 omne
839 3028 1092 3089 peccatum
1121 3021 1468 3091 quodcumque
1511 3022 1681 3092 fecerit
1716 3023 1884 3089 homo,
1915 3036 2058 3094 extra

477 3129 660 3181 corpus
689 3121 796 3177 est;
839 3111 925 3183 qui
950 3121 1118 3165 autem
1155 3113 1455 3182 fornicatur,
1489 3112 1541 3166 iu
1571 3129 1753 3182 corpus
1793 3116 2057 3185 proprium

479 3211 649 3269 peccat
689 3217 707 3254 :
739 3211 795 3255 ut
835 3201 1093 3278 videatur,
1137 3211 1196 3256 ut
1238 3202 1376 3266 dixi,
1423 3202 1710 3273 Apostolus
1754 3204 1808 3258 in
1855 3215 2054 3260 tantum

475 3306 796 3360 exaggerare
814 3292 1044 3346 voluisse
1067 3291 1427 3348 fornicationis
1445 3295 1660 3361 malum,
1686 3303 1740 3347 ut
1763 3295 1812 3348 in
1835 3311 2051 3365 compa-

477 3383 680 3436 ratione
706 3381 862 3452 hujus
903 3382 1286 3451 fornicationis,
1319 3395 1510 3452 ctetera
1549 3395 1699 3441 extra
1735 3401 1929 3456 corpus
1959 3387 2052 3441 lia-

477 3477 646 3544 lienda
689 3493 810 3534 esse
855 3477 1065 3533 duxerit
1108 3493 1451 3559 quaacumque
1499 3488 1744 3549 peccata;
1793 3479 1906 3533 solo
1955 3478 2056 3554 hoc

476 3569 841 3624 tantummodo
870 3568 1232 3624 fornicationis
1278 3571 1418 3624 malo
1463 3570 1512 3624 iu
1558 3585 1751 3638 corpus
1782 3570 2051 3641 preprium

475 3660 682 3738 peccari
710 3659 924 3725 dixerit,
955 3661 1077 3731 quia
1107 3660 1307 3731 majore
1333 3660 1565 3715 libidinis
1591 3660 1801 3737 ardore,
1831 3679 1936 3735 quo
1959 3679 2049 3726 su-

474 3751 651 3819 perior
677 3751 853 3805 nullus
894 3761 994 3815 est,
1024 3751 1264 3820 voluptas
1301 3751 1466 3822 ipsius
1495 3752 1732 3822 corporis
1768 3762 1914 3826 tenet
1941 3768 2051 3822 ser-

473 3837 618 3917 vum,
653 3841 920 3911 efficitque
947 3843 1235 3913 captivum.
1652 3885 1657 3890 .

545 3933 598 4007 5,.
643 3931 902 3988 Oeneralis
943 3934 1233 4004 fomicatio,
1290 3951 1388 4005 qua
1431 3951 1530 3988 non
1577 3934 1866 3989 adiiceretur
1917 3933 2047 3997 Deo.

473 4026 598 4098 llwc
617 4025 754 4080 dicta
781 4026 888 4081 sint
914 4026 979 4081 de
999 4026 1212 4096 Speciali
1237 4026 1585 4082 fornicatione
1605 4026 1762 4096 hujus
1786 4029 2048 4098 corporis.

475 4117 667 4191 \jerum
699 4118 953 4191 quianon
1004 4119 1174 4173 Solum
1221 4118 1494 4174 fornicatio
1537 4119 1588 4173 in
1629 4120 1792 4174 sacris
1838 4121 2050 4178 Litteris

473 4210 790 4278 specialiter,
820 4210 916 4264 sed
939 4210 1094 4264 etiam
1127 4210 1443 4279 generaliter
1467 4209 1706 4279 arguitur
1731 4220 1784 4262 ct
1810 4211 2050 4266 nomina-

471 4311 584 4373 tur;
618 4315 892 4364 conemur,
927 4303 1038 4362 Deo
1062 4301 1367 4369 atljuvantc,
1399 4311 1447 4354 et
1486 4301 1608 4355 hinc
1633 4301 1829 4372 aliquid
1854 4304 2048 4372 proba-

473 4392 648 4447 biliter
675 4392 872 4446 dicere.
902 4393 1178 4464 Generalis
1219 4392 1375 4466 igitur
1419 4393 1696 4446 t'ornicatio
1724 4403 1905 4462 aperte
1934 4409 2047 4446 ma-

472 4481 749 4536 nifestatur
790 4483 840 4534 in
875 4482 1105 4546 Psalmo,
1152 4482 1242 4552 ubi.
1269 4481 1462 4534 dicitur
1489 4500 1500 4534 :
1531 4482 1779 4548 Quoniam
1813 4500 1922 4537 ecce
1963 4485 2050 4553 qui

469 4579 617 4644 longe
651 4591 704 4626 se
729 4573 919 4644 faciunt
947 4591 976 4625 (ι
1020 4583 1086 4635 te,
1136 4572 1399 4640 peribunt;
1431 4573 1689 4642 perdidisti
1732 4591 1926 4630 onmem
1963 4576 2050 4644 qui

472 4646 754 4733 fornicatur
780 4662 867 4716 abs
896 4673 958 4716 te.
993 4662 1088 4718 Ubi
1129 4663 1533 4731 subsequenter,
1576 4664 1807 4734 qualiter
1838 4665 1931 4719 ista
1963 4681 2048 4736 ge-

473 4757 669 4811 neralis
701 4753 1149 4811 fot'nicalioevadi
1181 4765 1235 4809 et
1262 4754 1417 4824 effugi
1467 4757 1653 4824 possit,
1695 4755 1931 4824 :tdjntnit
1968 4758 2048 4810 di-

466 4866 620 4925 cens:
647 4847 774 4901 dli/ti
795 4858 960 4902 autem
979 4848 1234 4900 adlttcrerc
1260 4845 1368 4899 Deo
1393 4847 1572 4900 bonum
1591 4858 1660 4900 est
1687 4846 1852 4923 (Psal.
1883 4864 2044 4915 LXXII,

465 4943 556 5009 9.7,
571 4941 682 5009 28).
709 4940 988 5001 Utcxinde
1003 4940 1153 5008 facile
1169 4939 1521 5014 advertantus,
1540 4940 1676 4991 illam
1696 4954 1812 4993 esse
1827 4955 2050 5010 genera-,-

469 5041 570 5114 lem
603 5034 1001 5090 fornicationem
1041 5033 1232 5096 aniuue
1264 5032 1525 5100 humanae,
1567 5049 1669 5107 qua
1715 5049 1819 5086 non
1863 5034 2043 5085 adita:-

466 5142 592 5202 ξειιε
619 5130 842 5199 quisque
871 5128 997 5193 Deo,
1029 5127 1265 5197 adh‘mt'et
1292 5129 1506 5181 mundo.
1541 5125 1690 5182 Unde
1721 5128 1899 5182 beatus
1920 5139 2045 5195 apa-

465 5224 632 5278 stolus
662 5221 896 5276 Joannes
936 5218 1064 5272 dicit
1097 5237 1107 5270 :
1135 5219 1194 5272 Si
1231 5218 1340 5287 quis
1383 5217 1608 5270 dilexerit
1649 5219 1902 5281 mundum,
1931 5215 2047 5269 dile-

469 5317 565 5386 ctio
598 5313 768 5367 Patris
796 5328 897 5366 non
928 5323 995 5365 est
1019 5311 1070 5364 in
1112 5327 1168 5362 eo
1201 5309 1240 5374 (Ι
1261 5309 1414 5362 Joau.
1453 5325 1508 5372 ιι,
1541 5309 1649 5376 15).
1690 5307 1753 5361 Et
1779 5308 2046 5376 apostolus

467 5406 695 5478 Jpcohus
741 5404 868 5458 dicit
911 5402 1199 5466 :Adufteri,
1235 5401 1432 5454 nescitis
1473 5400 1589 5470 quia
1633 5397 1854 5451 amicitia
1897 5398 2046 5467 hujus

469 5497 644 5563 mundi
679 5495 883 5550 inimica
929 5503 1000 5548 est
1043 5493 1148 5546 Deo
1185 5490 1386 5557 (Jacobi
1418 5507 1491 5556 tv,
1522 5490 1609 5562 4t)?
1651 5489 1884 5544 Breviter
1919 5501 2046 5556 ergo

470 5584 742 5647 definitum
774 5593 875 5646 est,
909 5599 1014 5638 non
1047 5597 1203 5653 posse
1234 5583 1426 5636 habere
1452 5583 1784 5636 dtlt't‘llmlem
1815 5579 1926 5642 Dei,
1960 5576 2045 5648 qui

474 5671 1075 5752 l‘ntbucritydileetionetn
1120 5673 1332 5737 mundi;
1376 5683 1426 5727 ct
1467 5673 1731 5727 inimicum
1777 5685 1894 5728 esse
1929 5668 2041 5739 Dei,

1728 253 1785 309 S.
1827 251 2187 309 AUGUSTINI
2227 250 2527 308 EPISCOPI
2855 246 2859 250 ’
3595 275 3676 334 833

2179 357 2266 436 qui
2293 366 2494 420 amicus
2522 380 2641 422 esse
2669 366 2893 422 voluerit
2923 369 3118 424 mundi.
3150 372 3226 427 Ad
3254 373 3348 429 hoc
3382 379 3520 435 etiam
3547 391 3677 452 perti-

2180 467 2270 512 net
2307 457 2446 527 quod
2494 457 2746 512 Dominus
2777 459 2828 512 in
2871 459 3155 530 Evangelio
3187 462 3342 520 dicit:
3376 467 3518 524 Nemo
3549 487 3674 544 potest

2177 549 2370 604 duobus
2399 550 2614 603 dominis
2657 552 2839 605 servire
2857 567 2876 605 :
2904 561 2992 604 aut
3029 555 3158 606 enim
3199 572 3342 610 unum
3375 560 3478 614 odio
3501 564 3673 629 habebit.

2177 651 2225 694 et
2247 641 2464 694 alterum
2491 641 2702 712 diliget;
2738 650 2826 694 aut
2864 658 3017 695 unum
3047 645 3274 713 patietur,
3302 658 3348 701 et
3379 651 3565 707 alterum
3587 674 3677 712 cou-

2179 741 2381 787 temuet.
2442 734 2508 788 Et
2557 734 2824 788 concludit
2855 751 2868 787 :
2898 733 3022 789 Non
3065 739 3261 806 potestis
3302 739 3402 796 Deo
3451 747 3604 801 servire
3642 765 3677 804 et

2178 839 2477 878 manuuona:
2505 824 2715 894 (Matth.
2743 841 2814 890 vt,
2845 824 2957 890 2i).
2987 823 3088 880 lsta
3115 837 3194 882 est
3227 844 3346 900 ergo
3369 838 3611 902 generalis,
3637 852 3678 893 ιιι

2177 915 2373 971 dictum
2414 927 2515 981 est,
2559 917 2749 972 anima:
2790 919 3082 986 fornicatio,
3125 923 3296 975 omnia
3331 926 3524 980 omnino
3560 930 3602 983 in
3634 947 3678 987 se

2175 1006 2478 1073 continens,
2518 1024 2620 1078 qua
2668 1024 2772 1062 non
2810 1009 3112 1066 adhtcrctur
3146 1011 3269 1079 Deo,
3291 1012 3409 1068 dum
3435 1017 3685 1076 adhaereant

2177 1097 2376 1151 mundo
2406 1116 2418 1150 :
2450 1107 2508 1152 ut
2559 1098 2636 1154 sic
2680 1100 2840 1154 etiam
2889 1098 3182 1171 intelligere
3229 1103 3496 1169 valeamus,
3532 1123 3677 1164 secun-

2174 1187 2299 1241 dum
2335 1187 2489 1242 istam
2532 1191 2833 1259 generalem
2867 1190 3280 1256 fornicationem,
3311 1195 3438 1263 quod
3474 1198 3537 1251 ait
3573 1202 3678 1270 Apo-

2174 1279 2370 1346 stolus,
2430 1279 2589 1334 Omne
2633 1293 2897 1348 peccatum
2947 1283 3288 1355 quodcumque
3338 1289 3493 1357 fecerit
3539 1290 3675 1358 homo,

2173 1377 2313 1422 extra
2341 1385 2524 1439 corpus
2553 1381 2626 1424 est
2643 1389 2663 1437 ,°
2690 1374 2777 1443 qui
2801 1383 2964 1427 autent
2997 1374 3289 1445 fornicatur,
3325 1377 3374 1429 in
3407 1394 3564 1448 corpus
3588 1399 3678 1449 pro.

2174 1461 2338 1529 prium
2360 1473 2554 1532 peccat.
2587 1464 2718 1530 Quia
2759 1466 2803 1518 si
2844 1482 2947 1519 non
2975 1467 3262 1521 fornicetur
3293 1470 3454 1522 anima
3484 1471 3674 1539 humana,

2171 1550 2491 1608 adluerendo
2521 1555 2646 1622 Deo,
2677 1571 2776 1612 nec
2808 1557 3133 1613 adhaerendo
3160 1560 3367 1626 mundo,
3399 1579 3679 1634 qu.t'cuntque

2170 1641 2269 1695 alia
2301 1654 2536 1712 peccata,
2574 1662 2601 1698 a
2640 1649 3068 1718 concupiscentia
3113 1653 3306 1705 carnali
3335 1669 3528 1720 prorsus
3552 1658 3676 1710 tiliam

2169 1734 2401 1801 potuerit
2439 1751 2536 1805 pro
2577 1737 2688 1807 ipsa
2733 1738 3014 1809 fragilitate
3065 1743 3412 1809 mortalitatis,
3453 1745 3524 1799 vel
3565 1747 3678 1816 igno-

2144 1825 2358 1892 rando,
2390 1827 2471 1882 vel
2500 1829 2833 1899 negligenda,
2863 1832 2946 1886 vel
2978 1833 3360 1898 obliviscenda,
3395 1837 3464 1888 vel
3511 1853 3593 1890 non
3630 1839 3682 1891 ia-

2169 1915 2454 1986 telligendo
2483 1917 2642 1973 homo
2683 1920 2976 1984 incurrere,
3013 1923 3119 1978 hoc
3162 1926 3229 1978 sit
3253 1925 3386 1995 quod
3413 1925 3581 1981 dictum
3605 1939 3678 1992 est,

2171 2005 2332 2060 Omne
2353 2021 2609 2078 peccatum
2635 2014 2978 2081 quodcumque
2999 2015 3175 2081 fecerit
3205 2016 3368 2082 homo,
3399 2029 3523 2072 extra
3544 2035 3680 2087 corpus

2167 2107 2281 2152 est:
2304 2101 2424 2169 quia
2469 2103 2673 2157 nullum
2703 2103 2787 2158 hic
2831 2106 3131 2175 corporalis
3156 2107 3235 2162 vel
3277 2109 3554 2177 temporalis
3587 2125 3680 2163 eon-

2167 2193 2505 2262 cupiseeutia:
2535 2208 2807 2266 peccatum
2853 2199 3046 2268 poterit
3084 2201 3348 2269 reperiri;
3375 2201 3500 2256 unde
3538 2203 3680 2255 merito

2167 2293 2316 2340 extra
2348 2301 2542 2356 Corpus
2569 2303 2687 2344 esse
2724 2290 2994 2360 quodlibet
3021 2290 3134 2346 tale
3162 2303 3440 2362 peccaturo,
3464 2293 3550 2347 dici
3572 2293 3678 2347 vidc-

2167 2383 2271 2430 tur.
2299 2375 2450 2445 Quod
2476 2379 2518 2432 si
2541 2379 2818 2434 adhterens
2841 2383 3038 2436 mundo
3061 2383 3361 2437 mundanus
3386 2383 3541 2449 homo,
3568 2385 3681 2452 longe

2165 2481 2226 2523 se
2264 2469 2388 2523 facit
2427 2485 2455 2522 a
2497 2470 2627 2537 Deo,
2677 2472 2986 2527 fornicando
3027 2475 3098 2528 ab
3145 2475 3258 2543 ipso
3286 2475 3407 2538 Deo,
3452 2477 3497 2527 in
3537 2488 3680 2542 corpus

2167 2560 2437 2630 proprium
2475 2570 2698 2631 peccat:
2729 2563 2848 2632 quia
2897 2564 3170 2633 corporali
3223 2563 3604 2633 concupiscentia
3643 2562 3680 2614 in

2165 2667 2388 2721 qumque
2418 2655 2725 2723 temporalia
2753 2663 2808 2710 et
2836 2656 3090 2719 carnalia.
3137 2657 3330 2712 carnali
3360 2671 3503 2710 sensu
3526 2664 3569 2710 ct
3589 2671 3681 2722 pru-

2163 2741 2339 2798 dentia
2385 2745 2646 2800 humanus
2694 2747 2903 2802 animus
2955 2747 3210 2811 trahitur,
3247 2757 3396 2818 atque
3438 2746 3682 2800 distrahitur

2163 2844 2424 2888 creatura:
2463 2837 2700 2892 serviens
2729 2839 2906 2908 potius
2932 2854 3090 2909 quam
3135 2839 3387 2907 Creatori,
3414 2840 3492 2909 qui
3517 2848 3582 2892 cst
3617 2838 3682 2892 bc-

2164 2926 2406 2982 nedictus
2427 2928 2475 2981 in
2505 2929 2716 2984 smcula.

2234 3019 2286 3072 4.
2329 3019 2558 3088 Apostoli
2603 3021 2946 3090 interpretatio
2989 3023 3206 3092 duplex.
3253 3022 3338 3078 Sic
3378 3037 3510 3091 ergo,
3553 3036 3681 3091 quan-

2163 3118 2272 3163 tum
2299 3111 2429 3165 mihi
2460 3111 2684 3176 vidctur,
2710 3113 2850 3166 salva
2878 3112 2998 3177 fide,
3035 3112 3261 3184 intelligi
3287 3122 3449 3185 potest
3468 3112 3682 3180 utriusque

2163 3201 2524 3259 fornicationis
2553 3205 2770 3270 malum,
2801 3215 2906 3258 tam
2931 3205 3208 3275 specialis,
3231 3222 3384 3276 quam
3411 3203 3679 3262 nuit'ersaliS.

2163 3291 2214 3345 in
2245 3292 2343 3346 hoc
2373 3310 2476 3346 uno
2503 3294 2732 3364 capitulo
2772 3295 2901 3349 tanti
2931 3305 2984 3349 ct
3030 3305 3142 3349 tam
3176 3297 3345 3366 magni
3375 3295 3595 3358 doctoris,
3619 3291 3680 3345 ubi

2159 3384 2249 3444 ait,
2293 3383 2453 3437 Omne
2499 3394 2753 3454 peccatum
2799 3385 3153 3456 quodcumque
3178 3387 3344 3455 fecerit
3376 3387 3536 3447 ftonta,
3577 3393 3680 3436 extra

2160 3492 2342 3546 corpus
2385 3487 2456 3529 est
2475 3492 2493 3540 ;
2518 3476 2604 3545 qui
2639 3487 2805 3529 autem
2835 3477 3142 3548 fornicatur,
3175 3478 3227 3531 in
3272 3493 3446 3549 corpus
3472 3472 3681 3543 proprium

2162 3577 2328 3636 peccat
2353 3583 2370 3619 :
2401 3575 2456 3619 ut
2483 3576 2572 3620 aut
2591 3569 2928 3638 exaggeratio
2959 3568 3094 3622 facta
3125 3571 3195 3624 sit
3223 3571 3289 3624 ab
3312 3569 3540 3639 Apostolo
3563 3564 3681 3632 hujus

2159 3659 2406 3729 specialis
2436 3658 2820 3724 fornicationis,
2849 3675 2950 3730 qua
2993 3659 3043 3714 in
3083 3659 3284 3730 cot'pus
3321 3659 3678 3730 propriumprc-

2158 3751 2266 3805 cari
2300 3760 2441 3805 recte
2471 3751 2809 3821 intelligitur;
2852 3752 2974 3820 quia
3005 3766 3272 3821 nusquam
3300 3752 3374 3805 sic
3411 3759 3535 3804 totus
3561 3747 3680 3798 homo

2158 3845 2397 3915 cerporis
2451 3845 2613 3913 ipsius
2654 3844 2908 3914 voluptati
2961 3843 3248 3910 addicitur,
3303 3853 3355 3899 et
3401 3837 3679 3896 incliahilitet'

2158 3936 2245 3991 vel
2287 3936 2652 3990 inevitabiliter
2688 3935 2936 4004 affigitur,
2971 3943 3026 3988 ut
3065 3934 3121 3988 in
3153 3934 3532 4004 comparatione
3564 3926 3679 3996 hujus

2160 4031 2286 4082 tanti
2318 4027 2462 4092 mali,
2493 4037 2683 4082 etetcra
2717 4035 2928 4097 peccata
2971 4037 3122 4082 extra
3153 4043 3344 4097 corpus
3369 4040 3480 4080 esse
3511 4021 3679 4075 vidcan-

2160 4128 2260 4181 tur,
2287 4102 2497 4172 ctiamsi
2538 4133 2630 4185 per
2658 4131 2851 4186 corpus
2877 4128 3254 4171 exerceantur.
3285 4110 3677 4184 Quemadmodum

2157 4211 2321 4265 solius
2365 4209 2727 4283 fornicationis
2774 4210 2853 4263 vis
2880 4209 3124 4278 quazdam
3156 4210 3448 4278 imperiosa-
3477 4201 3676 4261 libidinis,

2157 4301 2444 4356 conditioni
2483 4317 2594 4354 sua:
2635 4299 2832 4362 subdit,
2864 4299 3247 4370 propriumque
3285 4301 3444 4370 ipsius
3486 4292 3677 4363 corporis

2159 4395 2476 4463 mancipium
2523 4393 2810 4466 pessimum
2853 4393 2994 4458 facit,
3027 4404 3268 4464 tempore
3310 4393 3521 4446 maxime
3553 4384 3680 4454 ipsius

2158 4481 2593 4540 itnmundissima:
2643 4486 2998 4560 operationis;
3066 4496 3126 4540 ut
3175 4487 3318 4540 aliud
3371 4483 3486 4555 quid
3533 4488 3682 4549 ιπιυῑοτ

2156 4580 2298 4650 quod
2325 4579 2428 4648 agit
2461 4579 2510 4631 in
2550 4578 2662 4647 ipso
2693 4594 2936 4648 corpore,
2981 4594 3086 4632 non
3116 4579 3187 4633 sit
3228 4581 3442 4634 liberum
3486 4574 3680 4626 Immanis

2157 4670 2320 4724 menti
2355 4659 2434 4722 vel
2468 4660 2720 4738 rogitare,
2744 4669 2824 4724 vel
2854 4669 3146 4724 intendere.
3176 4669 3229 4724 Si
3257 4679 3429 4740 autem
3455 4665 3591 4720 etiam
3612 4674 3682 4727 δυο

2157 4760 2387 4812 neralem
2432 4759 2730 4826 significare
2766 4759 2934 4812 voluit
2979 4761 3265 4829 Apostolus
3311 4754 3680 4812 fornicationem,

2157 4861 2368 4921 propter
2396 4866 2550 4920 quant
2578 4849 2776 4904 dixisse
2806 4849 3064 4915 videatur,
3101 4850 3263 4904 Omne
3290 4859 3528 4918 peccatum
3553 4835 3681 4911 quod—

2155 4962 2363 5016 cumque
2391 4944 2560 5015 fecerit
2600 4944 2767 5007 ltomo,
2804 4954 2948 4997 extra
2974 4960 3156 5013 corpus
3185 4953 3292 4997 cst:
3319 4941 3402 5010 qui
3426 4947 3574 4990 autem
3602 4932 3684 5001 [οῖ’

2155 5037 2369 5101 nicatur,
2410 5037 2460 5088 in
2504 5051 2684 5103 corpus
2715 5036 2975 5105 prapriunt
3011 5024 3179 5108 peccat
3206 5050 3223 5088 :
3250 5035 3327 5087 sic
3368 5021 3679 5096 accipiendum

2155 5136 2233 5179 est
2276 5135 2331 5180 et
2365 5125 2783 5196 intelligendum,
2831 5136 2886 5180 ut
2927 5128 3145 5195 quisque
3183 5123 3308 5178 dum
3355 5135 3452 5187 non
3489 5113 3682 5169 adhmrt'l

2158 5217 2283 5282 lico,
2308 5216 2393 5287 qui
2435 5215 2669 5269 adltmret
2715 5215 2934 5279 mundo,
2970 5216 3141 5268 omnia
3174 5209 3472 5282 temporalia
3499 5203 3682 5271 diligens

2155 5321 2202 5361 et
2233 5309 2634 5380 concupiscens,
2669 5309 2856 5362 merito
2892 5309 2944 5361 in
2970 5322 3161 5376 corpus
3203 5303 3463 5375 proprium
3501 5301 3682 5380 pecul”

2154 5400 2378 5465 dicatur,
2412 5400 2460 5452 id
2492 5409 2594 5464 est,
2625 5400 2889 5453 universae
2933 5394 3372 5467 concupiscentia:
3408 5382 3581 5445 carnali
3607 5378 3680 5430 de'

2153 5491 2295 5545 ditus
2324 5500 2374 5543 et
2407 5488 2648 5543 subditus
2677 5491 2863 5548 factus.
2890 5499 3135 5558 tanquam
3167 5496 3307 5539 tutus
3334 5488 3571 5536 creatura!
3591 5481 3679 5521 δεῖ·

2156 5599 2250 5636 vus
2279 5583 2344 5634 ab
2375 5582 2487 5650 ipso
2513 5579 2766 5635 Creatore
2789 5581 3014 5642 alienus.
3041 5595 3130 5650 per
3155 5577 3295 5631 illam
3323 5573 3509 5627 initium
3535 5560 3676 5657 omnis

2159 5677 2354 5742 peccati
2381 5673 2704 5741 superbiam,
2735 5672 2882 5744 cujus
2905 5673 3146 5745 superbia
3171 5668 3363 5722 initium
3390 5673 3478 5727 est,
3511 5667 3554 5711 ut
3574 5665 3675 5708 scrt-
