3850 6188
158 278 246 334 839
1404 309 1406 312 ν
1549 283 1728 339 SER.“

1842 282 2038 339 ZLXlll.

147 405 282 460 ptum
308 401 417 456 est,
455 401 741 464 apostatarc
778 410 810 448 a
835 392 944 450 Deo
981 394 1163 465 (Eccli.
1193 413 1247 464 ι,
1281 398 1367 462 15,
1400 395 1506 466 li).
1550 397 1593 450 Α
1624 411 1729 464 quo

135 484 371 554 generali
421 483 784 542 fornicationis
823 487 966 542 malo
1010 489 1234 558 quisque
1281 489 1510 552 alienus,
1555 487 1726 558 quod-

131 590 365 644 cumque
392 575 536 630 aliud
577 588 851 645 peccatum
879 582 1110 649 potuerit
1139 591 1194 634 ut
1223 580 1384 634 homo
1411 579 1730 649 corruptibi-

129 667 198 722 lis
225 667 410 722 adhuc
431 677 485 723 et
513 669 753 726 mortalis
781 671 1071 738 incurrere,
1103 671 1203 726 hoc
1230 673 1558 742 intelligatur
1579 677 1728 725 extra

125 771 328 826 corpus
375 774 534 824 esse;
569 759 621 814 id
665 773 768 825 ρει,
817 771 966 815 extra
1003 776 1274 831 corporea:
1323 772 1378 816 et
1420 761 1728 831 temporalis

126 849 309 904 omnis
358 850 807 919 concupiscentia:
849 853 1066 918 malum,
1111 853 1340 907 alienum
1381 868 1520 918 esse,
1571 863 1725 906 extra

125 956 352 1010 corpus,
384 952 441 996 ut
468 958 610 1014 scepc
636 942 836 997 dictum
866 955 970 1008 est,
991 958 1129 998 esse.
1163 943 1556 998 Tantummodo
1581 943 1727 997 enim

129 1036 366 1091 carnalis
399 1045 452 1090 et
480 1035 747 1106 generalis
773 1037 1215 1106 concupiscentia:
1251 1038 1389 1091 malo
1413 1051 1508 1107 per
1546 1035 1726 1090 uinuia

135 1128 437 1183 lonricatur
482 1129 652 1182 anima
701 1144 730 1179 a
782 1128 911 1191 Deo,
962 1138 1210 1197 tanquam
1261 1127 1630 1197 corporalibus
1673 1135 1726 1181 ct

137 1220 522 1289 temporalibus
546 1219 828 1274 desideriis
871 1227 924 1274 et
966 1219 1405 1274 delectationibus
1445 1219 1641 1288 illigata
1673 1227 1727 1272 et

137 1313 415 1377 devincta,
445 1312 495 1365 in
522 1326 716 1380 corpus
742 1311 1011 1380 proprium
1043 1319 1242 1378 treceni,
1274 1309 1426 1380 cujus
1453 1310 1728 1364 universa-

140 1403 252 1455 liter
297 1400 752 1469 concupiscentiae
791 1401 1047 1462 serviens,
1081 1400 1387 1454 iucurvatur
1415 1400 1633 1464 mundo,
1672 1407 1728 1452 et

140 1493 451 1546 alicnatura
482 1492 590 1546 Dco
619 1510 632 1544 :
663 1492 801 1560 quod
830 1502 930 1557 est,
966 1503 1020 1544 nt
1045 1492 1242 1546 dictum
1269 1501 1374 1566 cst,
1403 1490 1609 1544 Initium
1637 1507 1724 1544 sua

140 1584 323 1651 peruia:
347 1583 587 1644 hominis,
605 1593 895 1653 apostatare
911 1602 941 1634 a
967 1583 1089 1636 Deo.
1112 1584 1333 1652 l’r0pter
1347 1582 1484 1651 quod
1507 1597 1726 1650 genera-

148 1676 204 1727 lis
242 1673 620 1728 fornicationis
661 1673 953 1727 cavendum
1003 1675 1220 1739 malum,
1271 1673 1462 1728 beatus
1496 1674 1728 1727 Joannes

140 1765 413 1830 :ulmonet,
455 1764 676 1818 dicens:
711 1763 884 1818 Nolite
925 1765 1132 1834 diligere
1162 1765 1428 1826 mundum,
1470 1781 1625 1833 neque
1663 1781 1722 1816 ea

141 1873 238 1927 qtae
266 1865 392 1909 sunt
416 1858 465 1908 in
491 1855 714 1920 mundo;
737 1856 974 1925 quoniam
1002 1873 1112 1923 qua:
1135 1857 1184 1907 in
1210 1856 1400 1907 mundo
1434 1866 1570 1919 sunt,
1596 1871 1720 1908 con-

139 1946 451 2015 cupiscentia
485 1947 652 1998 carnis
692 1956 786 2010 est,
829 1956 874 1998 ct
918 1947 1322 2012 concupiscentia
1361 1946 1640 2006 oculorum,
1679 1954 1726 1997 et

140 2038 338 2090 ambitio
372 2036 571 2100 sa'culi,
611 2052 723 2104 qua:
753 2053 852 2087 non
886 2047 958 2088 est
1002 2052 1064 2088 ea:
1096 2035 1270 2098 Patre,
1303 2034 1389 2087 sed
1428 2051 1488 2088 cx
1515 2034 1722 2087 tnundo.

144 2129 194 2182 Et
226 2129 455 2181 mundus
488 2128 688 2191 transit,
719 2138 764 2180 et
806 2128 1208 2198 concupiscentia
1239 2129 1370 2197 ejus.
1423 2127 1521 2194 Qui
1559 2136 1728 2178 autem

144 2222 306 2290 fecerit
338 2219 649 2273 rolnntatent
673 2217 786 2283 Dei,
809 2230 974 2270 manet
997 2219 1046 2271 in
1066 2229 1325 2281 a’ternnm,
1361 2218 1487 2270 sicut
1515 2217 1599 2271 ille
1619 2234 1729 2269 nta-

145 2323 213 2366 uct
255 2313 310 2364 in
340 2321 585 2365 wtrrnunt
613 2311 651 2381 (I
682 2309 841 2363 Joan.
867 2326 923 2370 tt,
955 2325 1040 2372 xv,
1084 2309 1194 2377 17).
1230 2310 1330 2362 Ista
1359 2323 1487 2377 ergo
1515 2308 1728 2362 dilectio

146 2403 343 2466 tmmdi,
365 2419 490 2472 qua:
535 2403 886 2456 univcrsalem
921 2402 972 2455 in
999 2418 1058 2455 se
1084 2401 1569 2469 concupiscentimn
1596 2415 1726 2454 cou-

151 2497 276 2550 tinet
319 2494 528 2557 mundi,
574 2494 838 2564 generalis
881 2503 963 2547 est
1006 2493 1302 2558 fornicatio,
1334 2505 1437 2560 qua
1482 2502 1730 2558 peccatur

151 2586 192 2638 iu
220 2600 418 2652 corpus
440 2583 744 2653 proprium;
772 2599 836 2637 co
857 2583 997 2652 quod
1024 2583 1270 2636 otnnibus
1291 2581 1655 2648 corporalibus
1675 2590 1731 2633 et

153 2678 438 2732 vsibilibus
466 2685 521 2729 ct
563 2675 944 2745 temporalibus
970 2674 1249 2729 desideriis
1278 2683 1332 2726 et
1377 2671 1730 2741 voluptatibus

156 2771 409 2825 humanus
450 2768 810 2824 indesinenter
850 2768 1016 2821 servit
1045 2769 1274 2830 animus,
1308 2767 1376 2819 ab
1420 2767 1534 2834 ipso
1565 2765 1727 2818 Crea-

107 2921 116 2928 ,
157 2871 260 2916 tore
286 2861 658 2916 universorum
687 2859 957 2914 desolatus
995 2868 1151 2928 atque
1180 2858 1484 2912 derelictus.

617 3038 850 3096 SERMO
883 3036 1121 3093 CLXlll‘
1153 3038 1251 3109 (li).

160 3197 234 3253 De
254 3200 408 3254 verbis
432 3199 684 3270 Apostoli,
711 3199 911 3268 Spiritu
941 3199 1230 3263 ambulate,
1262 3208 1310 3251 ct
1353 3199 1730 3266 concupiscen-

195 3291 287 3344 tias
313 3291 487 3345 carnis
517 3306 584 3345 ne
610 3290 956 3359 pet-feceritis.
989 3287 1158 3342 Galat.
1192 3306 1305 3358 cap.
1328 3304 1382 3354 γ,
1423 3291 1452 3358 ᾖ
1481 3332 1493 3344 ,
1517 3289 1691 3344 ιιι-ἐι.

273 3445 468 3495 Habitus
488 3445 536 3494 in
551 3445 746 3495 Basilica
770 3447 1035 3496 ttouoriana
1061 3452 1144 3494 tm
1168 3446 1257 3496 cal.
1285 3448 1495 3498 Octobris
1517 3448 1605 3512 (ὓ).

225 3569 445 3626 CAPUT
502 3571 784 3626 PRIMUM.
835 3601 903 3611 -—-
953 3574 996 3626 Ι.
1051 3573 1244 3644 Templi
1307 3586 1456 3630 antea
1530 3579 1733 3648 profani

160 3662 421 3717 dedicatio.
446 3662 502 3718 Si
533 3664 953 3727 consideremus,
981 3667 1189 3732 fratres,
1221 3678 1343 3722 ante
1369 3669 1590 3737 gratiam
1627 3670 1732 3724 D0-

158 3752 283 3806 mini
311 3753 430 3823 quid
459 3753 736 3819 fuerimus,
768 3767 820 3809 et
849 3771 941 3824 per
968 3757 1193 3825 gratiam
1227 3758 1431 3812 Domini
1461 3759 1582 3828 quid
1615 3775 1734 3816 esse

155 3847 505 3914 «aperimus;
537 3847 775 3915 proferto
811 3847 1108 3902 invenimus
1146 3851 1266 3918 quia
1312 3849 1447 3904 sicut
1491 3850 1734 3909 homines

155 3936 206 3989 in
233 3939 423 3994 melius
451 3950 870 4003 commutantur,
902 3941 968 3994 ita
1001 3942 1157 3995 etiam
1189 3953 1445 3996 terrarum
1478 3946 1587 3998 loca
1615 3962 1734 4013 qum

155 4030 297 4098 prius
324 4043 510 4085 contra
542 4031 635 4086 Dei
662 4034 881 4101 gratiam
911 4035 1138 4099 fut-runt,
1159 4050 1297 4089 nunc
1322 4034 1411 4089 Dei
1434 4037 1614 4105 gratia:
1640 4038 1734 4091 de-

152 4121 410 4177 dimntur.
443 4123 556 4177 Nos
595 4125 725 4177 enim
752 4163 766 4188 ,
808 4125 946 4178 sicut
983 4125 1110 4178 dicit
1139 4127 1444 4193 Apostolus,
1494 4129 1734 4198 templum

152 4211 245 4265 Det
276 4217 368 4268 viri
392 4231 606 4278 sumus;
635 4226 838 4285 propter
856 4219 992 4287 quod
1021 4217 1142 4270 dicit
1171 4217 1327 4283 Deus,
1354 4217 1653 4274 Iuliabitabo
1682 4221 1733 4276 in

150 4309 272 4369 illis,
311 4321 356 4363 et
386 4310 738 4364 dcamlmlalio.
782 4315 911 4375 Quae
954 4320 1130 4364 autent
1178 4310 1261 4364 ltic
1294 4312 1571 4367 simulacra
1617 4312 1733 4368 fue-

150 4416 186 4451 τι
215 4410 295 4462 ut,
329 4402 411 4468 figi
454 4411 753 4466 noverant,
794 4401 1066 4456 ambulare
1095 4418 1199 4455 non
1233 4411 1507 4457 noverant.
1542 4404 1734 4459 Deam-

150 4490 297 4544 bulat
322 4503 499 4545 autem
529 4493 580 4545 in
609 4493 761 4546 nobis
792 4494 1067 4562 praesentia
1098 4494 1405 4562 majestatis,
1435 4494 1477 4548 si
1509 4495 1736 4548 latitudi-

148 4597 271 4635 nem
303 4585 563 4638 invenerit
593 4584 888 4638 rbaritatis.
919 4584 998 4638 Ad
1028 4584 1126 4639 ltoc
1150 4601 1248 4640 nos
1273 4585 1562 4642 exhortans
1588 4589 1734 4657 Apo~

141 4676 318 4728 status
349 4677 458 4728 ait:
497 4675 793 4730 Dilntumini
815 4717 830 4741 ,
877 4694 938 4731 ne
978 4678 1084 4732 sitis
1120 4678 1306 4750 jngum
1349 4681 1580 4735 ducentes
1621 4699 1736 4736 cum

139 4764 439 4831 inﬁdelibus
467 4767 543 4836 (ll
576 4767 691 4822 Cor.
736 4785 808 4828 vt.
854 4770 958 4835 16,
1003 4771 1110 4835 15,
1157 4772 1287 4843 Η).
1335 4773 1388 4826 Si
1432 4773 1734 4840 dilatentur,

135 4857 454 4913 deamlmlat
485 4862 535 4914 in
569 4861 720 4915 nobis
750 4862 887 4916 Deus
913 4881 925 4916 :
955 4863 1049 4918 sed
1077 4873 1132 4916 ut
1159 4864 1461 4933 dilatemnr,
1490 4879 1739 4937 operetur

132 4949 262 5014 ipse
313 4952 470 5005 Deus.
504 4950 558 5008 Si
591 4953 732 5006 enim
775 4954 1105 5008 latitudinem
1146 4955 1377 5010 eltaritas
1417 4960 1576 5021 iacit,
1621 4975 1738 5029 qua:

130 5057 250 5096 non
291 5045 432 5097 novit
462 5046 764 5113 angustias;
796 5046 968 5100 videte
1005 5049 1125 5116 quia
1175 5049 1311 5103 Deus
1351 5051 1451 5104 δίιιί
1493 5052 1542 5104 in
1588 5053 1740 5106 nobis

127 5134 485 5191 latitudinem
517 5137 659 5199 facit,
693 5138 808 5204 ipso
835 5139 1044 5194 dicente
1075 5141 1350 5207 Apostolo,
1382 5143 1616 5196 Charitas
1645 5143 1738 5196 Dei

123 5223 345 5293 diffusa
389 5238 460 5281 est
501 5229 554 5281 in
595 5228 829 5282 cordibus
871 5230 1054 5282 nostris
1098 5248 1184 5300 per
1221 5231 1468 5302 Spiritum
1512 5243 1740 5287 sanctum

199 5389 217 5404 ’
254 5387 528 5448 umigatus
556 5385 614 5435 ad
640 5399 668 5435 a
691 5386 773 5435 ιω.
801 5385 862 5436 cl.
888 5389 964 5437 cb.
987 5387 1018 5438 Γ.
1046 5387 1102 5438 ἵε.
1123 5403 1172 5452 g.
1200 5387 1258 5438 lr.
1282 5403 1346 5439 m.
1374 5403 1446 5453 pr.
1471 5403 1562 5439 rm.
1586 5389 1661 5440 rd.
1690 5397 1743 5442 et

118 5449 190 5499 ad
214 5459 328 5496 Ant.
355 5453 428 5495 Er.
456 5455 557 5496 I‘ar.
585 5455 691 5496 ων.

223 5513 287 5567 τι)
319 5508 462 5572 Alias,
487 5510 551 5558 de
578 5511 744 5558 \‘erlis
765 5510 970 5572 Apostcli
992 5512 1038 5560 5.

220 5573 284 5633 b)
304 5571 379 5637 sic
407 5571 456 5637 in
495 5578 697 5637 Itomano
720 5571 883 5637 culice
908 5575 1224 5637 μέμψεσι-εγω
1253 5582 1330 5624 PP.
1355 5577 1741 5628 (:istcrcicnsium

117 5642 166 5683 s.
201 5633 386 5683 (trucis
421 5636 470 5684 tn
511 5633 793 5682 Jerusalem.
833 5635 951 5684 tzitat
995 5636 1119 5685 hunc
1145 5633 1432 5688 Sermonem
1457 5639 1620 5688 t-‘lorus
1641 5639 1698 5688 ad
1727 5647 1740 5687 ι

119 5708 252 5748 cur.
289 5710 372 5754 av,
399 5704 449 5744 et
471 5695 616 5746 (Lalat.
644 5709 689 5743 ι’.

3312 301 3418 360 8οη

1834 396 1924 466 qui
1951 396 2099 450 datus
2125 405 2196 452 est
2224 398 2365 453 nobis
2389 399 2409 472 (
2433 397 2582 455 Rom.
2615 418 2670 470 γ,
2698 402 2784 476 5).
2817 405 3044 478 Propter
3073 408 3208 466 banc
3233 410 3418 468 latitu-

1838 485 2036 553 dinem,
2067 487 2303 558 inquam,
2332 490 2383 544 in
2410 492 2564 555 nobis
2589 492 2896 550 deambulat
2924 497 3080 554 Deus.

1905 579 2131 634 CAPUT
2169 579 2233 634 ll.
2271 611 2343 622 —
2372 581 2428 638 2.
2453 582 2520 638 In
2549 584 2717 652 nobis,
2755 588 2826 640 uti
2866 589 2917 642 in
2958 591 3172 659 profano
3210 598 3416 664 tetnplo,

1833 670 1938 722 alia
1964 669 2265 740 deiicienda,
2297 671 2404 728 alia
2429 676 2792 732 consecranda.
2831 678 2987 734 Modo
3015 682 3255 750 Apostoli
3295 687 3416 755 Epi-

1832 761 1970 814 stula
1994 776 2116 816 cum
2149 763 2486 831 recitaretur,
2516 766 2816 823 audivimus
2849 788 2862 821 :
2905 769 3102 840 Spiritu
3144 775 3417 837 anibntcte,

1833 859 1880 903 et
1926 852 2356 922 concupiscendus
2401 856 2570 910 carnis
2612 874 2676 912 ne
2727 861 3054 930 perfeceritis.
3106 861 3238 916 Caro
3285 879 3422 919 enim

1832 942 2136 1011 concupiscit
2175 944 2415 999 adversus
2443 947 2693 1014 spiritum,
2721 958 2766 1002 et
2795 949 3002 1018 spiritus
3027 952 3263 1007 adversus
3297 971 3417 1007 car-

1833 1047 1964 1085 nem.
1997 1031 2124 1087 Ila'c
2161 1037 2292 1088 enim
2319 1037 2547 1100 invicem,
2592 1040 2941 1107 adversantur;
2976 1053 3029 1095 ut
3072 1061 3171 1097 non
3205 1062 3264 1098 ea
3307 1062 3420 1115 qua:

1831 1124 1980 1177 uultis
2013 1125 2234 1195 faciatis.
2268 1126 2552 1197 Baptizatis
2581 1130 2789 1185 diccbat
2826 1150 2839 1186 :
2881 1134 2974 1186 sed
3021 1135 3272 1202 templum
3323 1136 3416 1190 Dei

1830 1216 2005 1271 adhuc
2035 1218 2360 1286 :editicabat,
2389 1223 2624 1277 nondum
2657 1224 2956 1281 dedicabat.
2991 1227 3196 1294 Videte,
3229 1229 3418 1284 fratres

1832 1309 1956 1372 mei,
1984 1310 2430 1378 quemadmodum
2461 1328 2580 1367 cum
2613 1315 2724 1368 loca
2757 1315 2868 1383 ipsa
2906 1325 3116 1371 terrena
3147 1319 3196 1372 in
3227 1321 3418 1375 melius

1831 1407 2238 1466 convertuntur,
2259 1402 2360 1456 alia
2386 1403 2672 1457 dirunntur
2691 1417 2851 1475 atque
2877 1408 3210 1478 inunguatur,
3235 1410 3336 1462 alia
3363 1411 3415 1463 in

1831 1491 2077 1546 meliores
2104 1509 2228 1547 usus
2255 1505 2681 1561 commutantur;
2708 1499 2787 1552 sic
2811 1508 2864 1552 et
2888 1514 2983 1553 nos
3010 1515 3212 1554 smnus.
3244 1501 3414 1570 Opera

1831 1582 2007 1636 c:n'nis
2037 1582 2255 1638 fuerunt
2283 1585 2335 1638 in
2366 1587 2540 1640 nobis.
2587 1588 2823 1644 Audistis
2865 1604 2984 1644 cum
3026 1606 3414 1646 commemora-

1832 1683 2017 1726 rentur
2038 1692 2052 1727 :
2073 1674 2350 1746 Manifesta
2367 1686 2533 1730 autent
2548 1687 2684 1743 sunt,
2708 1679 2906 1748 inquit,
2931 1697 3085 1745 opera
3097 1682 3282 1747 carnis,
3305 1698 3419 1750 qua:

1829 1773 1945 1814 sunt
1965 1763 2344 1837 fornicationes,
2367 1767 2716 1832 immunditio,
2740 1770 2990 1824 idolorum
3015 1773 3224 1824 servitus
3238 1812 3254 1837 ,
3277 1789 3418 1824 reno-

1830 1853 1968 1920 ﬁcia,
1989 1869 2092 1907 non
2109 1855 2386 1922 beneﬁcia,
2419 1857 2469 1909 id
2495 1867 2596 1923 ρει,
2621 1873 2726 1910 non
2747 1873 2775 1910 a
2795 1859 2948 1912 bonis
2967 1859 3130 1923 dicta,
3150 1859 3242 1912 sed
3267 1876 3294 1910 a
3324 1875 3414 1914 ve-

1833 1945 2014 2010 nenis;
2043 1947 2401 2012 contentiones,
2420 1947 2716 2015 inimicitiis,
2743 1949 2975 2010 Ita'rcses,
3002 1950 3224 2015 iuvidiw,
3261 1951 3417 2004 ebrie-

1833 2046 1976 2101 tates,
1998 2049 2042 2089 et
2061 2038 2138 2091 Itis
2153 2040 2369 2105 similia;
2394 2039 2686 2108 dejicienda
2709 2049 2852 2105 sunt,
2871 2056 2973 2094 ιιοιι
2993 2042 3241 2096 mutanda
3263 2061 3275 2094 :
3305 2059 3420 2112 qua!

1834 2127 2078 2195 pra'dico,
2118 2129 2305 2198 inquit,
2334 2131 2490 2195 vobis,
2525 2132 2652 2184 sicut
2673 2132 2906 2200 pra'dixi.
2929 2134 3166 2198 quoniam
3191 2135 3276 2203 qui
3296 2136 3420 2187 talia

1831 2227 2007 2286 agant,
2035 2235 2243 2289 regnum
2275 2219 2366 2273 Dei
2405 2238 2503 2274 non
2534 2221 2985 2290 possidebantdsta
3020 2223 3266 2286 innubis,
3299 2233 3418 2278 tau-

1832 2325 1988 2376 quam
2010 2309 2146 2362 idola
2168 2311 2454 2380 frangenda
2475 2322 2615 2366 sunt.
2638 2311 2690 2365 ln
2711 2327 2837 2366 usus
2852 2325 3029 2368 autem
3047 2315 3294 2370 meliores
3310 2331 3420 2370 ver-

1835 2399 1986 2453 tenda
2005 2411 2124 2452 sunt
2144 2402 2251 2468 ipsa
2271 2403 2509 2470 corporis
2529 2403 2692 2456 nostri
2710 2403 2967 2465 membra,
2993 2413 3046 2457 ut
3071 2420 3190 2474 qua:
3211 2405 3416 2459 servie-

1835 2487 1960 2541 bant
1975 2489 2319 2544 itmnnnditia:
2331 2479 2656 2560 cupiditatis,
2675 2493 3103 2562 serviantgratia:
3115 2494 3408 2548 clnaritatis.

1905 2581 2130 2636 CAPUT
2171 2581 2333 2636 lll.-—
2355 2585 2400 2637 5.
2429 2581 2729 2652 Αἰάὶβταιίο
2757 2601 2847 2653 per
2870 2585 3046 2652 fidem,
3070 2586 3315 2638 dedicatio
3331 2601 3420 2655 per

1835 2673 2272 2726 resto-rectionem.
2303 2674 2407 2728 Sed
2435 2675 2609 2730 videte
2633 2675 2758 2744 quid
2785 2674 3012 2738 dixerit,
3053 2686 3105 2729 et
3141 2675 3422 2745 diligenter

1834 2765 2115 2820 advertite.
2145 2765 2381 2834 Opcrarii
2416 2767 2504 2821 Dei
2537 2783 2742 2833 smnus,
2769 2767 2943 2822 adhuc
2971 2767 3259 2822 :rdilieatur
3290 2778 3423 2824 tem-

1836 2856 1981 2924 plmn
2016 2857 2127 2911 Dei.
2161 2856 2214 2910 ln
2246 2858 2417 2927 capite
2444 2874 2540 2912 suo
2563 2859 2673 2928 jam
2699 2858 3002 2915 dedicatum
3030 2869 3108 2915 est
3131 2878 3144 2926 ;
3171 2863 3420 2930 quoniam

1839 2949 2094 3002 Dominus
2124 2951 2415 3003 resurrexit
2438 2965 2467 3002 a
2499 2951 2742 3014 mortuis,
2771 2951 2974 3006 devicta
3005 2961 3197 3016 morte,
3226 2963 3422 3006 morta-

1837 3041 1982 3093 litate
2011 3050 2327 3110 consumpta
2353 3041 2592 3096 ascendit
2623 3041 2676 3095 in
2703 3044 2896 3098 emtum
2923 3061 2936 3096 :
2963 3044 3084 3114 quia
3109 3045 3334 3112 scriptus
3355 3043 3424 3099 de

1751 3160 1759 3169 -
1837 3132 1930 3187 illo
1950 3141 2064 3186 erat
2082 3133 2323 3188 Psalmus
2335 3130 2691 3189 dedicationis
2711 3134 2921 3190 domus.
2946 3135 3204 3206 [deepest
3223 3136 3424 3204 passio-

1840 3238 1959 3278 nem
1977 3223 2104 3277 dicit
2119 3241 2133 3274 :
2148 3221 2446 3278 Convertisti
2457 3225 2646 3278 luctum
2661 3242 2822 3279 nicum
2840 3226 2892 3278 in
2909 3227 3146 3296 gaudium
3161 3221 3426 3294 milti,con-

1837 3315 2033 3369 scidisti
2063 3332 2266 3369 sacrum
2294 3333 2483 3383 meum,
2517 3327 2563 3371 et
2587 3317 2848 3371 accinxisti
2878 3334 2955 3370 me
2980 3319 3334 3388 jncunditate;
3368 3329 3424 3372 ut

1838 3408 2026 3476 psallat
2044 3410 2130 3462 tibi
2144 3411 2307 3480 gloria
2322 3427 2451 3476 mea,
2466 3419 2621 3464 etnon
2639 3427 2954 3480 compungar
2968 3411 3138 3480 (Psal.
3161 3428 3228 3466 xx
3239 3429 3310 3477 ις,
3333 3411 3421 3476 12,

1840 3501 1929 3570 l5)
1941 3499 2121 3553 .Facta
2134 3510 2212 3554 est
2226 3515 2351 3568 ergo
2365 3500 2450 3553 illa
2465 3509 2580 3568 post
2598 3500 2894 3568 passionem
2909 3500 3172 3554 dedicatio
3186 3501 3236 3553 in
3256 3517 3426 3553 resur-

1840 3592 2099 3645 rectione.
2123 3591 2264 3659 Ergo
2283 3600 2336 3644 et
2363 3600 2542 3644 nostra
2571 3590 2728 3644 modo
2752 3591 2806 3644 lit
2827 3590 3104 3644 aedificatio
3126 3607 3219 3661 per
3243 3591 3421 3654 tidem,

1841 3692 1896 3736 ut
1928 3683 2018 3735 liat
2041 3690 2096 3735 et
2127 3681 2236 3750 ipsa
2270 3680 2533 3734 dedicatio
2565 3696 2657 3749 per
2683 3680 2922 3734 ultimam
2952 3678 3236 3734 resurreC'i
3263 3696 3421 3734 metu.

1843 3773 2079 3842 Denique
2107 3781 2225 3841 post
2253 3771 2410 3824 istum
2443 3771 2700 3840 psalnmm
2728 3770 3080 3825 dedicationis
3101 3770 3309 3830 domus,
3335 3770 3422 3824 ubi

1839 3864 2136 3920 ostenditur
2158 3862 2492 3918 resuscitatio
2511 3862 2698 3932 capitis
2725 3863 2914 3924 nostri.
2933 3862 3068 3915 alius
3087 3871 3170 3915 est
3189 3861 3426 3930 psalmus

1840 3964 1961 4026 post
1978 3957 2158 4020 istum,
2177 3971 2280 4008 non
2293 3964 2415 4009 ante
2432 3953 2778 4022 istum,cujus
2793 3952 2870 4007 sic
2883 3952 3036 4006 liabet
3054 3952 3427 4020 titulnszﬂuaa-

1841 4049 1906 4102 do
1927 4048 2104 4102 domus
2119 4045 2466 4115 ludificabatur
2501 4056 2607 4115 post
2621 4045 2980 4114 captiritatcm.
3006 4044 3239 4098 ltecolite
3268 4043 3428 4112 capti-

1844 4139 2081 4204 vitatem,
2117 4138 2204 4192 ubi
2233 4147 2386 4190 antra
2414 4137 2686 4200 fuerimus,
2723 4135 2932 4205 quando
2968 4145 3132 4188 totum
3173 4135 3425 4189 mundum

1840 4229 1984 4284 velut
2016 4243 2243 4283 massam
2275 4227 2566 4282 inﬁdelium
2588 4226 2830 4281 diabolus
2858 4224 3178 4294 possidebat.
3206 4226 3424 4294 Propth

1843 4320 1980 4374 hanc
2019 4319 2379 4388 captivitatem
2411 4317 2740 4385 Redemptor
2776 4317 3026 4382 advenit;
3068 4318 3294 4387 pretium
3327 4334 3420 4371 no-

1841 4419 2013 4467 strum
2040 4411 2350 4479 sanguinem
2388 4425 2540 4462 suum
2571 4407 2738 4462 fudit:
2768 4408 2884 4462 ΐιιευ
2915 4425 3011 4462 suo
3041 4408 3315 4480 sanguine,
3337 4425 3426 4464 οει..

1843 4501 2100 4572 ptivitatis
2123 4512 2318 4554 nostra:
2343 4501 2691 4555 instrumenta
2714 4500 2929 4554 delevit.
2953 4498 3082 4564 Lex,
3106 4500 3274 4570 inquit
3297 4503 3429 4570 Λιιυο

1843 4595 2034 4661 stolus,
2062 4592 2339 4664 spiritualis
2369 4602 2463 4653 est;
2493 4607 2583 4661 ego
2609 4600 2772 4644 autent
2802 4591 3022 4645 carnalis
3046 4607 3179 4656 sum,
3221 4606 3425 4644 uenum-

1844 4686 1994 4739 datus
2020 4684 2109 4738 sub
2137 4694 2338 4755 peccato
2370 4683 2546 4754 (Rom.
2590 4698 2684 4746 ru,
2731 4681 2858 4753 14).
2889 4682 3058 4735 Antea
3084 4679 3182 4734 sub
3213 4689 3431 4750 peccato

1844 4775 2183 4841 venumdati,
2212 4775 2304 4828 sed
2333 4782 2512 4844 postea
2543 4773 2708 4843 gratia
2739 4772 2963 4825 liberati.
3000 4771 3127 4824 Post
3155 4770 3295 4824 illam
3335 4787 3427 4824 ca-

1845 4869 2160 4938 ptivitatem.
2184 4867 2374 4920 domus
2395 4866 2553 4918 modo
2578 4864 2933 4924 a‘dilieantur;
2959 4873 3010 4916 ct
3037 4873 3092 4916 ut
3116 4863 3427 4927 aediﬁci-tur,

1846 4959 2258 5029 cvangelizatur.
2304 4957 2392 5009 Sic
2434 4957 2574 5010 enim
2615 4954 2793 5021 incipit
2826 4953 3066 5007 Psalmus
3097 4952 3248 5021 ipse:
3291 4952 3424 5004 Can-

1848 5061 1950 5104 tatc
1995 5049 2210 5102 Domino
2258 5045 2508 5100 rainicum
2541 5059 2742 5096 nouunt.
2793 5042 2858 5096 lit
2906 5057 2974 5096 ne
3017 5049 3172 5110 putes
3211 5039 3428 5094 domum

1849 5141 2003 5195 istam
2033 5141 2082 5193 in
2108 5154 2212 5192 uno
2234 5138 2424 5204 angulo
2448 5133 2722 5199 aediﬁcari,
2741 5134 2872 5186 sicut
2891 5132 3154 5185 :edilicant
3175 5132 3432 5186 schisma-

1853 5233 1940 5286 lici
1967 5231 2048 5284 vel
2081 5228 2314 5282 haeretici
2338 5242 2354 5288 ;
2380 5225 2594 5280 attende
2619 5224 2758 5296 quod
2787 5225 3024 5293 sequitur
3046 5239 3061 5277 :
3093 5221 3301 5276 Cantate
3326 5220 3434 5276 Do-

1850 5323 2007 5380 mino.
2037 5319 2202 5373 omnis
2238 5328 2371 5370 terra
2405 5315 2424 5386 (
2451 5313 2593 5370 Psal.
2625 5330 2752 5380 xcv,
2785 5315 2806 5369 1
3454 5358 3458 5361 .

1921 5410 2146 5466 CAl'U'l'
2179 5409 2263 5463 ιγ.
2279 5409 2330 5462 5.
2346 5406 2620 5460 -Νουιιιιι
2638 5407 2904 5460 canticum.
2922 5405 3157 5460 Salutarc
3177 5403 3265 5457 Dei
3282 5401 3432 5459 Citri-

1851 5518 1957 5562 stns
1983 5507 2046 5558 ab
2069 5503 2285 5573 antiquis
2310 5500 2927 5555 desideratus.—Cantate
2952 5497 3170 5551 Domino
3186 5498 3436 5550 canticum

1855 5613 2034 5651 norum
2062 5606 2280 5647 :contra
2307 5592 2568 5644 canticum
2596 5600 2766 5651 vetus,
2793 5589 3188 5643 Testamentum
3217 5601 3431 5652 novum,

1853 5692 1974 5758 quia
2009 5689 2156 5756 prius
2184 5687 2577 5738 'l'rstamentnm
2609 5696 2760 5737 vvtus
2787 5703 2795 5733 :
2830 5701 2994 5742 novus
3025 5686 3206 5751 Lamo,
3246 5691 3302 5736 ut
3338 5681 3431 5737 da-
