3850 6188
457 294 557 354 891

458 421 687 482 ponatur
723 417 876 466 vetus
913 407 1094 464 homo.
1136 405 1321 461 Eauite
1343 419 1452 470 vos,
1485 400 1674 473 inquit,
1707 408 1919 454 ueterem
1949 398 2046 451 Ito-

457 502 642 557 minern
677 517 790 556 cum
818 498 1012 552 actibus
1038 499 1178 562 suis;
1206 507 1252 550 et
1289 495 1482 550 induite
1511 508 1712 554 novum,
1744 490 1831 558 qui
1861 505 2046 543 secun-

463 594 584 647 dum
617 592 778 646 Deum
815 599 1014 645 creatus
1049 599 1124 644 est
1157 590 1212 642 in
1237 587 1441 658 justiti.
1467 593 1514 640 et
1541 584 1802 640 sanctitate
1827 580 2047 635 veritatis

459 683 681 752 (Caloss.
710 697 788 748 ιιι,
813 680 867 747 9,
899 680 986 749 10,
1011 688 1059 736 et
1079 679 1271 750 Epltes.
1298 695 1371 747 Iv,
1392 676 1613 747 22-24).
1645 675 1806 746 Ergo,
1836 672 2048 728 Cantate

462 774 681 829 Domino
705 775 956 828 canticum
981 788 1200 838 novum;
1225 777 1423 825 cantate
1445 768 1684 835 Domino,
1704 767 1866 822 omnis
1886 773 2043 819 terra.

456 866 698 932 Caritate,
727 873 782 920 et
806 864 1095 930 :edilieate;
1119 871 1350 929 cantate,
1372 869 1427 916 ct
1452 861 1591 916 bene
1614 859 1809 916 canite.
1831 857 2048 912 Annam-

426 1009 428 1022 ,
459 956 580 1010 tiate
616 957 746 1010 diem
775 973 840 1010 ea:
866 955 947 1010 die
970 956 1193 1010 salutare
1217 955 1328 1025 ejus
1349 969 1368 1006 :
1396 952 1691 1007 annuntiate
1717 950 1850 1004 dicm
1875 966 1938 1004 ea:
1963 948 2046 1003 die

424 1039 428 1054 ’
458 1046 730 1101 Christum
757 1046 890 1116 eius.
917 1045 1051 1112 Quid
1079 1054 1163 1101 est
1189 1045 1329 1100 enim
1354 1044 1576 1100 salutare
1597 1044 1729 1114 ejus,
1761 1041 1862 1097 nisi
1889 1038 2046 1095 Chri-

425 1123 598 1193 Istum
646 1139 802 1208 ejus?
845 1139 950 1193 l’ro
991 1139 1092 1194 isto
1121 1137 1340 1193 salutari
1371 1137 1652 1192 orabamus
1691 1136 1744 1190 in
1789 1134 2039 1190 Psalmo:

420 1225 422 1230 ’
462 1228 682 1284 Ostende
711 1230 869 1295 nobis,
891 1229 1125 1297 Domine,
1158 1230 1554 1284 misericordiam
1574 1237 1732 1293 tuam,
1752 1235 1798 1280 et
1817 1226 2044 1280 salutare

415 1299 425 1387 ξ
460 1329 600 1372 tuum
639 1321 706 1372 da
743 1320 886 1375 nobis
927 1318 1112 1392 (Psal.
1160 1334 1378 1384 LXXXIV,
1406 1317 1502 1390 8).
1535 1315 1915 1373 Desiderabant
1941 1315 2044 1370 hoc

457 1410 688 1466 salutare
719 1411 924 1480 antiqui
949 1412 1099 1480 justi,
1129 1411 1197 1466 de
1223 1411 1415 1480 quibus
1443 1409 1695 1464 Dominus
1733 1407 1943 1464 dicebat
1965 1407 2044 1462 di-

455 1500 674 1569 scipulis
697 1519 710 1554 :
739 1500 892 1555 Multi
929 1503 1188 1556 uoluerunt
1214 1503 1380 1556 videre
1405 1517 1519 1572 qua:
1541 1518 1625 1555 vos
1650 1501 1844 1566 videtis,
1867 1509 1913 1554 et
1942 1516 2042 1554 non

455 1601 719 1660 potuerunt
741 1592 890 1666 (Luc.
906 1610 962 1658 χ,
983 1594 1100 1666 24).
1131 1594 1191 1648 Et
1207 1593 1430 1648 salutare
1450 1604 1589 1646 tuum
1614 1593 1680 1646 da
1703 1592 1862 1646 nobis.
1889 1592 2043 1646 Dixe-

457 1693 582 1737 runt
611 1682 712 1738 hoc
746 1685 949 1755 antiqui
979 1685 1127 1755 justi,
1159 1684 1400 1740 Salutare
1423 1693 1565 1737 tuum
1594 1683 1660 1736 da
1685 1681 1861 1737 nobis:
1883 1681 2042 1737 Chri-

457 1783 598 1826 stum
633 1783 779 1828 tuum
811 1791 931 1830 cum
962 1777 1012 1830 in
1045 1775 1144 1831 hac
1170 1783 1330 1831 αι’ηο
1355 1777 1601 1842 vivimus,
1633 1775 1923 1830 videamus.
1948 1773 2042 1826 Vi-

455 1863 676 1920 deamus
718 1867 768 1920 in
808 1881 987 1935 carne,
1017 1869 1104 1938 qui
1146 1883 1243 1922 nos
1288 1868 1479 1924 liberet
1522 1883 1551 1921 a
1593 1882 1754 1923 carne
1801 1883 1814 1920 :
1866 1866 2045 1920 veniat

454 1969 581 2009 caro
603 1956 866 2011 mandans
894 1973 1139 2022 carnem;
1169 1958 1400 2027 patiatur
1426 1973 1573 2024 caro,
1601 1965 1655 2012 et
1681 1956 1906 2012 redimat
1929 1957 2044 2010 ani-

456 2060 596 2099 mam
627 2056 680 2101 et
707 2062 942 2102 carnem.
974 2047 1040 2101 Et
1065 2049 1286 2102 salutare
1313 2057 1470 2113 tuum,
1510 2048 1744 2114 Domine,
1773 2047 1841 2100 da
1877 2047 2038 2102 nobis.

458 2135 516 2189 ln
550 2135 652 2191 hoc
675 2136 943 2192 desiderio
974 2147 1090 2192 erat
1117 2139 1206 2193 ille
1235 2147 1450 2193 sanctus
1487 2153 1648 2194 senex
1685 2138 1903 2194 Simcon
1933 2155 1946 2191 :
1989 2139 2042 2192 in

461 2227 580 2292 hoc,
611 2228 846 2298 inquam,
875 2228 1144 2284 desiderio
1171 2239 1287 2285 erat
1311 2243 1474 2286 senex
1506 2231 1596 2285 ille
1634 2239 1848 2286 sanctus
1887 2238 1944 2286 et
1975 2229 2043 2286 de

456 2320 568 2375 Deo
611 2320 748 2376 bene
789 2323 1011 2378 meritus
1053 2323 1305 2389 Simeon;
1337 2323 1455 2378 sine
1478 2322 1641 2377 dubio
1669 2333 1722 2377 et
1753 2323 1867 2394 ipse
1895 2323 2042 2378 dice-

455 2411 567 2479 bat,
591 2411 810 2467 Ostende
823 2413 984 2479 nobis,
999 2412 1238 2480 Domine,
1259 2414 1652 2492 misericordiam
1669 2423 1826 2479 tuam,
1847 2424 1894 2468 et
1913 2417 2046 2468 salu-

451 2513 564 2557 tare
582 2513 724 2557 tuum
743 2505 810 2558 da
830 2505 990 2559 nobis.
1016 2505 1072 2558 ln
1101 2505 1200 2559 hoc
1221 2505 1487 2560 desiderio
1508 2506 1562 2559 in
1586 2504 1775 2559 talibus
1801 2506 2043 2574 precibus

451 2606 769 2665 responsum
793 2597 1020 2666 accepit,
1044 2597 1166 2666 quia
1190 2610 1294 2650 non
1321 2603 1560 2666 gustaret
1589 2605 1814 2650 mortem
1833 2597 1956 2662 ,nisi
1976 2597 2045 2650 vi-

453 2686 623 2740 disset
645 2685 916 2740 Christum
950 2687 1180 2740 Domini.
1214 2685 1379 2740 Natus
1403 2696 1483 2740 est
1505 2685 1769 2751 Christus,
1799 2686 2045 2742 veniebat

454 2776 567 2842 ille,
617 2776 702 2830 ille
734 2776 842 2830 ibat
875 2795 888 2831 :
921 2776 1013 2831 sed
1037 2775 1210 2831 donec
1239 2777 1572 2841 veniretille,
1596 2775 1685 2830 ille
1713 2775 1788 2830 ire
1811 2777 2040 2831 nolebat.

453 2865 576 2919 Jam
595 2875 840 2920 senectus
857 2875 1060 2921 matura
1077 2866 1411 2931 excludebat,
1428 2865 1519 2921 sed
1538 2867 1742 2921 sincera
1769 2867 1936 2936 pietas
1952 2867 2045 2922 de-

460 2957 685 3011 tinebat.
707 2958 776 3010 At
797 2957 882 3011 ubi
907 2957 1069 3023 venit,
1093 2967 1148 3011 at
1175 2957 1262 3011 ubi
1293 2967 1446 3012 natus
1461 2966 1561 3022 est,
1580 2964 1634 3010 at
1653 2956 1742 3010 ubi
1767 2971 1890 3011 eum
1921 2972 2044 3026 por-

457 3047 558 3102 tari
584 3049 768 3102 matris
794 3047 1036 3103 manibus
1057 3047 1206 3114 vidit,
1224 3057 1278 3103 et
1295 3047 1526 3102 divinam
1550 3045 1823 3102 infantiam
1845 3048 1928 3118 pia
1959 3063 2044 3103 se-

463 3147 650 3193 nectus
679 3139 927 3210 agnovit;
955 3140 1161 3209 accepit
1182 3154 1303 3194 eum
1326 3139 1377 3194 in
1406 3131 1596 3194 manus
1623 3153 1768 3206 suas,
1797 3148 1851 3194 et
1870 3139 2001 3194 dixit
2025 3157 2039 3194 :

464 3229 618 3284 Nunc
641 3231 869 3295 dimittis,
905 3229 1139 3296 Domine,
1164 3247 1358 3284 servum
1381 3241 1518 3284 tuum
1543 3232 1595 3283 in
1621 3245 1779 3300 pace;
1809 3231 2042 3300 quoniam

457 3321 686 3374 ridernnt
711 3322 846 3374 oculi
871 3323 964 3374 mei
989 3323 1211 3374 salutare
1235 3330 1376 3374 tuum
1403 3319 1552 3390 (Luc.
1582 3336 1640 3384 ιι,
1665 3319 1880 3390 26-50).
1909 3320 2044 3376 Ecce

457 3411 599 3466 unde
638 3411 867 3476 dicebat,
905 3408 1126 3466 Ostende
1167 3412 1329 3475 nobis,
1374 3409 1609 3476 Domine,
1649 3411 2043 3465 misericordiam

459 3513 616 3565 tuam,
647 3511 692 3554 et
721 3507 942 3554 salutare
965 3511 1106 3554 tuum
1142 3501 1208 3554 da
1234 3501 1392 3555 nobis.
1425 3500 1701 3570 lmpletum
1726 3510 1808 3555 est
1831 3499 2044 3556 deside-

458 3597 594 3648 rium
621 3594 766 3648 senis
784 3635 797 3656 ,
835 3592 1018 3648 mundi
1050 3594 1218 3662 ipsius
1239 3601 1512 3649 senectute
1541 3601 1808 3664 vergente.
1834 3593 1950 3662 ipse
1974 3593 2041 3648 ad

456 3701 643 3740 senem
668 3686 933 3740 hominem
964 3686 1129 3751 venit,
1151 3687 1240 3756 qui
1268 3686 1524 3741 mundum
1553 3694 1788 3742 veterem
1818 3687 2037 3741 invenit.

461 3777 602 3847 Ergo
650 3777 694 3830 si
741 3775 995 3831 mundum
1037 3785 1270 3834 veterem
1303 3778 1518 3844 invenit,
1548 3776 1729 3831 audiat
1771 3777 2036 3832 mundus:

455 3868 666 3923 Cantate
679 3867 894 3922 Domino
905 3870 1153 3923 canticum
1173 3885 1352 3924 novum
1371 3887 1390 3935 ;
1410 3878 1606 3924 cantate
1621 3868 1859 3936 Domino,
1878 3872 2041 3926 omnis

455 3972 588 4015 terra
617 3963 924 4017 Destruatur
948 3971 1204 4029 vetustas,
1233 3964 1438 4019 novitas
1467 3973 1667 4034 surgat.

522 4055 748 4111 CAPUT
783 4055 848 4111 V.
881 4079 951 4094 -ι
979 4055 1032 4110 5.
1055 4055 1240 4110 Christi
1257 4057 1566 4126 prmitcatio.
1589 4085 1658 4096 —-
1685 4056 1896 4112 Caritate
1933 4057 2040 4113 Do-

455 4145 591 4198 mino
616 4148 866 4202 canticum
903 4165 1104 4212 novum,
1140 4155 1337 4201 cantate
1363 4145 1598 4201 Domino.
1636 4146 1824 4202 Videte
1864 4157 2038 4202 certa-

457 4251 578 4290 men
624 4237 1016 4294 mdilicantium.
1050 4238 1260 4294 Cantate
1293 4235 1532 4303 Domino,
1565 4238 1835 4292 benedicite
1858 4255 2037 4294 nomen

455 4329 582 4397 ejus.
632 4327 769 4382 Bene
816 4333 1060 4398 nuntiate,
1115 4328 1258 4401 quod
1311 4339 1393 4383 cst
1438 4344 1609 4397 grzece
1659 4329 2036 4399 evangelizate.

455 4420 632 4487 Quid?
663 4419 809 4474 Diem
836 4438 898 4476 ex
925 4423 1023 4476 die.
1053 4421 1224 4488 Quem
1252 4419 1394 4474 diem
1416 4435 1479 4473 ex
1512 4419 1630 4473 die?
1654 4418 1894 4473 Salutare
1908 4421 2036 4486 eius.

459 4517 628 4575 Quem
681 4512 820 4566 diem
857 4527 920 4565 ex
961 4511 1084 4566 die?
1117 4511 1318 4564 Lumen
1360 4525 1424 4562 ex
1474 4509 1690 4572 lumine,
1736 4508 1928 4564 Filium
1971 4508 2039 4565 de

461 4605 635 4671 l‘atre,
681 4605 906 4658 salutare
948 4604 1077 4672 ejus.
1120 4601 1429 4654 Annuntiate
1461 4600 1513 4653 in
1560 4599 1784 4669 gentibus
1824 4600 2040 4671 gloriam

456 4696 586 4766 ejus,
613 4695 666 4749 in
695 4694 923 4749 omnibus
945 4694 1146 4764 populis
1167 4691 1416 4746 mirabilia
1440 4692 1568 4760 ejus.
1601 4691 1738 4745 Ecce
1773 4692 2040 4762 quomodo

397 4803 406 4848 ;
457 4785 646 4852 domus
662 4785 953 4842 mdillcatur
966 4795 1093 4859 post
1106 4785 1484 4856 captivitatem.
1501 4783 1776 4839 Terribilis
1787 4793 1869 4838 est
1882 4800 2042 4856 super

459 4892 647 4932 «mines
667 4877 816 4933 deos.
835 4878 1006 4948 Super
1029 4892 1163 4948 quos
1181 4875 1349 4932 deos?
1372 4874 1622 4942 Quoniam
1641 4891 1811 4928 omnes
1831 4875 1903 4928 dii
1921 4891 2043 4946 gen-

459 4971 585 5030 tium
620 4969 869 5024 daemonia
888 4985 907 5034 ;
929 4968 1178 5023 Dominus
1208 4977 1373 5022 autem
1405 4968 1554 5022 caelos
1571 4963 1882 5035 fecit(Psal.
1908 4980 2038 5032 xcv,

458 5063 544 5136 1-5
559 5063 600 5133 ).
617 5060 843 5117 Sanctus
859 5059 1000 5123 fecit,
1022 5060 1302 5130 Apostolus
1321 5057 1462 5114 fecit.
1482 5058 1742 5126 Quoniam
1760 5057 1873 5112 cali
1889 5073 2038 5110 enar-

456 5165 571 5208 rant
586 5152 799 5224 gloriam
818 5152 928 5207 Dei.
954 5151 1073 5206 Non
1089 5161 1204 5207 sunt
1232 5152 1442 5220 loquela:
1457 5167 1614 5222 neque
1627 5167 1899 5212 sermones,
1923 5165 2041 5218 quo-

455 5261 568 5298 rum
589 5262 690 5299 non
709 5245 982 5298 audiantur
1005 5259 1146 5298 voces
1174 5259 1365 5297 eorum.
1396 5240 1422 5294 1
1429 5259 1461 5294 ιι
1477 5257 1671 5296 omnem
1697 5250 1878 5294 terram
1893 5239 2042 5293 exivit

418 5361 427 5368 -
454 5354 610 5391 sonus
637 5337 834 5406 eorum(
852 5334 994 5390 Psal.
1020 5335 1356 5405 xvm,2,l,5)
1379 5352 1391 5386 ε
1417 5334 1534 5404 quia
1557 5333 1728 5387 omnis
1745 5340 1886 5386 terra
1911 5345 2040 5384 can-

457 5435 533 5481 tat
558 5428 820 5482 canticum
855 5442 1070 5480 novum.

531 5519 581 5568 tt.
613 5517 772 5570 Lucta
808 5517 975 5571 carnis
1021 5527 1066 5570 et
1093 5517 1316 5587 spiritus.
1350 5515 1640 5570 Audiamus
1659 5528 1784 5583 ergo
1811 5523 1865 5567 et
1895 5511 2040 5580 Apo-

457 5608 675 5673 stolnm,
703 5608 1046 5662 architectum
1075 5608 1347 5676 magistri:
1381 5606 1448 5662 υς
1487 5607 1708 5672 sapiens,
1742 5604 1927 5674 inquit,
1953 5619 2041 5656 ar-

463 5697 700 5754 tl..tcctus
745 5699 1129 5768 fundamentum
1173 5701 1332 5768 posui.
1400 5700 1684 5755 \ttdiatnus
1721 5713 1846 5765 ergo
1880 5697 2037 5751 istum

1691 283 1748 340 ε.
1788 279 2152 338 mensum
2192 281 2491 341 ιεριεοορι
3567 308 3652 366 ιθ,

2160 399 2530 464 architectum,
2574 399 2815 470 quaedam
2853 415 2990 458 nova
3027 412 3418 479 construentetn,
3452 421 3654 484 qudam

2153 497 2332 546 vetera
2365 491 2722 562 deiicientem.
2771 493 2991 566 Spiritu,
3032 498 3213 568 inquit,
3257 503 3499 570 ambulate,
3545 525 3654 573 nova

2152 591 2234 638 est
2251 582 2348 637 ista
2365 585 2718 642 constructio:
2739 595 2784 640 et
2799 588 3220 654 concupiscendus
3236 595 3390 648 carnis
3404 612 3458 650 ne
3474 605 3652 671 ρει-[εει.

2151 673 2279 738 ritis,
2309 683 2549 731 veterum
2583 685 2666 732 est
2709 676 2807 733 ista
2843 679 3150 736 destructio.
3185 681 3307 738 Caro
3340 687 3478 754 enim,
3503 690 3651 761 inquit,

2151 771 2462 840 concupiscit
2481 772 2720 828 adversus
2753 773 3006 844 spiritum,
3032 785 3079 829 et
3105 777 3306 846 spiritus
3345 781 3553 838 adversus
3574 801 3655 840 cur.

2151 874 2284 913 nent.
2315 858 2444 915 Htec
2461 862 2598 916 enim
2636 863 2868 917 inioicern
2890 863 3251 933 adversantur;
3290 878 3342 921 ut
3380 885 3470 924 non
3501 889 3550 926 ea
3569 890 3655 943 qua

2149 951 2301 1006 sultis
2321 953 2540 1024 faciatis.
2563 953 2751 1010 Adhuc
2775 955 2917 1011 enim
2937 955 3285 1026 adiﬁeamini,
3312 960 3520 1017 nondum
3539 963 3654 1020 dedi-

2155 1043 2371 1098 camini.
2409 1044 2476 1100 Ut
2497 1061 2598 1100 non
2623 1062 2684 1100 ea
2705 1063 2818 1118 qua
2845 1047 2995 1104 uultis
3014 1049 3226 1122 faciatis.

2218 1134 2445 1190 CAPUT
2483 1135 2571 1190 Vl.
2595 1167 2666 1178 —
2693 1137 2823 1206 Quae
2847 1139 2989 1194 enim
3018 1139 3211 1194 vultis?
3230 1139 3297 1218 Ut
3322 1142 3518 1198 omnino
3531 1145 3654 1200 nulla

2147 1224 2257 1279 sint
2290 1226 2737 1296 concupiscentia;
2785 1229 3048 1284 malarum
3082 1238 3137 1284 et
3175 1229 3652 1288 illicitarumdelecta-

2148 1315 2370 1371 tionum.
2393 1317 2525 1385 Quis
2549 1327 2765 1376 sanctus
2794 1337 2900 1378 non
2929 1322 3044 1377 haec
3068 1322 3192 1378 velit
3215 1323 3355 1378 tSed
3381 1339 3474 1378 non
3497 1326 3648 1381 efﬁcit:

2150 1408 2400 1477 quamdiu
2425 1409 2509 1465 hic
2529 1410 2739 1476 vivitur,
2767 1410 2868 1466 hoc
2893 1428 2996 1466 non
3015 1406 3280 1483 impletur.
3302 1411 3422 1468 Caro
3439 1416 3548 1468 enim
3564 1433 3652 1471 con-

2147 1499 2359 1568 cupiscit
2380 1499 2618 1566 adversus
2641 1503 2894 1569 spiritum,
2918 1511 2965 1557 et
2984 1504 3192 1574 spiritus
3229 1503 3450 1559 adversus
3479 1522 3650 1561 carnem.

2151 1588 2278 1644 Htec
2304 1592 2436 1645 enim
2466 1593 2672 1647 invicem
2699 1595 3063 1660 adversantur;
3094 1604 3147 1648 ut
3166 1611 3224 1649 ea
3241 1611 3347 1666 qua
3364 1595 3496 1651 cultis
3507 1601 3650 1668 facere,

2147 1688 2204 1735 ut
2228 1681 2385 1737 nullae
2407 1685 2514 1738 sint
2540 1685 2594 1738 in
2621 1684 2772 1740 vobis
2804 1699 3024 1754 prorsus
3050 1701 3224 1741 rerum
3264 1687 3530 1742 illicitarum
3552 1703 3650 1742 con-

2146 1773 2507 1840 cupiscentim,
2555 1791 2654 1830 non
2687 1776 2907 1846 possitis.
2955 1775 3095 1844 Quid
3116 1791 3241 1845 ergo
3287 1777 3467 1832 restat?
3503 1777 3651 1845 Spiritu

2145 1861 2432 1929 ambulate;
2472 1876 2539 1930 et,
2565 1866 2684 1936 quia
2731 1881 2835 1921 non
2875 1867 3101 1936 potestis
3137 1865 3343 1922 eﬂicere
3370 1877 3424 1922 ut
3452 1868 3650 1935 concupi-

2146 1955 2377 2009 scentias
2415 1957 2592 2012 carnis
2621 1957 2965 2021 consumatis,
3010 1959 3422 2028 concupiscentias
3458 1960 3652 2012 carnisne

2146 2045 2438 2114 perﬁciatis.
2483 2046 2807 2101 Consumere
2843 2047 3060 2117 quidem
3111 2048 3224 2102 illas
3259 2059 3406 2117 atque
3445 2047 3585 2110 linire,
3615 2058 3653 2101 et

2146 2135 2355 2204 penitus
2417 2137 2713 2208 exstirpare
2765 2138 2908 2191 omni
2960 2138 3126 2192 modo
3174 2138 3307 2192 velle
3348 2138 3548 2192 debetis:
3587 2137 3652 2192 sed

2146 2226 2394 2296 quamdiu
2424 2228 2624 2281 suntin
2673 2227 2845 2295 vobis,
2891 2236 2946 2282 et
2982 2236 3074 2283 est
3099 2227 3199 2281 alia
3243 2228 3322 2282 lex
3372 2230 3419 2280 in
3460 2227 3654 2281 n'icmln'is

2149 2317 2338 2371 vestris
2369 2332 2670 2388 repugnans
2699 2318 2798 2388 legi
2837 2319 3029 2373 mentis
3057 2327 3272 2384 vestrm,
3306 2320 3653 2389 concupiscentiis

2146 2410 2314 2463 carnis
2359 2426 2424 2463 ne
2468 2411 2782 2481 perﬁceritis.
2825 2411 2960 2478 Quid
2997 2413 3150 2466 enim
3195 2411 3378 2465 vultis?
3402 2411 3461 2467 Ut
3491 2412 3654 2465 omnino

2148 2516 2254 2554 non
2285 2501 2392 2555 sint
2427 2503 2870 2574 concupiscentia:
2904 2505 3112 2558 carnis.
3149 2503 3260 2558 Non
3291 2519 3379 2558 vos
3406 2504 3652 2571 permittunt

2148 2592 2374 2662 implere
2417 2595 2558 2664 quod
2603 2595 2791 2660 vultis;
2824 2596 2988 2652 nolite
3029 2612 3133 2652 eas
3163 2598 3450 2666 permittere
3490 2597 3655 2665 implete

2151 2681 2292 2752 quod
2324 2683 2524 2737 volunt.
2553 2683 2690 2752 Quid
2737 2685 2933 2739 vultis?
2964 2687 3032 2742 Ut
3083 2687 3291 2741 omnino
3330 2703 3422 2742 non
3458 2688 3556 2740 sint.
3579 2686 3655 2740 Sed

2147 2781 2290 2826 sunt.
2324 2772 2456 2826 Caro
2485 2777 2792 2844 concupiscit
2834 2777 3086 2832 adversus
3105 2778 3328 2847 spiritum
3353 2794 3370 2831 :
3391 2778 3658 2846 concupiscat

2148 2861 2366 2928 spiritus
2391 2863 2648 2919 adversus
2673 2880 2909 2920 carnem.
2939 2865 3007 2920 Ut
3035 2884 3148 2921 non
3175 2885 3231 2923 ea
3254 2884 3358 2936 qua:
3380 2868 3510 2920 cultis
3533 2867 3657 2937 facie-

2149 2953 2230 3016 tis,
2265 2953 2315 3006 id
2343 2962 2442 3017 esl,
2475 2963 2531 3008 ut
2560 2970 2664 3010 non
2696 2956 2802 3009 sint
2831 2957 2882 3010 in
2922 2957 3083 3012 vobis
3129 2959 3254 3027 ipsa:
3293 2957 3656 3027 concupiscentia:

2147 3045 2363 3109 carnis;
2393 3061 2490 3101 nec
2517 3046 2645 3115 ipsa:
2674 3047 2868 3101 faciant
2895 3048 3035 3118 quod
3080 3049 3279 3115 volunt,
3307 3057 3362 3104 ut
3381 3063 3497 3118 opus
3522 3063 3656 3102 earum

2147 3134 2457 3204 perliciatis.
2485 3136 2539 3192 Si
2571 3153 2676 3191 non
2707 3138 2797 3193 tibi
2819 3137 2871 3192 in
2905 3149 3085 3194 totum
3109 3139 3327 3207 ceditur,
3355 3139 3450 3196 noli
3475 3132 3520 3194 et
3541 3148 3660 3192 tucc-

2148 3223 2295 3279 dere.
2327 3226 2479 3280 Prius
2508 3236 2748 3297 mquetur
2772 3243 2963 3299 pugna,
3000 3237 3070 3282 ut.
3095 3229 3366 3299 aliquando
3390 3228 3452 3284 sit
3475 3227 3657 3282 victoria.

2217 3317 2443 3372 CAPUT
2473 3317 2581 3372 Vll.
2609 3348 2680 3358 —
2709 3321 2760 3370 7.
2802 3319 3020 3374 Victoria
3040 3331 3164 3391 post
3185 3319 3570 3376 resurrectionem.
3587 3313 3661 3372 Cir

2153 3408 2388 3475 differtur
2424 3410 2652 3464 victoria.
2683 3410 2894 3465 Etenim
2939 3413 3132 3481 procul
3163 3411 3338 3480 dubio,
3379 3410 3543 3466 fratres
3565 3407 3657 3472 mei,

2147 3499 2289 3554 erit:
2330 3499 2628 3565 credamus,
2675 3514 2972 3569 speremus,
3018 3518 3288 3568 amemus,
3319 3503 3413 3558 erit
3437 3495 3660 3570 aliquando

2147 3589 2388 3654 victoria,
2419 3589 2470 3643 in
2495 3588 2830 3645 dedicatione
2849 3589 3072 3658 domus,
3107 3608 3225 3662 qu;e
3263 3590 3410 3646 modo
3433 3587 3659 3644 :ediﬁcatur

2147 3689 2266 3750 post
2283 3680 2663 3750 captivitatem.
2690 3681 2988 3738 Novissima
3007 3685 3158 3738 enim
3192 3685 3395 3738 inimica
3417 3682 3658 3738 destruetur

2145 3787 2310 3838 mors,
2335 3788 2456 3827 cum
2482 3773 2830 3844 corruptibile
2861 3773 2961 3828 hoc
2987 3774 3228 3830 induerit
3258 3774 3654 3844 incorruptionem,

2143 3872 2198 3918 et
2224 3864 2448 3918 mortale
2493 3863 2593 3918 hoc
2623 3863 2850 3919 induerit
2886 3864 3359 3920 immortalitatem.
3384 3860 3654 3921 Premedita-

2147 3954 2281 4010 mini
2312 3955 2472 4011 verba
2515 3955 2989 4024 triumphantium:
3039 3955 3146 4011 libi
3171 3967 3261 4020 est,
3289 3974 3433 4022 mors,
3463 3949 3657 4008 contentio

2144 4053 2232 4098 tua
2258 4045 2277 4116 (
2299 4045 2318 4099 l
2343 4042 2459 4100 Cor.
2493 4060 2587 4109 xv,
2622 4045 2712 4112 26,
2745 4045 2834 4110 55,
2855 4047 2944 4112 53,
2974 4046 3042 4101 55
3066 4047 3128 4117 )?
3156 4041 3655 4117 Triumphantiumista

2145 4149 2250 4190 vox
2298 4145 2401 4202 est,
2452 4151 2558 4190 non
2601 4138 2969 4207 pugnantium.
2999 4136 3354 4208 Pugnantium
3395 4145 3546 4190 autem
3585 4144 3654 4184 τοι

2144 4237 2247 4297 est,
2306 4228 2547 4284 Miserere
2592 4230 2690 4283 mei
2739 4227 2971 4294 Domine,
3011 4231 3252 4300 quoniam
3303 4230 3512 4299 inﬁrmus
3551 4234 3654 4277 sum:

2143 4335 2269 4375 sana
2291 4337 2389 4385 me,
2417 4319 2651 4384 Domine,
2675 4322 2910 4389 quoniam
2935 4323 3236 4375 conturbata
3260 4331 3372 4374 sunt
3386 4336 3488 4374 ossa
3505 4332 3603 4377 mea.
3624 4319 3657 4364 εί
3689 4353 3695 4389 ι

2145 4419 2317 4466 anima
2346 4429 2455 4466 mea
2482 4412 2679 4466 turbata
2703 4422 2777 4466 est
2797 4413 2972 4478 valde;
3003 4423 3050 4465 et
3086 4423 3162 4480 tu,
3213 4413 3433 4476 Domine,
3460 4417 3655 4478 nequem
3686 4412 3695 4482 ξ

2145 4502 2166 4574 (
2188 4502 2335 4558 Psal.
2365 4519 2436 4569 vt,
2465 4505 2518 4568 '5,
2538 4504 2614 4574 4)
2643 4503 2667 4556 ‘l
2693 4503 2824 4558 Vide
2852 4503 3185 4558 laborantem
3234 4504 3283 4556 in
3313 4499 3583 4557 certamine.
3609 4487 3656 4544 Et

2147 4603 2221 4658 tu,
2248 4592 2480 4658 Domine,
2505 4594 2795 4665 usque-quo?
2820 4592 2954 4661 Quid
2975 4603 3076 4660 est,
3103 4593 3418 4664 Usquequo?
3435 4590 3656 4657 Quousque

2146 4685 2340 4756 probes
2367 4685 2489 4755 quia
2519 4698 2618 4755 ego
2643 4685 2918 4740 subvenio.
2953 4683 3010 4740 Si
3037 4685 3182 4739 enim
3221 4684 3326 4739 cito
3358 4677 3654 4738 subvenirent.

2148 4777 2416 4830 luctamen
2463 4790 2570 4830 non
2614 4775 2880 4832 sentires:
2927 4775 2972 4828 si
3012 4775 3278 4830 luctamen
3318 4789 3416 4827 non
3461 4764 3654 4823 sentires.

2145 4877 2396 4938 tanquam
2425 4867 2494 4923 de
2523 4869 2626 4923 tuis
2658 4870 2857 4924 viribus
2883 4869 3226 4938 superbires;
3255 4876 3309 4923 et
3332 4880 3420 4936 per
3445 4864 3570 4917 istam
3593 4869 3661 4908 su-

2148 4960 2384 5030 perbiam
2416 4973 2682 5028 nunquam
2723 4959 2789 5013 ad
2838 4960 3109 5015 victoriam
3158 4958 3468 5028 pervenircs.
3500 4953 3656 5006 Dictum

2147 5052 2477 5124 estquidem,
2496 5051 2675 5105 Adhuc
2691 5061 2737 5104 te
2757 5052 2986 5121 loquente
3007 5052 3203 5104 dicam:
3225 5051 3346 5103 Ecce
3361 5050 3517 5099 adsum
3537 5036 3658 5110 (Isai-

2149 5158 2296 5206 Lvtn,
2327 5145 2360 5197 9
2383 5144 2400 5214 )
2425 5161 2437 5196 :
2463 5143 2554 5198 sed
2585 5144 2723 5198 Deus
2751 5150 2805 5197 ct
2829 5156 2948 5196 cum
2979 5141 3155 5196 dill‘ert
3179 5141 3345 5204 adest,
3371 5131 3560 5204 etquod
3579 5125 3657 5180 dil-

2147 5234 2252 5288 lcrt
2279 5234 2451 5298 adest,
2474 5243 2527 5287 et
2546 5233 2840 5288 dill‘erendo
2865 5232 3052 5297 adest;
3084 5248 3152 5286 ne
3184 5237 3542 5300 prmpruperam
3567 5230 3659 5271 cum
3705 5227 3710 5232 '

2151 5327 2332 5395 implet
2359 5327 2698 5391 voluntatem,
2728 5326 3009 5394 perfectam
3042 5340 3147 5379 non
3180 5324 3387 5392 impleat
3409 5317 3654 5371 sanitatem.

2177 5422 2190 5432 ⁸
2219 5415 2442 5472 CAPUT
2467 5415 2727 5470 Vlll.—8.
2759 5415 3175 5470 Medicamentum
3198 5411 3416 5468 elationis
3443 5407 3486 5458 in
3509 5397 3654 5456 Paulo.

2149 5507 2262 5562 Non
2309 5508 2471 5572 enim,
2520 5505 2708 5562 fratres
2747 5508 2871 5572 mei,
2900 5505 3142 5577 apostolo
3169 5505 3328 5562 Paulo
3374 5493 3652 5554 nonaderal.

2149 5601 2236 5670 qui
2267 5617 2384 5654 cum
2413 5608 2659 5664 certaret,
2693 5615 2759 5655 ne
2787 5599 3157 5663 extolleretur,
3186 5595 3410 5650 timebat.
3435 5588 3489 5642 In
3510 5583 3659 5651 ina9’ll‘

2153 5695 2337 5746 tu'lt'nc.
2369 5692 2555 5762 inquit,
2581 5693 2934 5748 revelationum
2957 5705 3185 5749 mearum
3209 5703 3269 5741 ne
3287 5684 3494 5742 atollar.
3518 5674 3658 5731 \'id:lc
