3850 6188
155 424 209 478 in
251 418 648 478 conﬂictatione
693 433 1012 487 certantem.
1058 423 1292 482 nondum
1345 425 1402 480 in
1449 427 1735 482 securitate

155 513 594 582 triumphantem.
623 512 692 568 In
729 515 1078 586 magnitudine
1111 517 1470 571 revelationunt
1512 501 1738 572 mearum

155 623 217 660 ne
241 605 482 662 extollar.
514 606 644 673 Quis
668 607 818 676 dicit,
850 607 934 662 Ne
976 609 1232 666 extollar!
1254 610 1298 665 Ο
1330 619 1521 676 terror,
1565 626 1598 667 ο
1625 620 1732 668 tt‘e-

157 702 304 755 mor!
336 700 468 769 Quis
517 700 667 766 dicit,
694 699 778 755 Ne
805 701 1062 759 extollar!
1077 701 1213 759 Cum
1263 711 1406 760 tanta
1434 703 1551 774 ejus
1576 703 1738 760 verba

154 794 258 847 sint
303 791 640 848 retundentia
679 793 986 859 elationem,
1019 795 1408 864 compescenda
1452 803 1734 860 tumorem,

153 894 205 939 et
225 885 375 951 dicit,
396 882 479 938 Ne
497 884 712 939 extollar
725 884 952 940 iParum
975 894 1056 940 est
1071 886 1193 955 quia
1209 886 1355 948 dicit,
1381 882 1464 939 Ne
1481 884 1698 940 extollar
1717 901 1736 938 :

154 976 327 1030 videte
357 973 803 1030 medicamentum
843 975 982 1046 quod
1008 977 1108 1032 sibi
1136 975 1268 1030 dicit
1303 977 1624 1050 appositum.
1653 974 1739 1032 Ne

154 1067 388 1133 extollar,
419 1066 611 1134 inquit,
639 1072 788 1120 datus
809 1077 878 1120 est
899 1068 1023 1121 mihi
1041 1067 1276 1122 stimulus
1299 1068 1465 1122 carnis
1484 1083 1625 1134 ntere,
1643 1083 1739 1122 an-

154 1159 290 1228 gelus
309 1167 524 1212 satana.
551 1155 596 1212 Ο
626 1172 906 1224 venenum,
936 1157 1076 1228 quod
1103 1173 1210 1213 non
1250 1167 1468 1213 curatur
1493 1159 1594 1213 nisi
1639 1174 1736 1215 vta-

156 1251 325 1303 neno!
357 1247 520 1301 Datus
549 1257 622 1302 est
648 1247 773 1302 mihi
798 1249 1028 1304 stimulus
1051 1249 1220 1304 carnis
1247 1265 1387 1314 mete,
1416 1249 1626 1321 angelus
1645 1266 1737 1305 sa-

155 1351 301 1404 tane,
329 1342 420 1408 qui
448 1357 528 1394 me
551 1342 856 1410 colaphizet.
904 1342 1074 1412 Caput
1100 1343 1426 1411 caedebatur,
1469 1359 1536 1400 ne
1579 1353 1738 1414 caput

154 1432 520 1486 cxtolleretur.
565 1431 608 1486 0
634 1433 952 1498 antidotum,
997 1433 1139 1503 quod
1187 1435 1337 1505 quasi
1379 1435 1448 1490 de
1484 1445 1738 1505 serpente

152 1521 449 1588 coniicitur,
481 1531 536 1575 et
565 1530 846 1591 propterea
878 1522 1168 1579 theriacum
1207 1527 1575 1596 nuncupatur!
1605 1525 1735 1582 Ser-

155 1628 280 1680 pens
311 1612 456 1667 enim
486 1613 578 1668 ille
599 1614 902 1684 superbiam
928 1616 1208 1683 persuasit.
1239 1616 1483 1683 Gustate,
1507 1627 1560 1673 et
1585 1618 1735 1674 eritis

151 1703 284 1757 sicut
303 1702 377 1758 dii
404 1703 424 1774 (
451 1703 577 1758 Gen.
609 1719 684 1768 ιιι,
719 1703 792 1776 5)
819 1723 831 1758 :
861 1706 1125 1774 superbi-.12
1163 1710 1440 1776 persuasio
1462 1709 1558 1762 ista
1588 1719 1668 1763 est
1689 1709 1728 1761 ⁸.

152 1791 300 1848 Unde
324 1793 542 1859 cecidit,
577 1793 699 1848 inde
721 1795 932 1864 dejecit.
955 1795 1141 1850 Merito
1165 1812 1292 1866 ergo
1327 1813 1588 1853 venenum
1619 1813 1736 1854 ser-

157 1886 328 1953 pentis
381 1885 453 1942 de
497 1897 747 1956 serpente
799 1899 1036 1942 sanatur.
1091 1889 1226 1954 Quid
1283 1890 1355 1943 ait
1407 1891 1734 1960 Apostolus"

153 1977 369 2049 PrOpter
395 1980 532 2049 quod
556 1989 630 2033 ter
674 1979 947 2034 Dominum
985 1983 1177 2053 rogavi,
1206 1993 1260 2036 ut
1303 1985 1522 2055 auferret
1568 2001 1681 2038 eum
1702 2001 1735 2039 α

151 2088 241 2126 me.
275 2071 378 2126 Ubi
419 2082 524 2138 est,
567 2072 748 2127 Adhuc
787 2083 834 2128 te
858 2074 1090 2144 loquente
1117 2076 1306 2143 dicam,
1340 2077 1473 2130 Ecce
1509 2075 1736 2130 adsum?

157 2160 366 2232 Propter
383 2164 544 2231 quod,
575 2179 680 2218 non
708 2166 894 2232 seruet,
939 2165 1032 2220 sed
1062 2168 1250 2222 iterum
1277 2176 1334 2222 et
1363 2169 1520 2224 tertio
1550 2165 1732 2222 Denti-

151 2272 265 2307 nunt
288 2255 484 2325 rogavi.
518 2255 704 2311 Nonne
731 2267 853 2312 tunc
893 2267 946 2312 et
983 2258 1097 2327 ipse
1129 2259 1360 2323 dicebat,
1411 2259 1476 2312 Et
1505 2269 1582 2326 tu,
1629 2257 1734 2314 Do-

152 2349 300 2413 mine,
356 2351 656 2418 usquequo?
699 2350 803 2405 Sed
846 2351 1101 2420 numquid
1137 2353 1259 2420 quia
1281 2349 1582 2418 differebat,
1615 2351 1734 2407 ideo

152 2453 249 2490 non
271 2437 480 2503 aderat,
515 2452 566 2494 ct
597 2439 786 2494 falsum
826 2449 962 2505 erat,
997 2442 1176 2495 Adhuc
1201 2451 1248 2494 te
1281 2443 1513 2512 loquente
1544 2442 1730 2508 dicam,

151 2527 278 2583 Ecce
297 2531 532 2584 adsunt?
561 2531 696 2598 Quid
737 2532 921 2587 enim?
951 2532 1188 2588 medicus
1234 2533 1448 2603 quando
1475 2533 1563 2588 dat
1593 2533 1733 2603 quod

149 2621 438 2685 desideras,
490 2624 680 2688 adest;
735 2625 948 2695 quando
977 2634 1144 2688 secat,
1179 2641 1283 2680 non
1330 2625 1520 2680 adest?
1549 2625 1735 2682 Nonne

147 2713 242 2766 sub
304 2714 498 2768 medici
551 2714 873 2771 ferramento
916 2718 1114 2770 clamas
1158 2726 1218 2771 ut
1270 2726 1482 2786 parcat;
1529 2725 1583 2773 et
1610 2717 1732 2788 quia

149 2805 316 2876 magis
370 2807 541 2871 adest,
575 2809 743 2876 magis
768 2809 949 2863 secat?
978 2811 1212 2879 Denique
1244 2819 1300 2864 ut
1332 2810 1469 2864 scias
1494 2811 1614 2880 quia
1635 2811 1734 2864 ad-

147 2907 274 2962 erat,
303 2898 476 2952 videte
502 2899 626 2968 quid
652 2909 729 2954 ter
755 2902 957 2970 roganti
978 2901 1328 2970 responderit.
1357 2901 1519 2966 Dixit,
1539 2903 1729 2971 inquit,

147 2990 268 3042 mihi
289 3006 307 3042 :
333 2990 529 3059 Suﬂicit
549 2990 638 3045 tibi
655 2994 822 3062 gratia
850 3009 958 3044 mea
974 3008 994 3056 ;
1019 3009 1134 3045 nam
1167 2993 1322 3046 virtus
1351 2993 1403 3045 in
1440 2993 1734 3060 inﬁrmitate

145 3082 437 3150 perﬁcitur(
458 3081 474 3134 1
495 3081 613 3138 Cor.
634 3099 732 3148 xu,
754 3083 850 3138 7-9
871 3085 908 3137 l.
926 3083 1058 3151 Ego,
1080 3083 1267 3152 inquit,
1291 3083 1411 3136 novi
1447 3099 1459 3134 :
1493 3081 1732 3137 medicus

144 3173 398 3239 Optimus,
429 3171 565 3243 Ego,
597 3173 787 3242 inquit,
818 3174 938 3227 novi
985 3174 1035 3226 in
1063 3189 1219 3242 quem
1249 3184 1508 3225 tumorem
1549 3182 1730 3241 pergat

145 3265 286 3332 quod
315 3263 436 3316 volo
463 3277 671 3319 sanare.
701 3263 950 3330 Quiesce,
980 3263 1260 3318 adhibeam
1291 3262 1428 3333 quod
1447 3263 1577 3317 scio.
1604 3263 1732 3333 Suf-

143 3355 246 3422 ﬁcit
299 3355 386 3407 tibi
429 3356 594 3426 gratia
642 3372 791 3409 mea:
833 3371 937 3409 nou
971 3356 1061 3409 tibi
1108 3355 1301 3409 sufticit
1329 3354 1573 3408 voluntas
1621 3363 1727 3408 tua.

147 3446 270 3500 lltec
295 3455 448 3500 erant
472 3446 654 3516 utique
678 3446 837 3501 verba
863 3446 1134 3508 certantis,
1169 3454 1223 3500 ct
1251 3445 1303 3499 in
1330 3444 1616 3499 certamine
1639 3459 1730 3512 pe—

149 3537 452 3599 riclitantis,
485 3547 534 3592 et
562 3536 798 3592 divinum
826 3537 1076 3590 auxilium
1109 3536 1441 3606 postulantis.

209 3627 443 3684 CAPUT
488 3627 579 3683 IX.
620 3657 688 3668 —
748 3627 802 3682 9.
839 3627 1139 3684 Ilumilitate
1185 3627 1394 3681 victoria
1440 3625 1727 3680 obtinenda.

145 3719 548 3790 Triumphautis
575 3730 753 3775 autent
779 3720 936 3775 verba
965 3735 1082 3789 qua:
1104 3717 1293 3774 erunt?
1321 3718 1492 3773 Verba
1521 3727 1732 3772 certau-

145 3815 229 3877 tis,
261 3811 387 3866 dum
414 3812 609 3868 domus
633 3811 925 3867 mdilicatur
949 3831 963 3865 :
992 3811 1150 3866 verba
1181 3810 1575 3880 triumphantis,
1607 3825 1728 3864 cum

144 3903 334 3978 domus
361 3904 412 3958 in
451 3905 639 3959 ultimo
677 3904 971 3960 dedicatur.
1008 3904 1106 3959 Ubi
1146 3913 1239 3968 est,
1279 3920 1434 3971 mors,
1479 3903 1730 3958 contentio

143 3995 269 4048 tua?
296 3994 380 4048 ubi
407 4003 501 4061 est,
534 4012 690 4059 mors,
721 3995 925 4049 aculeus
946 3995 1102 4049 tuus?
1131 3995 1346 4049 Aculeus
1367 4004 1535 4048 autem
1557 3995 1730 4049 mortis

141 4096 208 4138 est
237 4095 520 4153 peccatum.
555 4085 643 4140 Sic
673 4087 770 4140 ista
829 4085 1038 4140 dicebat
1083 4085 1388 4155 Apostolus,
1420 4085 1568 4155 quasi
1617 4085 1729 4154 ipse

135 4175 246 4244 jam
278 4176 347 4230 ibi
389 4185 552 4231 esset.
589 4177 826 4247 Denique
865 4187 983 4248 post
1013 4177 1125 4231 lucc
1149 4178 1334 4246 verba,
1361 4193 1481 4248 qua:
1521 4187 1731 4232 constat

140 4283 263 4322 esse
295 4267 365 4323 de
398 4268 573 4323 fututa
618 4271 982 4339 perceptione,
1017 4287 1121 4324 non
1158 4272 1226 4326 de
1266 4271 1510 4340 praesenti
1540 4271 1727 4327 conﬂi-

139 4361 412 4426 ctatione;
445 4361 874 4430 quandoquidem
921 4361 1070 4423 dicit,
1103 4361 1241 4416 Tunc
1269 4362 1352 4432 ﬁet
1375 4379 1394 4416 .'
1426 4379 1529 4416 non
1571 4363 1728 4417 modo

144 4452 217 4516 lit,
239 4452 332 4505 sed
352 4462 472 4505 tunc
497 4453 602 4520 ﬁet.
628 4451 763 4519 Quid
791 4462 908 4505 tunc
935 4453 1055 4521 fiet?
1081 4453 1270 4508 Sermo
1298 4455 1382 4522 qui
1399 4455 1615 4523 scriptus
1629 4465 1724 4517 est,

140 4542 392 4612 Absorpta
419 4551 490 4596 est
522 4559 657 4596 mors
699 4544 749 4596 in
773 4543 1053 4596 victoriam.
1087 4543 1183 4598 Ubi
1208 4553 1300 4605 est,
1334 4561 1488 4609 ntors,
1518 4555 1726 4598 canten-

137 4634 205 4685 tt'o
228 4634 357 4687 tua?
387 4633 474 4686 ubi
503 4642 595 4699 est,
628 4650 782 4698 mors,
815 4633 1020 4688 aculeus
1047 4633 1201 4687 tuus?
1226 4634 1376 4688 Tunc
1403 4635 1490 4688 lict
1522 4645 1576 4687 ut
1602 4649 1728 4688 nus-

137 4739 299 4793 quam
353 4724 426 4778 sit
467 4725 684 4779 aculeus
738 4725 946 4790 mortis,
991 4740 1248 4792 nusquam
1299 4725 1462 4793 possit
1501 4725 1728 4780 inveniri

137 4823 440 4882 peceatum.
469 4814 604 4882 Quid
633 4813 881 4869 festinas?
907 4813 1045 4868 Tunc
1070 4815 1175 4882 fiet,
1199 4824 1314 4866 tunc
1334 4815 1438 4882 fiet.
1464 4813 1730 4870 Mereatur

138 4905 190 4958 in
226 4915 278 4960 te
308 4905 604 4969 humilitas,
639 4915 696 4958 ut
746 4915 872 4960 tunc
899 4905 949 4959 in
985 4913 1035 4959 te
1063 4906 1181 4968 tiat;
1233 4922 1297 4958 uc
1344 4905 1592 4972 superbia
1622 4921 1725 4958 non

138 4998 418 5066 permittat
447 5011 502 5052 ut
521 4999 606 5052 vel
631 5007 755 5052 tunc
783 4997 835 5052 in
880 5007 928 5052 lc
959 4999 1067 5052 tiat.
1105 4996 1244 5050 Tunc
1265 4996 1371 5066 fiet.
1404 4997 1558 5050 Modo
1590 4997 1726 5052 intc-

136 5091 238 5144 riut
266 5090 396 5144 dum
430 5105 654 5160 pugnas,
681 5090 806 5143 dum
836 5091 1070 5154 laboras,
1098 5089 1221 5144 dum
1248 5089 1582 5159 periclitaris,
1617 5089 1724 5158 die,

133 5183 245 5248 dic,
279 5182 490 5236 Dimitte
532 5182 672 5236 nobis
701 5181 866 5236 debita
909 5193 1079 5236 nostra
1104 5180 1326 5254 (Matth.
1372 5196 1440 5243 vt,
1477 5177 1600 5252 l2).
1637 5181 1727 5237 Dic

132 5276 358 5328 omnino
396 5275 523 5329 dum
554 5290 777 5345 pugnas,
812 5274 918 5339 dic,
951 5290 1132 5328 verum
1158 5274 1262 5338 die,
1295 5290 1358 5327 ex
1399 5273 1578 5327 animo
1603 5273 1722 5331 dic:

135 5367 198 5420 Si
227 5367 503 5422 dixerimus
531 5369 648 5438 quia
691 5377 948 5436 peccatum
994 5382 1092 5418 non
1136 5365 1394 5430 habemus,
1447 5382 1536 5420 nos
1589 5367 1725 5432 ipsos

130 5458 422 5512 seducimus
467 5459 519 5529 (Ι
549 5457 706 5512 Joan.
741 5475 778 5523 ι,
805 5459 897 5525 8).
944 5457 1019 5512 Tu
1063 5458 1152 5512 tibi
1183 5456 1424 5510 diabolus
1453 5458 1578 5511 eris.
1613 5456 1725 5512 Nos

128 5549 276 5617 ipsos
303 5550 610 5616 sedne-imus,
635 5560 678 5603 et
720 5551 899 5604 veritas
929 5550 978 5602 in
1009 5550 1148 5602 nobis
1189 5565 1288 5601 non
1317 5558 1408 5601 cst.
1441 5548 1555 5602 Non
1583 5550 1724 5606 enim

200 5679 216 5707 ι
243 5683 315 5725 Er.
341 5676 488 5736 Lugd.
513 5684 630 5726 ven.
653 5684 786 5738 l.ov.,
802 5683 988 5729 Cttstttlc
1010 5683 1054 5728 ct
1078 5675 1211 5728 eritis
1231 5675 1351 5727 sicut
1373 5673 1463 5736 dii,
1488 5680 1726 5738 superbia:

133 5747 186 5798 p.
198 5752 388 5790 rsuauto
406 5746 493 5791 est.
559 5748 615 5789 .u.

1531 313 1762 372 SEBMO
1797 311 2026 371 CLXIII.

3322 306 3431 381 est

1847 442 2029 483 verum
2059 426 2306 489 dicimus.
2335 427 2562 484 dicendo
2601 443 2699 488 nos
2723 445 2832 488 non
2874 431 3074 491 habere
3113 442 3425 506 peccatum;

1844 534 1966 574 cum
1993 520 2080 574 hic
2117 536 2224 574 non
2254 521 2421 577 simus
2449 523 2564 578 sine
2591 534 2825 594 peccato.
2850 525 3102 583 Dicamus
3135 543 3264 599 ergo
3287 531 3426 585 veri-

1849 617 2031 674 tatem,
2067 619 2128 665 ut
2164 610 2451 683 aliquando
2478 614 2810 671 inveniamus
2834 617 3198 673 securitatem.
3231 619 3312 674 Sit
3329 633 3424 676 ve-

1843 703 1974 758 ritas
1995 703 2047 758 in
2097 718 2291 774 pugna,
2327 712 2385 760 ut
2421 705 2726 774 acquiratur
2776 709 3033 764 securitas
3074 710 3126 763 iu
3179 711 3419 766 victoria.

1847 793 1989 848 Tunc
2036 797 2142 864 ﬁet,
2175 795 2274 852 Ubi
2297 806 2389 862 est,
2418 812 2574 864 mors,
2617 799 2822 854 aculeus
2852 801 3006 855 tuus?
3031 801 3252 856 Aculeus
3287 803 3423 856 enim

1842 886 2018 940 mortis
2037 897 2110 940 est
2128 898 2406 957 peccatum.

1913 974 2140 1033 CAPUT
2166 977 2231 1032 X.
2253 1008 2323 1021 —-
2353 979 2438 1035 lO.
2462 979 2571 1036 Lex
2587 980 2696 1036 sine
2727 982 2908 1052 gratia.
2936 981 3042 1038 Sed
3061 983 3130 1038 de
3148 983 3264 1056 lege
3285 1000 3426 1055 prat-

1843 1070 2032 1133 sumis,
2064 1071 2186 1139 quia
2221 1071 2341 1126 data
2369 1083 2454 1127 est
2484 1074 2576 1128 tibi
2604 1074 2713 1142 lex,
2744 1083 2798 1128 et
2822 1074 3005 1130 datum
3042 1085 3123 1131 est
3155 1075 3248 1132 tibi
3287 1093 3424 1147 prte-

1842 1169 2074 1228 ceptnm.
2110 1161 2312 1217 Bonum
2342 1175 2426 1219 est
2469 1165 2563 1220 tibi
2605 1175 2663 1222 ut
2703 1167 2931 1236 Spiritus
2977 1179 3028 1223 te
3074 1168 3327 1234 viviﬁcet,
3361 1186 3428 1226 ne

1842 1251 2016 1306 littera
2046 1252 2271 1307 occidat.
2303 1253 2433 1309 Volo
2457 1265 2515 1310 ut
2541 1257 2701 1322 velis;
2734 1256 2827 1312 sed
2846 1273 2949 1312 non
2981 1257 3175 1313 sufﬁcit
3196 1268 3252 1313 ut
3272 1261 3423 1315 velis.

1843 1341 2187 1411 Adjuvandus
2216 1359 2275 1399 es
2304 1354 2363 1400 ut
2383 1347 2538 1416 plene
2565 1348 2720 1413 velis,
2750 1359 2802 1403 et
2835 1349 3055 1418 impleas
3095 1349 3238 1420 quod
3270 1352 3424 1406 velis.

1839 1431 1971 1487 Nam
2000 1434 2078 1488 vis
2103 1436 2281 1491 videre
2307 1439 2431 1506 quid
2455 1440 2626 1495 valeat
2651 1441 2768 1495 sine
2792 1441 2991 1510 Spiritu
3023 1442 3305 1512 adjuvante
3331 1443 3422 1498 lit-

1842 1531 1954 1578 tera
2006 1523 2236 1593 jubens‘!
2275 1525 2348 1582 lbi
2393 1527 2546 1582 dixit.
2593 1529 2726 1584 Cum
2773 1531 2970 1585 dictum
3023 1541 3125 1599 est,
3189 1531 3287 1587 Ubi
3328 1543 3423 1597 est,

1840 1630 1995 1678 mors,
2025 1617 2232 1671 aculeus
2254 1620 2404 1673 tuus?
2423 1620 2639 1674 Acuteus
2659 1630 2823 1674 autem
2850 1623 3024 1676 mortis
3043 1633 3117 1676 est
3133 1633 3420 1692 peccatum,-

1839 1706 2092 1760 continuo
2103 1708 2393 1776 subjuuxit,
2423 1708 2591 1763 Virtus
2609 1721 2777 1764 autem
2795 1715 2984 1781 peccati
2999 1714 3081 1767 lea:
3105 1713 3123 1783 (
3147 1711 3299 1768 iCor.
3321 1730 3418 1780 xv,

1840 1797 2012 1852 54-56
2040 1799 2099 1868 )‘i
2123 1799 2259 1867 Quid
2294 1810 2394 1866 cst,
2433 1800 2600 1856 Virtus
2627 1804 2820 1872 peccati
2863 1803 2988 1858 lex?
3031 1804 3144 1858 Non
3175 1805 3311 1859 maia
3331 1806 3423 1873 ju-

1840 1887 2036 1952 bendo,
2072 1889 2159 1944 vel
2197 1890 2336 1944 bona
2369 1890 2734 1960 prohibendo:
2769 1892 2878 1946 imo
2914 1907 3042 1947 vero
3073 1893 3207 1947 mala
3237 1893 3423 1963 prohi-

1840 1979 2034 2040 bendo.
2071 1988 2126 2034 et
2163 1979 2299 2034 bona
2351 1980 2607 2050 iubendo.
2667 1980 2838 2036 Virtus
2879 1992 3050 2036 autent
3096 1984 3286 2052 peccati
3311 1983 3424 2038 lex:

1839 2071 1980 2140 quia,
2011 2069 2342 2138 Subintravit,
2387 2075 2575 2144 inquit,
2602 2074 2710 2128 .tea:
2745 2085 2800 2128 ιιι
2839 2074 3115 2129 abundaret
3162 2075 3421 2130 delictum.

1839 2164 1976 2232 Quid
2006 2174 2108 2230 est,
2155 2177 2209 2220 ut
2235 2167 2512 2222 abundaret
2534 2169 2811 2223 delictum?
2838 2170 2970 2238 Quia
3002 2171 3094 2226 ubi
3123 2172 3289 2240 gratia
3318 2188 3424 2226 non

1841 2265 1976 2324 erat,
2020 2259 2165 2312 auxit
2209 2259 2496 2329 prohibitio
2536 2260 2861 2316 desiderium
2899 2281 2912 2318 :
2945 2273 3146 2319 etcum
3176 2265 3326 2334 quasi
3355 2265 3424 2322 de

1843 2349 2052 2418 propria
2107 2351 2446 2419 praesumitur
2490 2351 2704 2419 virtute,
2758 2352 2951 2408 factum
2999 2363 3083 2408 est
3117 2355 3318 2425 grande
3343 2357 3423 2410 via

1841 2440 1969 2494 tium
1991 2442 2027 2492 '.
2048 2439 2152 2495 Sed
2180 2440 2303 2510 quid
2327 2441 2448 2496 fecit
2481 2442 2686 2512 gratia?
2722 2441 2821 2497 Ubi
2843 2441 3115 2498 abundavit
3141 2453 3420 2514 peccatum,

1839 2531 2265 2600 superabundavit
2285 2535 2450 2602 gratia
2478 2529 2498 2604 (
2525 2532 2676 2586 Rom.
2709 2547 2758 2596 v,
2786 2532 2857 2588 20
2877 2532 2918 2603 ).
2954 2533 3109 2588 Venit
3135 2533 3421 2590 Dominus:

1841 2632 2010 2678 totum
2037 2624 2175 2693 quod
2205 2624 2273 2678 de
2295 2623 2462 2677 Adam
2485 2623 2714 2690 traxisti,
2745 2632 2912 2677 totum
2944 2623 3084 2692 quod
3115 2623 3218 2678 tuis
3249 2625 3424 2693 pravis

1840 2716 2076 2770 moribus
2100 2716 2370 2780 addidisti,
2406 2724 2572 2770 totum
2596 2715 2819 2780 dimisit,
2845 2725 3011 2770 totum
3037 2716 3270 2783 delevit;
3303 2732 3424 2772 ora-

1839 2807 2036 2860 tionem
2075 2806 2275 2872 docuit,
2305 2808 2529 2876 gratiam
2592 2807 2868 2875 promisit;
2901 2816 3172 2864 certamen
3212 2808 3421 2873 indixit,

1838 2899 2092 2952 laboranti
2115 2898 2380 2965 subvenit,
2411 2900 2664 2954 victorem
2689 2900 2983 2966 coronavit,
3017 2898 3214 2971 Itaque,
3253 2902 3421 2970 inquit

1839 2991 1876 3042 A
1889 2990 2142 3057 postulas,
2161 2989 2270 3043 Lex
2287 2991 2484 3060 quidem
2499 3001 2693 3056 sancta,
2718 3001 2764 3046 et
2782 2992 3075 3045 mandatum
3091 3003 3343 3060 sanctum,
3359 3003 3424 3072 ,ει

1830 3080 2047 3148 justum,
2070 3090 2116 3132 et
2142 3081 2347 3133 bonum.
2375 3080 2522 3145 Quod
2547 3097 2665 3152 ergo
2685 3082 2869 3136 bonum
2889 3090 2980 3149 est,
2998 3083 3121 3136 mihi
3140 3083 3330 3152 factum
3351 3095 3424 3138 est

1836 3170 2004 3222 mors?
2024 3169 2182 3223 Absit.
2205 3169 2311 3224 Sed
2333 3181 2609 3241 peccatum,
2641 3181 2694 3225 ut
2717 3182 2961 3243 appareat
2985 3183 3263 3242 peccatum,
3288 3173 3421 3230 Nam

1834 3260 2048 3330 quando
2089 3275 2193 3315 non
2228 3262 2612 3330 prohibebat-is,
2657 3274 2809 3325 erat:
2841 3265 2935 3320 sed
2964 3281 3068 3320 non
3110 3267 3418 3337 apparebat.

1839 3350 1978 3404 Nam
2001 3354 2475 3421 concupiscentiam,
2500 3355 2688 3424 inquit,
2716 3357 3013 3423 nesciebam,
3035 3359 3132 3412 nisi
3152 3358 3258 3413 Lex
3282 3361 3420 3415 dice-

1833 3454 1929 3510 ret,
1952 3441 2072 3498 Non
2087 3447 2428 3514 concupisces.
2455 3444 2731 3500 Occasione
2742 3446 2898 3517 igitur
2919 3457 3142 3517 accepta,
3167 3457 3422 3516 peccatum

1835 3552 1924 3605 per
1944 3537 2238 3589 ntandntum
2263 3535 2442 3608 fefellit
2463 3552 2560 3600 me,
2589 3546 2635 3588 et
2659 3552 2749 3605 per
2768 3537 2896 3590 illud
2916 3539 3097 3591 occidit
3113 3539 3130 3604 (
3149 3537 3299 3591 Rom.
3325 3553 3420 3605 vu,

1835 3629 2015 3698 7-15).
2044 3629 2184 3683 Ecce
2230 3629 2356 3697 qttid
2391 3637 2494 3691 est,
2525 3627 2718 3681 Littera
2755 3629 2936 3682 occidit
2963 3627 3036 3699 (ll
3063 3627 3183 3684 Cor.
3216 3646 3290 3693 ιιι,
3323 3629 3420 3700 6).

1909 3719 2136 3775 CAPUT
2175 3719 2365 3774 Xl-ll.
2401 3719 2690 3774 Necessitas
2729 3720 2886 3773 divini
2923 3720 3184 3790 adjutorii.
3229 3721 3286 3776 Si
3339 3723 3423 3774 vis

1833 3829 1961 3884 ergo
1984 3813 2212 3868 evadere
2244 3813 2414 3883 legem
2444 3813 2764 3878 minantem,
2806 3813 2871 3867 ad
2895 3813 3149 3883 Spiritum
3181 3813 3301 3886 fuge
3329 3816 3422 3870 ad-

1829 3906 2126 3974 juvantem.
2156 3904 2309 3973 Quod
2337 3907 2478 3960 enim
2515 3904 2596 3958 lex
2623 3904 2869 3974 imperat,
2901 3903 3035 3960 ﬁdes
3059 3915 3260 3975 sperat.
3298 3905 3420 3961 Cla-

1831 4012 1918 4050 ma
1949 3995 2016 4050 ad
2051 3997 2213 4050 Deum
2243 4006 2424 4062 tuum,
2468 3995 2687 4065 adjuvet
2716 4005 2787 4050 te.
2827 3995 2942 4051 Non
2992 4011 3272 4053 remaneas
3319 3999 3420 4054 sub

1835 4081 2008 4135 littera
2041 4095 2194 4146 reus,
2224 4080 2317 4134 sed
2347 4079 2546 4149 Spiritu
2569 4095 2668 4134 suo
2693 4089 2745 4135 te
2764 4079 2978 4150 adjuvet
2999 4081 3139 4136 Deus
3172 4099 3186 4136 :
3233 4095 3300 4137 ne
3325 4082 3419 4137 tibi

1834 4172 2024 4228 similis
2053 4172 2121 4226 sit
2147 4172 2408 4240 superbus
2433 4170 2667 4226 Judaeus.
2691 4170 2826 4226 Cum
2853 4172 2994 4226 enim
3029 4171 3247 4228 aculeus
3271 4187 3418 4227 mor-

1836 4265 1902 4320 tis
1931 4272 2070 4319 esset
2100 4271 2372 4333 peccatum
2399 4305 2413 4327 ,
2465 4262 2633 4318 virtus
2660 4270 2838 4318 autem
2879 4265 3079 4333 peccati
3128 4264 3242 4330 lex;
3295 4265 3419 4334 quid

1832 4366 2014 4428 ageret
2043 4356 2271 4410 humana
2313 4354 2614 4419 inﬁrmitas,
2662 4355 2715 4408 in
2745 4369 2846 4424 qua
2869 4354 3188 4426 fatigabatur
3232 4355 3420 4410 volun-

1835 4449 1954 4505 tas?
1991 4448 2148 4514 Velle,
2180 4447 2370 4516 inquit,
2416 4447 2617 4517 adjacet
2663 4447 2821 4511 mihi;
2853 4448 3092 4517 perﬁcere
3118 4456 3294 4500 autunt
3331 4448 3421 4501 bc-

1834 4559 1953 4618 num
1977 4557 2077 4594 non
2103 4540 2299 4594 invenio
2348 4538 2794 4611 (Rom.vu,i8).
2847 4537 2984 4608 Quid
3035 4554 3164 4610 ergo
3199 4541 3420 4612 ageret!

1834 4633 1974 4688 Ecce
2017 4631 2221 4686 aculeus
2249 4632 2423 4686 mortis
2453 4643 2738 4701 peccatum,
2765 4646 2890 4687 ecce
2914 4632 3072 4686 virtus
3097 4633 3288 4702 peccati
3313 4631 3414 4692 lea.

1836 4725 1941 4780 Sed
1965 4725 2047 4778 lea:
2083 4723 2400 4788 subintravit,
2430 4732 2484 4776 ut
2523 4723 2805 4776 abundaret
2861 4722 3118 4778 delictum.
3173 4721 3234 4777 Si
3289 4711 3421 4781 enim

1834 4817 1918 4871 lea:
1946 4826 2110 4887 posset
2138 4817 2410 4883 vivi/icore,
2443 4815 2648 4868 omnino
2670 4832 2731 4868 ex
2751 4815 2858 4886 tege
2879 4825 3007 4871 esset
3057 4816 3271 4880 iustitia.
3315 4814 3425 4869 Sed.

1834 4909 2077 4961 conclusit
2105 4906 2373 4975 Scriptura
2394 4907 2564 4958 omnia
2584 4907 2674 4958 sub
2717 4915 2938 4974 peccato.
2971 4904 3250 4971 Quomodo
3295 4921 3418 4968 con-

1833 4998 2020 5052 clusit?
2062 4997 2138 5051 Ne
2175 4997 2463 5065 vagareris,
2497 5011 2560 5049 ne
2589 4995 3029 5064 prmcipitareris,
3081 5011 3150 5048 ne
3213 5011 3422 5064 merge-

1835 5090 2003 5150 reris;
2032 5085 2298 5142 cancellos
2329 5086 2419 5139 tibi
2449 5084 2571 5139 fecit
2593 5088 2698 5149 lex,
2732 5092 2793 5138 ut
2843 5099 2945 5139 non
2970 5083 3289 5140 inveniendo
3315 5100 3422 5155 qua

1833 5181 2026 5242 exires,
2061 5178 2123 5231 ad
2151 5177 2368 5246 gratiam
2400 5176 2726 5231 (‘0:tV'olal'CS.
2759 5175 2864 5230 Sed
2881 5176 3125 5230 conclusit
3148 5174 3421 5249 Scriptura

1835 5272 2006 5325 omnia
2035 5269 2125 5324 sub
2158 5278 2356 5337 peccato
2377 5308 2391 5334 ,
2421 5276 2472 5320 ut
2502 5267 2784 5338 promissio.
2835 5267 2935 5334 Qui
2966 5267 3246 5338 promittit,
3278 5268 3421 5336 quod

1833 5364 1959 5419 facit
1989 5362 2266 5434 promittit,
2313 5377 2416 5416 non
2444 5360 2585 5430 quod
2616 5371 2668 5414 tu
2699 5359 2848 5415 facis.
2875 5359 2932 5417 Si
2979 5367 3034 5414 tu
3065 5358 3300 5414 facturus
3334 5372 3421 5414 es-

1834 5471 1940 5521 ses,
1990 5453 2372 5524 prmnuatiator
2414 5463 2558 5509 esset
2586 5454 2746 5520 Deus,
2794 5466 2900 5506 non
2951 5452 3262 5522 promissor.
3314 5449 3420 5507 Sed

1898 5612 1914 5642 ί
1943 5609 2127 5675 Aliquot
2149 5616 2277 5669 Mss,
2301 5610 2362 5661 de
2383 5609 2578 5675 proprio
2597 5610 2905 5675 prtesuntitur
2929 5605 3097 5675 vittas,
3137 5608 3318 5675 factum
3349 5611 3417 5658 est

1833 5671 2223 5746 grmde't‘itittm.
2250 5675 2322 5746 sic
2345 5671 2489 5746 etiam
2509 5671 2673 5725 Florus
2692 5677 2739 5724 in
2762 5673 3099 5746 manttsct‘ititis
3132 5673 3214 5734 qui
3255 5681 3413 5724 ta'usu

1833 5735 1882 5787 in
1907 5736 2050 5786 editis
2069 5735 2212 5785 habet
2267 5736 2415 5789 t'irtns
2439 5739 2562 5801 facta
2585 5748 2652 5791 est
2675 5747 2859 5804 grande
2881 5735 3058 5789 citium.
