3910 6184
469 313 574 370 895

469 423 736 489 conclusit,
768 421 968 492 inquit,
1000 420 1269 488 Scriptura
1296 419 1466 472 omnia
1495 420 1585 473 sub
1605 427 1830 486 peccato,
1856 427 1908 471 ut
1933 434 2056 490 pro-

471 515 642 568 missio
667 529 729 567 eat
752 514 854 580 ﬁde
879 512 1003 565 Iesu
1029 509 1215 565 Christi
1247 511 1457 564 daretur
1501 509 1817 564 tractantibus
1859 507 2052 583 (Colat.

474 619 558 662 nt.
589 602 648 655 2|
689 612 735 654 et
763 600 879 670 2‘2).
927 601 1099 667 Audi,
1149 602 1370 655 daretur.
1402 601 1536 669 Quid
1577 601 1858 671 superbis?
1887 601 2054 667 Audi,

469 693 692 745 daretur.
722 691 858 759 Quid
883 692 1026 746 enim
1056 692 1239 757 habes,
1271 692 1410 763 quod
1436 707 1538 747 non
1567 693 1818 763 accepisti
1852 693 1906 767 (i
1935 691 2054 747 Cor.

469 799 521 838 tv
541 826 555 848 ,
588 785 643 853 7)
671 784 696 837 ?
721 783 862 855 Ergo
885 785 1007 856 quia
1028 785 1245 841 aculeus
1276 787 1464 840 mortis
1488 793 1572 841 est
1599 797 1898 856 peceatum,
1947 785 2057 839 vir-

469 879 556 922 tus
584 879 762 924 autem
817 869 1018 939 peccati
1045 872 1156 935 lex;
1191 871 1376 925 ethoc
1425 870 1489 924 de
1533 870 1671 924 bona
1725 869 2058 940 providentia

468 963 586 1028 Dei,
638 971 695 1017 ut
723 963 1167 1018 concludereutur
1188 962 1431 1018 homines
1457 964 1556 1018 sub
1576 975 1812 1034 peccatu,
1838 972 1890 1017 et
1914 977 2061 1033 qum-

471 1062 649 1107 rereut
697 1052 1030 1124 adjutorem,
1077 1064 1384 1124 quaererent
1429 1056 1652 1124 gratiam
1682 1095 1697 1119 ,
1757 1064 2062 1123 quzererent

475 1142 677 1207 Deum,
712 1159 816 1198 non
847 1143 914 1199 de
954 1160 1048 1198 sua
1081 1146 1277 1199 virtute
1302 1155 1718 1215 prazsnmerent;
1743 1145 1862 1200 ideo
1896 1156 1951 1200 et
1974 1145 2060 1200 hic

473 1248 592 1286 cum
621 1233 861 1298 dixisset,
890 1235 1108 1290 Aeuleus
1139 1245 1303 1289 autent
1333 1236 1510 1290 mortis
1557 1245 1814 1306 peccatum
1834 1277 1847 1300 ,
1903 1237 2060 1291 virtus

473 1333 639 1376 autem
668 1326 858 1393 peccati
884 1327 966 1380 lex
1001 1341 1019 1380 :
1070 1326 1194 1396 quid
1226 1327 1414 1382 times?
1464 1328 1588 1397 quid
1636 1329 1843 1382 laboras
1871 1328 1895 1381 ?
1933 1328 2059 1398 quid

471 1415 674 1468 sudas?
702 1416 835 1469 Audi
883 1417 1022 1486 quod
1053 1418 1293 1488 sequitur
1324 1435 1338 1470 :
1366 1417 1569 1472 Gratias
1593 1428 1759 1471 autem
1793 1419 1920 1485 Deo,
1975 1420 2060 1490 qui

471 1505 608 1557 dedit
660 1505 825 1559 nobis.
865 1507 1121 1559 victoriam
1164 1523 1252 1577 per
1295 1505 1566 1560 Dominum
1608 1518 1832 1561 nostrum
1883 1507 2061 1562 Jesum

476 1594 731 1648 Christum
748 1594 859 1663 (Μ.
877 1612 968 1660 xv,
990 1596 1078 1662 56,
1099 1598 1214 1667 57).
1233 1596 1389 1652 Certe
1418 1608 1468 1650 tu
1503 1599 1591 1650 tibi
1619 1598 1714 1652 das
1741 1599 2014 1651 victuriatn
2036 1598 2060 1651 ?

473 1682 677 1737 Gratias
708 1683 842 1749 Deo,
883 1687 970 1756 qui
1012 1686 1150 1739 dedit
1189 1686 1331 1740 nobis
1365 1687 1622 1741 uictoriam
1667 1704 1755 1758 per
1783 1687 2061 1741 Dominum

475 1786 698 1826 nostrum
727 1773 906 1829 Jrsum
940 1775 1213 1830 Christum.

541 1861 766 1932 CAPUT
808 1864 922 1918 Xll.
954 1896 1026 1905 —
1066 1866 1153 1920 12.
1204 1865 1551 1922 Invocandum
1602 1867 1698 1922 Dei
1725 1869 2057 1938 adiutorium.

472 1951 613 2022 Ergo
641 1969 758 2008 eum
798 1957 1026 2026 emperis
1055 1958 1295 2013 laborare
1351 1974 1590 2030 pugnans
1623 1969 1808 2015 contra
1861 1976 2054 2018 concu-

472 2047 755 2114 piscentias
784 2051 980 2115 carnis,
1032 2051 1219 2120 spiritu
1270 2053 1505 2120 ambula,
1554 2054 1798 2124 spiritum
1835 2055 2056 2123 invoca,

469 2137 669 2190 donum
704 2139 792 2193 Dei
821 2157 1018 2209 qutere.
1052 2141 1114 2195 Et
1141 2143 1184 2197 si
1217 2143 1297 2198 les
1331 2143 1381 2196 in
1407 2143 1659 2199 membris
1696 2155 1952 2216 repugnat
1981 2147 2060 2200 ie-

469 2229 520 2296 gi
549 2231 872 2285 mentistum
926 2243 1170 2303 exparte
1218 2234 1490 2300 inferiori,
1530 2235 1580 2289 id
1629 2246 1732 2299 est,
1792 2253 1823 2290 a
1877 2253 2057 2306 carne,

471 2319 736 2389 captivum
766 2331 816 2376 te
845 2331 990 2379 tenet
1016 2323 1116 2378 sub
1141 2325 1255 2395 lege
1285 2326 1487 2396 peccati
1521 2343 1533 2380 :
1567 2337 1618 2381 et
1669 2327 1771 2383 hoc
1811 2329 2062 2384 emcnda-

475 2409 636 2478 bitur,
687 2422 740 2467 et
771 2411 872 2468 hoc
903 2415 1130 2471 transiet
1172 2416 1226 2470 in
1272 2417 1390 2486 jura
1419 2418 1674 2473 victorim.
1727 2419 1804 2474 Tu
1859 2430 2060 2476 tantum

471 2503 674 2568 clama,
713 2513 766 2558 tu
813 2514 1013 2561 tantum
1045 2509 1251 2563 invoca.
1302 2508 1510 2580 Oportet
1552 2529 1748 2583 semper
1799 2530 1962 2581 orare,
2014 2523 2062 2569 et

473 2594 978 2667 nonde/icere(Luc.
1012 2615 1176 2663 xvtu,
1202 2601 1227 2654 1
1255 2600 1298 2670 ).
1346 2601 1534 2656 invoca
1578 2605 1817 2670 omnino,
1876 2605 2059 2661 invoca

470 2682 809 2751 adjutorium.
862 2687 1044 2742 Adhuc
1071 2698 1119 2742 te
1146 2691 1378 2760 loquente
1397 2735 1411 2757 ,
1463 2692 1622 2760 dicit,
1697 2694 1830 2749 Ecce
1857 2696 2058 2751 adsum.

474 2774 600 2828 Post
629 2774 881 2847 iutellige,
907 2788 962 2834 et
998 2781 1149 2836 audis
1192 2781 1459 2838 dicentem
1491 2789 1683 2841 animm
1714 2795 1817 2842 tua:
1837 2830 1851 2854 ,
1904 2788 2062 2845 Salus

472 2875 560 2918 tua
588 2881 678 2936 ego
705 2883 816 2922 sum
851 2867 1022 2939 (Psal.
1058 2887 1225 2927 xxxnv
1248 2914 1263 2938 ,
1308 2875 1384 2943 5).
1417 2877 1549 2929 Cum
1579 2891 1706 2947 ergo
1746 2878 1829 2932 lex
1885 2880 2062 2935 carnis

473 2971 768 3025 repugnare
793 2963 1017 3030 ceperit
1047 2963 1146 3033 legi
1190 2966 1403 3030 mentis,
1433 2976 1488 3021 et
1518 2969 1782 3037 captivum
1825 2979 1878 3025 te
1899 2970 2063 3027 duce-

471 3063 530 3102 re
568 3049 618 3102 iu
658 3049 772 3121 lege
802 3055 1038 3121 peccati,
1078 3071 1196 3124 qua:
1225 3067 1308 3110 est
1339 3058 1390 3111 in
1419 3059 1674 3114 membris
1703 3062 1805 3115 tuis
1838 3080 1850 3115 :
1897 3078 2060 3118 oran-

469 3141 539 3192 do
565 3141 671 3203 dic,
703 3145 1005 3199 conlitendo
1051 3148 1136 3202 dic
1157 3189 1171 3208 .
1223 3147 1379 3202 Miser
1403 3166 1492 3221 ego
1540 3153 1708 3205 homo.
1741 3152 1878 3218 Quid
1916 3155 2058 3210 enim

470 3229 613 3284 aliud
635 3244 716 3286 est
748 3233 946 3288 homo?
999 3237 1136 3304 Quid
1162 3250 1234 3293 est
1283 3241 1453 3306 homo,
1497 3242 1592 3295 nisi
1621 3243 1756 3314 quod
1805 3261 2060 3302 memores

471 3320 584 3390 ejus
619 3321 787 3392 (I’sul.
821 3341 932 3392 vut,
962 3327 1064 3398 5)?
1108 3329 1221 3396 Die,
1271 3329 1433 3384 Miser
1455 3348 1547 3401 ego
1576 3332 1725 3387 homo
1757 3336 1917 3404 :qnia
1959 3338 2058 3393 nisi

474 3413 712 3468 venisset
759 3415 923 3472 Filius
952 3418 1218 3484 hominis,
1273 3423 1520 3490 periisset
1569 3424 1750 3479 homo.
1810 3427 2058 3484 Exelama

467 3501 521 3555 in
551 3506 837 3573 angustiis,
871 3507 996 3575 Quis
1014 3526 1091 3563 me
1121 3511 1348 3566 liberabit
1373 3513 1436 3566 de
1465 3529 1676 3584 corpore
1713 3519 1887 3570 mortis
1959 3521 2060 3574 hu-

457 3593 589 3664 jus?
642 3596 729 3651 ubi
755 3597 834 3652 lex
870 3599 919 3652 iu
953 3601 1208 3656 membris
1235 3603 1366 3657 meis
1393 3616 1654 3674 repugnat
1707 3607 1806 3677 legi
1862 3611 2058 3667 mentis

467 3701 620 3741 mem.
664 3686 991 3744 Condelector
1011 3692 1143 3745 enim
1187 3693 1284 3764 legi
1310 3693 1404 3748 Dei
1447 3698 1721 3751 secundum
1770 3699 2057 3756 interiorem

463 3779 715 3834 hominem
731 3820 744 3833 .
766 3783 890 3848 Quis
920 3800 998 3838 me
1020 3785 1243 3840 liberabit
1265 3788 1328 3841 de
1351 3803 1561 3857 corpore
1584 3791 1758 3845 mortis
1787 3792 1977 3860 hujus?
2000 3795 2056 3850 Si

469 3867 571 3925 huc
601 3869 857 3937 ﬁdeliter,
905 3875 949 3928 si
995 3874 1268 3932 lmmiliter
1293 3877 1463 3943 dicis;
1507 3881 1782 3938 verissime
1830 3900 2055 3956 respon-

461 3960 650 4028 detur,
698 3961 874 4018 Gratia
937 3964 1033 4020 Dei
1085 3984 1173 4037 per
1231 3967 1407 4024 Jesum
1467 3969 1720 4027 Christum
1782 3973 2056 4032 Dominum

464 4065 691 4108 nostrum
751 4054 925 4120 (Rom.
989 4075 1089 4123 vtt,
1155 4059 1371 4133 9.225).
1435 4060 1689 4120 Conversi
1747 4066 1813 4121 ad
1875 4069 2056 4126 Domi-

465 4158 591 4198 num
612 4184 628 4210 ,
661 4155 764 4200 etc.

954 4243 1183 4301 SERMO
1208 4245 1410 4303 CLXIV
1432 4248 1553 4321 ‘(n).

464 4351 544 4407 De
592 4355 751 4410 verbis
799 4357 1061 4427 Apostoli,
1121 4361 1292 4416 (ἐρισι.
1348 4381 1462 4434 cap.
1509 4382 1592 4432 vt,
1643 4365 1762 4433 2-5,
1820 4367 2050 4426 Invicem

534 4459 698 4498 onera
727 4456 896 4501 vestra
933 4459 1136 4516 portate
1169 4468 1182 4503 :
1209 4463 1253 4504 et
1277 4455 1339 4507 de
1359 4455 1486 4520 istis,
1519 4455 1891 4530 Unusquisque
1915 4477 2051 4517 onus

535 4547 688 4585 suum
721 4536 968 4602 portabit.
999 4539 1188 4593 Contra
1219 4540 1526 4610 Donatistas,
1554 4549 1708 4617 paulo
1738 4560 1849 4620 post
1902 4552 2052 4605 habi-

534 4631 636 4674 tam
662 4622 966 4695 Carthagine
989 4626 1320 4684 Collatiouem
1351 4639 1700 4700 pronuntiatus
1723 4640 1820 4710 (b).

531 4733 758 4790 CAPUT
790 4736 1152 4795 PlilblUM.——
1172 4744 1212 4798 l.
1233 4742 1340 4798 Lex
1368 4745 1552 4802 Christi
1573 4767 1603 4801 a
1636 4754 1946 4820 portantibus
1964 4755 2046 4809 in-

471 4823 624 4876 ritent
652 4842 806 4881 onera
831 4845 922 4882 sua
953 4832 1209 4903 impletur.
1241 4833 1439 4891 Omnes
1481 4855 1577 4894 nos
1611 4857 1704 4910 per
1732 4844 2044 4911 Apostolum

457 4914 706 4972 admouet
738 4921 954 4988 veritas,
985 4933 1037 4978 ut
1061 4925 1283 4981 invicem
1312 4944 1473 4984 onera
1499 4942 1677 4986 u05tra
1724 4946 1993 5002 por:emus
2027 4955 2040 4990 :

458 5008 583 5061 etin
614 5025 676 5062 eo
706 5012 819 5080 ipso
845 5029 949 5084 quo
977 5030 1074 5070 nos
1095 5016 1366 5080 admonet,
1401 5030 1456 5074 ut
1483 5021 1708 5078 invicem
1741 5042 1902 5081 onera
1949 5046 2044 5084 no-

454 5107 566 5153 stra
597 5110 886 5172 portemus,
914 5121 1018 5176 quo
1038 5107 1208 5162 fructu
1232 5110 1279 5164 id
1302 5109 1552 5167 iaciamus
1578 5116 1828 5184 ostendit,
1856 5120 2044 5189 adjun-

454 5204 585 5260 gcus
613 5201 667 5247 et
693 5192 897 5262 dicens,
927 5195 994 5250 Et
1016 5197 1088 5252 sic
1115 5200 1450 5272 adintplcbitis
1480 5205 1634 5275 legem
1661 5205 1845 5262 Christi
1874 5226 1892 5263 :
1922 5227 2042 5281 qua:

457 5295 560 5367 non
592 5281 1039 5367 impleltitur,.ttisi
1067 5289 1290 5344 lllVit'Clll
1333 5307 1499 5367 onera
1524 5309 1701 5351 nostra
1749 5311 2037 5367 portemus.

454 5353 584 5418 Qua:
612 5354 720 5408 sint
741 5370 901 5411 onera
927 5359 1046 5422 ista,
1071 5370 1126 5414 et
1147 5363 1592 5431 quetuadmodtnu
1621 5353 1889 5438 portanda
1911 5353 2036 5440 sint,

513 5485 855 5561 “(Iastigatusﬂ
873 5490 932 5540 ad
967 5504 1012 5541 a.
1046 5493 1129 5542 bu.
1155 5493 1216 5544 cl.
1243 5495 1321 5544 ch.
1346 5495 1376 5545 Γ.
1404 5495 1460 5546 is.
1487 5512 1536 5561 ε.
1567 5495 1622 5549 ir.
1649 5514 1713 5550 tu.
1742 5515 1813 5558 ιιι.
1839 5517 1929 5553 rm.
1959 5505 2036 5556 vd.

450 5551 498 5594 et
526 5546 587 5595 ad
611 5546 709 5598 ,ιιιίζ
736 5557 806 5600 Er.
835 5559 935 5602 Par.
961 5561 1070 5604 Iov.

507 5607 583 5727 Ea;
607 5609 746 5668 Alias,
772 5612 837 5662 de
873 5617 1040 5666 Verbis
1063 5617 1267 5679 Apostoli
1293 5617 1367 5667 22.

532 5664 562 5714 β
606 5674 666 5718 Bx
692 5674 867 5724 eodem
889 5688 1118 5727 sermone
1144 5683 1363 5727 nutritam

449 5727 464 5778 l
501 5664 666 5778 [02:51:
692 5664 867 5724 eodem
889 5664 1118 5728 sermone
1139 5664 1366 5742 maritam
1387 5683 1627 5737 transtulit
1654 5685 1818 5738 Florus
1853 5689 1910 5739 ad
1950 5699 2034 5741 (2a-

470 5741 529 5774 ιι.
575 5743 617 5777 “.

470 5741 529 5777 ill.
557 5741 617 5777 \‘l.

1613 329 1624 339 -
1697 301 1752 359 S.
1795 301 2160 360 AUGUSTINI
2202 303 2504 362 EPISCOI'I

3631 330 3719 391 896

2162 419 2412 487 quoniam
2435 423 2648 492 quidem
2677 440 2862 483 omnes
2883 444 2980 499 pro
2995 433 3192 488 nostris
3221 435 3419 493 viribus
3445 447 3614 501 conari
3637 449 3718 506 de-

2162 510 2351 566 bemus
2381 514 2605 582 implcre
2632 515 2802 586 legem
2829 519 3049 588 Christi,
3083 523 3368 594 adjuvaute
3397 530 3607 590 Domino
3639 533 3716 594 co;

2163 601 2332 657 nabor
2357 605 2660 661 ostendere.
2693 608 2844 676 Quod
2877 628 2962 668 me
2983 613 3472 676 demonstraturum
3491 641 3712 700 essepro.

2163 692 2338 762 posui,
2367 706 2693 754 mementote
2711 710 2780 755 ἰιι
2795 703 3020 774 exigatis
3046 718 3135 764 :et
3154 725 3274 766 cum
3301 714 3591 787 reddidero,
3613 692 3710 785 .nnn

2163 785 2375 854 petatis.
2409 787 2520 844 lloc
2541 806 2630 845 me.
2655 791 3142 854 demonstraturum
3182 819 3304 860 esse
3351 785 3604 880 proposui,
3632 828 3708 873 ad-

2159 874 2378 945 juvante
2408 880 2630 938 Domino
2668 884 3015 944 intentionem
3068 908 3239 948 meam
3267 906 3323 951 et
3365 874 3465 969 prd
3495 919 3572 959 me
3609 925 3705 964 on-

2167 969 2340 1025 tioucs
2365 982 2592 1043 vestras,
2625 993 2743 1048 qua:
2770 980 2873 1034 sint
2895 996 3059 1038 onera
3089 1001 3208 1055 qum
3231 991 3454 1047 invicem
3483 1003 3704 1069 nosjuhet

2163 1071 2222 1115 ut
2250 1074 2524 1132 portemus
2557 1071 2864 1140 Apostolus,
2906 1085 2960 1131 et
2996 1082 3443 1147 quemadmodum
3489 1099 3702 1159 portanda

2163 1153 2288 1208 siut.
2323 1155 2435 1210 Hoc
2459 1159 2504 1212 si
2526 1159 2828 1230 fecerimus,
2869 1167 2995 1222 illud
3019 1170 3105 1224 ubi
3149 1170 3377 1230 fraetum
3425 1153 3604 1248 posuit,
3630 1153 3699 1242 sua

2164 1255 2352 1312 sponte
2378 1261 2752 1320 consequetur,
2783 1268 2840 1310 ut
2861 1257 3175 1328 impleamus
3201 1265 3372 1335 legem
3393 1266 3590 1327 Christi.

2233 1337 2289 1391 2.
2323 1339 2490 1395 Onera
2529 1343 2900 1417 distinguenda.
2930 1352 3061 1407 Dicit
3085 1357 3276 1426 aliquis
3308 1377 3322 1413 :
3353 1359 3575 1420 Obscura
3590 1370 3699 1424 enim

2163 1430 2435 1494 apostolus
2467 1432 2674 1490 loeutus
2697 1444 2799 1503 est,
2839 1448 2897 1494 ut
2943 1450 2997 1495 tu
3037 1448 3246 1501 coneris
3325 1465 3577 1519 exponere
3611 1475 3698 1527 qua:

2165 1519 2269 1572 sint
2318 1522 2416 1577 ista
2464 1539 2646 1591 onera,
2697 1530 2780 1584 vel
2832 1535 3277 1601 quemadmodum
3319 1541 3534 1600 invicem
3578 1554 3699 1606 susti-

2166 1614 2378 1669 nenda?
2402 1618 2492 1672 Est
2510 1619 2615 1674 illic
2640 1625 2883 1691 qua'stio,
2911 1643 3030 1696 qua-
3057 1645 3156 1685 nos
3181 1634 3322 1703 cogit
3356 1651 3513 1691 onera
3551 1641 3698 1697 distin-

2164 1723 2346 1776 guere.
2378 1711 2442 1765 Et
2469 1711 2653 1782 inipso
2679 1717 2875 1787 quippe
2915 1723 3146 1791 capitulo
3189 1726 3436 1783 lectionis
3476 1731 3620 1788 habes
3650 1738 3698 1789 llll

2167 1801 2421 1868 positum,
2467 1802 2818 1879 Unusquisque
2845 1824 3014 1866 autem
3041 1820 3305 1886 praprium
3347 1838 3473 1876 onus
3508 1829 3698 1894 portabit.

2164 1889 2282 1944 .lam
2325 1908 2454 1963 ergo
2501 1902 2704 1952 occurit
2745 1904 2992 1959 sensibus
3040 1910 3264 1977 vestris,
3308 1911 3367 1966 Si
3417 1923 3703 1987 unusquisque

2166 2000 2294 2038 onus
2324 1991 2587 2057 proprium
2617 1995 2852 2062 portabit,
2881 2001 3149 2068 quomodo
3176 2003 3322 2070 dicit,
3355 2005 3701 2066 lnvicemonrnt

2165 2086 2325 2129 vestra
2349 2083 2578 2148 portate?
2605 2083 2712 2138 Nisi
2744 2086 2864 2156 quia
2890 2105 3053 2145 onera
3097 2093 3465 2165 distinguenda
3508 2112 3630 2168 sunt,
3655 2121 3700 2158 ne

2166 2169 2264 2223 sibi
2304 2175 2567 2228 Contraria
2619 2178 2757 2244 lo,ui
2812 2191 3027 2250 putetur
3086 2189 3390 2254 Apostolus.
3438 2191 3544 2246 Non
3595 2197 3698 2249 enim

2166 2259 2342 2331 longe,
2372 2280 2473 2318 non
2507 2267 2646 2320 cuitu
2696 2269 2746 2322 in
2777 2271 2877 2325 alia
2913 2274 3168 2342 Epistula,
3203 2295 3308 2334 non
3351 2284 3493 2336 enim
3543 2286 3587 2339 in
3631 2289 3699 2343 hac

2169 2353 2279 2421 ipsa
2309 2356 2465 2426 longe
2494 2362 2739 2428 superius
2767 2372 2858 2416 aut
2888 2365 3142 2435 inferius;
3167 2371 3260 2426 sed
3293 2373 3342 2426 in
3366 2389 3432 2429 eo
3456 2377 3561 2446 ipso
3597 2380 3698 2446 loco,

2168 2445 2237 2499 ita
2271 2456 2325 2501 ut
2349 2450 2448 2504 sibi
2472 2452 2573 2506 sint
2599 2454 2783 2509 eadem
2813 2458 2971 2513 verba
3019 2463 3285 2534 contigua,
3329 2477 3596 2537 utrumque
3633 2489 3699 2539 po-

2166 2539 2291 2604 suit,
2315 2549 2369 2594 et
2393 2544 2512 2612 quia
2545 2549 2906 2618 unusquisque
2949 2554 3221 2622 proprium
3248 2573 3384 2612 onus
3425 2563 3645 2629 portabit.
3665 2575 3702 2620 et

2166 2632 2308 2701 quod
2330 2633 2605 2691 admonuit
2628 2649 2680 2693 et
2711 2639 2953 2699 hortatus
2975 2653 3075 2712 est,
3108 2657 3164 2701 ut
3191 2648 3416 2706 invicem
3449 2668 3594 2708 onera
3630 2672 3701 2708 uo-

2167 2732 2276 2776 stra
2308 2733 2600 2794 portemus.

2237 2813 2462 2873 CAPUT
2487 2818 2547 2874 li.
2589 2822 2731 2876 —3.
2785 2823 3006 2880 Onerum
3058 2828 3160 2883 duo
3205 2847 3408 2901 genere.
3455 2835 3562 2889 Alia
3609 2852 3704 2906 ergo

2166 2918 2283 2961 sunt
2311 2924 2495 2976 onera,
2527 2911 2578 2965 iu
2614 2915 2808 2982 quibus
2834 2919 3202 2991 unusquisque
3238 2926 3508 2993 proprium
3551 2937 3702 2995 portat,

2167 3009 2267 3049 nec
2295 3005 2470 3064 portat
2498 3013 2618 3052 cum
2664 3000 2769 3055 alio
2798 3003 2952 3068 alter,
2995 3021 3094 3061 nec
3143 3009 3352 3078 projieit
3388 3013 3438 3065 in
3484 3013 3704 3075 alterum;

2165 3097 2220 3143 et
2244 3089 2346 3143 alia
2373 3101 2498 3145 sunt
2519 3107 2700 3160 onera,
2733 3095 2785 3149 in
2809 3097 3000 3166 quibus
3019 3109 3164 3154 recte
3192 3100 3325 3156 dicis
3372 3103 3534 3167 fratri,
3577 3105 3703 3159 Porto

2168 3189 2361 3247 tecum,
2391 3194 2482 3238 aut
2504 3185 2664 3240 Porto
2699 3203 2796 3256 pro
2820 3199 2892 3244 te.
2940 3189 2995 3246 Si
3047 3208 3178 3261 ergo
3219 3193 3553 3250 distinctione
3601 3210 3706 3265 Opus

2163 3282 2266 3340 est,
2292 3290 2394 3328 nou
2423 3287 2502 3331 est
2526 3277 2693 3333 facilis
2716 3279 3036 3336 intellectus.
3061 3283 3255 3338 Contra
3285 3301 3378 3339 eos
3399 3303 3521 3357 ergo
3539 3289 3615 3357 qui
3635 3304 3706 3356 pu-

2164 3363 2345 3417 tabant
2373 3380 2527 3434 posse
2555 3368 2822 3423 hominem
2872 3374 3221 3428 contaminari
3267 3379 3496 3445 peccatis
3536 3378 3702 3439 alienis,

2163 3456 2441 3524 respondit
2468 3458 2777 3528 Apostolus,
2811 3461 3165 3534 Unusquisque
3189 3483 3318 3520 onus
3343 3469 3591 3539 proprium
3615 3485 3704 3536 por-

2162 3549 2305 3603 tabit.
2337 3551 2484 3613 Item,
2526 3563 2712 3609 contra
2757 3570 2852 3610 eus
2886 3557 3078 3627 quibus
3125 3575 3222 3628 per
3245 3561 3346 3616 hoc
3382 3564 3541 3632 possit
3569 3563 3702 3632 neg‘i-

2160 3641 2336 3712 gentia
2363 3642 2685 3712 subintrare,
2717 3654 2777 3701 ut
2796 3650 2946 3717 quasi
2973 3651 3143 3704 securi
3175 3651 3298 3707 lacti
3325 3654 3463 3724 quod
3485 3671 3578 3709 non
3599 3670 3700 3710 cnn-

2164 3733 2548 3790 tamiuareutur
2569 3738 2798 3807 peccatis
2826 3739 3031 3805 alienis,
3065 3743 3332 3798 neminem
3355 3754 3590 3799 curarent
3611 3759 3699 3798 eor-

2160 3821 2350 3892 rigere,
2383 3823 2608 3880 Invicem
2637 3843 2790 3881 onera
2819 3840 2982 3884 vestra
3011 3841 3226 3900 portate.
3257 3833 3497 3890 Breviter
3520 3835 3694 3898 dictum,

2158 3913 2496 3986 breviterque
2552 3917 2858 3973 distinctum
2901 3931 3028 3977 est:
3061 3932 3115 3979 et
3164 3934 3418 3995 quantum
3474 3927 3692 3991 existimo,

2159 4006 2638 4064 manifestatioucm
2669 4013 2906 4066 veritatis
2929 4030 3034 4068 non
3063 4015 3356 4085 impedivit.
3385 4018 3515 4074 Nam
3541 4031 3582 4074 et
3605 4019 3696 4073 bre-

2159 4099 2294 4154 viter
2319 4099 2562 4168 audistis,
2595 4112 2649 4157 et
2670 4103 2776 4157 cito
2806 4104 3158 4162 intellexistis.
3194 4109 3368 4180 Corda
3410 4120 3571 4165 vestra
3616 4126 3694 4164 non

2157 4190 2263 4245 vidi
2297 4208 2310 4245 :
2339 4192 2432 4246 sed
2469 4203 2632 4248 testes
2660 4195 2837 4251 cordis
2866 4212 3026 4254 voces
3063 4200 3261 4255 audivi.
3294 4201 3411 4257 iam
3453 4219 3569 4274 ergo
3602 4215 3708 4282 lano.

2157 4297 2313 4351 quam
2345 4283 2412 4339 de
2458 4284 2742 4341 intellectis
2789 4289 2984 4354 securi,
3017 4289 3288 4360 aliquanto
3318 4293 3473 4348 latius
3505 4288 3714 4380 dissert";

2157 4389 2303 4439 tuus;
2353 4391 2456 4428 non
2487 4384 2544 4429 ut
2583 4375 2981 4448 intelligendum
3028 4380 3340 4449 insinuetur,
3369 4385 3462 4439 sed
3511 4395 3559 4439 ut
3585 4375 3731 4454 quod};

2155 4465 2480 4522 intellectum
2512 4480 2614 4537 est,
2642 4472 3063 4528 commendetur.
3701 4449 3731 4565 tl

2223 4559 2276 4612 4.
2311 4557 2419 4613 Sua
2445 4561 2623 4632 cuique
2663 4579 2836 4630 onera,
2893 4575 3114 4635 peccata.
3162 4566 3499 4624 Conciouator
3539 4557 3742 4631 mundiﬁ

2153 4646 2404 4703 Christus.
2438 4649 2612 4706 Onera
2652 4669 2772 4723 qua:
2823 4657 3182 4728 uinisquisque
3230 4674 3326 4714 sua
3385 4662 3567 4732 portat,
3604 4673 3700 4728 pec-

2154 4751 2275 4794 cata
2304 4751 2448 4796 sunt.
2479 4743 2583 4797 i'las
2605 4743 2997 4802 detestabilium
3021 4763 3242 4805 onerum
3274 4754 3510 4808 Sarcinas
3528 4763 3699 4823 portan-

2155 4831 2292 4885 tibus
2323 4831 2649 4900 hominibus,
2679 4843 2735 4890 et
2763 4838 2861 4892 sub
2883 4839 2963 4893 eis
2990 4841 3179 4894 lrnstra
3200 4842 3530 4910 sudantibus,
3557 4842 3704 4899 Domi-

2151 4937 2249 4974 nus
2277 4921 2406 4976 dicit
2443 4941 2456 4979 :
2493 4923 2666 4979 Venite
2685 4927 2753 4979 ad
2773 4944 2870 4995 me,
2893 4947 3063 4985 omnes
3091 4934 3175 5002 qui
3203 4933 3446 4991 laboratis
3479 4949 3520 4991 et
3545 4935 3707 4990 onerati

2149 5015 2285 5078 estis,
2320 5025 2366 5068 et
2386 5033 2476 5085 ego
2497 5017 2718 5086 reﬁciant
2738 5035 2841 5074 vos.
2862 5021 3138 5087 Quomodo
3160 5025 3332 5082 reiicit
3351 5028 3570 5097 peccatis
3597 5042 3710 5083 One-

2149 5114 2314 5173 ratos,
2384 5107 2482 5159 nisi
2558 5107 2878 5180 indulgentia
2931 5118 3312 5182 peccatorum?
3381 5119 3710 5174 Concionator

2149 5199 2349 5262 nauali,
2377 5199 2442 5253 de
2464 5200 2690 5269 quadam
2719 5205 2929 5272 specula
2953 5208 3180 5262 excelsa:
3197 5213 3532 5268 auctas-italis
3554 5212 3710 5268 excla-

2147 5299 2302 5344 mat:
2361 5291 2518 5356 Audi,
2574 5309 2742 5363 genus
2786 5296 3113 5364 humanum;
3161 5301 3361 5367 audite,
3407 5306 3494 5361 lilii
3527 5306 3708 5369 Adam;

2145 5382 2288 5443 audi,
2321 5396 2490 5452 genus
2515 5384 2834 5440 laboriosum
2863 5400 2918 5443 et
2939 5389 3329 5449 infructuosum
3357 5414 3371 5451 :
3408 5398 3554 5452 video
3576 5397 3710 5452 labo-

2146 5487 2256 5528 rem
2295 5487 2547 5535 veStrum.
2583 5477 2757 5533 videte
2796 5479 2995 5536 donum
3041 5499 3240 5540 meum.
3288 5487 3434 5553 Scio,
3483 5489 3711 5545 laboratis

2143 5571 2197 5616 et
2247 5567 2450 5618 onerati
2494 5567 2654 5630 estis;
2684 5578 2736 5623 et
2785 5571 2926 5640 quod
2963 5580 3046 5628 est
3095 5575 3361 5643 miserius,
3414 5581 3709 5651 perniciosas

2142 5655 2400 5721 sarcinas,
2439 5661 2629 5712 vestris
2655 5659 2887 5717 lmmeris
2907 5664 3134 5734 alligatis
3159 5669 3256 5724 :ad
3279 5673 3414 5737 haec,
3445 5672 3576 5743 quod
3612 5688 3697 5742 pc-

2140 5745 2225 5814 jus
2252 5757 2351 5814 est,
2383 5763 2542 5805 onera
2577 5751 2702 5808 addi
2739 5755 2888 5810 vobis
2916 5758 3114 5830 petitis,
3147 5775 3254 5817 non
3278 5762 3492 5831 deponi.
