3850 6188
161 333 272 388 897

233 447 465 504 CAPUT
498 446 656 501 lll.—
668 449 722 503 5.
752 449 896 504 Onus
921 454 1162 506 arui-nite.
1189 452 1331 505 Onus
1357 451 1597 524 pigritiae.
1617 450 1748 515 Quis

159 552 410 597 nostrum
440 542 586 596 brevi
614 551 853 612 tempore
884 553 1056 612 potest
1100 546 1540 613 multiplicitatem
1575 551 1630 598 et
1662 559 1752 596 va-

162 633 412 688 rieratem
445 632 634 688 harum
657 633 924 690 disserere
969 637 1337 690 sarcinarum?
1380 636 1584 691 Tamen
1627 635 1752 690 inde

159 738 328 792 pauca
372 738 880 792 commemoramus,
926 734 980 780 et
1006 726 1074 780 de
1110 722 1207 780 'his
1249 737 1442 782 Caetera
1490 726 1753 797 coniecte-

158 827 298 867 mus.
340 813 475 869 Vide
503 814 775 870 hominem
805 825 1082 872 oneratum
1112 819 1318 872 sarcina
1339 818 1599 884 avaritia,
1625 819 1749 874 vide

156 905 306 961 illum
330 906 440 962 sub
473 907 572 961 hac
596 910 806 964 sarcina
831 909 1134 975 sudantem,
1161 911 1523 974 anhelantem.
1553 911 1742 966 sitien-

155 1005 285 1063 tem,
317 1007 377 1052 et
432 998 720 1053 laborando
757 1000 1020 1054 sarcinam
1049 1000 1351 1054 addentem.
1397 1001 1532 1067 Quid
1564 1016 1748 1069 empe-

152 1100 286 1154 ctas,
321 1107 356 1142 o
384 1105 568 1155 avare,
596 1091 924 1160 amplectens
953 1107 1088 1145 onus
1119 1103 1288 1157 tuum,
1324 1100 1380 1146 et
1417 1093 1621 1146 catenis
1651 1107 1743 1145 cn—

154 1180 397 1248 piditatis
419 1181 642 1250 alligans
667 1181 861 1235 malam
882 1183 1146 1236 sarcinam
1181 1183 1282 1238 sub
1305 1183 1556 1236 lmmeros
1586 1182 1742 1238 tuos?

153 1270 285 1335 Quid
317 1271 636 1341 exspectas?
664 1271 788 1342 quid
812 1272 1056 1328 laboras?
1082 1273 1207 1343 quid
1229 1273 1439 1328 inbias?
1467 1273 1591 1343 quid
1613 1291 1739 1328 cutt-

151 1361 432 1428 cupiseis‘!
455 1359 654 1429 Nempe
683 1363 879 1417 satiare
926 1364 1223 1418 avaritiam.
1268 1363 1312 1418 Ο
1345 1373 1462 1418 vota
1491 1365 1659 1419 inania
1687 1374 1741 1419 et

154 1450 284 1504 facta
313 1453 671 1522 nequissima!
720 1454 1008 1524 ExSpeclas
1038 1471 1164 1526 ergo
1191 1457 1385 1511 sntiare
1429 1458 1739 1512 avaritiam?

153 1545 238 1599 Illa
270 1555 327 1598 te
358 1555 538 1614 potest
565 1561 830 1615 premere,
859 1555 914 1601 tu
934 1548 1076 1601 illam
1101 1564 1212 1602 non
1243 1557 1394 1618 putes
1419 1550 1634 1604 satiare.
1655 1551 1735 1604 Au

150 1633 287 1689 forte
312 1652 426 1689 non
446 1647 525 1690 est
541 1636 752 1705 gravis?
781 1636 962 1706 Usque
982 1639 1116 1693 adeo
1141 1641 1240 1694 sub
1262 1640 1361 1693 hac
1381 1642 1585 1696 sarcina
1617 1656 1739 1694 seu-

147 1741 261 1779 sum
296 1728 469 1782 etiam
495 1727 810 1796 perdidisti?
829 1729 944 1784 Non
973 1740 1059 1785 est
1083 1731 1259 1801 gravis
1286 1732 1543 1786 avaritia?
1562 1732 1736 1798 Quare

147 1831 267 1885 ergo
324 1826 378 1871 te
423 1816 491 1872 de
526 1833 713 1872 somno
765 1819 976 1883 excitat,
1015 1835 1134 1890 qua:
1171 1829 1224 1875 te
1262 1822 1543 1891 aliquando
1577 1823 1736 1878 etiam

145 1905 391 1961 dormire
424 1923 529 1962 non
554 1909 712 1962 sinit?
741 1909 803 1964 Et
826 1909 1054 1965 fortasse
1083 1911 1246 1966 babes
1289 1927 1409 1966 cum
1465 1914 1550 1967 illa
1597 1913 1734 1966 alte-

145 2016 255 2054 rum
291 2017 443 2055 tinus
472 2001 714 2070 pigritiae,
755 2011 810 2057 et
840 2003 938 2058 ista
963 2003 1070 2058 duo
1113 2005 1430 2073 nequissima
1457 2021 1618 2060 onera
1647 2021 1736 2060 se»

147 2103 383 2160 minque
413 2093 695 2160 pugnantia
724 2101 970 2162 premunt
997 2102 1068 2160 te,
1117 2102 1172 2148 et
1219 2093 1479 2149 dilanimt
1524 2106 1592 2150 te.
1618 2095 1734 2150 Non

143 2183 285 2237 enim
322 2185 470 2252 paria
500 2185 782 2255 imperant,
813 2202 918 2240 non
946 2187 1089 2240 enim
1111 2187 1300 2241 similia
1323 2187 1528 2256 jnbent.
1561 2188 1733 2256 Pigri-

145 2275 210 2326 tia
230 2275 376 2328 dicit
398 2315 418 2340 ,
454 2276 629 2329 Donni
663 2293 675 2330 :
705 2277 923 2330 avaritia
943 2277 1090 2341 dicit,
1123 2276 1309 2347 Surge.
1340 2277 1552 2346 Pigritia
1583 2278 1733 2344 dicit,

145 2363 257 2418 Noli
329 2365 440 2434 pati
494 2363 712 2435 frigidos
755 2367 920 2422 dies:
975 2367 1196 2421 avaritia
1247 2367 1394 2429 dicit,
1446 2367 1633 2420 ’l‘olera
1677 2367 1732 2422 in

144 2457 272 2510 mari
316 2457 484 2511 etiam
518 2467 877 2527 tempestates.
911 2457 1000 2512 illa
1027 2458 1174 2524 dicit,
1201 2458 1462 2524 Quiesce;
1499 2459 1586 2512 illa
1628 2475 1732 2516 non

143 2546 262 2600 sinit
315 2547 613 2615 quiescere.
644 2548 820 2612 lubet,
851 2563 955 2603 nou
975 2549 1147 2603 solum
1172 2591 1188 2613 ,
1217 2549 1482 2614 Procede;
1522 2549 1615 2604 sed
1644 2558 1730 2615 et,

144 2634 348 2705 Navigat
376 2647 527 2692 trans
565 2654 731 2702 mare,
757 2655 935 2710 qttmre
980 2649 1148 2693 terras
1171 2655 1303 2710 quas
1330 2641 1557 2710 ignoras.
1593 2639 1732 2695 Mer-

142 2743 226 2782 ecs
255 2730 326 2782 in
350 2729 552 2783 lndiatn
593 2731 944 2801 deportandm
972 2741 1096 2785 sunt
1125 2751 1137 2786 :
1169 2748 1270 2785 nou
1317 2734 1454 2788 nesti
1502 2734 1733 2803 linguam

143 2818 400 2875 ludorum
425 2862 442 2887 ,
488 2822 582 2876 sed
613 2824 956 2893 iutelligibilis
993 2824 1205 2880 videtur
1232 2840 1408 2879 sermo
1459 2826 1716 2882 avaritias.

148 2911 350 2966 \‘enics
398 2913 609 2982 ignotus
677 2915 742 2968 ad
807 2918 1077 2984 ignotum;
1149 2915 1266 2982 das,
1315 2915 1531 2985 accipis,
1575 2917 1730 2984 emis,

145 3013 372 3070 portas;
426 3004 751 3072 periclitatus
781 3008 1099 3074 pervenisti,
1124 3021 1244 3060 cum
1288 3007 1535 3076 periculis
1553 3007 1730 3075 redis,

142 3097 422 3149 exclamas
452 3096 502 3150 in
535 3099 666 3150 mari
693 3097 985 3169 exagitatus
1012 3107 1342 3167 tempestate,
1371 3099 1511 3156 Deus
1537 3141 1554 3167 ,
1605 3099 1735 3155 Iibe-

140 3201 196 3240 ra
220 3201 342 3240 me.
386 3185 503 3241 Non
535 3186 688 3242 audis
735 3190 1142 3258 respondentem
1168 3231 1182 3254 ,
1223 3190 1434 3258 Quare?
1482 3191 1598 3246 Misi
1636 3192 1778 3247 te?"

151 3277 402 3331 Avaritia
433 3277 526 3331 tibi
556 3278 714 3344 jussit
739 3288 797 3333 ut
817 3283 1120 3349 acquireres
1145 3281 1284 3348 quod
1319 3297 1422 3335 non
1457 3281 1687 3336 habebas
1717 3301 1731 3337 :

137 3383 234 3437 ego
258 3370 368 3424 tibi
389 3369 527 3437 jussi
558 3380 613 3424 ut
641 3371 757 3424 sine
796 3371 974 3425 labore
1001 3380 1123 3425 ante
1157 3371 1348 3425 ostium
1403 3381 1547 3426 tuum
1607 3389 1734 3442 pau-

139 3463 248 3530 peri
283 3461 455 3517 dares
505 3461 646 3531 quod
696 3462 963 3516 habebas.-
995 3463 1083 3517 Illa
1119 3473 1169 3517 te
1197 3463 1264 3517 ad
1296 3464 1450 3517 ludos
1479 3465 1623 3518 misit
1666 3464 1732 3518 ad

141 3552 542 3622 reportandum
569 3567 755 3606 aurmn
791 3570 803 3606 :
845 3568 943 3623 ego
979 3553 1073 3608 tibi
1114 3554 1179 3608 ad
1223 3556 1415 3608 ostium
1466 3555 1732 3610 Christum

141 3645 344 3712 posui,
399 3659 429 3697 a
458 3659 564 3714 quo
585 3659 794 3698 emeres
834 3660 1053 3716 regnum
1083 3646 1358 3701 cmlornm.
1405 3647 1638 3702 Laboras
1681 3649 1732 3703 in

131 3733 390 3801 jussione
410 3734 670 3799 araritizc,
704 3734 755 3787 in
781 3735 1020 3802 jussioue
1042 3749 1158 3790 mea
1194 3752 1294 3790 non
1325 3735 1550 3790 laboras.
1601 3739 1732 3792 Am-

137 3824 205 3878 bo
251 3825 564 3893 iussimus;
608 3839 712 3880 non
757 3825 949 3880 audisti
999 3842 1117 3882 me:
1160 3827 1245 3882 cui
1302 3826 1564 3882 obaudisti
1602 3829 1734 3884 libe-

137 3927 216 3971 ret
241 3927 330 3972 te.

204 4007 448 4062 CAPUT
473 4006 560 4062 IV.
591 4037 662 4048 —
687 4008 738 4064 6.
775 4007 878 4064 Pro
896 4009 1107 4063 sarcinis
1131 4009 1436 4081 cupiditatis,
1461 4011 1736 4081 suscipien-

135 4099 213 4151 de
313 4099 532 4153 sarcinte
587 4099 866 4154 charitatis.
939 4099 1108 4167 Quam
1157 4101 1310 4155 multi
1366 4101 1461 4155 has
1498 4104 1734 4164 sarcinas

134 4189 404 4257 portant?
431 4189 624 4256 Quanti
661 4189 789 4243 mihi
818 4189 975 4246 modo
1001 4199 1183 4245 contra
1213 4191 1354 4260 ipsas
1379 4193 1616 4246 sarcinas
1647 4193 1728 4246 lo-
1777 4239 1781 4245 .

132 4281 328 4348 quenli
359 4280 460 4334 sub
486 4281 615 4350 ipsis
662 4281 1168 4350 positiexclamant?
1205 4279 1340 4337 Cum
1387 4283 1608 4338 sarcinis
1651 4284 1732 4338 in-

135 4381 385 4438 trarnnt,
433 4388 555 4427 cum
609 4374 830 4428 sarcinis
879 4385 1075 4430 exeunt
1104 4375 1286 4430 :avari
1329 4377 1730 4446 iugressisunt,

133 4465 289 4517 arari
311 4464 619 4518 discedunt.
651 4465 762 4534 Ego
790 4465 1052 4534 loquendo
1102 4476 1286 4520 contra
1330 4467 1456 4521 istas
1499 4469 1733 4524 sarcinas

133 4554 416 4610 laboravi.
445 4554 498 4610 Si
527 4556 787 4621 clamatis,
809 4557 989 4628 ponite
1023 4559 1161 4627 quod
1195 4560 1430 4628 portatis.
1462 4559 1733 4616 Postremo

132 4663 224 4702 me
252 4648 426 4702 nolite
449 4648 674 4713 audire;
708 4647 1083 4719 Imperatorem
1117 4657 1346 4705 vestrum
1399 4650 1574 4705 audite
1625 4651 1734 4706 cla-

130 4749 407 4805 mantem,
451 4738 627 4794 Venite
655 4741 724 4794 ad
752 4758 851 4808 me,
878 4758 1048 4796 omnes
1074 4742 1157 4813 qui
1182 4741 1419 4796 laboratis
1453 4751 1498 4798 et
1543 4746 1733 4798 onerati

129 4831 276 4884 estis.
305 4829 425 4884 Non
456 4832 600 4885 enim
629 4833 838 4893 reuitis.
867 4833 971 4887 nisi
995 4832 1243 4888 laborare
1287 4833 1561 4888 desinatis.
1607 4834 1732 4890 Vul-

130 4926 204 4979 tis
219 4924 295 4978 ad
327 4939 416 4979 me
439 4925 788 4990 currere,scd
813 4941 935 4980 cum
979 4926 1226 4996 gravibus
1253 4927 1475 4980 sarcinis
1503 4942 1609 4981 non
1638 4943 1728 4996 po-

131 5014 324 5070 testis.
367 5013 561 5081 Venite,
597 5017 784 5088 inquit,
811 5018 880 5070 ad
904 5033 1002 5083 nte,
1057 5033 1228 5072 omnes
1270 5017 1358 5087 qui
1410 5005 1648 5073 laboratis
1687 5029 1734 5074 et

130 5109 342 5161 onerati
368 5109 508 5173 estis,
538 5119 586 5162 et
614 5127 703 5181 ego
730 5125 816 5164 vos
845 5111 1086 5180 reﬁciant.
1128 5110 1204 5164 Do
1234 5110 1441 5164 veniam
1495 5111 1733 5180 prteteri-

131 5207 325 5252 torum
351 5209 710 5268 peccatorum,
743 5201 921 5254 tollam
952 5199 1092 5270 quod
1119 5200 1391 5269 premebat
1416 5203 1598 5258 oculos
1643 5219 1734 5259 ve-

126 5299 315 5356 stros,
345 5291 544 5346 sanabo
571 5291 711 5362 quod
761 5292 940 5346 nocuit
994 5291 1227 5347 humeris
1277 5293 1484 5348 vestris.
1526 5293 1733 5350 Tollam

129 5381 370 5450 quidem
396 5383 650 5446 sarcinas,
674 5382 769 5439 sed
801 5384 1032 5439 inauesa
1051 5384 1272 5438 sarcinis
1301 5399 1406 5438 non
1433 5385 1728 5442 dimittam:

133 5471 336 5524 rallam
361 5473 598 5528 sarcinas
627 5473 814 5538 malas,
839 5473 1170 5543 etimpouam
1203 5478 1386 5530 bonas.
1414 5475 1546 5530 Cmn
1590 5478 1731 5531 enim

125 5562 399 5626 dixisset,
430 5561 496 5615 Et
515 5579 606 5633 ego
626 5579 710 5618 vos
758 5563 1004 5633 reﬁciant;
1032 5566 1266 5635 adiunxit
1290 5607 1306 5634 ,
1333 5567 1517 5621 Tollite
1545 5569 1733 5640 jugunt

131 5667 323 5704 meum
347 5668 495 5723 super
522 5669 626 5708 vos.
653 5653 779 5708 Male
808 5666 860 5709 te
884 5655 1252 5727 subjugarerat
1281 5659 1569 5730 cupiditas,
1589 5659 1732 5729 διω-

135 5741 324 5798 [ῐὶιετ
349 5751 399 5800 te
427 5743 666 5817 subjugel
696 5745 945 5802 Charitas.

1541 333 1768 394 SEltLIO
1804 331 2032 391 CLXIV.

3325 345 3432 403 898

1935 449 1984 502 7.
2013 450 2241 506 Christus
2267 455 2497 524 magister
2539 457 2660 525 quid
2702 474 2733 509 a
2786 474 2840 511 se
2867 459 2992 511 disci
3033 459 3162 514 uelit.
3215 460 3432 520 Sarcina

1857 537 2043 594 Christi
2067 543 2469 599 lcuis.—Tollite
2482 549 2667 617 jugum
2693 565 2855 601 meum
2880 566 3030 618 super
3051 566 3152 616 vos,
3176 563 3222 605 et
3251 553 3431 607 discite

1855 643 1888 680 α
1914 646 2008 683 me.
2032 631 2086 685 Si
2115 633 2263 688 vobis
2289 635 2435 688 viluit
2463 637 2749 692 humanum
2775 640 3158 710 qualecumque
3179 645 3429 712 magiste-

1855 719 2010 784 rium,
2039 721 2216 776 discite
2238 741 2270 777 a
2293 741 2390 778 me.
2418 725 2662 780 Christus
2705 729 2898 783 clamat
2940 732 3208 801 magister,
3245 736 3430 792 unicus

1852 807 1948 864 Dei
1972 810 2152 878 Filius,
2184 815 2332 870 solus
2347 831 2527 880 verax,
2549 833 2727 885 verus,
2747 821 2938 876 veritas
2967 824 3188 891 clamat,
3237 824 3332 879 Dis
3349 827 3430 881 ,ξω

1850 915 1883 952 a
1907 917 2004 955 me.
2035 902 2212 970 Quid?
2239 905 2371 974 Quia
2402 908 2456 962 in
2482 908 2737 978 principio
2761 919 2876 965 erat
2899 911 3124 966 Verbum
3146 955 3160 974 .
3191 923 3247 969 et
3298 915 3428 970 \‘er-

1849 989 1976 1046 bum
1996 1002 2112 1048 erat
2136 996 2273 1064 apud
2295 998 2478 1064 Deum,
2503 1008 2558 1054 et
2593 1000 2732 1055 Deus
2749 1010 2866 1055 erat
2895 1001 3148 1070 Verbum,
3175 1013 3230 1058 et
3248 1008 3427 1062 omnia

1849 1098 1945 1152 per
1964 1084 2135 1154 ipsum
2153 1086 2290 1142 facta
2317 1099 2441 1145 sunt
2466 1089 2644 1164 (Joan.
2675 1109 2690 1146 ι
2715 1134 2730 1157 ,
2761 1094 2914 1163 1-5)ἳ
2938 1094 3198 1165 Numquid
3232 1097 3332 1153 hoc
3355 1100 3425 1152 ab

1847 1186 1912 1227 eo
1940 1173 2148 1230 discere
2172 1179 2486 1246 poterimus,
2518 1182 2772 1237 mundum
2817 1183 3092 1247 fabricare,
3125 1189 3316 1241 emittm
3343 1190 3423 1242 lu-

1844 1265 2076 1323 minibus
2101 1266 2346 1339 implere,
2377 1272 2480 1326 dici
2510 1274 2814 1344 noctisque,
2863 1277 3248 1333 vicissitudines
3282 1282 3425 1336 ordi-

1844 1371 1990 1419 nare.
2016 1366 2256 1430 tempora
2284 1371 2337 1417 et
2361 1367 2759 1434 saeculajnbere
2811 1384 3119 1436 percurrere
3143 1412 3158 1434 ,
3204 1374 3422 1426 semini-

1843 1444 1943 1500 bus
1963 1447 2074 1503 vim
2098 1451 2352 1519 tribuere,
2395 1455 2713 1510 animalibus
2760 1467 2952 1511 terram
2995 1462 3238 1528 replere?
3282 1463 3418 1518 Nihil

1844 1533 2033 1590 horum
2063 1540 2329 1609 nosjubet
2353 1543 2557 1599 discere
2607 1549 2858 1616 magister
2883 1551 3114 1606 cwlestis
3139 1571 3152 1604 :
3182 1553 3267 1607 illa
3299 1553 3425 1608 facit

1842 1633 1901 1677 ut
1927 1625 2089 1682 Deus.

1910 1715 2136 1772 CAPUT
2175 1720 2236 1774 V.
2267 1752 2336 1761 —
2363 1721 2467 1778 Sed
2492 1724 2612 1794 quia
2634 1725 2732 1780 iste
2761 1727 2896 1782 Deus
2919 1737 2972 1782 et
3007 1728 3164 1784 homo
3184 1747 3302 1787 esse
3339 1734 3420 1787 di-

1842 1815 2034 1874 gnatus
2063 1817 2166 1875 est,
2190 1811 2243 1864 in
2268 1828 2333 1866 eo
2366 1814 2506 1882 quod
2535 1816 2672 1869 Deus
2725 1825 2824 1881 est,
2862 1819 2983 1872 audi
3021 1829 3077 1872 ut
3120 1825 3375 1876 recreeris
3403 1841 3419 1886 ;

1841 1893 1893 1947 in
1915 1910 1981 1950 co
2004 1898 2142 1966 quod
2173 1899 2332 1954 homo
2357 1913 2459 1969 est,
2479 1905 2611 1958 .audi
2636 1914 2688 1958 ut
2712 1907 2952 1961 imiteris.
2990 1907 3196 1976 Discite,
3227 1913 3417 1982 iuqttit,

1839 2001 1871 2037 a
1890 2003 2004 2052 me;
2034 2005 2136 2044 non
2171 1993 2424 2048 ntundum
2445 1994 2724 2062 fabricare,
2759 2006 2814 2052 et
2841 2013 3025 2055 creare
3050 2011 3266 2058 naturas
3289 2023 3304 2060 :
3325 2025 3423 2062 nec

1839 2074 1926 2129 illa
1959 2078 2171 2147 quidem
2201 2083 2302 2138 alia
2323 2099 2442 2152 qua:
2491 2085 2575 2139 hic
2609 2085 2779 2139 latens
2808 2087 2966 2155 Deus,
2997 2089 3155 2146 homo
3195 2097 3419 2150 manife-

1839 2177 1952 2222 stus
1972 2169 2144 2224 cliecit
2178 2190 2192 2238 ;
2224 2188 2323 2228 nec
2351 2175 2462 2244 ipse
2485 2175 2614 2231 dicit
2641 2179 2679 2242 ‘,
2717 2181 2910 2237 Discite
2939 2197 2968 2234 a
2995 2199 3080 2238 me
3136 2185 3308 2242 febres
3351 2190 3421 2245 ab

1838 2261 2215 2328 mgrotantibns
2244 2265 2460 2331 pellere,
2495 2266 2674 2336 fugare
2703 2269 2961 2325 dxmonia
2987 2311 3002 2337 ,
3036 2285 3272 2330 mortuos
3295 2291 3419 2330 sus-

1838 2347 2025 2416 citare,
2046 2353 2215 2406 t'eutis
2243 2361 2297 2407 et
2316 2354 2559 2410 ﬂuctibus
2592 2358 2873 2428 imperare,
2897 2377 3057 2432 super
3088 2380 3252 2434 aquas
3299 2383 3417 2420 am-

1841 2436 2025 2494 bulare
2055 2456 2190 2498 :nec
2219 2443 2318 2498 hoc
2347 2445 2506 2512 dicit,
2535 2446 2726 2505 Discite
2752 2469 2785 2504 α
2813 2469 2907 2506 me.
2937 2453 3059 2509 llaec
3093 2455 3232 2510 enim
3272 2458 3420 2514 dedit

1837 2530 2152 2597 quibusdam
2198 2534 2472 2605 discipulis
2511 2541 2654 2606 suis,
2709 2546 3023 2612 quibusdam
3084 2565 3186 2604 non
3227 2551 3417 2606 dedit:

1839 2619 1940 2675 hoc
1962 2631 2160 2690 autem,
2195 2624 2385 2680 Discite
2408 2645 2439 2680 α
2463 2646 2557 2691 me,
2587 2633 2832 2687 oumibns
2861 2635 3008 2700 dicit;
3037 2637 3105 2690 ab
3135 2639 3236 2693 hoc
3286 2656 3422 2709 prze-

1838 2722 1993 2781 ceplo
2021 2730 2177 2769 nemo
2215 2733 2274 2771 se
2325 2731 2560 2786 excuset,
2603 2723 2790 2778 Discite
2835 2743 2867 2778 a
2906 2745 2984 2781 me
3015 2731 3250 2798 quoniam
3287 2735 3420 2788 mitis

1837 2818 1973 2870 sum,
2003 2815 2050 2858 et
2075 2805 2277 2862 humilis
2307 2813 2476 2866 corde.
2502 2813 2676 2880 Quare
2715 2816 2924 2873 dubitas
2967 2819 3101 2875 hanc
3157 2823 3417 2879 sarcinam

1839 2891 2024 2985 l‘erre?
2056 2898 2179 2953 llaec
2234 2903 2442 2958 Sarciua
2496 2909 2670 2974 gravis
2695 2917 2776 2963 est
2795 2951 2810 2975 ,
2841 2910 3108 2968 humilitas
3133 2923 3186 2969 et
3211 2917 3376 2985 pietas
3396 2919 3422 2971 ?

1839 2982 1964 3040 llaec
1993 2988 2201 3043 sarcina
2228 2993 2404 3060 gravis
2431 3006 2508 3048 est
2535 3037 2550 3062 ,
2586 2997 2714 3052 lides
2741 3040 2755 3062 ,
2801 3015 2955 3070 spes,
2988 2982 3260 3061 charitas?
3304 3007 3420 3061 Ista:

1841 3076 1986 3131 enim
2041 3077 2311 3146 humilem,
2345 3084 2457 3138 ista:
2489 3088 2668 3142 utilem
2715 3091 2960 3148 reddunt.
3015 3096 3083 3150 Et
3136 3098 3254 3154 vide
3297 3101 3418 3170 quia

1839 3179 2094 3225 oneratus
2124 3188 2230 3228 non
2272 3177 2400 3240 eris,
2456 3180 2498 3232 si
2547 3181 2714 3249 ipsum
2759 3184 3008 3240 audieris.
3051 3187 3244 3260 Jugum
3288 3193 3420 3246 enim

1838 3276 2003 3315 meum
2051 3265 2160 3317 lene
2212 3276 2307 3331 est,
2359 3278 2402 3321 ct
2449 3272 2646 3324 sarcina
2697 3290 2806 3325 mea
2850 3275 2969 3329 levis
2997 3290 3068 3331 est
3101 3279 3310 3350 (.llatth.
3342 3299 3416 3344 χι,

1836 3351 2048 3423 2850).
2075 3357 2208 3423 Quid
2241 3369 2342 3424 est,
2374 3361 2493 3413 levis
2517 3363 2631 3415 est?
2657 3364 2791 3428 Quid
2819 3367 2862 3420 si
2896 3367 3051 3423 habet
3073 3371 3298 3439 pondus,
3323 3375 3418 3428 sed

1837 3445 2013 3498 minus
2037 3446 2059 3500 ’ἔ
2087 3448 2202 3514 plus
2235 3450 2390 3504 habet
2414 3453 2655 3518 avaritia,
2690 3454 2865 3510 minus
2889 3458 3090 3527 justitia
3116 3464 3139 3514 ’ἐ
3165 3462 3298 3518 Nolo
3339 3467 3420 3521 sic

1839 3535 2119 3606 intelligas.
2151 3539 2274 3592 lliec
2304 3542 2512 3594 sarcina
2538 3559 2642 3596 non
2669 3554 2750 3598 est
2799 3548 3004 3614 pondus
3031 3551 3281 3617 utterali',
3322 3555 3416 3608 sed

1839 3625 1939 3679 δΙιε
1979 3635 2100 3680 sunt
2127 3629 2348 3682 vniaturi
2376 3631 2416 3681 ³.
2461 3631 2664 3686 llabent
2701 3637 2840 3688 enim
2872 3646 2926 3690 et
2969 3653 3094 3693 aves
3121 3655 3415 3709 pennarum

1838 3729 2051 3770 suarum
2075 3719 2328 3772 sarcinas.
2363 3719 2427 3774 Et
2454 3722 2582 3790 quid
2610 3723 2878 3779 dicimus?
2907 3727 3127 3785 Portant
3151 3730 3268 3786 illas
3295 3772 3311 3797 ,
3362 3745 3416 3786 et

1840 3815 2140 3876 portantur.
2193 3809 2412 3864 Portant
2439 3811 2554 3866 illas
2582 3813 2632 3866 in
2653 3823 2810 3878 terra,
2845 3827 3117 3884 portantur
3144 3821 3211 3876 ab
3238 3822 3339 3876 illis
3364 3824 3416 3878 iu

1839 3900 2000 3956 cmlo.
2030 3900 2108 3955 Tu
2138 3902 2180 3955 si
2205 3903 2619 3958 misericordiam
2673 3907 2802 3961 velis
2849 3909 3086 3978 pra-bere
3137 3914 3241 3978 avi,
3283 3930 3419 3984 pra:-

1837 3991 2018 4046 sertim
2039 4002 2240 4057 testate,
2273 4002 2326 4048 et
2351 3993 2517 4059 dicas,
2547 3995 2788 4051 Miseram
2817 4001 2969 4056 istam
2995 4004 3250 4059 aviculam
3281 4022 3416 4061 one-

1838 4093 2178 4151 rantpenntc,
2211 4093 2265 4139 et
2285 4084 2535 4140 detrahas
2561 4103 2693 4142 onus
2719 4088 2862 4156 hoc;
2896 4092 2949 4146 in
2976 4100 3112 4148 terra
3169 4111 3416 4152 remane.

1838 4172 1936 4238 bit,
1966 4173 2050 4227 cui
2078 4174 2360 4231 subvenire
2386 4176 2619 4231 voluisti.
2652 4178 2809 4234 Porta
2857 4196 2983 4251 ergo
3029 4199 3224 4252 pennas
3246 4188 3411 4257 pacis,

1837 4265 1950 4320 alas
1979 4266 2161 4335 accipe
2189 4267 2484 4324 charitatis.
2514 4269 2638 4326 [hec
2667 4281 2748 4327 est
2764 4273 2991 4343 sarcina,
3046 4275 3124 4331 sic
3173 4277 3416 4347 implebi-

1839 4365 1924 4412 tur
1953 4357 2036 4412 lex
2053 4357 2268 4413 Christi.

1910 4448 2135 4506 CAPUT
2166 4449 2251 4504 Vl.
2274 4481 2342 4492 —
2369 4452 2423 4507 8.
2455 4452 2758 4524 Cupiditatis
2797 4466 2886 4511 aut
2918 4459 3175 4516 charitatis
3216 4464 3420 4533 quisque

1839 4555 1944 4593 sua:
1967 4557 2094 4596 onus
2117 4551 2311 4611 portat.
2355 4543 2607 4599 Distincta
2633 4556 2758 4603 sunt
2781 4561 2964 4604 onera.
3011 4549 3194 4606 Videte
3245 4568 3415 4620 nunc,

1840 4633 2020 4686 nescio
2049 4633 2170 4703 quis
2211 4648 2403 4688 avarus
2445 4636 2606 4691 intrat
2635 4655 2648 4690 :
2682 4639 2817 4692 nosti
2872 4639 3019 4696 illum
3048 4657 3285 4711 avarum,
3313 4655 3415 4701 stat

1840 4729 2036 4786 tecum,
2065 4733 2119 4778 et
2143 4731 2197 4777 tu
2225 4739 2327 4778 non
2356 4740 2416 4780 es
2463 4741 2692 4791 avarus;
2739 4728 2830 4783 sed
2883 4729 3042 4785 etiam
3092 4733 3414 4801 misericors,

1839 4809 1934 4866 das
1963 4813 2180 4882 pauperi
2208 4813 2349 4883 quod
2378 4813 2563 4881 habes,
2592 4830 2697 4871 non
2724 4816 2896 4874 inhias
2941 4819 2996 4873 in
3038 4835 3100 4875 ea
3140 4838 3257 4890 qua:
3311 4839 3414 4879 nou

1837 4899 2022 4968 habes;
2053 4902 2205 4958 audis
2230 4903 2495 4959 dicentem
2532 4905 2843 4975 Apostolnm
2864 4947 2879 4972 ,
2911 4906 3143 4978 Pi-tecipe
3181 4912 3412 4966 divitibus

1839 4993 1995 5063 hujus
2023 4995 2219 5062 mundi,
2246 5011 2346 5049 non
2363 4998 2574 5064 superbe
2591 5011 2796 5066 sapere,
2819 5014 2975 5067 neque
3001 5015 3205 5070 sperare
3235 5001 3286 5054 in
3332 5003 3415 5054 in-

1839 5097 1974 5141 certo
1999 5087 2307 5154 divitiarum,
2325 5087 2415 5139 sed
2434 5087 2485 5140 in
2505 5086 2610 5140 Deo
2634 5088 2763 5152 viro,
2790 5089 2873 5158 qui
2893 5099 3097 5160 praestat
3126 5090 3266 5144 nobis
3303 5109 3415 5146 ont-

1840 5177 1928 5231 nia
1967 5177 2282 5231 abundanter
2329 5176 2398 5230 ad
2452 5178 2944 5248 [ruendunudiaites
2973 5181 3071 5234 sint
3108 5182 3159 5235 in
3187 5183 3416 5252 aperibus

1841 5268 2003 5334 bonis,
2028 5269 2176 5341 facile
2203 5268 2444 5333 tribuant,
2493 5271 2858 5324 communicent
2888 5312 2903 5336 ,
2953 5272 3285 5328 tltesaurisent
3323 5274 3416 5329 sibi

1839 5362 2222 5433 fundamentum
2252 5361 2435 5414 bonum
2460 5360 2511 5413 in
2539 5364 2786 5431 futurum,
2829 5373 2881 5415 ut
2921 5363 3297 5434 apprehendant
3331 5382 3414 5420 reo

1849 5469 1961 5508 ram
1986 5453 2139 5506 vitam
2166 5451 2372 5522 (lTim.
2410 5467 2484 5516 vn,
2516 5452 2716 5524 17-19).
2763 5452 2990 5518 Audisti,
3023 5457 3277 5525 agnovisti
3300 5498 3312 5520 ,
3337 5457 3419 5512 di-

1851 5542 2048 5610 dicisti,
2080 5542 2314 5608 tenuisti,
2346 5539 2540 5597 fecisti.
2573 5541 2677 5597 Fac
2707 5543 2844 5615 quod
2875 5543 3035 5612 facis,
3091 5545 3195 5601 noli
3241 5545 3416 5617 pigre-

1905 5701 1920 5734 ³
1947 5706 2076 5757 Lov.,
2098 5710 2185 5747 nec
2203 5697 2304 5758 ipse
2319 5697 2456 5754 dicit.
2519 5705 2574 5750 tit.

1903 5761 1928 5793 ‘
1949 5770 2071 5817 uss.
2099 5759 2260 5810 uolatu:
2273 5761 2308 5810 t.
