3850 6188
499 303 604 361 899

497 431 671 480 scere,
706 413 813 469 noli
829 425 1057 467 cessare.
1073 409 1172 478 Qui
1200 406 1620 478 perseveraverit
1642 419 1810 476 usque
1828 404 1882 460 in
1901 405 2080 472 linem,

499 507 586 562 hic
607 505 785 561 salvus
821 503 925 558 erit
953 501 1158 575 (Matth.
1185 515 1237 565 x,
1265 497 1380 571 22).
1427 499 1571 552 Bene
1616 495 1786 552 fecisti
1841 497 2079 563 homini,

502 598 737 666 ingratus
756 602 839 649 est
864 591 1024 646 hoino
1048 607 1060 644 :
1095 605 1200 645 non
1233 599 1283 644 te
1312 587 1569 660 paeniteat
1598 587 1736 642 bene
1757 587 1948 642 fecisse
1969 629 1983 651 ,
2017 602 2084 642 ne

495 687 686 743 fundas
721 683 1028 756 paenitendo
1056 682 1197 753 quod
1239 680 1469 749 implesti
1525 677 1861 734 miserando:
1894 677 1980 732 dic
2031 678 2080 731 in

489 777 660 833 corde
679 785 792 836 tuo.
811 774 926 830 Non
949 773 1092 828 videt
1121 773 1221 827 iste
1251 771 1302 825 in
1334 785 1489 840 quem
1521 769 1642 835 feci,
1675 767 1816 822 videt
1845 767 1933 822 ille
1957 782 2083 837 pro-

494 879 612 940 pter
640 882 797 938 quem
821 865 942 930 feci;
972 865 1095 934 quia
1123 863 1224 917 iste
1244 863 1286 917 si
1317 861 1542 926 videret,
1589 861 1633 913 si
1683 859 1921 928 ingratus
1974 871 2080 912 non

493 969 656 1027 esset,
680 959 779 1014 sibi
805 957 982 1028 potius
1011 970 1168 1026 quam
1195 953 1326 1008 mihi
1360 952 1650 1022 prodesset.
1671 950 1752 1004 Ad
1779 950 1943 1004 Deum
1991 964 2078 1004 me

424 1094 429 1102 .
495 1059 900 1117 teneam,quem
930 1061 1033 1100 non
1055 1046 1180 1099 latet
1209 1043 1348 1114 quod
1385 1043 1520 1097 facio
1553 1057 1568 1105 ;
1608 1055 1715 1094 non
1741 1040 1912 1094 solum
1940 1037 2082 1110 quod

498 1142 653 1204 facio,
675 1139 768 1195 sed
784 1142 943 1195 etiam
972 1136 1112 1208 quod
1138 1135 1299 1191 corde
1326 1134 1458 1191 facio
1494 1151 1507 1188 :
1539 1133 1688 1188 illum
1742 1147 1951 1204 sperem
1999 1146 2084 1186 re-

498 1233 832 1296 tributorem,
865 1229 952 1298 qui
981 1227 1102 1282 facti
1131 1227 1232 1282 mei
1259 1241 1362 1280 non
1393 1224 1808 1296 qumrittestem.
1837 1221 1980 1277 Talis
1998 1235 2078 1288 es,

497 1336 550 1381 et
575 1325 711 1380 forte
738 1325 788 1378 in
823 1324 1017 1393 populo
1049 1321 1138 1376 Dei
1171 1327 1278 1374 stat
1302 1319 1449 1389 juxta
1480 1327 1530 1372 te
1557 1330 1747 1371 avarus
1769 1325 1970 1385 raptor,
1995 1315 2080 1368 in-

499 1420 650 1472 hians
677 1418 836 1470 rebus
854 1416 1059 1470 alienis.
1084 1413 1252 1480 Quem
1283 1411 1420 1466 nosti
1451 1411 1631 1475 talem,
1668 1417 1723 1463 et
1749 1408 1918 1464 fidelis
1944 1405 2042 1462 'est
2063 1449 2078 1475 ,

488 1509 580 1563 vvel
602 1508 779 1576 potius
807 1504 975 1560 lidclis
996 1513 1236 1566 vocatur,
1268 1517 1373 1556 non
1401 1501 1521 1555 cum
1550 1509 1702 1569 potes
1751 1498 1818 1552 de
1855 1497 2081 1553 ecclesia

489 1598 718 1668 pellere,
747 1611 853 1651 non
871 1596 1034 1650 habes
1063 1595 1290 1663 aliquem
1318 1591 1518 1650 aditum
1543 1587 1851 1659 castigando
1879 1597 1933 1641 et
1964 1601 2083 1641 cor-

497 1688 740 1758 ripiendo
769 1687 1056 1757 corrigere,
1106 1697 1418 1739 accessurus
1444 1691 1526 1736 est
1555 1689 1728 1735 tecum
1765 1678 1830 1732 ad
1869 1678 2036 1732 altare
2063 1695 2080 1733 :

499 1781 607 1835 noli
632 1781 838 1843 timere;
871 1777 1222 1848 Unusquisque
1242 1773 1505 1846 proprium
1533 1787 1661 1826 onus
1685 1770 1921 1840 portabit.
1976 1769 2084 1823 Me-

500 1879 680 1926 mento
733 1869 990 1938 Apostoli,
1046 1875 1104 1921 ut
1155 1880 1375 1920 securus
1424 1862 1648 1918 accedas
1693 1859 2084 1929 :Unusquisque

501 1962 764 2033 proprium
791 1976 917 2014 onus
944 1952 1180 2030 portabit.
1213 1952 1604 2010 Tantummodo
1632 1966 1736 2007 non
1767 1951 1861 2006 tibi
1891 1951 2034 2006 dicat
2062 1989 2078 2015 ,

501 2054 658 2108 Porta
682 2066 909 2107 mecum.
941 2049 1071 2104 Nam
1101 2048 1148 2102 si
1175 2062 1294 2102 cum
1321 2045 1413 2100 illo
1460 2043 1854 2099 communicare
1900 2041 2082 2096 voluc-

497 2142 575 2198 ris
595 2141 893 2207 avaritiam,
925 2152 1060 2194 onus
1087 2151 1192 2191 non
1248 2135 1534 2200 minuetur,
1597 2131 1691 2188 sed
1743 2131 1849 2186 duo
1891 2144 2081 2202 grava-

496 2232 714 2288 buntur.
737 2230 920 2286 Portet
959 2243 1088 2299 ergo
1141 2227 1404 2282 sarcinam
1449 2237 1622 2290 suam,
1670 2230 1724 2277 et
1779 2231 1834 2276 tu
1889 2229 2078 2275 tuam:

489 2325 746 2397 quoniam
771 2322 985 2394 quando
1009 2338 1072 2376 ex
1104 2320 1341 2375 humeris
1371 2318 1629 2373 Dominus
1647 2324 1770 2370 tuus
1789 2314 1947 2370 talem
1964 2329 2080 2368 sar-

500 2417 673 2471 cinam
695 2414 946 2478 excussit,
980 2413 1201 2467 alteram
1229 2408 1522 2480 imposuit;
1550 2407 1786 2462 excussit
1826 2404 2082 2474 cupidita-

500 2508 586 2573 tis,
622 2506 873 2576 imposuit
899 2502 1196 2558 charitatis.
1225 2501 1366 2570 Ergo
1398 2497 1717 2568 .secundum
1769 2495 2082 2565 cupiditates

498 2597 710 2652 malas1
752 2594 1114 2662 unusquisque
1157 2591 1418 2645 sarcinam
1461 2603 1612 2644 suam
1660 2596 1858 2657 portat,
1913 2586 2084 2641 malus

499 2687 715 2751 malam,
749 2685 921 2740 bonus
940 2683 1155 2738 bonam.

577 2776 802 2832 CAPUT
831 2773 940 2830 Vll.
968 2804 1039 2814 —
1059 2773 1113 2828 9.
1151 2771 1319 2826 Onera
1341 2786 1456 2842 quat
1479 2769 1918 2824 communicanda.
1941 2766 2085 2822 Pau-

505 2879 696 2937 pertas,
721 2883 868 2921 onus.
902 2866 1106 2919 Divitiae
1124 2905 1138 2930 ,
1174 2880 1319 2918 onus.
1347 2863 1612 2918 Converte
1641 2871 1693 2916 te
1713 2862 1820 2932 jam
1843 2870 1896 2916 et
1921 2860 1985 2916 ad
2017 2861 2082 2914 il-

495 2960 592 3016 lud
615 2955 1202 3029 prscceptumJnvicem
1233 2971 1386 3008 onera
1436 2961 1601 3007 uestra
1643 2961 1860 3022 portate.
1908 2951 2083 3006 llabcs

494 3054 641 3108 enim
669 3053 932 3107 sarcinam
959 3049 1190 3111 Christi;
1219 3046 1358 3100 unde
1389 3053 1568 3114 portes
1607 3059 1726 3099 cum
1756 3044 1920 3098 altero
1945 3057 2083 3099 onus

500 3143 794 3214 proprium.
825 3142 1035 3209 Pauper
1064 3146 1165 3202 est,
1198 3137 1346 3191 dives
1371 3151 1430 3191 es
1461 3152 1476 3189 :
1503 3149 1638 3188 onus
1675 3133 1814 3188 illius
1857 3149 2084 3204 pauper-

503 3246 584 3288 tas
610 3243 726 3298 cst;
753 3241 806 3286 tu
831 3232 934 3286 tale
961 3243 1098 3285 onus
1124 3244 1228 3282 non
1253 3226 1434 3281 habes.
1460 3225 1593 3280 Vide
1621 3239 1687 3279 ne
1716 3223 1852 3278 forte
1881 3239 2000 3278 cum
2033 3232 2083 3279 te

498 3323 918 3394 interpellaverit
968 3335 1189 3391 pauper,
1240 3328 1294 3372 tu
1348 3317 1516 3383 dicas,
1570 3314 1921 3386 Unusquisque
1956 3333 2082 3370 onus

497 3418 759 3486 proprium
791 3412 1026 3483 portabit.
1058 3410 1153 3464 llic
1187 3409 1410 3462 alterum
1439 3413 1760 3476 praeceptum
1790 3406 1911 3467 audi
1945 3405 2082 3460 ειη-

497 3503 653 3562 viceni
687 3520 840 3559 onera
863 3513 1027 3558 vestra
1071 3509 1282 3571 portate.
1330 3499 1621 3568 Paupertas
1666 3513 1770 3550 non
1817 3506 1902 3551 est
1948 3514 2081 3552 onus

495 3611 700 3658 meutn,
724 3594 816 3650 sed
844 3603 928 3649 est
947 3605 1080 3647 onus
1101 3591 1278 3645 fratris
1304 3590 1426 3644 mei.
1463 3588 1591 3643 Vide
1635 3603 1702 3641 ne
1730 3587 1925 3642 divitia:
1975 3589 2082 3644 sint

497 3693 670 3762 majus
696 3708 829 3746 onus
855 3699 1024 3746 tuum.
1075 3689 1206 3744 Nam
1259 3704 1364 3742 non
1418 3687 1582 3743 habes
1618 3702 1753 3743 onus
1805 3695 2081 3758 pauperta-

499 3795 629 3852 tem,
660 3784 755 3840 sed
782 3783 945 3839 babes
976 3797 1112 3837 onus
1131 3781 1361 3835 divitias.
1381 3779 1437 3834 Si
1465 3781 1601 3835 bene
1643 3779 1904 3845 intendas,
1946 3793 2080 3832 onus

493 3886 598 3930 est.
627 3875 720 3930 ille
758 3873 982 3929 alterum
1005 3887 1140 3928 onus
1168 3871 1344 3934 habet,
1378 3879 1432 3924 tu
1465 3870 1712 3924 alterum.
1767 3869 1923 3924 Porta
1957 3883 2079 3922 cum

495 3968 603 4031 illo,
630 3974 685 4022 et
712 3974 886 4036 portet
915 3975 1110 4028 tecum.
1139 3972 1196 4018 ut
1220 3963 1444 4017 invicem
1471 3976 1634 4016 onera
1679 3969 1858 4015 vestra
1903 3967 2081 4030 porte-

495 4059 581 4113 tis.
611 4057 766 4125 Quod
794 4065 876 4112 est
904 4071 1048 4110 onus
1066 4052 1429 4125 paupertatis?
1449 4051 1559 4107 Non
1584 4051 1798 4106 habere.
1819 4050 1970 4118 Quod
1996 4057 2080 4104 est

491 4151 799 4228 divitiarum
822 4148 982 4204 onus?
1008 4147 1132 4202 Plus
1157 4162 1316 4218 quam
1343 4161 1476 4216 opus
1499 4155 1580 4201 est
1611 4144 1825 4198 habere.
1874 4143 1942 4197 Et
1990 4142 2080 4198 ille

493 4250 750 4297 oneratus
770 4251 872 4309 est,
903 4252 954 4297 et
973 4248 1029 4296 tu
1052 4249 1306 4295 oneratus
1331 4255 1412 4294 es.
1469 4239 1623 4294 Porta
1664 4252 1784 4292 cum
1830 4235 1920 4290 illo
1973 4251 2076 4290 non

493 4334 715 4401 habere,
745 4341 922 4403 portet
951 4340 1126 4386 tecum
1149 4332 1268 4400 plus
1315 4330 1553 4396 habere;
1597 4339 1655 4384 ut
1692 4330 1819 4382 ﬁant
1845 4329 2076 4398 aequales

493 4426 717 4480 sarcina:
745 4432 954 4478 vestrm.
983 4422 1038 4476 Si
1061 4423 1203 4475 enini
1230 4420 1442 4475 dederis
1487 4421 1760 4490 indigenti,
1783 4419 1979 4474 minuis
1999 4419 2075 4473 illi

493 4529 600 4568 non
631 4512 845 4566 babenti
873 4526 1007 4565 onus
1035 4511 1219 4581 ipsius,
1251 4509 1391 4580 quod
1419 4519 1533 4564 erat
1587 4526 1692 4564 non
1752 4511 1948 4565 habere
1983 4527 1996 4564 :
2029 4510 2075 4564 si

491 4603 541 4657 ei
559 4601 792 4664 dederis,
822 4600 1005 4670 incipit
1028 4600 1261 4665 habere;
1286 4600 1545 4652 minutum
1560 4609 1640 4654 cst
1658 4602 1731 4654 illi
1751 4615 1904 4666 onus,
1931 4599 2072 4670 quod

496 4700 716 4747 vocatur
743 4705 850 4744 non
879 4689 1077 4744 habere
1109 4706 1122 4742 :
1155 4687 1346 4742 minuit
1365 4698 1415 4742 et
1444 4690 1555 4757 ipse
1575 4705 1710 4744 onus
1734 4697 1899 4753 tuum,
1928 4689 2072 4760 quod

491 4793 710 4842 vocatur
728 4785 850 4855 plus
881 4783 1096 4839 habere.
1130 4782 1244 4836 Duo
1263 4781 1548 4837 ambulatis
1571 4783 1707 4837 viam
1738 4781 1830 4837 Dei
1871 4783 1922 4836 in
1979 4798 2067 4851 pe-

489 4878 850 4950 regrinatione
875 4875 1030 4945 hujus
1045 4874 1225 4930 surculi
1251 4892 1264 4928 :
1295 4882 1347 4928 tu
1381 4875 1630 4944 portabas
1676 4886 1916 4945 sumptus
1960 4889 2074 4927 ma-

489 4987 625 5044 gnos
645 4969 979 5042 superﬂuos;
1025 4969 1112 5025 ille
1167 4978 1342 5024 autem
1391 4975 1634 5039 sumptus
1661 4983 1765 5022 non
1797 4965 2066 5022 habebat:

489 5065 714 5122 adlttcsit
742 5064 856 5131 tibi,
877 5078 1057 5120 comes
1081 5072 1202 5118 tuus
1229 5078 1347 5118 esse
1374 5061 1682 5117 desiderans
1709 5078 1722 5127 ;
1754 5061 1860 5115 noli
1906 5061 2070 5132 negli-

486 5176 634 5233 gere,
659 5160 763 5214 noli
801 5174 1076 5230 spernere,
1106 5157 1214 5214 noli
1241 5158 1559 5227 relinquere.
1588 5155 1701 5210 Non
1733 5156 1880 5210 vides
1903 5171 2070 5226 quan-

489 5270 597 5309 .um
631 5253 852 5322 portes?
877 5250 1017 5305 Nihil
1049 5250 1273 5320 portanti
1323 5259 1378 5303 et
1415 5265 1521 5303 non
1577 5248 1789 5303 habenti
1829 5248 1896 5302 da
1944 5247 2068 5302 inde

483 5343 678 5415 aliquid
702 5384 716 5407 ,
744 5351 798 5397 et
823 5343 1072 5396 comitem
1124 5340 1416 5412 adjuvabis,
1451 5349 1506 5395 et
1532 5348 1582 5394 te
1604 5339 1884 5395 relevabis.
1920 5341 2065 5408 Apov

482 5435 668 5489 stolica
695 5434 957 5488 sententia
983 5433 1132 5499 satis,
1164 5441 1418 5502 quantum
1445 5433 1654 5501 opinor,
1700 5432 1936 5502 exposita
1960 5440 2059 5486 est.

555 5525 643 5580 10.
675 5523 953 5578 Donatista:
977 5525 1030 5578 in
1052 5523 1318 5579 schismate
1342 5533 1451 5595 post
1476 5521 1806 5579 Collationem
1837 5522 2061 5594 pertina-

481 5630 582 5667 ces.
604 5613 720 5668 Non
749 5615 900 5670 vobis
926 5613 1100 5672 fumos
1125 5615 1354 5672 vendant
1383 5615 1471 5688 qui
1514 5614 1696 5672 dicunt
1727 5631 1740 5670 :
1766 5614 1945 5672 Sancti
1965 5631 2060 5669 su-

543 5723 562 5753 ι
586 5717 733 5770 l‘orte
746 5752 763 5781 ,
785 5732 917 5772 suos.

1737 292 1793 350 S.
1830 289 2196 351 AUGUSTINI
2233 293 2541 352 EPISCOPI
3579 322 3660 378 θαι

2190 422 2330 475 mus,
2354 423 2460 463 non
2488 416 2764 479 portamus
2787 409 3022 464 sarcinas
3051 422 3237 470 vestras
3258 457 3272 480 ,
3296 418 3401 476 ideo
3425 427 3547 485 vobis
3581 451 3659 493 non

2190 499 2667 555 communieamus.
2693 499 2924 569 Majores
2948 501 3037 556 isti
3086 514 3285 572 portant
3324 515 3527 573 sarcinas
3564 525 3662 582 divi-

2190 587 2376 653 sionis,
2409 588 2642 658 majores
2678 599 2891 659 portant
2938 592 3169 649 sarcinas
3213 601 3660 675 meisionismrci.

2189 694 2286 734 nas
2311 679 2634 747 schismatis,
2659 683 2897 736 sarcinas
2925 682 3158 752 heresis,
3185 691 3400 748 sarcinas
3435 696 3662 758 dissensio.

2189 771 2291 836 nis,
2319 772 2556 826 sarcinas
2575 773 2928 830 animositatis
2955 817 2971 841 ,
3028 778 3254 836 sarcinas
3299 781 3518 843 falsorum
3555 799 3657 850 testi

2190 863 2512 930 moniorum,
2556 866 2796 921 sarcinas
2841 868 3274 929 calumniosarum
3301 879 3665 944 criminationem.

2190 955 2322 1011 istas
2349 957 2586 1012 sarcinas
2637 959 2818 1013 conati
2865 975 3067 1029 sumus,
3111 973 3165 1019 et
3200 981 3433 1026 conamur
3465 967 3668 1045 deponere

2188 1046 2254 1101 de
2277 1047 2514 1103 humeris
2535 1049 2755 1105 fratrum
2800 1061 3123 1110 nostrorum.
3173 1056 3250 1112 llli
3302 1072 3462 1118 amant
3489 1066 3582 1122 illas
3613 1080 3668 1124 te-

2187 1148 2374 1193 nentes
2391 1139 2456 1194 ad
2477 1155 2558 1206 se,
2591 1142 2828 1198 minores
2854 1159 2976 1199 esse
2999 1145 3201 1214 nolunt,
3224 1151 3338 1218 quia
3357 1152 3470 1223 ipsis
3505 1160 3670 1215 sarcinis

2190 1239 2511 1285 tumuerunt.
2540 1231 2674 1287 Nam
2702 1243 2756 1288 et
2779 1235 2869 1304 qui
2895 1237 3045 1304 ponit
3067 1240 3334 1306 sarcinam,
3366 1259 3500 1314 quam
3540 1259 3669 1318 gesta-

2188 1321 2276 1376 bat
2304 1323 2462 1391 collo,
2493 1325 2644 1394 quasi
2674 1327 2848 1380 minor
2895 1327 2971 1393 tit;
3000 1328 3095 1383 sed
3134 1331 3330 1400 pondus
3372 1338 3559 1406 posuit,
3595 1358 3669 1396 non

2187 1423 2464 1468 staturam.

2261 1507 2346 1559 ll.
2379 1506 2479 1574 Qui
2503 1509 2680 1564 tolerat
2700 1510 2861 1566 malas
2881 1527 2981 1566 non
3005 1527 3063 1566 eo
3089 1515 3195 1584 ipso
3221 1519 3517 1574 communicat
3550 1538 3671 1578 eorum

2186 1598 2426 1667 peccatis.
2455 1599 2561 1654 Sed
2582 1616 2703 1671 ego,
2733 1603 2909 1672 inquis
2936 1645 2950 1670 ,
3000 1619 3108 1660 non
3159 1610 3467 1664 communico
3505 1617 3674 1681 peccatis

2185 1689 2392 1743 alienis.
2419 1689 2581 1757 Quasi
2612 1692 2714 1748 hoc
2740 1693 2831 1749 tibi
2852 1695 3029 1750 dicam
3055 1713 3068 1750 :
3095 1696 3242 1764 Veni,
3265 1703 3552 1757 communica
3585 1721 3672 1774 pec-

2185 1781 2321 1836 catis
2350 1782 2565 1837 alienis.
2595 1783 2709 1839 Non
2737 1784 2840 1840 hoc
2867 1786 3010 1855 dico,
3034 1789 3156 1844 novi
3179 1790 3300 1859 quid
3341 1791 3468 1847 dicat
3506 1795 3673 1863 Aposto-

2186 1869 2272 1925 lus
2293 1889 2306 1924 :
2330 1871 2562 1927 sedillud
2591 1873 2731 1930 dico.
2763 1876 2988 1946 Propter
3013 1887 3225 1947 peccata
3244 1880 3422 1945 aliena,
3441 1882 3480 1936 si
3502 1898 3598 1939 vera
3613 1901 3673 1940 es-

2184 1969 2402 2024 sent,et
2427 1977 2532 2018 non
2557 1971 2644 2018 tua
2670 1966 2838 2035 magis
2881 1977 3106 2034 essent,
3147 1985 3347 2040 gregem
3397 1973 3477 2027 Dei
3516 1975 3674 2029 mixtum

2186 2051 2378 2107 ovibus
2419 2062 2474 2108 et
2503 2053 2672 2110 haedis
2713 2073 2818 2112 nou
2871 2058 3186 2125 descreres;
3214 2075 3380 2116 aream
3398 2063 3673 2132 dominicam,

2184 2143 2438 2212 quamdiu
2460 2146 2610 2214 palea
2637 2147 2936 2217 trituratur,
2965 2165 3078 2205 non
3101 2151 3428 2221 relinqueres;
3469 2156 3574 2209 retia
3610 2156 3675 2210 do-

2186 2233 2383 2289 minica
2407 2237 2660 2305 quamdiu
2687 2239 2857 2294 bonus
2878 2250 2932 2294 et
2959 2241 3134 2297 malos
3153 2243 3317 2312 pisces
3359 2242 3419 2298 ad
3463 2244 3579 2298 littus
3603 2253 3675 2297 trs-

2185 2322 2338 2391 bunt,
2367 2342 2471 2382 non
2497 2327 2878 2400 disrumperes.
2902 2331 2972 2386 Et
3001 2333 3288 2403 quomodo,
3332 2335 3502 2404 inquis,
3541 2333 3675 2388 ferrem

2183 2429 2344 2486 quem
2370 2419 2492 2473 novi
2515 2420 2739 2474 malum?
2764 2421 2948 2477 Nonne
2975 2423 3170 2478 melius
3191 2424 3352 2494 ipsum
3381 2425 3548 2491 ferres,
3569 2440 3676 2494 qnam

2185 2516 2241 2562 te
2266 2507 2408 2565 foras
2433 2510 2679 2567 ell'erres?
2708 2513 2846 2569 Ecce
2882 2515 3160 2584 quomodo
3186 2516 3344 2571 ferres
3369 2517 3432 2571 :si
3456 2516 3680 2571 attenderes

2188 2599 2500 2668 Apostolum
2521 2602 2807 2670 dicentem,
2840 2603 3196 2676 Unusquisque
3223 2607 3459 2678 proprium
3476 2622 3578 2659 onus
3598 2621 3680 2673 por-

2189 2693 2333 2758 tabit;
2361 2693 2612 2750 liberaret
2642 2704 2693 2750 te
2717 2697 2816 2750 ista
2844 2698 3135 2751 sententia.
3168 2697 3280 2752 Non
3320 2699 3448 2754 enim
3484 2712 3580 2752 cum
3621 2696 3682 2749 illo

2186 2787 2610 2842 communicares
2623 2789 2918 2854 avaritiam,
2948 2790 3052 2844 sed
3077 2791 3475 2846 communicares
3497 2805 3592 2844 cum
3621 2788 3684 2841 illo

2187 2876 2382 2932 Christi
2405 2892 2670 2933 mensam.
2700 2879 2767 2933 Et
2805 2880 2932 2949 quid
2985 2881 3090 2936 tibi
3127 2881 3372 2947 obesset,
3420 2881 3462 2935 si
3494 2893 3590 2934 cum
3625 2877 3685 2931 illo

2185 2969 2610 3023 communicares
2656 2969 2852 3024 Christi
2927 2974 3209 3026 mensam?
3260 2971 3519 3041 Apostolus
3561 2969 3684 3022 dicit:

2189 3057 2292 3124 Qui
2315 3063 2448 3114 enim
2475 3061 2746 3114 manducat
2771 3070 2817 3116 et
2839 3061 2956 3115 bibit
2985 3063 3216 3134 indigne,
3237 3062 3472 3133 judicium
3490 3060 3564 3115 sibi
3584 3074 3685 3111 man-

2185 3154 2336 3206 ducnt
2378 3162 2426 3208 et
2473 3153 2593 3207 bibit
2633 3153 2686 3222 (Ι
2710 3152 2826 3207 Cor.
2856 3169 2934 3217 χι,
2960 3153 3084 3225 29).
3115 3155 3244 3219 Sibi,
3277 3168 3376 3207 non
3401 3152 3499 3206 tibi.
3524 3151 3632 3204 Sane
3657 3147 3686 3199 si

2180 3243 2342 3313 jndex
2369 3258 2450 3310 es,
2473 3245 2516 3298 si
2531 3243 2802 3314 judicandi
2827 3245 3152 3312 petestatem
3168 3244 3427 3314 accepisti,
3446 3238 3688 3298 ecclesiasti-

2186 3347 2246 3387 ca
2268 3334 2452 3403 regula
2473 3375 2487 3400 ,
2519 3335 2562 3388 si
2588 3335 2726 3404 apud
2748 3344 2800 3389 te
2821 3345 3128 3400 accusatur,
3175 3337 3218 3390 si
3263 3336 3394 3389 veris
3433 3330 3690 3388 documentis

2189 3423 2514 3493 testibusque
2535 3424 2888 3491 convincitur,
2917 3440 3114 3481 coerce
3133 3467 3148 3490 ,
3176 3427 3382 3495 corripe
3401 3467 3414 3490 ,
3449 3434 3688 3479 excommu-

2187 3514 2324 3578 nica,
2349 3513 2600 3584 degrada.
2633 3515 2724 3570 Sic
2752 3515 2932 3586 vigilet
2961 3517 3267 3581 tolerantia,
3287 3527 3342 3571 ut
3383 3531 3478 3571 non
3525 3511 3692 3569 dormiat

2183 3605 2479 3676 disciplina.

2255 3698 2482 3754 CAPUT
2505 3697 2641 3754 Vill.
2673 3728 2744 3740 —
2768 3697 2856 3754 12.
2884 3697 3194 3754 Ctzcilianus
3237 3699 3406 3754 absens
3451 3704 3493 3750 et
3521 3695 3692 3749 innocens

2184 3791 2446 3846 damnatur
2462 3831 2474 3844 .
2496 3791 2653 3862 Leges
2672 3790 3052 3858 Imperatorum
3077 3802 3256 3847 contra
3276 3789 3554 3845 Donatista.
3578 3780 3690 3838 Caci-

2184 3883 2350 3937 lianus
2378 3892 2453 3936 ter
2494 3883 2772 3938 absolutus.
2823 3882 3144 3939 Primianus.
3197 3883 3303 3940 Sed
3350 3882 3595 3936 damnatus
3614 3880 3690 3930 est.

2185 3971 2448 4039 inquiunt,
2498 3971 2836 4028 Cmcilianus.
2889 3973 3224 4028 Damnatus?
3252 3974 3293 4028 Α
3325 3967 3533 4042 quibus?
3569 3963 3692 4018 Primo

2182 4063 2377 4118 absens
2408 4104 2424 4129 ,
2464 4061 2659 4118 deinde
2722 4078 2752 4118 a
2795 4061 3175 4120 Traditoribus
3217 4064 3481 4118 innocens.
3520 4055 3693 4122 Allegala

2183 4161 2311 4209 sunt
2339 4153 2652 4220 ista,Gestis
2680 4155 2902 4222 inserta,
2929 4155 3160 4225 probata
3185 4163 3328 4210 sunt.
3362 4151 3596 4207 Eaervare
3620 4139 3694 4210 τιοί-

2181 4246 2304 4302 dem
2333 4245 2476 4301 vires
2507 4246 2744 4301 veritatis
2769 4247 2946 4302 conati
2995 4255 3143 4312 sunt.
3192 4254 3250 4302 et
3289 4243 3510 4300 inanium
3539 4230 3695 4292 nebulis

2184 4339 2611 4409 prosecutionum
2639 4339 2656 4370 ¹
2683 4338 2802 4409 ejus
2821 4338 3170 4394 serenitatem
3208 4336 3454 4392 nebulare
3474 4373 3486 4396 ,
3505 4333 3696 4398 quantum

2182 4438 2487 4500 potuerunt,
2513 4428 2649 4485 enisi
2674 4437 2816 4484 sunt.
2838 4429 3020 4483 Adfuit
3041 4430 3326 4490 Dominus,
3348 4425 3470 4479 vicit
3501 4413 3700 4475 serenitas

2179 4523 2298 4590 ejus
2325 4520 2548 4576 nebulas
2590 4535 2797 4576 eorum.
2837 4520 2904 4574 Et
2947 4520 3130 4576 videte
3159 4516 3427 4589 quomodo
3470 4508 3700 4566 nesciean

2180 4614 2525 4669 absolverunt
2551 4612 2842 4668 Ecclesium
2873 4612 3018 4666 orbis
3046 4622 3334 4676 terrarum,
3351 4606 3496 4677 cujus
3517 4608 3700 4655 commu-

2179 4706 2341 4762 nione
2391 4706 2718 4777 gaudemus,
2765 4705 3185 4776 qualescumque
3231 4705 3282 4756 in
3319 4716 3378 4756 ca
3416 4699 3580 4752 simus.
3618 4686 3700 4741 Non

2180 4799 2324 4867 ipsos
2346 4813 2462 4862 nos,
2492 4798 2586 4854 sed
2615 4798 2782 4868 ipsam
2805 4807 3032 4863 tuemur,
3055 4795 3414 4858 defendimus,
3441 4780 3701 4843 obtinemus.

2178 4907 2358 4946 aream
2388 4891 2708 4945 dominicam
2762 4888 3095 4946 defendendo
3127 4931 3142 4954 ,
3199 4902 3298 4958 pro
3344 4897 3463 4940 area
3493 4871 3701 4934 dominic:l

2176 4983 2367 5038 clamo.
2399 4982 2476 5036 Tu
2504 4982 2623 5052 quis
2654 4982 2705 5036 in
2730 4996 2791 5035 ea
2841 4981 2962 5044 sim,
3011 4979 3138 5035 nolo
3183 4991 3382 5034 cures:
3413 4965 3702 5028 ventilabrum

2177 5083 2430 5144 exspecto
2455 5073 2668 5144 (Matth.
2703 5089 2780 5135 III,
2806 5072 2918 5142 12).
2937 5071 3088 5136 Nolo,
3118 5071 3336 5140 inquam
3360 5109 3374 5131 ,
3427 5067 3517 5118 Ιιοο
3543 5065 3699 5144 om?“

2174 5173 2267 5218 aut
2286 5165 2328 5218 si
2358 5179 2548 5218 curare
2569 5164 2668 5226 vis,
2687 5163 2795 5218 noli
2815 5141 2937 5216 cum
2967 5162 3058 5216 lite
3087 5174 3301 5224 curare,
3334 5165 3389 5210 ut
3429 5148 3584 5223 possis
3619 5141 3702 5196 ira—

2177 5263 2310 5309 trem
2343 5269 2556 5309 sanare.
2583 5254 2722 5308 Cura
2747 5253 2977 5322 paleam,
3020 5251 3064 5305 si
3123 5259 3278 5320 potes
3317 5265 3330 5302 :
3386 5243 3475 5300 sed
3518 5235 3701 5294 triticum

2174 5344 2282 5400 noli
2311 5344 2631 5413 relinquere,
2661 5343 2704 5397 si
2734 5343 2935 5412 paleam
2973 5355 3162 5396 curare
3202 5354 3306 5393 non
3356 5345 3511 5404 potes.
3562 5325 3698 5380 Exeuv

2173 5438 2377 5493 tiuntur
2404 5435 2686 5505 aliquando
2713 5434 2782 5490 de
2818 5449 2943 5490 area
2973 5430 3239 5487 dominica
3279 5439 3334 5484 et
3359 5425 3511 5496 palea!
3532 5435 3544 5482 ;
3569 5417 3701 5508 ίιιίθτς

2171 5529 2300 5585 dum
2330 5538 2386 5584 et
2404 5501 2588 5599 grana,
2614 5527 2709 5582 sed
2739 5542 2845 5581 non
2892 5527 3062 5597 longe.
3094 5522 3240 5578 Sunt
3289 5529 3460 5574 autem
3503 5501 3693 5579 operarii

2232 5664 2248 5695 ¹
2271 5661 2406 5725 mli.
2424 5659 2820 5725 Persewtimztm.
2833 5660 3002 5712 verius
3014 5653 3343 5719 manuscripu,
3354 5641 3696 5719 ρνοειιαιιίαιωη,

2168 5724 2216 5777 id
2237 5733 2314 5777 est
2333 5724 2666 5789 litigationum.
