3850 6188
179 253 292 312 οιιι

180 369 342 433 boni,
398 369 731 425 circumeunt
768 382 949 426 aream
973 411 990 437 ,
1035 379 1090 426 et
1124 385 1192 426 ea
1233 385 1349 443 quae
1392 371 1521 429 foris
1562 389 1783 429 excussa

173 463 338 521 sunt,
369 453 690 524 quibusdam
718 455 1069 511 mundatoriis
1097 455 1313 510 trahunt
1339 465 1391 511 et
1434 469 1686 513 revocant
1729 459 1782 513 in

173 545 522 610 aream,etsi
549 544 810 600 trahendo
834 587 850 613 ,
895 547 995 603 etsi
1036 546 1293 618 cogendo.
1347 546 1780 603 Mundatoriain-

174 645 488 692 strnmenta
512 645 642 691 sunt
667 637 812 707 leges
832 639 948 692 ista:
977 638 1278 693 mundanae.
1311 638 1524 694 Revoca
1550 680 1565 704 ,
1617 639 1780 694 etiam

173 743 306 782 cum
338 737 483 783 terra
511 727 660 782 trahe
683 728 934 794 triticum,
985 746 1051 784 ne
1097 739 1314 800 propter
1357 739 1552 785 terram
1594 741 1780 802 pereat

165 782 446 902 iunicum.
493 818 786 873 Damnatus
825 829 937 886 est,
969 819 1253 890 inquiunt,
1304 821 1635 878 Caecilianus.
1685 823 1780 877 Da-

180 920 342 965 natus
371 921 457 965 est
487 911 656 966 semel
687 911 901 979 absens,
957 921 1038 966 ter
1078 914 1354 969 absolutus
1395 925 1477 970 est
1519 932 1774 984 presens.

181 1001 588 1072 Respondimus
613 1002 712 1068 eis;
729 1011 783 1056 et
800 1002 1046 1059 homines
1066 1004 1323 1060 indociles
1341 1047 1356 1069 ,
1401 1018 1658 1076 quantunt
1685 1024 1778 1076 po-

182 1094 407 1158 tuimus,
431 1092 667 1148 breviter
692 1093 760 1148 de
785 1094 898 1148 suis
924 1095 1077 1150 lactis
1095 1095 1487 1164 admonuimus,
1543 1109 1598 1154 et
1639 1099 1778 1154 dixi-

185 1199 306 1238 mus
321 1201 339 1240 :
356 1183 497 1250 Quid
519 1183 760 1240 recitatis
780 1196 966 1241 contra
987 1185 1326 1244 Caecilianum
1373 1191 1653 1246 concilium
1686 1207 1775 1248 se-

187 1275 456 1344 ptuaginta
483 1275 878 1344 episcoporum,
909 1277 1204 1334 sententias
1249 1279 1302 1333 in
1331 1279 1607 1336 absentem
1650 1297 1776 1350 pro-

188 1364 496 1418 ferentium?
525 1365 715 1420 Plures
759 1365 978 1435 prolatae
1031 1376 1156 1423 sunt
1205 1383 1234 1423 a
1263 1369 1772 1426 Maximianistarum

188 1452 414 1509 concilio
432 1464 620 1510 contra
657 1455 932 1512 absentem
983 1457 1332 1515 Primianum.
1364 1461 1634 1518 Diximus:
1659 1464 1772 1518 Ab-

196 1560 318 1599 sens
339 1545 410 1599 ab
431 1545 540 1600 illis
554 1546 838 1602 damnatus
862 1557 944 1604 est
963 1548 1318 1616 Caeciliamus,
1350 1552 1542 1608 absens
1567 1554 1634 1610 ab
1661 1555 1774 1610 istis

191 1635 470 1692 damnatus
489 1646 575 1692 est
601 1637 922 1695 Primianus.
970 1640 1250 1709 Quomodo
1267 1643 1350 1697 isti
1373 1659 1476 1698 non
1525 1645 1774 1716 praejudi-

193 1738 308 1782 eant
333 1730 542 1786 absenti
560 1730 852 1799 Primiano,
875 1732 953 1788 sic
977 1739 1034 1788 et
1058 1733 1132 1788 illi
1159 1734 1507 1805 praejudicare
1531 1751 1636 1792 non
1678 1753 1774 1808 po-

197 1830 400 1875 tuerunt
419 1823 632 1878 absenti
655 1824 957 1881 Caeciliano.

259 1911 477 1969 CAPUT
522 1912 614 1968 1X.
639 1916 827 1970 -13.
861 1913 1140 1972 Donatista
1180 1934 1273 1973 sua
1310 1918 1534 1990 ipsorum
1570 1930 1770 1976 senten-

196 2001 260 2054 tia
288 2001 535 2057 damnati.
559 2003 694 2072 Quid
725 2020 816 2062 eos
847 2009 1043 2076 putatis
1080 2011 1135 2062 in
1159 2008 1257 2064 hac
1277 2015 1516 2080 angustia
1543 2028 1768 2084 respon-

197 2096 367 2151 disse?
403 2097 545 2166 Quid
593 2099 734 2153 enim
783 2100 1058 2156 dicerent?
1099 2101 1210 2169 Qua
1249 2103 1544 2160 evaderent
1580 2107 1768 2162 inclusi

197 2188 381 2242 retibus
411 2189 694 2245 veritatis?
720 2189 790 2244 Ut
826 2190 940 2247 hmc
978 2192 1111 2247 retia
1143 2193 1400 2249 violenter
1438 2209 1765 2264 rumperent,

195 2281 304 2349 quid
329 2281 584 2336 dixerunt
610 2281 840 2338 breviter
865 2292 921 2339 et
945 2282 1188 2340 absolute
1220 2301 1316 2356 pro
1341 2287 1532 2342 nobis?
1559 2288 1624 2342 Et
1647 2289 1766 2358 qui-

195 2371 300 2426 dem
328 2372 519 2437 multa,
543 2381 592 2428 et
620 2388 758 2443 pene
781 2375 956 2430 omnia
982 2389 1084 2445 pro
1098 2377 1272 2443 nobis,
1296 2379 1433 2433 sicut
1455 2377 1613 2434 Gesta
1637 2381 1770 2436 indi-

195 2461 390 2527 cabunt,
418 2479 543 2530 quin
573 2463 685 2534 jam
724 2467 1066 2534 proponenda
1097 2477 1270 2524 vestra
1296 2468 1538 2525 Charitas
1569 2471 1767 2529 lectura

196 2561 283 2604 est.
310 2551 412 2607 Sed
450 2552 556 2608 hoc
583 2553 700 2610 loco
730 2569 860 2627 rogo
880 2572 996 2624 vos,
1025 2567 1080 2614 et
1106 2559 1330 2615 obsecro
1359 2576 1452 2630 per
1472 2562 1763 2631 Christum,

197 2649 245 2696 ut
267 2645 506 2709 teneatis,
546 2646 756 2711 dicatis,
788 2649 840 2703 in
863 2664 957 2705 ore
984 2665 1198 2723 semper
1236 2651 1492 2709 habeatis.
1527 2654 1643 2711 Non
1677 2672 1767 2726 po-

195 2737 280 2789 luit
299 2737 440 2791 enim
492 2752 592 2808 pro
635 2739 790 2795 nobis
834 2741 1064 2808 brevior,
1105 2753 1159 2799 et
1189 2745 1405 2809 certior,
1440 2755 1494 2801 et
1520 2747 1769 2818 liquidior

191 2825 299 2884 ferri
341 2830 633 2908 sententia.
679 2830 814 2899 Quid
853 2847 982 2902 ergo
1018 2833 1171 2901 dixit,
1202 2851 1322 2891 cum
1361 2835 1464 2892 hoc
1501 2838 1765 2908 objicere-

190 2933 293 2973 trus
321 2935 335 2971 :
368 2905 466 2974 Sic
500 2935 608 2975 non
646 2921 994 2992 przejudicant
1030 2925 1117 2980 isti
1155 2923 1456 2994 Caeciliano,
1501 2905 1766 2999 quomodo

187 3023 274 3064 nec
324 3010 403 3065 illi
465 3011 754 3069 Primiano.
804 3016 868 3071 Et
911 3017 999 3074 ille
1055 3017 1305 3076 defensor
1352 3021 1613 3078 illorum:
1653 3023 1766 3078 Nec

184 3119 324 3157 causa
361 3121 537 3160 causa
573 3107 893 3178 praeiudicat,
932 3127 1021 3164 nec
1059 3129 1273 3182 persona
1297 3131 1525 3183 persona:
1547 3116 1762 3188 (Brevia.

184 3191 475 3250 Collationis
498 3213 618 3251 cum
655 3197 956 3267 Donatistis,
1001 3202 1086 3258 die
1129 3204 1185 3271 '5,
1214 3221 1329 3274 cap.
1363 3207 1450 3272 16,
1480 3225 1532 3262 ιι.
1575 3207 1690 3282 28).
1721 3210 1764 3266 Ο

181 3301 491 3356 responsum
521 3288 704 3352 breve,
731 3290 1012 3360 liquidum,
1043 3298 1258 3352 verum!
1289 3296 1404 3354 Non
1430 3299 1573 3355 enim
1613 3302 1766 3358 scivit

179 3379 296 3449 quid
335 3380 502 3446 dixit;
547 3382 641 3437 sed
682 3383 892 3454 Caiphae
937 3385 1145 3452 similis,
1187 3404 1308 3444 cum
1345 3403 1490 3448 esset
1531 3395 1764 3463 pontifex

179 3470 519 3541 prophetavit
551 3471 729 3543 (Joan.
763 3491 840 3540 xt,
868 3475 959 3548 49)
995 3492 1010 3530 :
1045 3477 1154 3533 Nec
1182 3497 1338 3536 causa
1373 3499 1541 3540 causae
1575 3487 1764 3556 praeiu-

181 3560 324 3626 dicat,
352 3578 447 3616 nec
479 3579 692 3633 persona
734 3582 976 3634 pet-sonte.
1017 3567 1072 3623 Si
1103 3585 1202 3626 nec
1234 3586 1392 3628 causa
1427 3589 1624 3642 causae,
1666 3593 1765 3634 nec

182 3666 397 3720 persona
446 3667 690 3723 persona!
735 3656 1061 3726 praejudicat,
1107 3676 1234 3731 ergo
1263 3665 1625 3736 unusquisque
1651 3686 1765 3724 sar-

183 3745 346 3799 cinam
370 3760 524 3800 suam
558 3755 753 3816 portat.
779 3747 882 3803 Eat
911 3766 1049 3805 nunc
1073 3761 1128 3806 et
1157 3753 1368 3822 obiiciat
1409 3756 1500 3812 tibi
1527 3756 1766 3814 Caecilia-

183 3849 299 3888 nunt
330 3853 344 3890 :
376 3851 487 3890 non
515 3835 610 3891 tibi
641 3837 955 3910 cuicumque
997 3841 1218 3909 homini,
1253 3844 1347 3901 sed
1383 3847 1483 3917 ipsi
1510 3849 1625 3904 orbi
1657 3860 1764 3907 ter-

182 3941 348 3980 rarum
375 3926 599 4004 obiiciat
634 3929 994 3986 Caecilianum.
1017 3933 1166 4002 Quod
1195 3951 1317 3993 cum
1343 3938 1486 4009 facit,
1507 3943 1764 4003 innocen-

183 4018 509 4088 temobjicit
554 4020 944 4081 innocentibus.
995 4027 1219 4084 Prorsus
1262 4031 1421 4088 Gesta
1460 4035 1764 4096 indicabunt

184 4107 547 4178 liquidissime.
591 4111 853 4185 Purgatus
895 4127 975 4172 est
1015 4117 1347 4177 Caecilianus.
1387 4123 1493 4181 Sed
1527 4126 1613 4184 fac
1640 4145 1762 4185 eum

183 4216 281 4256 non
310 4213 613 4274 purgatum,
642 4205 724 4263 fac
741 4209 1080 4268 criminosum
1105 4213 1410 4283 inventum;
1434 4220 1557 4275 audi
1576 4237 1761 4279 vocem

187 4300 319 4346 tuam
344 4294 417 4348 ab
445 4294 578 4350 orbe
609 4304 870 4352 terrarum
903 4317 917 4354 :
954 4300 1062 4356 Nec
1103 4319 1254 4358 causa
1290 4323 1474 4372 causa},
1520 4327 1610 4366 nec
1643 4330 1760 4383 per-

185 4398 297 4437 sona
325 4403 558 4456 persona
579 4391 897 4461 prejudicat.
929 4395 1116 4449 Anima
1139 4395 1406 4465 haeretica,
1432 4403 1760 4471 insanabilis,

186 4474 434 4540 animosa,
473 4491 596 4533 cum
633 4481 804 4546 40bit]
851 4491 904 4537 te
948 4487 1264 4542 sententiam
1311 4489 1476 4558 dicas,
1529 4493 1761 4562 judicent

188 4570 297 4636 quid
323 4573 578 4629 accusas?
601 4575 839 4632 Siniilum
869 4595 969 4648 ego
1002 4584 1242 4653 corrupi,
1275 4595 1334 4640 ut
1369 4587 1634 4656 judicaret
1670 4607 1764 4661 pro

185 4670 294 4721 tne;
327 4670 377 4714 te
396 4663 515 4731 quis
540 4669 796 4736 corrupit,
832 4678 888 4724 ut
907 4670 1192 4729 damnares
1216 4675 1303 4730 te?

247 4751 468 4806 CAPUT
520 4753 590 4809 Χ.
614 4758 792 4813 -14.
815 4757 1108 4817 Donatistas
1126 4765 1250 4834 quid
1265 4767 1316 4821 in
1337 4784 1507 4824 errore
1523 4771 1761 4828 detineat.

184 4836 386 4895 Utinam
432 4843 549 4902 hmo
592 4849 881 4919 aliquando
917 4856 1167 4924 cogitent,
1214 4860 1297 4914 vel
1340 4875 1462 4917 sero
1508 4867 1760 4936 cogitent,

181 4932 258 4984 vel
313 4933 715 5000 detumescente
762 4943 1100 5004 animositate
1142 4952 1407 5022 cogitent;
1445 4955 1514 5010 ad
1641 4932 1766 5015 red;

183 5032 322 5090 eant,
346 5041 408 5081 se
425 5027 798 5102 iuungam,
824 5049 884 5091 se
911 5037 1216 5106 discutiant,
1257 5043 1357 5098 sibi
1384 5049 1762 5116 respondeant,

175 5127 276 5182 pro
303 5118 525 5175 veritate
549 5139 652 5178 non
678 5126 900 5183 timeant
921 5133 1229 5202 eos-quibus
1260 5133 1547 5196 falsitatem
1574 5140 1764 5197 diutis-

175 5210 312 5263 sime
338 5213 710 5272 vendiderunt.
745 5218 892 5297 Ipsos
921 5224 1063 5278 enim
1097 5227 1284 5282 timent
1309 5229 1616 5298 offendere;
1642 5251 1766 5290 eru-

173 5295 400 5356 bescunt
426 5303 672 5364 humana:
714 5296 1025 5380 inﬁrmitati,
1053 5324 1108 5371 et
1136 5333 1240 5372 non
1269 5295 1764 5381 erubescunt—invi-

171 5387 424 5476 ctissitnx
454 5397 691 5454 veritati.
723 5399 913 5472 Utique
943 5404 1045 5462 hoc
1069 5407 1277 5476 timent,
1311 5426 1376 5466 ne
1401 5413 1610 5469 dicatur
1637 5418 1715 5471 eis
1748 5435 1762 5472 :

170 5475 348 5543 Quare
391 5499 520 5555 ergo
578 5503 678 5543 nos
721 5490 1039 5562 decepistis?
1085 5512 1253 5568 quare
1300 5517 1400 5558 nos
1447 5503 1766 5562 seduxistis?

167 5581 337 5638 quare
365 5581 507 5630 tanta
531 5579 669 5633 mala
702 5591 753 5635 et
779 5582 907 5641 falsa
935 5586 1185 5644 dixistis?
1228 5591 1572 5663 Respondere
1599 5595 1766 5656 debe-

177 5675 317 5734 rent,
342 5665 391 5720 si
427 5665 596 5726 Deum
627 5672 871 5732 timerent
915 5695 929 5733 :
959 5678 1263 5740 Humanum
1295 5686 1391 5743 fuit
1420 5703 1627 5753 errare,
1649 5689 1767 5750 dia-

1554 261 1784 319 SERMO
1819 261 2024 318 CLXV.

3370 276 3474 336 903

1891 372 2122 428 bolicum
2148 383 2227 430 est
2259 391 2352 446 per
2373 379 2765 453 animositatem
2795 385 2849 438 ln
2883 398 3070 440 errore
3088 399 3325 444 manere.
3362 391 3475 448 Mea

1888 465 1992 520 lius
2019 467 2232 537 quidem
2259 478 2374 523 erat
2392 471 2436 525 si
2457 488 2721 543 nunquam
2749 488 3049 530 erraremus
3077 479 3205 534 :sed
3227 482 3311 537 vel
3332 488 3475 552 quod

1887 557 2178 612 secundum
2205 568 2288 614 est
2317 559 2590 629 faciamus,
2624 572 2681 618 ut
2717 579 2954 620 errorem
2982 565 3265 637 aliquando
3289 586 3473 628 emen-

1888 646 2094 703 demus.
2123 649 2458 719 Decepimus,
2485 653 2608 722 quia
2639 653 2845 724 decepti
2878 670 3092 712 eramus
3119 676 3134 713 :
3162 659 3292 715 falsa
3328 679 3470 732 pra:-

1886 738 2201 806 dicavintus,
2259 744 2349 812 qui
2394 745 2802 814 praedicantibus
2865 748 2994 806 falsa
3052 752 3374 812 credidimus
3428 759 3468 813 ³.

1886 830 2074 886 Dicant
2092 832 2203 888 suis
2220 850 2237 888 :
2255 834 2424 889 Simul
2448 837 2762 902 erravimus,
2783 839 2940 894 simul
2955 841 3022 896 ab
3047 857 3231 899 errore
3252 847 3472 902 receda-

1885 935 2026 976 mus.
2057 921 2232 978 Duces
2270 925 2419 981 vobis
2461 928 2654 983 fuimus
2679 929 2747 983 ad
2773 929 3002 996 foveam,
3033 942 3088 988 et
3127 937 3294 992 secuti
3341 939 3470 995 estis

1882 1014 2002 1066 cdm
2029 1012 2347 1070 duceremus
2374 1016 2442 1072 ad
2469 1018 2707 1086 foveam;
2749 1029 2802 1075 et
2845 1037 2987 1078 nunc
3023 1025 3304 1093 sequimini
3345 1043 3467 1085 cum

1881 1101 2124 1160 ducimus
2142 1104 2208 1160 ad
2237 1104 2550 1163 Ecclesium.
2579 1109 2807 1166 Possent
2832 1111 2932 1167 ista
2958 1113 3137 1170 dicere
3155 1133 3169 1170 :
3187 1115 3470 1188 indignan-

1885 1193 2023 1248 tibus
2053 1195 2308 1264 dicerent,
2350 1199 2497 1256 iratis
2519 1200 2778 1266 dicerent,
2806 1205 3088 1275 aliquando
3118 1216 3167 1264 et
3195 1209 3269 1263 illi
3297 1226 3470 1280 pone-

1882 1296 1994 1340 rent
2026 1287 2462 1358 indignationem,
2494 1302 2738 1350 amarent
2757 1296 2840 1350 vel
2859 1311 2982 1352 sero
3011 1297 3291 1354 unitatent.

1955 1377 2039 1432 15.
2067 1376 2321 1435 Patientia
2336 1383 2387 1435 in
2409 1383 2547 1452 ipsos
2568 1386 2866 1441 exhibenda.
2895 1387 3005 1444 Nos
3031 1398 3226 1456 tamen,
3255 1392 3466 1461 fratres,

1881 1467 2142 1535 patientes
2169 1470 2308 1525 circa
2337 1472 2458 1527 illos
2487 1473 2673 1529 simus.
2705 1476 2764 1530 ln
2788 1475 2998 1534 fervore
3024 1488 3150 1534 sunt
3185 1488 3242 1536 et
3260 1490 3468 1540 tumore

1879 1559 2017 1613 oculi
2045 1575 2179 1630 quos
2220 1577 2487 1619 curamus.
2534 1565 2649 1622 Non
2687 1568 2809 1624 dico
2851 1577 2906 1625 ut
2945 1585 3135 1628 curare
3161 1588 3465 1640 cessemus;

1845 1648 1972 1703 sed
1997 1659 2060 1704 ut
2096 1667 2201 1707 non
2242 1653 2670 1714 insultationibus
2707 1659 2774 1714 ad
2811 1661 3042 1732 majores
3087 1665 3469 1720 amaritudines

1878 1754 2260 1812 provocemus;
2311 1749 2570 1804 rationem
2623 1751 2814 1808 leniter
2861 1755 3147 1810 reddamus
3171 1798 3188 1822 ,
3238 1774 3344 1812 non
3398 1759 3468 1814 de

1877 1832 2095 1889 victoria
2141 1838 2368 1906 superbe
2412 1841 2758 1897 exsultemus.
2817 1844 3030 1899 Servum
3075 1847 3218 1902 enim
3265 1847 3468 1904 Domini

1877 1924 2075 1993 litigare
2103 1943 2204 1981 non
2227 1938 2441 1998 oportet,
2471 1933 2763 2002 Apostolus
2787 1934 2936 2002 dicit,
2964 1937 3054 1991 sed
3077 1939 3244 1993 mitem
3267 1957 3375 1996 esse
3399 1941 3467 1996 ad

1874 2030 2065 2080 omnes,
2097 2017 2384 2085 docibilem,
2415 2023 2706 2091 patientem,
2739 2025 2792 2079 in
2834 2027 3078 2082 modestia
3115 2032 3468 2102 corripientem

1875 2105 2073 2161 diversa
2100 2109 2365 2164 sentientes
2395 2127 2414 2164 :
2437 2128 2500 2164 ne
2527 2113 2658 2181 forte
2695 2115 2777 2168 det
2804 2117 2908 2170 illis
2934 2117 3074 2174 Deus
3101 2123 3462 2190 paenitentiam,

1874 2206 1921 2249 et
1949 2197 2268 2268 resispiscrint
2295 2216 2327 2252 a
2351 2201 2540 2255 diaboli
2565 2202 2780 2271 laqueis,
2817 2223 2849 2258 a
2883 2223 2983 2274 quo
3017 2210 3201 2279 captivi
3239 2220 3467 2268 tenentur

1873 2287 2148 2341 secundum
2186 2289 2344 2359 ipsius
2373 2290 2676 2347 voluntatem
2706 2294 2771 2365 (ΙΙ
2812 2293 2946 2350 Tim.
2993 2313 3052 2365 tt,
3098 2299 3309 2372 24-26).
3358 2304 3465 2360 Pa-

1877 2378 2072 2434 tienter
2111 2393 2239 2450 ergo
2281 2381 2434 2448 ferte,
2478 2383 2523 2438 si
2573 2385 2688 2438 sani
2736 2387 2884 2453 estis,
2916 2388 3178 2457 patienter
3219 2391 3370 2458 ferte,
3409 2395 3463 2449 in

1872 2478 2126 2546 quantum
2164 2470 2277 2525 sani
2304 2473 2456 2527 estis.
2499 2472 2628 2528 Nam
2673 2477 2791 2545 quis
2840 2478 3071 2546 perfecte
3108 2483 3304 2538 sanus?
3327 2483 3463 2540 Cum

1872 2560 1988 2615 Rex
2012 2542 2188 2631 justus
2221 2561 2422 2618 sederit
2460 2564 2512 2618 in
2545 2542 2757 2633 throno,
2800 2542 2918 2637 quis
2955 2569 3269 2640 gloriabitur
3310 2591 3467 2630 mutt-

1871 2650 1998 2706 dum
2038 2667 2098 2707 se
2139 2651 2335 2708 habere
2363 2669 2477 2722 cor,
2508 2664 2599 2710 aut
2625 2657 2745 2727 quis
2785 2659 3097 2727 gloriabitur
3122 2664 3376 2720 mundutn
3404 2682 3464 2724 se

1870 2754 1990 2796 esse
2014 2755 2044 2794 a
2069 2750 2288 2811 peccato
2318 2742 2496 2814 (Prov.
2528 2761 2616 2813 xx,
2647 2746 2743 2802 Set
2769 2747 2865 2818 9)?
2889 2749 3030 2819 Ergo
3049 2753 3298 2822 quamdiu
3331 2757 3466 2812 tales

1870 2844 2077 2894 sumus,
2111 2832 2213 2888 hoc
2240 2833 2394 2888 nobis
2422 2834 2702 2901 debemus,
2737 2847 2791 2892 ιιι
2827 2839 3055 2896 invicem
3081 2857 3245 2900 onera
3282 2856 3461 2902 nostra

1872 2907 2164 2992 portemus.
2189 2921 2446 2980 Conversi
2478 2926 2545 2982 ad
2571 2927 2879 2996 Dominum,
2911 2939 3018 2987 etc.

2331 3034 2564 3093 SERMO
2613 3038 2796 3095 (:va
2846 3045 2864 3064 α
2912 3040 3012 3116 (α).

1870 3141 1949 3199 De
1986 3145 2146 3200 verbis
2181 3145 2428 3216 Apostoli,
2471 3146 2660 3217 Ephes.
2694 3166 2809 3221 cap.
2835 3167 2913 3219 ιιι,
2943 3154 3133 3220 1518,
3175 3155 3306 3213 Peto
3352 3175 3463 3216 non

1940 3236 2198 3291 inﬁrmari
2225 3237 2278 3292 in
2301 3237 2730 3297 tribulationibus
2752 3244 2884 3298 meis
2918 3261 3014 3314 pro
3041 3247 3211 3313 vobis,
3239 3266 3357 3320 quae
3381 3262 3465 3308 est

1938 3326 2105 3397 gloria
2127 3336 2325 3393 vestra,
2369 3338 2490 3396 etc.,
2528 3332 2686 3401 deque
2718 3333 2883 3402 gratia
2925 3345 2973 3389 et
3011 3337 3167 3391 libera
3192 3341 3464 3410 voluntate,

1939 3425 2115 3471 contra
2140 3415 2467 3488 Pelagianos.

2228 3528 2426 3579 Habitus
2448 3530 2498 3579 in
2527 3531 2722 3583 basilica
2751 3536 2972 3598 Majorum
2999 3537 3072 3603 (b)

1939 3648 2166 3707 CAPUT
2226 3651 2513 3709 PRIMUM.
2545 3685 2614 3696 --
2654 3657 2704 3711 1.
2753 3657 2881 3728 Spes
2917 3661 3212 3718 collocanda
3243 3665 3296 3719 in
3331 3665 3458 3731 Deo,

1868 3755 1971 3794 non
2007 3741 2063 3795 in
2090 3742 2276 3798 viribus
2314 3745 2458 3800 liberi
2502 3747 2718 3800 arbitrii.
2771 3748 2961 3804 Gratite
3004 3762 3049 3806 et
3087 3751 3226 3809 liberi
3267 3758 3474 3812 arbitrii

1867 3846 2166 3885 concursus.
2211 3833 2527 3904 Apostolum
2577 3837 2896 3906 audivimus,
2949 3841 3215 3898 Psalmum
3255 3848 3463 3903 audivi-

1867 3939 2009 3990 mus,
2036 3925 2756 3998 Evangelium.autlivintus;
2785 3944 3081 3990 consonant
3114 3951 3302 3994 omnes
3331 3939 3465 3994 divi-

1868 4032 1952 4074 na:
1980 4017 2260 4086 lectiones,
2290 4030 2346 4076 ut
2385 4037 2536 4092 spem
2577 4039 2683 4078 non
2724 4024 2778 4079 in
2820 4026 2996 4094 nobis,
3027 4029 3120 4084 sed
3152 4030 3204 4084 in
3239 4033 3463 4087 Domino

1868 4107 2212 4164 collocemus.
2256 4109 2406 4179 Peto,
2457 4113 2624 4183 inquit
2662 4115 2971 4185 Apostolus,
3016 4135 3118 4176 non
3164 4123 3414 4192 inﬁrmari
3441 4127 3462 4158 ‘

1869 4199 1922 4253 in
1950 4199 2356 4256 tribulationibus
2385 4205 2507 4257 meis
2537 4221 2628 4275 pro
2655 4207 2810 4274 vobis,
2840 4224 2953 4278 qua:
2979 4220 3052 4264 est
3090 4212 3254 4282 gloria
3279 4224 3460 4270 vestra.

1873 4290 2022 4358 Peto,
2047 4292 2237 4363 inquit,
2261 4311 2359 4349 non
2380 4295 2653 4366 inﬁrmari,
2677 4299 2730 4355 id
2754 4309 2856 4368 est,
2885 4309 2943 4356 ut
2968 4318 3072 4358 non
3096 4305 3460 4379 inﬁrmemini,

1871 4383 2086 4453 quando
2114 4385 2324 4441 auditis.
2345 4402 2432 4444 tne
2470 4390 2578 4460 pati
2605 4405 2702 4460 pro
2733 4392 2882 4448 vobis
2922 4395 3318 4467 tribulationes;
3341 4404 3464 4474 quia

1875 4475 1992 4530 iure
2021 4485 2104 4531 est
2146 4477 2311 4548 gloria
2356 4488 2553 4535 vestra.
2602 4482 2741 4538 Petit
2775 4498 2905 4555 ergo
2944 4501 3058 4553 eos,
3087 4498 3273 4546 utnon
3314 4493 3464 4549 infir-

1873 4573 2119 4632 mentur;
2147 4568 2288 4638 quod
2323 4585 2430 4625 non
2465 4571 2684 4640 faceret,
2710 4575 2811 4630 nisi
2840 4591 3024 4632 eorum
3057 4580 3210 4637 vellet
3232 4587 3465 4642 excitare

1872 4655 2223 4712 voluntatem.
2253 4658 2309 4714 Si
2356 4661 2497 4716 enim
2549 4665 2954 4733 responderent,
3000 4667 3138 4735 Quid
3185 4687 3284 4728 nos
3329 4677 3465 4744 petis

1869 4747 2092 4816 quodin
2120 4759 2382 4820 potestate
2420 4768 2525 4808 non
2558 4755 2849 4814 habemus?
2889 4763 3142 4832 numquid
3172 4781 3278 4820 non
3312 4767 3462 4824 vide-

1871 4849 2057 4895 rentur
2082 4842 2182 4896 sibi
2223 4843 2425 4912 justum
2457 4845 2751 4902 reddidisse
2792 4854 3149 4920 responsum?
3180 4857 3244 4910 Et
3284 4867 3459 4913 tamen

1871 4932 2179 5001 Apostolus,
2208 4934 2309 4989 nisi
2349 4936 2511 4990 sciret
2554 4950 2672 4991 esse
2713 4938 2764 4992 in
2804 4939 2882 4993 eis
2919 4942 3205 4999 voluntatis
3233 4949 3463 5016 propria:

1871 5023 2300 5092 consensionem,
2334 5025 2420 5080 ubi
2457 5033 2514 5080 et
2551 5025 2648 5095 ipsi
2678 5026 2876 5098 aliquid
2910 5041 3152 5100 agerent,
3183 5051 3286 5090 nott
3317 5037 3462 5096 dice-

1937 5151 2390 5234 :Sic'gnauuscripti;
2415 5155 2719 5234 Fditi‘vero,
2735 5156 2864 5234 falsa
2896 5159 3339 5227 prtejudicavimus,
3381 5170 3468 5234 qui

1870 5210 2300 5278 prtpjudicantibtts
2311 5210 2445 5278 'falsa
2466 5210 2781 5270 credidimus.

1937 5275 1956 5304 ²
1980 5279 2030 5322 ιιι
2051 5275 2199 5346 editis
2219 5275 2526 5346 plerumque,
2550 5293 2657 5346 non
2701 5287 2864 5346 tamen
2896 5295 3114 5346 semper,
3149 5299 3228 5341 vos
3250 5301 3345 5340 non
3388 5291 3466 5343 in.

1869 5330 2168 5418 ﬁW._ﬁt
2185 5330 2590 5418 inAananusct-iptis
2612 5342 2694 5392 vix
2714 5330 3466 5418 aliquando—poniturTvosq'uie

1871 5408 1966 5460 vox
1997 5409 2026 5445 a
2047 5410 2209 5460 graeco
2227 5401 2384 5453 abest.

1869 5457 2325 5586 ωὲᾱὲιιὲἓὲιὲηυὲιὲἓ
2342 5476 2512 5515 omnes
2527 5471 2634 5517 Mss.
2649 5472 2702 5518 et
2723 5467 2774 5516 in
2790 5467 2902 5518 Μὰ.
2915 5481 3146 5523 sermone
3163 5478 3464 5538 praecedenti

1934 5579 2009 5706 ξαζ
2041 5579 2182 5658 Alias,
2213 5585 2278 5636 de
2313 5588 2483 5638 Verbis
2502 5587 2712 5661 apostoli
2743 5592 2791 5641 7.

1958 5641 1987 5691 b
2031 5644 2104 5706 sic
2119 5659 2169 5695 tu
2190 5654 2394 5700 Romano
2416 5650 2581 5702 codice
2602 5665 2791 5705 manust

2031 5650 2169 5717 sicin
2190 5654 2394 5700 Romano
2416 5650 2581 5717 codice
2602 5655 2929 5717 manuscripto
2952 5662 3032 5705 PP.
3055 5658 3447 5712 Cisterctensium

1870 5702 2050 5757 Cltatttr
2071 5705 2150 5758 hic
2166 5721 2330 5774 sermo
2357 5724 2388 5765 a
2415 5712 2551 5766 Floro
2586 5713 2646 5766 ad
2669 5702 2797 5768 nam:
2825 5702 2894 5781 ii,
2908 5702 3054 5771 vet'ad
3063 5702 3344 5785 Emi};
