3910 6184
484 327 591 387 905

481 447 582 503 ret,
617 433 758 489 Prtt‘.
791 436 852 491 Et
883 437 926 490 si
956 435 1172 497 diceret,
1201 433 1391 498 Jubeo,
1439 432 1538 486 nisi
1574 446 1668 486 cos
1694 442 1877 486 nosset
1911 431 2068 486 adhi-

483 530 610 583 bere
637 540 796 596 posse
828 524 1052 595 iussioni
1083 538 1193 578 sum
1223 523 1572 582 voluntatem.
1618 521 1734 575 sine
1768 537 1926 575 causa
1971 521 2072 574 hoc

483 619 702 672 verbum
731 615 798 670 de
843 615 960 684 ejus
1005 630 1102 669 ore
1152 613 1482 684 procederet.
1520 611 1629 668 Sed
1681 627 1865 667 rursus
1895 611 2071 666 sciens

481 713 598 765 sine
631 709 721 763 Dei
743 707 1006 778 adjutorio
1033 709 1294 760 inlirmam
1319 720 1442 761 esse
1464 704 1696 759 hominis
1719 704 2068 768 voluntatem,

482 820 586 858 non
619 802 790 857 solum
820 816 886 855 ne
906 799 1167 863 dicerem,
1197 798 1497 853 Voluntatis
1525 797 1802 852 arbitrium
1840 812 1944 850 non
1975 795 2072 850 Ita-

480 894 688 954 hcmus.
717 891 870 956 dixit,
905 889 1068 956 Peto;
1096 905 1277 944 verum
1309 890 1466 942 etiam
1496 904 1562 942 ne
1585 888 1846 950 dicerent,
1869 886 2071 941 Volun-

483 983 608 1037 tatis
660 981 938 1037 arbitrium
992 979 1190 1034 suﬂicit
1235 979 1404 1042 nobis,
1447 979 1622 1033 videte
1667 978 1792 1048 quid
1825 977 2068 1032 addidit:

487 1075 656 1145 Hujus
683 1074 755 1128 rei
799 1072 984 1143 gratia.
1034 1071 1196 1140 Cujus
1232 1072 1308 1125 rei
1348 1071 1538 1140 gratia,
1583 1071 1683 1123 nisi
1728 1084 1885 1138 qnam
1911 1083 2072 1138 supra

481 1168 709 1230 dixerat,
741 1163 868 1219 Peto
905 1181 1004 1218 non
1040 1164 1290 1233 inﬁrmari
1329 1164 1380 1217 in
1407 1162 1810 1217 tribulationibus
1831 1161 1950 1215 nteis
1979 1175 2072 1230 pro

479 1259 638 1324 vobis,
660 1274 774 1328 qua:
801 1267 874 1310 est
911 1257 1072 1325 gloria
1109 1256 1312 1310 vestra?
1340 1255 1474 1322 Quia
1511 1269 1638 1324 ergo
1667 1252 1949 1308 voluntatis
1974 1251 2071 1304 ha-

482 1351 620 1407 betis
639 1349 938 1413 arbitrium,
978 1347 1121 1401 Peto.
1151 1348 1285 1416 Quia
1314 1363 1442 1401 vero
1470 1347 1620 1400 vobis
1650 1345 1937 1399 voluntatis
1965 1360 2071 1398 non

481 1442 676 1497 sufﬁcit
694 1442 968 1496 arbitrium
991 1441 1056 1494 ad
1086 1439 1412 1510 implcudmn
1443 1439 1585 1508 quod
1613 1449 1754 1508 peto,
1795 1438 1963 1510 Hujus
1999 1437 2073 1491 rei

481 1535 646 1604 gratia
672 1535 821 1603 ﬂecto
859 1549 1020 1603 genua
1049 1549 1158 1585 mea
1191 1532 1259 1585 ad
1285 1530 1491 1585 Patrem
1523 1530 1728 1583 Domini
1760 1531 1916 1584 nostri
1946 1528 2073 1584 Jestt

483 1626 688 1692 Christi,
710 1642 774 1680 ea:
798 1641 896 1695 quo
931 1625 1093 1679 omnis
1130 1625 1405 1695 paternitas
1425 1625 1476 1677 in
1507 1623 1630 1678 coelo
1658 1633 1704 1676 et
1739 1625 1790 1676 in
1823 1633 1955 1676 terra
1984 1639 2075 1676 no-

482 1717 725 1770 minatur.
758 1716 826 1770 Ut
849 1716 932 1770 det
971 1716 1127 1770 vobis.
1167 1715 1325 1781 Quid,
1371 1716 1454 1768 det
1495 1715 1671 1768 vobis?
1702 1713 1853 1778 Quod
1893 1721 2015 1782 pcto
2042 1727 2073 1767 a

483 1807 656 1872 vobis,
700 1821 830 1876 rogo
881 1806 972 1859 det
1017 1806 1187 1859 vobis.
1241 1805 1368 1858 Peto
1411 1805 1554 1858 enim
1594 1820 1624 1858 a
1656 1803 1826 1870 vobis,
1858 1813 2076 1872 pr0pter

483 1895 759 1950 arbitrium
802 1895 1128 1950 voluntatis:
1159 1910 1288 1966 rogo
1329 1895 1422 1949 det
1466 1894 1636 1958 vobis,
1671 1903 1888 1965 propter
1927 1894 2076 1948 auxi-

485 1987 613 2040 lium
640 1987 954 2055 maiestatis.

555 2080 636 2133 (Ἃ
650 2079 780 2135 PUT
819 2078 879 2133 11-
909 2110 981 2120 —
1008 2079 1062 2132 2.
1094 2078 1137 2132 Α
1175 2077 1278 2132 Dco
1306 2079 1490 2149 petitur
1517 2077 1614 2133 hoc
1647 2079 1813 2151 ipsum
1851 2079 1985 2149 quod
2011 2078 2074 2132 ab

482 2174 684 2228 homine
737 2172 975 2242 exigitur.
1029 2171 1136 2226 Sed
1190 2170 1429 2238 Apostnli
1482 2171 1642 2225 verba
1697 2171 2071 2239 prmvenimus.

485 2267 672 2322 Adhuc
719 2266 943 2320 fortasse
981 2265 1305 2334 exspectatis
1346 2263 1551 2328 audire,
1580 2263 1669 2332 qui
1702 2272 1900 2318 textum
1927 2262 2074 2328 ejus-

481 2359 601 2413 dem
625 2356 869 2412 lectionis
896 2355 1151 2410 memoria
1176 2369 1280 2408 non
1305 2354 1517 2417 tenetis,
1543 2363 1717 2408 utrtnn
1745 2368 1927 2407 revera
1956 2352 2076 2407 ideo

484 2449 770 2519 Apostolus
803 2463 899 2516 pro
936 2445 1065 2515 ipsis
1092 2445 1156 2499 ad
1197 2445 1408 2498 Patrem
1449 2459 1621 2514 genua
1663 2444 1860 2509 ﬂectat,
1892 2452 1948 2497 ιιι
1986 2443 2077 2497 det

414 2544 418 2548 “
484 2541 586 2594 illis
615 2539 755 2604 quod
781 2538 989 2592 dixerat
1020 2539 1118 2602 eis,
1152 2535 1298 2590 Peto.
1320 2536 1638 2590 Mementote
1668 2552 1796 2606 ergo
1821 2536 1947 2606 quid
1981 2552 2074 2606 pe-

483 2629 627 2682 tierit
667 2628 734 2681 ab
782 2628 926 2696 ipsis.
978 2626 1103 2680 Peto
1147 2643 1247 2680 non
1291 2627 1542 2694 inﬁrmari
1575 2626 1626 2679 in
1671 2626 2076 2682 tribulationibus

482 2721 606 2775 meis
645 2736 736 2790 pro
779 2719 914 2773 vobis
945 2719 1086 2773 .‘ilOC
1114 2719 1182 2772 ab
1209 2718 1337 2788 ipsis
1367 2718 1516 2787 petit.
1546 2718 1703 2773 Modo
1743 2719 1916 2774 videte
1951 2718 2078 2789 quid

485 2810 590 2868 illis
621 2815 749 2882 petit
775 2831 788 2867 :
823 2811 999 2866 Flecte
1028 2827 1188 2882 genua
1218 2828 1329 2864 utea
1355 2811 1423 2863 ad
1454 2809 1658 2864 Patrem
1691 2810 1891 2866 Domini
1921 2811 2080 2866 nostri

481 2905 605 2958 Iesu
636 2903 842 2966 Christi,
872 2913 924 2956 ut
965 2904 1046 2956 det
1083 2902 1216 2956 vobis
1242 2902 1519 2956 secundum
1553 2903 1750 2958 divitias
1780 2904 1955 2973 gloria:
1972 2920 2080 2960 sua:

483 2998 664 3051 uirtute
693 2996 1025 3050 corroborari.
1055 2994 1192 3064 Quid
1220 3002 1302 3050 est
1327 2995 1491 3059 aliud,
1530 2995 1628 3050 nisi
1660 3011 1764 3050 non
1789 2996 2080 3052 inﬁrmari?

494 3089 685 3144 Virtute
726 3089 1062 3152 corroborari,
1117 3087 1306 3157 inquit,
1355 3104 1446 3156 per
1493 3087 1747 3158 Spiritmn
1793 3089 1922 3158 ejus.
1974 3088 2078 3146 Iste

483 3182 712 3252 Spiritus
738 3180 942 3251 gratiae.
976 3179 1164 3234 Videte
1207 3178 1333 3249 quid
1376 3180 1523 3249 petit.
1570 3179 1680 3234 lloc
1717 3195 1746 3234 a
1776 3180 1887 3235 Deo
1915 3181 2074 3251 petit,

481 3272 624 3344 quod
653 3273 722 3327 ab
769 3271 1071 3327 hominibus
1111 3271 1312 3340 exigit:
1345 3271 1466 3341 quia
1507 3281 1563 3325 ut
1605 3271 1745 3326 Deus
1774 3271 1898 3326 velit
1923 3271 2076 3342 dare,
2118 3273 2129 3286 ”

483 3367 648 3422 debes
688 3374 742 3420 et
782 3375 838 3419 tu
880 3365 947 3418 ad
991 3362 1359 3432 accipiendum
1401 3361 1807 3416 acconnnodare
1837 3357 2080 3417 volunta-

487 3467 614 3513 tem.
646 3455 924 3525 Quomodo
955 3453 1032 3508 vis
1063 3456 1305 3522 accipere
1333 3453 1556 3523 gratiam
1586 3451 1777 3506 divinae
1805 3453 2074 3520 bonitatis,

480 3549 569 3620 qui
613 3547 788 3602 sinum
833 3561 940 3600 non
983 3544 1159 3614 aperis
1198 3542 1523 3598 voluntatis?
1553 3541 1665 3607 Det,
1707 3543 1894 3612 inquit,
1919 3544 2074 3598 vobis.

483 3639 595 3694 Non
660 3637 805 3692 enim
858 3635 1087 3699 habetis,
1133 3633 1233 3688 nisi
1282 3633 1374 3688 det.
1402 3632 1572 3686 vobis.
1608 3633 1699 3686 Det
1739 3634 1872 3688 vobis
1900 3633 2081 3688 virtute

481 3728 798 3783 corroborari
840 3743 926 3797 per
956 3725 1208 3795 Spiritum
1247 3726 1378 3794 ejus.
1421 3723 1480 3779 Si
1519 3723 1661 3777 enim
1692 3722 1902 3778 dederit
1927 3724 2078 3778 vobis

479 3822 673 3875 virtute
699 3817 1053 3883 corroborari,
1084 3815 1157 3870 ibi
1183 3815 1505 3870 dabitvobis
1545 3829 1647 3869 non
1692 3815 1969 3869 inﬁrmari.
2009 3813 2077 3870 In

479 3915 715 3967 interiore
734 3911 934 3964 hontine
958 3910 973 3940 ί
1002 3907 1228 3962 habitare
1256 3905 1508 3962 Christum
1539 3924 1628 3977 per
1659 3907 1810 3976 ﬁdem
1834 3907 1886 3961 in
1912 3908 2080 3961 cordi-

482 4003 573 4058 bus
598 4003 794 4057 vestris.
819 4001 1010 4056 Totum
1050 4000 1154 4055 hoc
1187 3999 1277 4056 det
1302 3999 1471 4053 vobis.
1507 3997 1571 4052 In
1599 3999 1841 4052 cltrtt'ilale
1863 3999 2080 4053 radicati

478 4106 523 4150 et
554 4096 777 4168 fundati,
806 4105 862 4148 ut
903 4094 1217 4165 praevalentis
1253 4091 1674 4162 comprehendere
1708 4108 1820 4145 cum
1847 4092 2077 4147 omnibus

477 4189 682 4241 sanctis.
709 4185 845 4253 Quid
874 4181 1372 4255 comprehendere?
1400 4182 1496 4237 Det
1522 4181 1669 4236 vobis
1702 4197 1796 4248 per
1821 4181 2075 4252 Spiritum

483 4294 638 4332 Stltlm
663 4277 857 4331 virtute
886 4276 1242 4340 corroborari,
1275 4283 1330 4328 et
1356 4273 1597 4328 habitare
1627 4274 1678 4327 in
1707 4274 1960 4330 interiore
1989 4275 2077 4329 ho-

481 4373 625 4425 mine
654 4378 834 4423 vcstro
876 4368 1144 4422 Christum
1179 4384 1272 4436 per
1303 4366 1482 4431 ﬁdem,
1526 4376 1688 4436 atque
1713 4367 1784 4421 ita
1815 4367 1868 4421 in
1897 4366 2076 4422 chari-

481 4473 588 4517 tate
631 4461 849 4515 radicati
885 4473 938 4515 et
977 4461 1180 4515 fundati
1220 4460 1436 4528 possitis
1464 4460 1920 4529 comprehendere
1953 4477 2074 4516 cum

477 4554 728 4609 omnibus
769 4552 966 4605 sanctis
1011 4568 1024 4603 :
1063 4551 1228 4620 quid?
1262 4551 1391 4617 ρυω
1433 4552 1496 4605 sit
1524 4553 1757 4620 latitudo,
1790 4554 2072 4625 longitudo,

476 4643 692 4699 altitudo
718 4652 764 4696 et
789 4642 1119 4714 profundum.
1151 4641 1392 4696 Altitudo
1430 4641 1643 4711 quidem
1674 4643 1728 4696 in
1773 4644 1929 4697 latina
1967 4644 2073 4698 lin-

480 4754 580 4808 gua
609 4745 893 4805 utrumque
924 4734 1184 4804 signiﬁcat
1218 4751 1230 4786 :
1263 4742 1316 4786 ct
1342 4733 1480 4801 quod
1511 4747 1722 4788 sursum
1751 4748 1939 4788 versus
1967 4745 2070 4801 est,

474 4829 770 4886 altitudinis
797 4843 990 4884 nomen
1017 4827 1210 4891 habet;
1241 4836 1294 4881 ct
1324 4826 1463 4896 quod
1493 4828 1545 4880 in
1570 4825 1884 4895 profundum
1908 4827 2070 4882 altum

476 4934 579 4988 est,
639 4921 936 4977 altitudinis
987 4936 1180 4976 nomen
1233 4918 1412 4974 habet.
1461 4919 1584 4974 Ideo
1623 4919 1759 4974 bene
1802 4921 2073 4990 respondit

476 5019 740 5087 interpres
768 5015 836 5072 ad
880 5015 931 5070 id
971 5014 1112 5086 quod
1156 5028 1370 5068 sursum
1405 5013 1568 5066 altum
1607 5021 1709 5077 est,
1738 5011 2069 5069 altitudinem

472 5111 685 5175 dicere;
717 5109 781 5164 ad
809 5108 934 5164 illud
963 5107 1106 5180 quod
1133 5106 1383 5163 deorsum
1417 5106 1584 5160 altum
1613 5114 1716 5172 cst,
1752 5105 2069 5176 profundum

470 5201 669 5256 dicere.

545 5293 771 5352 CAPUT
812 5293 900 5349 111.
927 5325 996 5334 —-
1022 5295 1076 5349 ’5.
1121 5291 1185 5348 In
1213 5301 1430 5364 quatuor
1451 5291 1844 5347 dimensiouibus
1880 5303 2068 5364 myste-

471 5389 602 5440 rium
632 5387 822 5440 crucis.
848 5385 983 5452 Quid
1013 5394 1096 5440 est
1120 5400 1246 5454 ergo
1264 5425 1280 5448 ,
1314 5384 1503 5440 fratres
1531 5383 1660 5450 mei,
1679 5399 1938 5453 exponam
1967 5385 2069 5440 hoc

475 5493 574 5548 ego
605 5478 776 5533 vobis.
808 5478 1040 5533 Facilius
1075 5478 1206 5532 forte
1233 5477 1278 5532 si
1296 5476 1543 5548 cuiquam
1572 5475 1675 5543 sit,
1697 5474 1822 5546 quid
1852 5491 1977 5546 ergo
1999 5479 2018 5508 ²
2044 5477 2066 5531 l

539 5593 552 5622 ¹
575 5598 707 5649 l.ov.,
730 5592 780 5643 in
803 5588 1076 5641 interiorem
1097 5589 1346 5644 hominem.
1375 5599 1427 5640 Αῑ
1450 5596 1637 5640 Amr-2r.
1663 5597 1714 5639 et
1732 5597 1859 5651 3158.,
1883 5589 1932 5642 in
1946 5589 2068 5642 inle-

473 5650 600 5716 rio_rc
625 5651 812 5716 honmtc
831 5661 922 5716 ;Aet
944 5655 1012 5700 sic
1038 5653 1135 5711 legi
1157 5653 1282 5716 solet
1302 5653 1426 5714 apud
1454 5658 1783 5716 Augustinum.

539 5713 558 5775 ξ
585 5719 650 5758 tta
669 5713 991 5781 ttenigniauus
1012 5719 1091 5781 .\t_s.
1119 5714 1234 5781 Fditi
1258 5713 1375 5781 vero
1397 5717 1482 5770 sic,
1509 5713 1634 5774 (inor!
1655 5715 1848 5778 faciliter
1868 5715 1987 5778 forte
2003 5713 2065 5766 tit

474 5781 488 5808 ί
499 5773 596 5836 ιιξίιτ
617 5783 715 5832 am,
737 5782 882 5832 quam
903 5773 991 5825 tibi
1014 5773 1071 5824 sit
1097 5775 1219 5837 quis.
1246 5775 1366 5837 Quid
1389 5788 1499 5838 ergo
1521 5773 1543 5826 Ρ

1721 320 1777 376 8.
1818 318 2073 374 AUGUS'I

2179 326 2181 372 ς
2224 321 2522 375 til’lSCOPl
3598 330 3680 387 ωδ

2178 436 2298 502 quia
2329 433 2657 487 latitudinem
2683 476 2698 500 ,
2727 433 3104 504 longitudinem
3125 476 3142 500 ,
3169 434 3500 506 altitudinem,
3523 451 3569 496 et
3588 460 3686 512 pro-

2179 525 2437 590 fundum,
2488 534 2714 593 quatuor
2757 526 2854 579 ista
2897 541 3018 593 qua:
3057 525 3183 580 dicit
3220 527 3513 596 Apostolus,
3550 534 3689 592 minus

2181 615 2402 669 idoneus
2427 630 2543 668 sum
2572 616 2653 669 vel
2683 615 3138 684 comprehendere
3164 617 3245 670 vel
3276 620 3494 685 prolerre
3513 662 3526 683 ,
3551 631 3689 678 uatis-

2181 705 2269 758 ibo
2295 707 2360 758 ab
2384 705 2516 759 hoc?
2546 707 2624 759 An
2658 706 2792 759 forte
2817 707 3057 774 pulsabo,
3086 717 3139 762 et
3165 719 3222 761 ut
3248 710 3394 763 vobis
3415 711 3596 766 salubre
3615 716 3691 769 ali-

2179 797 2303 866 quid
2335 796 2598 867 proferam
2623 839 2638 863 ,
2693 799 2888 852 vestris
2908 798 3235 855 orationibus
3270 799 3567 869 adjuvaborl
3589 805 3691 872 Quid

2181 889 2356 957 pergis
2398 888 2591 952 corde,
2622 888 2782 942 homo
2806 887 3124 955 christiano,
3159 905 3252 959 per
3278 891 3576 948 latitudinem
3610 905 3691 950 ter~

2180 995 2253 1033 ra:
2272 1021 2286 1041 ,
2317 980 2694 1049 longitudinem
2724 989 3059 1050 temporum,
3094 980 3418 1036 altitudinem
3441 985 3546 1039 cteli
3564 1026 3577 1047 ,
3599 1001 3691 1053 pro-

2178 1068 2489 1124 funditatem
2543 1070 2757 1141 abyssi?
2805 1071 3029 1136 Quando
3085 1071 3184 1126 ista
3231 1074 3600 1141 comprehendis
3633 1079 3692 1132 vel

2178 1171 2358 1218 mente
2390 1163 2471 1218 vel
2497 1164 2760 1232 corpore?
2803 1163 2906 1217 hoc
2932 1174 3010 1218 est
3031 1207 3047 1230 ,
3074 1164 3185 1219 sive
3209 1164 3476 1235 cogitando
3493 1167 3587 1222 sive
3604 1184 3692 1224 car.

2179 1254 2262 1309 nis
2309 1255 2480 1308 oculis
2544 1254 2832 1320 intuendo,
2900 1255 3113 1325 quando
3167 1255 3264 1309 ista
3319 1257 3692 1326 eomprehendis?

2179 1345 2353 1424 ipsum
2376 1346 2498 1399 andi
2525 1347 2836 1415 Apostolum
2868 1347 3132 1400 dicentem
3159 1346 3250 1400 tibi
3281 1363 3295 1400 :
3328 1345 3450 1401 Mihi
3475 1359 3611 1402 autem
3628 1353 3690 1404 ab-

2176 1440 2241 1491 sit
2279 1437 2517 1507 gloriari,
2566 1438 2662 1491 nisi
2691 1439 2742 1490 in
2787 1454 2935 1491 cruce
2962 1436 3172 1490 Domini
3217 1439 3369 1491 nostri
3399 1436 3512 1492 Iesu
3553 1440 3690 1497 Christi

2180 1525 2379 1597 (Colat.
2413 1543 2484 1590 vt,
2539 1527 2648 1597 Η).
2697 1528 2761 1581 Et
2793 1543 2890 1581 nos
2955 1527 3007 1581 in
3054 1527 3141 1582 illa
3190 1529 3691 1601 gloriemur,velqnia

2178 1632 2339 1687 super
2365 1618 2506 1671 illam
2547 1619 2922 1674 incumbimus.
2968 1620 3026 1675 In
3055 1621 3146 1674 illa
3173 1621 3450 1690 gloriemur
3471 1639 3647 1686 omnes,
3669 1642 3693 1677 ο

2179 1710 2303 1764 boni
2351 1711 2576 1778 fratres,
2607 1711 2659 1765 in
2689 1711 2774 1766 illa
2802 1712 3114 1782 gloriemur.
3168 1712 3242 1766 lbi
3271 1710 3402 1768 torte
3433 1713 3693 1769 inveniemus

2177 1812 2232 1858 ct
2275 1803 2636 1865 latitudinem,
2667 1813 2722 1860 et
2769 1805 3194 1875 longitudinem,
3239 1815 3292 1859 ct
3319 1806 3693 1871 altitudinem,ct

2179 1896 2520 1967 profundum.
2557 1897 2648 1952 llis
2691 1899 2834 1953 enim
2865 1899 3108 1969 Apostoli
3160 1899 3339 1954 verbis
3363 1915 3480 1954 crux
3520 1900 3692 1970 quodam

2179 1988 2341 2042 modo
2372 1988 2524 2043 nobis
2551 1999 2675 2044 ante
2699 1973 2885 2043 oculos
2908 1991 3198 2044 constituta
3219 1999 3320 2045 est.
3342 1990 3497 2045 liabet
3514 1992 3625 2045 enim
3645 1993 3697 2044 la-

2181 2079 2456 2133 titudinem
2482 2119 2496 2144 ,
2528 2080 2580 2134 iu
2608 2095 2712 2149 qua
2758 2095 2944 2134 manus
2970 2080 3209 2151 ﬁguntur
3237 2099 3250 2134 :
3292 2081 3443 2136 habet
3478 2083 3694 2152 longitudi-

2179 2186 2332 2235 nem;
2353 2170 2492 2239 quod
2521 2170 2644 2225 inde
2665 2186 2832 2241 usque
2857 2171 2922 2226 ad
2951 2181 3156 2227 terram
3184 2172 3391 2227 ducitur
3409 2174 3607 2243 lignum;
3633 2174 3697 2227 lu-

2180 2264 2270 2318 bet
2297 2274 2351 2318 et
2391 2264 2721 2319 altitudinem
2747 2305 2762 2330 ,
2810 2265 2950 2336 quod
2983 2266 3051 2320 ab
3079 2266 3206 2335 ipso
3233 2275 3541 2330 transverso,
3563 2265 3694 2335 inquo

2183 2354 2417 2425 ﬁguntur
2443 2370 2628 2409 manus
2651 2396 2667 2420 ,
2697 2355 2903 2411 excedit
2951 2356 3291 2426 aliquantum
3311 2397 3326 2421 ,
3355 2357 3435 2411 ubi
3461 2365 3594 2425 caput
3611 2372 3695 2409 cnt-

2181 2446 2322 2499 ciﬁxi
2352 2446 2566 2514 prmitur
2597 2462 2610 2498 :
2641 2445 2803 2502 habet
2835 2455 2889 2502 et
2914 2446 3247 2516 profundum
3268 2489 3283 2513 ,
3318 2448 3411 2502 hoc
3434 2457 3508 2502 est
3529 2447 3638 2517 quat
3661 2446 3695 2499 iu

2183 2546 2322 2592 terra
2365 2538 2542 2608 ﬁgitur
2561 2579 2575 2602 ,
2617 2547 2672 2591 et
2696 2554 2800 2592 non
2831 2538 3060 2593 videtur.
3090 2539 3290 2595 Videte
3319 2555 3541 2610 magnum
3571 2554 3697 2594 sacra-

2181 2642 2440 2686 mentum.
2471 2632 2554 2685 Ab
2581 2631 2668 2686 illo
2697 2631 2956 2702 profundo
2984 2632 3140 2702 quod
3171 2649 3275 2688 non
3301 2633 3458 2698 vides,
3494 2633 3628 2702 surgit
3650 2641 3697 2685 to

2184 2731 2294 2778 tum
2315 2723 2457 2794 quod
2481 2723 2648 2778 vides.

2253 2812 2477 2872 CAPUT
2517 2814 2601 2869 IV.
2626 2845 2697 2856 --
2721 2816 2775 2870 4.
2806 2815 2980 2870 Crucis
3009 2816 3264 2883 latitudo,
3297 2817 3531 2888 longitudo
3557 2825 3594 2868 et
3614 2815 3697 2867 alti-

2186 2906 2326 2960 tudo.
2371 2907 2469 2962 Ubi
2491 2921 2619 2977 ergo
2647 2917 2730 2962 est
2760 2907 3016 2963 latitudo?
3041 2909 3252 2964 Confer
3280 2919 3330 2964 te
3366 2909 3426 2962 ad
3461 2909 3592 2980 vitam
3616 2921 3698 2960 rno-

2183 3010 2374 3067 resque
2401 3006 2704 3052 sanetorum
2731 3039 2746 3064 ,
2775 3000 2864 3068 qui
2894 2999 3095 3062 dicunt,
3120 2999 3275 3054 Absit
3319 2999 3537 3070 gloriari,
3571 2998 3645 3050 nisi
3662 2998 3698 3048 in

2182 3105 2328 3144 cruce
2347 3087 2551 3143 Domini
2569 3090 2728 3143 nostri
2748 3088 2785 3142 Ι
2789 3106 2875 3143 esu
2895 3089 3102 3144 Christi.
3149 3090 3438 3146 Invenimus
3455 3091 3503 3144 in
3526 3089 3698 3142 moribtn

2181 3198 2369 3239 eorum
2399 3182 2728 3237 latitudinem
2750 3182 3058 3248 cbaritatis;
3084 3183 3234 3239 unde
3256 3184 3370 3238 illos
3392 3183 3605 3236 admouet
3622 3183 3698 3248 ipse

2183 3273 2471 3344 Apostolus
2489 3316 2504 3337 ,
2533 3273 2718 3328 dicens
2737 3315 2750 3339 ,
2780 3273 3077 3328 Dilatantini
3090 3317 3106 3340 ,
3146 3293 3210 3330 ne
3229 3277 3336 3330 sitis
3345 3277 3510 3347 jugmn
3529 3275 3699 3328 ducentes

2181 3383 2293 3420 cum
2313 3366 2619 3436 inﬁdelibus.
2653 3367 2716 3421 Et
2741 3369 2862 3437 quia
2885 3369 2996 3438 ipse
3026 3369 3173 3423 latus
3199 3379 3314 3424 erat
3331 3411 3344 3430 ,
3371 3370 3452 3438 qui
3475 3382 3554 3421 cos
3574 3367 3623 3418 ad
3644 3365 3697 3418 h-

2185 3460 2462 3517 titudiucm
2503 3461 2912 3526 exhortabatur,
2943 3463 3064 3516 audi
3089 3463 3223 3533 quid
3251 3463 3386 3517 dicat
3410 3481 3422 3514 :
3451 3459 3513 3515 Os
3533 3470 3698 3515 nostrum

2184 3563 2320 3624 patet
2363 3552 2430 3606 ad
2466 3568 2552 3608 vos
2573 3595 2587 3617 ,
2615 3569 2645 3606 ο
2669 3553 2958 3616 Corinthii;
2988 3567 3075 3606 cor
3115 3565 3348 3608 nostrum
3390 3553 3615 3606 dilatatam
3649 3556 3697 3599 cst

2183 3644 2252 3714 (ll
2281 3643 2397 3697 Cor.
2441 3659 2515 3708 vt,
2546 3643 2750 3713 ll-lt).
2787 3642 3032 3697 Latitudo
3060 3658 3197 3712 ergo
3222 3643 3445 3698 charitas
3484 3649 3594 3702 est;
3614 3653 3696 3706 qua

2182 3739 2291 3792 sola
2320 3738 2453 3792 bene
2481 3745 2747 3807 operatur.
2774 3735 3020 3790 Latitudo
3046 3735 3178 3791 facit
3205 3746 3260 3790 ut
3291 3736 3494 3790 hilarem
3517 3733 3693 3786 datorem

2181 3829 2363 3899 diligat
2383 3829 2520 3884 Deus
2543 3827 2653 3885 (Id.
2685 3843 2762 3893 tx,
2792 3827 2864 3897 7).
2891 3827 2945 3881 Si
2961 3828 3100 3881 enim
3129 3828 3423 3898 angustiam
3445 3819 3692 3896 paSSttsluc-

2183 3923 2284 3985 rit,
2335 3921 2499 3975 tristis
2528 3921 2672 3974 dabit
2705 3938 2717 3974 :
2750 3920 2794 3974 si
2823 3920 2991 3974 tristis
3014 3919 3202 3985 dabit,
3245 3921 3374 3991 perit
3413 3917 3536 3988 quod
3573 3912 3692 3968 dabit.

2183 4013 2326 4082 ()pns
2354 4021 2437 4067 est
2475 4027 2602 4082 ergo
2633 4011 2908 4065 latitudine
2952 4011 3232 4066 cbaritatis
3256 4053 3270 4075 ,
3303 4025 3368 4068 ne
3407 4015 3563 4080 pereat
3584 4001 3694 4084 quid.

2181 4106 2302 4174 quid
2329 4105 2449 4158 boni
2491 4103 2640 4158 l‘acis.
2669 4103 2772 4158 Sed
2799 4103 3046 4173 quoniam
3075 4103 3153 4156 ait
3180 4104 3445 4158 Dominus.
3479 4099 3563 4155 Ubi
3581 4099 3694 4149 alme

2182 4196 2322 4249 dabit
2351 4195 2589 4265 iniquitas
2607 4235 2622 4260 ,
2649 4193 2935 4264 refrigescet
2955 4193 3182 4249 charitas
3207 4194 3494 4256 multorum;
3511 4189 3566 4244 da
3600 4182 3690 4240 mihi

2181 4300 2235 4346 ct
2265 4289 2670 4360 longitudinem.
2701 4286 2830 4354 Qum
2868 4295 2951 4340 cst
3001 4286 3312 4357 longitudo?
3357 4286 3448 4352 Qui
3474 4291 3692 4353 passm-

2180 4383 2301 4436 verit
2330 4397 2487 4450 usque
2508 4380 2559 4433 in
2589 4379 2743 4448 ﬁnem
2762 4419 2775 4442 ,
2822 4378 2903 4430 hic
2930 4377 3099 4432 salvus
3127 4377 3220 4431 erit
3249 4375 3449 4451 (Matth.
3478 4385 3596 4435 xxtv,
3621 4367 3689 4428 12.

2180 4473 2293 4546 13).
2325 4473 2449 4528 “me
2477 4480 2560 4526 cst
2590 4470 2860 4540 longitudo
2885 4468 3079 4534 crucis,
3112 4469 3198 4524 ubi
3223 4477 3383 4524 totum
3412 4478 3579 4535 corpus
3601 4473 3692 4530 por-

2177 4566 2367 4636 rigitur
2395 4582 2408 4618 :
2443 4564 2528 4618 ubi
2555 4562 2784 4632 quodam
2808 4560 2966 4616 modo
2995 4569 3195 4627 statur,
3227 4576 3332 4630 quo
3359 4556 3530 4613 stando
3555 4562 3688 4623 purse

2177 4666 2410 4712 vcratur.
2441 4655 2497 4712 Si
2523 4671 2652 4726 ergo
2678 4655 2874 4725 quieris
2899 4694 2915 4718 ,
2961 4654 3053 4724 qui
3081 4653 3132 4707 in
3164 4667 3321 4707 cruce
3360 4646 3597 4720 gloriaris,
3620 4639 3690 4693 lu-

2178 4752 2304 4808 bere
2329 4752 2502 4807 crucis
2528 4749 2858 4804 latitudinem
2882 4764 2897 4813 ;
2927 4746 3123 4802 habeto
3147 4747 3285 4802 bene
3311 4739 3542 4814 operaudi
3567 4736 3690 4787 virtu-

2179 4853 2305 4899 tem.
2364 4843 2418 4898 Si
2472 4844 2552 4896 vis
2605 4841 2804 4896 habere
2863 4839 3036 4894 crucis
3093 4837 3493 4908 longitudinem;
3545 4826 3689 4882 habeto

2177 4933 2550 5005 perseverandi
2600 4931 3071 5002 longanimitatem.
3130 4928 3184 4983 Si
3219 4937 3390 4981 autem
3429 4921 3502 4976 vis
3541 4915 3690 4970 habere

2174 5027 2347 5080 crucis
2373 5023 2738 5086 altitudinem;
2773 5035 2934 5077 nosce
2955 5019 3080 5091 quid
3107 5018 3289 5073 audias
3308 5057 3322 5081 ,
3349 5023 3399 5069 et
3419 5012 3495 5067 ubi
3519 5005 3686 5101 audias.

2175 5119 2398 5175 Sursum
2429 5133 2541 5172 cor.
2569 5115 2705 5184 Quid
2749 5123 2863 5176 est.
2909 5113 3131 5168 Sursum
3161 5111 3291 5166 cor?
3329 5108 3393 5160 lbi
3436 5114 3596 5172 spera.
3636 5092 3687 5145 ibi

2173 5228 2290 5266 ama
2325 5230 2338 5265 :
2373 5211 2497 5266 inde
2527 5220 2644 5280 pete
2683 5209 2934 5264 virtutem
2956 5250 2971 5273 ,
3025 5205 3094 5260 ibi
3141 5210 3380 5272 exspecta
3423 5185 3684 5280 mercedem.

2171 5304 2303 5359 Nam
2333 5304 2376 5356 si
2405 5303 2539 5357 bene
2565 5300 2826 5371 operaris,
2859 5309 2913 5353 et
2943 5299 3178 5351 hilariter
3201 5292 3398 5354 tribuis,
3427 5281 3592 5340 videris
3616 5277 3685 5328 ln-

2172 5397 2300 5451 bere
2327 5393 2679 5450 latitudinem.
2723 5391 2778 5446 Si
2810 5392 2860 5444 in
2896 5389 3078 5444 iisdem
3111 5386 3260 5440 bonis
3299 5377 3522 5452 Operibus
3555 5377 3682 5434 ιιειιυο

2173 5489 2222 5540 in
2253 5486 2412 5541 ﬁnem
2446 5484 2895 5555 ln-rseveraveris,
2925 5481 3117 5535 videris
3133 5477 3326 5532 habere
3348 5462 3684 5555 longitudinem.

2167 5579 2270 5634 Sed
2301 5579 2343 5633 si
2385 5578 2560 5632 omnia
2595 5577 2709 5630 lizrc
2739 5590 2841 5630 non
2885 5583 3102 5644 propter
3121 5578 3396 5639 supernam
3442 5549 3682 5646 meretrici“

2178 5672 2338 5736 iacis,
2365 5668 2696 5722 altitudinem
2724 5681 2828 5722 noa
2859 5665 3112 5729 habebis;
3159 5669 3218 5714 et
3242 5659 3323 5712 illa
3348 5656 3445 5725 iam
3484 5659 3563 5700 ηε(
3593 5639 3686 5736 ¹ῗ¹ἓ⁸

2173 5765 2295 5820 tudo
2323 5728 2426 5818 erit
2456 5775 2553 5817 uec
2589 5759 2876 5831 longitudo.
2908 5757 3045 5825 Quid
3085 5728 3169 5813 cst
3215 5750 3347 5807 enim
3389 5741 3555 5801 habere
3591 5728 3681 5783 alti-
