3850 6188
189 279 292 333 905

191 392 456 456 tudinem,
487 392 586 446 nisi
609 393 839 464 cogitare
868 395 1064 461 Deum,
1095 411 1276 452 amare
1302 398 1499 461 Deum;
1533 406 1584 450 ct
1611 397 1774 468 gratis

188 498 369 538 amare
401 483 572 552 ipsum
617 483 780 538 Deum
812 484 1106 554 adjutorem
1127 527 1142 550 ,
1173 487 1343 556 ipsum
1387 496 1736 556 spectatorem
1758 528 1772 550 ,

188 579 361 651 ipsum
389 591 787 646 coronatorem,
819 581 992 651 ipsum
1033 583 1233 650 praemii
1287 582 1628 650 largitorem;
1682 597 1777 650 po-

186 681 388 726 stremo
417 671 588 741 ipsum
619 671 891 740 praamium
922 671 1177 740 deputare
1198 714 1213 739 ,
1245 688 1350 727 non
1389 672 1531 727 aliud
1569 672 1635 726 ab
1660 673 1776 742 ipso

188 749 344 832 quam
369 762 540 831 ipsum
567 761 915 830 exspectare?
943 761 1000 816 Si
1027 777 1200 827 amas,
1231 763 1398 832 gratis
1413 777 1558 816 ama:
1581 761 1626 816 si
1652 776 1776 815 vere

189 868 332 909 amas
349 893 367 919 ,
402 853 516 922 ipse
543 853 615 908 sil.
634 867 841 907 merces
867 868 1025 922 quem
1045 867 1214 906 amas.
1246 855 1327 907 An
1349 867 1476 907 vero
1497 852 1590 907 tibi
1615 853 1774 906 chara

185 951 309 998 sunt
333 942 510 996 omnia
528 983 544 1006 ,
566 950 620 996 et
647 941 764 996 vilis
790 950 872 996 est
902 942 992 997 ille
1016 943 1102 1012 qui
1130 941 1366 996 condidit
1392 942 1607 996 omnia?
1757 1017 1763 1029 1

252 1028 480 1086 CAPUT
498 1028 701 1084 V.—5.
725 1027 1050 1100 Profundum
1075 1031 1256 1083 crucis.
1277 1030 1401 1084 Haec
1422 1027 1772 1098 utpossimus,

182 1121 326 1176 ﬂexit
350 1137 524 1191 genua
552 1135 647 1175 sua
679 1136 776 1190 pro
805 1121 957 1175 nobis
989 1121 1302 1191 Apostolus,
1339 1122 1520 1191 utique
1559 1122 1680 1176 ideo
1719 1131 1776 1175 ut

181 1215 337 1268 detur
358 1214 530 1268 nobis.
567 1214 753 1268 Terret
778 1214 920 1268 enim
966 1223 1020 1268 et
1061 1214 1401 1284 Evangelium
1437 1233 1448 1267 :
1490 1213 1641 1268 Vobis
1682 1214 1777 1267 da-

182 1315 285 1357 tum
311 1314 384 1358 est
427 1304 555 1357 scire
575 1305 868 1374 mysterium
897 1305 1073 1376 regni,
1101 1307 1203 1360 illis
1227 1315 1397 1359 autem
1441 1323 1540 1360 non
1566 1315 1638 1360 est
1678 1306 1774 1359 da-

181 1405 310 1448 tum.
340 1396 438 1460 Qui
463 1395 596 1450 enim
631 1395 797 1461 habet,
827 1396 1030 1449 dabitur
1054 1397 1118 1450 ei.
1148 1396 1279 1465 Quis
1303 1406 1478 1451 autem
1511 1397 1666 1451 habet
1691 1398 1773 1452 cui

179 1487 423 1550 dabitur,
451 1487 550 1539 nisi
581 1487 662 1539 cui
697 1486 876 1540 datum
907 1487 1027 1541 est?
1060 1487 1159 1553 Qui
1201 1498 1365 1540 autent
1399 1503 1497 1540 non
1528 1489 1706 1551 habet,
1731 1499 1776 1540 et

179 1577 315 1646 quod
352 1576 502 1630 habet
531 1579 787 1646 auferetur
807 1576 868 1629 ab
887 1592 946 1632 eo
973 1576 1183 1647 (Matth.
1211 1593 1326 1641 xm,
1374 1579 1459 1644 ll,
1493 1578 1602 1646 12).
1647 1578 1777 1645 Quis

177 1677 356 1721 autem
392 1683 498 1721 non
526 1667 705 1732 habet,
727 1667 824 1721 nisi
854 1668 937 1722 cui
970 1685 1072 1722 non
1097 1678 1178 1723 est
1199 1669 1421 1723 datum?
1443 1669 1618 1736 Quare
1647 1684 1776 1738 ergo

178 1760 250 1812 illi
279 1759 466 1812 datum
496 1767 607 1822 est,
651 1766 707 1812 et
744 1759 815 1812 illi
847 1774 952 1814 non
979 1768 1062 1814 est
1087 1759 1308 1814 datum?
1362 1759 1473 1814 Non
1507 1776 1592 1814 me
1638 1763 1777 1830 piget

177 1850 394 1915 dicere,
440 1850 540 1904 hoc
579 1858 661 1905 est
704 1850 1026 1920 profundum
1054 1851 1245 1906 crucis.
1286 1851 1360 1906 De
1393 1851 1653 1921 profundo
1679 1867 1776 1908 ne-

178 1942 293 1994 scio
318 1955 427 2010 quo
447 1941 772 2011 iudiciorum
800 1942 924 2006 Dei,
953 1957 1070 2011 qua:
1095 1944 1414 2011 perscrutari
1445 1945 1775 2013 contempla-

178 2033 330 2100 rique
369 2048 476 2085 non
503 2047 785 2100 possumus
804 2075 820 2098 ,
848 2032 1087 2102 procedit
1116 2047 1276 2088 omne
1303 2033 1441 2102 quod
1473 2049 1771 2102 possumus.

180 2122 252 2175 De
284 2121 662 2190 profunditate,
696 2125 931 2193 inquam,
961 2125 1138 2180 nescio
1182 2141 1282 2195 qua
1309 2125 1626 2194 judiciorum
1659 2127 1772 2194 Dei,

177 2230 299 2282 qua":
329 2214 690 2269 inscrutabilia
742 2216 1234 2285 contemplarinon
1280 2232 1594 2287 possumus,
1654 2235 1773 2287 per-

177 2305 405 2357 Scrutari
433 2321 539 2358 non
560 2306 816 2371 valemus,
849 2305 1091 2375 procedit
1115 2321 1274 2361 omne
1305 2306 1443 2376 quod
1471 2322 1776 2377 possumus.

176 2395 330 2462 Quod
360 2412 614 2463 possum,
651 2397 843 2450 video:
878 2398 1018 2451 unde
1044 2384 1277 2467 possim,
1303 2413 1406 2452 non
1439 2399 1632 2464 video;
1673 2399 1773 2454 nisi

175 2487 298 2554 quia
339 2495 398 2540 et
441 2486 540 2540 hoc
573 2487 829 2541 hactenus
859 2487 1017 2542 video
1040 2527 1052 2550 ,
1083 2488 1222 2559 quod
1251 2489 1371 2541 novi
1418 2503 1535 2543 esse
1568 2503 1597 2542 a
1643 2489 1772 2544 Deo.

175 2577 354 2643 Quare
384 2586 562 2631 autem
588 2578 762 2640 illum,
793 2586 848 2632 et
877 2593 982 2632 non
1010 2577 1156 2632 illum
1188 2596 1199 2630 :
1228 2578 1450 2633 multum
1473 2578 1636 2632 estad
1665 2593 1773 2649 tne,

175 2668 406 2736 abyssus
442 2675 560 2731 est,
593 2667 909 2736 profundum
934 2669 1109 2723 crucis
1139 2676 1254 2732 est;
1295 2668 1644 2724 admiratione
1676 2684 1742 2725 ex

175 2758 344 2810 clama
352 2772 410 2811 re
423 2772 661 2826 possum,
677 2759 1028 2828 disputatione
1040 2759 1404 2815 demonstrare
1416 2775 1518 2814 non
1537 2776 1772 2832 possum.

175 2846 311 2914 Quid
335 2863 552 2916 possum
571 2850 871 2904 exclamare
883 2850 949 2903 de
964 2851 1061 2904 ista
1081 2850 1474 2922 profunditate?
1491 2851 1655 2917 Quam
1674 2869 1780 2906 nias

178 2937 422 3006 gniﬁcuta
441 2949 558 2990 sunt
587 2954 744 3008 opera
769 2948 874 3004 tua,
901 2937 1145 2994 Domine!
1163 2940 1360 2995 Gentes
1387 2941 1768 3009 illuminantur,

176 3027 346 3081 ,ιιιόωὶ
364 3037 720 3082 excmcautur.
749 3028 973 3096 Quidam
1016 3031 1217 3099 parvuli
1239 3042 1572 3086 sacramento
1599 3032 1772 3102 Bapti-

177 3118 366 3171 smatis
391 3117 698 3182 abluuntur,
727 3119 940 3188 quidam
958 3136 1083 3176 vero
1106 3122 1306 3190 parvuli
1339 3123 1388 3176 in
1417 3133 1587 3178 morte
1615 3124 1770 3194 primi

178 3206 411 3263 hominis
429 3208 821 3278 relinquuntur.
843 3210 1005 3278 Quam
1023 3214 1346 3284 magni/irata
1361 3225 1475 3268 sunt
1490 3231 1642 3286 Opera
1658 3226 1766 3283 tua,

177 3299 437 3354 Domine!
461 3300 630 3355 Nimis
655 3303 920 3374 profunda:
937 3307 1085 3374 facta:
1104 3313 1216 3356 sunt
1232 3306 1552 3375 cogitationes
1565 3309 1688 3362 tute!
1702 3309 1770 3364 Et

177 3393 423 3461 sequitur
455 3409 468 3444 :
512 3391 600 3446 Vir
630 3393 920 3462 imprudens
951 3411 1047 3447 non
1076 3397 1359 3464 cognoscit,
1391 3406 1436 3448 et
1459 3398 1640 3452 stultus
1667 3416 1769 3454 non

177 3485 422 3556 intelligit
479 3491 584 3540 hau:
614 3484 781 3559 (I’sal.
831 3501 919 3540 xei
945 3529 958 3552 ,
993 3485 1055 3553 6,
1105 3488 1182 3557 7).
1214 3487 1349 3553 Quid
1392 3505 1496 3543 non
1526 3490 1771 3560 intelligit

179 3579 374 3632 stultus
401 3588 459 3632 et
482 3577 829 3647 imprudens?
875 3576 1009 3647 Quia
1040 3577 1121 3633 vel
1154 3579 1474 3650 profundum
1503 3588 1603 3636 est.
1636 3579 1768 3637 Nam

176 3669 221 3726 si
246 3669 449 3725 stultus
476 3682 580 3724 neu
618 3669 894 3740 intelligit,
923 3679 976 3724 et
1001 3671 1212 3740 sapiens
1239 3670 1518 3741 intelligit,
1550 3688 1658 3726 non
1687 3682 1772 3728 est

180 3764 340 3818 nimis
359 3761 705 3834 profundum.
727 3761 829 3816 Sed
849 3761 889 3814 si
909 3762 1121 3830 sapiens
1144 3761 1382 3830 intelligit
1407 3762 1528 3830 quia
1552 3762 1769 3831 profun-

179 3855 304 3912 dum
331 3865 439 3918 est,
460 3855 652 3908 stultus
684 3871 786 3907 non
809 3854 1050 3923 intelligit
1073 3854 1196 3922 quia
1224 3853 1305 3907 vel
1327 3852 1641 3922 profundum
1667 3865 1766 3910 eSt.

244 3947 300 4002 6.
346 3946 511 4000 Error
549 3947 610 3999 de
645 3947 932 3998 animarum
963 3956 1166 4014 peccato
1195 3955 1313 3998 ante
1356 3962 1569 4015 corpus,
1612 3947 1766 4004 unde.

178 4038 301 4092 Ideo
339 4038 492 4091 multi
520 4037 588 4091 de
615 4038 716 4090 isto
750 4035 1008 4106 profundo
1035 4045 1333 4105 quaerentes
1360 4036 1581 4092 reddere
1611 4039 1768 4092 ratio-

178 4147 299 4184 nem
321 4171 337 4193 ,
370 4132 426 4184 in
460 4129 662 4185 fabulas
706 4129 954 4183 vanitatis
1002 4129 1265 4185 abierunt.
1301 4130 1477 4199 Aliqui
1523 4131 1771 4188 dixerunt

177 4223 319 4290 quod
351 4223 546 4275 anima:
562 4237 772 4275 sursum
793 4221 842 4275 in
865 4221 1002 4276 coelo
1017 4231 1254 4290 peccant,
1279 4230 1332 4275 et
1361 4221 1654 4276 secundum
1677 4239 1769 4276 sua

177 4321 400 4381 peccata
443 4312 509 4366 ad
538 4327 762 4381 corpora
807 4326 901 4380 pro
927 4312 1131 4367 meritis
1159 4312 1486 4382 diriguntur,
1516 4322 1570 4366 et
1598 4313 1770 4382 dignis

175 4401 250 4454 ibi
278 4403 432 4471 quasi
473 4401 776 4454 carceribus
807 4400 1166 4454 includuntur.
1207 4401 1384 4454 lerunt
1421 4410 1541 4470 post
1567 4400 1768 4470 cogita-

176 4497 357 4551 tiones
403 4507 564 4556 suas;
615 4493 852 4546 volentes
895 4491 1164 4561 disputare
1216 4492 1282 4547 de
1330 4492 1418 4546 Dei
1469 4493 1766 4562 profundo,

178 4582 347 4638 mersi
402 4590 528 4635 sunt
569 4582 620 4634 in
660 4580 1002 4650 profundum.
1036 4581 1279 4634 Occurrit
1322 4582 1462 4636 enim
1514 4584 1593 4637 cis
1623 4583 1770 4652 Apo-

172 4675 382 4734 stolus,
416 4673 604 4725 volens
643 4673 863 4741 gratiam
912 4670 1332 4735 commendarc,-
1373 4681 1426 4724 et
1458 4673 1615 4742 elegit
1655 4674 1770 4728 illos

173 4763 428 4840 geminos
472 4764 526 4816 in
555 4771 702 4816 utero
730 4763 1014 4828 Rebeccae,
1067 4771 1116 4817 et
1159 4763 1286 4818 dicit
1317 4781 1332 4817 :
1369 4763 1612 4818 Nondum
1640 4767 1773 4820 enim

174 4855 315 4907 uatis
335 4895 350 4918 ,
383 4869 472 4906 nec
517 4853 602 4922 qni
629 4852 822 4923 aliquid
847 4852 1031 4923 egerint
1063 4853 1178 4908 boni
1205 4865 1291 4906 aut
1319 4855 1440 4907 mali
1471 4856 1643 4927 (Rom.
1683 4874 1730 4911 ix
1754 4901 1769 4923 ,

183 4945 201 4996 l
224 4944 300 5013 l).
334 4943 467 4998 Vide
491 4943 936 5012 quemadmodum
967 4943 1086 4998 tulit
1109 4945 1256 4996 vanis
1285 4943 1584 5000 hominibus
1604 4948 1773 5016 phan-

184 5036 350 5088 tasias
375 5035 796 5087 conversationis
829 5034 1126 5088 animarum
1156 5044 1280 5088 ante
1305 5049 1499 5104 corpus
1526 5037 1577 5089 in
1609 5038 1767 5092 caelo.

178 5125 234 5180 Si
277 5125 424 5180 enim
458 5125 528 5178 ibi
551 5125 660 5194 jam
704 5134 1033 5180 conversata:
1059 5137 1217 5190 sunt,
1259 5125 1368 5195 jam
1410 5127 1608 5196 aliquid
1647 5129 1773 5184 boni

180 5225 414 5285 egerunt
455 5215 538 5269 vel
565 5215 716 5279 mali,
748 5223 805 5270 et
832 5231 927 5286 pro
959 5217 1161 5272 meritis
1191 5217 1302 5294 suis
1323 5217 1388 5270 ad
1417 5233 1639 5288 corpora
1668 5228 1776 5275 ter-

183 5322 316 5359 rena
348 5305 580 5360 detrusa:
604 5315 728 5360 sunt
753 5309 792 5359 ⁸.
835 5307 888 5362 Si
921 5308 1127 5376 placet,
1175 5308 1599 5364 contradicamus
1624 5312 1770 5380 Apo-

181 5399 326 5451 stolo
345 5395 471 5465 ,ηυξ
493 5397 645 5465 dixit,
680 5398 920 5452 Nondum
947 5400 1078 5453 natis
1097 5442 1111 5466 ,
1145 5416 1235 5454 nec
1255 5400 1340 5470 qui
1370 5400 1562 5473 aliquid
1587 5403 1775 5472 egerint

179 5491 306 5543 boni
331 5499 420 5541 aut
466 5490 606 5542 mali.
643 5489 754 5545 lloc
777 5499 955 5544 autem
994 5493 1116 5562 quia
1151 5501 1367 5562 prepter
1391 5493 1629 5562 Apostoli
1665 5497 1775 5547 evi-

182 5579 404 5633 dentem
427 5581 743 5633 sententiam
777 5581 977 5649 respuit
1004 5582 1261 5636 catholica
1297 5580 1459 5652 lides,
1489 5580 1627 5654 quod
1655 5582 1770 5637 ani-

255 5713 274 5744 ι
298 5718 348 5761 ιιι
372 5719 501 5770 vss,
525 5712 703 5764 diruta:
719 5722 846 5765 sunt.

416 5809 691 5875 PATROL.
733 5814 1085 5883 XXXVIII.

1599 279 1827 334 SlillllO
1866 278 2064 334 εωιν.

3356 287 3462 347 9οὸ

1883 409 1981 447 mze
2010 397 2061 448 in
2093 395 2240 451 caelis
2287 396 2431 464 prius
2461 396 2636 450 vivant
2675 405 2728 451 et
2779 410 3198 470 conversontur,
3255 415 3309 460 et
3353 406 3462 461 illic

1886 485 2306 554 recipiendorum
2329 499 2611 556 corporum
2645 504 2746 542 met
2763 485 2827 542 ita
2855 502 3160 560 assumant,
3193 497 3352 550 modo
3377 495 3462 552 isti

1883 575 2081 630 novelli
2109 575 2186 644 (a)
2216 591 2320 631 non
2351 577 2546 632 audent
2566 579 2762 634 dicere.

1949 667 2176 724 CAPUT
2227 668 2404 722 \"l.—
2438 671 2489 722 7.
2533 669 2676 723 Mors
2717 672 2918 726 nonnisi
2953 689 3015 728 ea:
3055 686 3274 746 peccato.
3333 678 3440 730 Par

1881 756 2108 810 natorum
2146 773 2279 812 mors
2313 774 2377 811 ea:
2423 769 2624 828 peccato
2666 760 2815 829 primi
2839 761 3072 816 hominis.
3101 764 3202 818 Sed
3234 767 3358 834 quid
3383 767 3462 821 di-

1881 847 2049 900 cunt?
2074 847 2274 917 Aliqui,
2299 849 2436 903 sicut
2461 849 2778 914 audivimus,
2803 852 3034 921 ipsorum
3061 855 3130 908 ita
3159 856 3428 925 disputant
3462 879 3470 908 :

1880 937 2136 1003 Prorsus,
2169 938 2439 1009 inquiunt,
2491 955 2586 1007 pro
2611 942 2813 996 meritis
2839 944 2949 997 suis
2987 959 3174 1000 omnes
3216 945 3471 1002 houiines

1883 1028 2210 1094 moriuntur,
2255 1030 2376 1098 quia
2405 1042 2782 1099 peccaverunt;
2810 1048 2914 1087 non
2941 1034 3081 1088 enim
3111 1046 3252 1090 esset
3281 1052 3425 1090 mors
3459 1082 3475 1106 ,

1883 1119 1984 1173 nisi
2014 1120 2234 1174 veniens
2261 1121 2327 1175 de
2357 1132 2594 1189 peccato.
2637 1123 2846 1193 Optime
2890 1126 3101 1194 quidem
3129 1137 3183 1182 et
3224 1144 3350 1184 vere
3381 1129 3463 1183 (li-

1880 1216 2021 1262 ctum
2057 1220 2172 1275 est,
2211 1210 2325 1264 Non
2372 1221 2514 1266 esset
2543 1227 2716 1275 mors,
2749 1214 2849 1268 nisi
2887 1215 3102 1269 veniens
3130 1217 3196 1270 de
3225 1229 3458 1286 peccato.

1879 1297 1984 1353 Sed
2013 1315 2131 1369 ego,
2155 1315 2275 1355 cum
2302 1301 2403 1356 hoc
2431 1303 2622 1364 audio.
2656 1304 2777 1359 ideo
2799 1305 2954 1360 laudo
2978 1349 2992 1371 ,
3023 1307 3144 1376 quia
3173 1309 3312 1362 illam
3354 1313 3462 1380 pri-

1879 1404 2020 1442 mam
2048 1401 2269 1445 mortem
2306 1392 2514 1446 intueor
2560 1403 2611 1446 et
2642 1394 2782 1446 illius
2824 1396 2975 1463 primi
3007 1395 3240 1452 hominis
3271 1413 3460 1467 pecca-

1881 1488 2008 1532 tum.
2061 1481 2230 1534 Audio
2273 1485 2410 1535 enim
2443 1485 2749 1551 Apostolunt
2783 1503 2798 1540 :
2833 1486 3046 1540 Sicutin
3089 1489 3252 1542 Adam
3289 1508 3463 1548 omnes

1879 1571 2186 1636 moriuntur,
2215 1574 2288 1626 sic
2317 1584 2362 1626 et
2388 1574 2440 1627 in
2466 1573 2663 1629 Christo
2689 1591 2857 1630 omnes
2870 1579 3250 1647 viviﬁcabuntur
3269 1581 3311 1654 (l
3338 1583 3457 1638 Cor.

1879 1674 1970 1721 xv,
1998 1658 2111 1730 22).
2146 1660 2248 1714 Per
2273 1679 2426 1715 unum
2456 1664 2706 1717 hominem
2736 1677 2993 1735 peccatum
3018 1670 3218 1725 intrauit
3243 1674 3296 1726 in
3317 1691 3461 1729 nurn—

1879 1750 1999 1802 dum
2021 1790 2036 1816 ,
2065 1762 2114 1805 et
2161 1769 2249 1820 per
2295 1765 2552 1823 peccatum
2582 1772 2715 1810 mors
2737 1773 2758 1821 ;
2783 1769 2827 1811 et
2855 1759 2924 1811 ita
2949 1761 3000 1814 in
3027 1779 3194 1816 omnes
3236 1765 3461 1820 homines

1878 1841 2193 1908 pertransiit,
2224 1842 2278 1896 in
2322 1859 2422 1913 quo
2449 1861 2620 1898 omnes
2677 1861 3003 1916 peccaverunt
3052 1852 3311 1920 (Romfv,
3345 1856 3458 1927 19).

1878 1930 2076 1986 Omnes
2100 1933 2242 1986 enim
2286 1949 2421 1989 unus
2466 1933 2702 2005 fuerunt.
2753 1937 2842 1993 Sic
2889 1949 2941 1993 te
2991 1942 3150 1997 audio
3194 1943 3458 2002 dicentem

1881 2031 2107 2077 mortem
2136 2023 2367 2079 hominis
2395 2025 2462 2080 de
2507 2037 2726 2096 peccato
2770 2031 2932 2085 esse?
2974 2031 3119 2100 Non,
3153 2036 3340 2105 inquit.
3395 2039 3463 2092 Et

1877 2114 2001 2183 quid
2032 2115 2200 2169 dicis?
2228 2115 2451 2171 Omnem
2480 2119 2747 2174 hominem
2779 2121 2916 2176 Deus
2942 2124 3292 2181 immortalem
3315 2140 3462 2184 creat

1879 2207 2056 2260 nitido.
2089 2209 2341 2263 Mirabilis
2367 2212 2574 2265 novitas
2605 2214 2646 2265 ί.
2693 2213 2828 2280 Quid
2860 2215 3034 2269 dicis?
3073 2217 3328 2284 Prorsus,
3375 2223 3459 2276 in-

1878 2297 2013 2366 quit,
2034 2313 2245 2353 omncm
2273 2299 2538 2354 hominem
2561 2302 3066 2360 Deusimmortalem
3095 2319 3259 2363 creat.
3287 2311 3462 2379 Quare

1878 2404 2004 2458 ergo
2058 2391 2358 2445 moriuntur
2409 2393 2610 2460 parvuli
2665 2395 2930 2450 infantes?
2981 2399 3112 2453 Nam
3165 2402 3208 2455 si
3250 2402 3457 2469 dicam,

1877 2478 2052 2546 Quare
2074 2481 2374 2536 moriuntur
2401 2483 2626 2552 grandes
2654 2484 2937 2542 homines?
2965 2487 3202 2545 dicturus
3219 2506 3278 2547 es
3306 2495 3455 2560 mihi,

1877 2572 2255 2628 Peccaverunt.
2280 2574 2422 2644 Ergo
2445 2568 2514 2630 de
2542 2576 2802 2646 majorum
2832 2587 2988 2635 aetate
3009 2595 3112 2635 non
3138 2583 3420 2654 disputabo
3444 2607 3456 2640 :

1877 2663 2213 2732 parvulorum
2265 2664 2539 2720 infantiam
2567 2677 2751 2722 contra
2801 2680 2852 2724 te
2878 2677 3068 2726 testem
3097 2673 3294 2728 citabo.
3340 2675 3456 2730 Non

1879 2752 2197 2826 loquuntur,
2225 2766 2278 2811 et
2304 2758 2626 2813 convincunt
2657 2776 2672 2812 :
2705 2768 2881 2815 tacent
2899 2801 2914 2827 ,
2943 2771 2999 2818 et
3021 2764 3160 2834 quod
3191 2764 3311 2820 dico
3333 2783 3461 2836 pro-

1875 2841 2024 2898 bant.
2050 2844 2188 2901 Ecce
2214 2845 2444 2902 infantes
2465 2848 2519 2902 in
2543 2849 2655 2904 suis
2676 2850 2854 2920 utique
2875 2853 3122 2922 operibus
3147 2855 3458 2912 innocentes

1876 2941 2022 3000 sunt,
2039 2934 2170 2989 nihil
2189 2938 2480 2992 secumnisi
2494 2938 2638 3008 quod
2662 2939 2733 2995 de
2761 2941 2930 3009 primo
2949 2943 3163 3000 nomine
3185 2955 3459 3004 traxerunt

1879 3023 2137 3079 habentes
2155 3041 2170 3080 :
2199 3026 2391 3095 quibus
2403 3037 2685 3098 propterea
2697 3040 2778 3084 est
2799 3033 2967 3100 gratia
2988 3033 3186 3090 Christi
3210 3051 3428 3093 necessu
3444 3071 3458 3080 -

1876 3116 1986 3184 ria,
2019 3126 2078 3173 ut
2118 3119 2171 3173 in
2199 3120 2409 3174 Christo
2438 3120 2801 3188 viviﬂcentur,
2843 3125 2934 3195 qui
2975 3127 3027 3180 in
3053 3128 3217 3183 Adam
3260 3135 3452 3186 mortui

1875 3217 2020 3274 sunt;
2041 3220 2096 3264 ut
2118 3211 2238 3280 quia
2256 3211 2510 3281 inquinati
2527 3222 2649 3267 sunt
2674 3219 3038 3284 generatione,
3060 3230 3346 3290 purgentur
3371 3239 3456 3277 re-
3553 3233 3560 3239 ’

1873 3301 2235 3370 generatione.
2268 3301 2414 3370 Ipsos
2429 3319 2558 3374 ergo
2578 3314 2740 3360 testes
2759 3307 2954 3362 citabo.
2978 3307 3262 3379 Responde
3287 3314 3411 3367 mihi
3443 3333 3456 3366 :
3503 3336 3506 3340 -

1873 3391 2051 3456 Quare
2081 3393 2408 3459 moriuntur,
2446 3395 2489 3447 si
2519 3408 2706 3449 omnes
2737 3394 2978 3452 homines
3008 3401 3335 3455 immortales
3361 3397 3460 3456 na-

1875 3490 2092 3536 scuntur
2112 3521 2126 3546 ,
2151 3490 2204 3536 et
2229 3483 2480 3549 quoniam
2515 3493 2770 3551 peccant,
2801 3484 2920 3539 ideo
2949 3487 3289 3543 moriuntur?
3322 3491 3456 3557 Quid

1872 3573 2070 3641 putatis
2097 3571 2200 3626 dici
2224 3573 2500 3640 potuisse?
2529 3572 2656 3640 Qua:
2681 3588 2838 3628 aures
2866 3576 3070 3630 ferant?
3097 3578 3460 3636 Peccaverunt

1874 3669 1928 3718 et
1953 3662 2076 3733 ipsi.
2115 3660 2217 3720 Ubi
2264 3665 2650 3735 peccaverunt?
2677 3665 2822 3738 Rogo
2850 3673 2933 3734 te,
2974 3668 3184 3739 quando
3199 3683 3459 3744 peccave-

1874 3756 2040 3808 runt?
2063 3755 2334 3823 quomodo
2373 3758 2762 3824 peccaverunt?
2792 3759 2993 3813 Bonum
3021 3770 3076 3815 et
3100 3764 3294 3818 malum
3332 3769 3458 3837 quid

1874 3845 1943 3898 sit
1967 3845 2228 3899 nesciunt.
2259 3845 2537 3900 Peccatum
2559 3847 2844 3916 accipiunt,
2876 3850 2966 3917 qui
2999 3863 3320 3922 praseeptum
3351 3873 3455 3911 non

1874 3935 2124 4003 capiunt?
2156 3935 2324 3990 Proba
2358 3937 2490 3989 mihi
2537 3947 2842 4005 peccatores
2885 3939 3112 3997 infantes
3145 3946 3324 4013 :quod
3371 3948 3457 4002 di-

1875 4028 2034 4091 xisti,
2083 4043 2206 4081 vere
2235 4028 2358 4097 quia
2409 4027 2603 4082 oblitus
2631 4044 2690 4082 es
2734 4031 2876 4099 quod
2907 4031 3080 4096 fuisti,
3114 4036 3275 4102 proba
3330 4039 3454 4094 mihi

1876 4129 2089 4186 peccata
2116 4119 2414 4174 infantium.
2463 4121 2542 4174 Au
2590 4122 2710 4190 quia
2740 4121 2974 4192 plorant,
3032 4131 3289 4194 peccant?
3335 4132 3455 4200 quia

1877 4209 2106 4264 motibus
2129 4210 2278 4279 quasi
2304 4219 2570 4264 mutorum
2601 4211 2908 4268 animalium
2927 4254 2942 4280 ,
2975 4217 3248 4273 molestias
3279 4225 3422 4290 repel
3442 4254 3457 4265 -

1878 4303 2029 4366 lunt,
2057 4301 2356 4369 voluptates
2399 4302 2702 4370 accipiunt,
2753 4303 2874 4358 ideo
2899 4309 3158 4374 peccant?
3183 4309 3240 4364 Si
3282 4322 3459 4367 motus

1877 4396 1963 4448 isti
2016 4378 2231 4464 peccata
2257 4405 2413 4462 sunt,
2445 4397 2732 4465 ampliores
2763 4407 3068 4466 peccatores
3107 4403 3158 4456 in
3190 4405 3460 4474 Baptismo

1878 4485 2043 4550 lium;
2085 4485 2206 4556 quia
2249 4503 2368 4540 cum
2412 4487 2776 4557 baptizantur,
2808 4489 3273 4550 vehementissime
3319 4498 3460 4552 relu-

1878 4587 2107 4632 ctantur.
2139 4576 2314 4644 Quare
2339 4578 2444 4632 illis
2480 4580 2531 4633 in
2563 4588 2705 4634 tanta
2736 4582 3082 4639 reluctatione
3127 4602 3231 4640 non
3283 4590 3458 4662 impn-

1879 4679 2021 4725 tatur
2045 4680 2317 4740 peccatum
2334 4712 2348 4738 ,
2377 4671 2478 4726 nisi
2507 4673 2628 4742 quia
2650 4674 2849 4728 nullum
2872 4685 2952 4730 est
2975 4676 3145 4733 adhuc
3174 4681 3461 4738 voluntatis

1879 4763 2150 4818 arbitrium
2166 4763 2190 4817 ?

1952 4855 2004 4908 8.
2041 4854 2248 4908 Parvuli
2291 4856 2344 4908 in
2389 4865 2528 4909 utero
2576 4857 2823 4908 exstincti.
2863 4855 2966 4910 Sed
3007 4859 3145 4912 aliud
3182 4861 3338 4917 dico:
3363 4863 3452 4918 lsti

1881 4945 2004 5013 quia
2051 4946 2156 4998 nati
2203 4953 2344 5007 sunt,
2376 4953 2432 4998 ut
2467 4944 2759 5006 arbitraris,
2786 4956 3089 5012 peccaram.
3122 4948 3254 5003 Nam
3279 4952 3322 5004 si
3352 4969 3455 5007 nun

1884 5042 2182 5102 peecarent,
2214 5032 2414 5101 inquis,
2450 5047 2552 5085 non
2583 5042 2936 5087 morerentur.
2963 5034 3099 5100 Quid
3134 5037 3201 5092 de
3246 5040 3350 5095 illis
3373 5042 3456 5096 di-

1881 5124 1960 5179 cis
1992 5123 2080 5193 qui
2118 5123 2169 5175 in
2201 5131 2352 5175 utero
2395 5122 2730 5175 moriuntur?
2755 5124 2802 5176 O
2838 5111 3106 5194 angustia!
3133 5129 3196 5181 Et
3230 5130 3349 5198 ipsi,
3379 5139 3460 5192 in-

1881 5216 2015 5283 quit,
2055 5220 2359 5281 peccaruut,
2403 5211 2522 5265 ideo
2567 5213 2882 5266 moriuntur.
2925 5215 3177 5282 Mentiris,
3209 5235 3274 5273 an
3304 5219 3456 5277 falle-

1883 5303 1996 5359 ris?
2023 5301 2347 5357 Contradicit
2372 5301 2654 5370 Apostolus
2677 5320 2689 5355 :
2712 5301 2954 5356 Nondum
2984 5307 3134 5374 natis,
3155 5324 3242 5362 nec
3270 5311 3466 5380 aliquid

1882 5393 2138 5465 agentibus
2151 5393 2263 5447 boni
2275 5403 2360 5446 aut
2376 5394 2515 5446 mali.
2531 5393 2693 5463 Magis
2712 5393 3021 5462 Apostolttm
3035 5397 3191 5451 audio
3205 5417 3360 5469 quam
3381 5413 3453 5458 te.

1884 5485 2052 5556 magis
2064 5483 2318 5554 Apostolo
2334 5484 2494 5538 credo
2508 5500 2664 5554 quam
2691 5485 2805 5538 tibi.
2826 5485 3067 5540 Nondum
3087 5492 3233 5570 natis,
3250 5509 3338 5546 nec
3359 5496 3457 5548 ali-

1949 5597 1964 5658 ι
1991 5596 2148 5644 verba
2165 5596 2217 5645 in
2235 5594 2520 5658 quibusdam
2541 5593 2678 5658 libris
2697 5597 2768 5645 sic
2787 5597 3194 5658 interpunguntur
3217 5615 3230 5651 :
3265 5600 3455 5654 imum-

1884 5655 2027 5708 tatem
2050 5663 2197 5705 creat.
2223 5655 2359 5706 Modo
2381 5655 2611 5706 mirabilis
2631 5657 2824 5709 novitas.

1951 5718 2024 5780 (a)
2057 5717 2309 5780 Pelagiani.

2742 5803 3214 5885 fi'ingt-ncuf.)
