3850 6188
361 269 460 324 907

360 387 480 454 quia
521 385 776 455 agentibus
799 381 914 436 boni
935 388 1022 433 aut
1038 379 1176 431 mali.
1197 378 1250 431 Si
1266 386 1440 430 autem
1457 376 1558 429 hoc
1580 374 1935 429 testimonium

366 476 588 542 refellis,
603 474 733 528 vade.
750 471 840 526 tibi
856 470 1027 541 potius
1050 467 1114 523 ad
1131 469 1245 523 illas
1264 464 1587 538 rogationes,
1602 476 1651 518 et
1668 464 1753 519 dic
1773 482 1784 517 :
1803 463 1935 530 Quia

368 571 421 624 in
446 569 582 625 coelo
617 573 925 636 peccarunt,
957 572 1010 618 et
1035 562 1158 616 inde
1189 563 1241 614 in
1276 574 1496 630 corpora
1521 558 1935 631 praecipitantur.

366 659 480 715 Non
509 657 646 721 dico,
667 655 856 726 inquit.
879 654 1053 720 Quare
1078 668 1181 707 non
1211 651 1378 706 dicis?
1405 650 1537 719 Quia
1564 649 1691 704 dicit
1716 651 1940 719 Aposto-

366 752 463 813 lus,
489 746 731 801 Nondum
761 745 911 812 natis,
945 761 1033 799 nec
1047 743 1240 815 aliquid
1259 744 1516 815 agentibus
1545 742 1659 796 boni
1683 750 1768 794 aut
1796 740 1935 794 mali.

366 838 423 894 Si
454 852 580 908 ergo
619 852 722 891 non
772 850 865 890 eos
907 849 1125 891 accusas
1167 835 1217 888 in
1264 834 1420 896 ctelo,
1451 846 1614 902 quare
1639 844 1858 886 accusas
1887 831 1938 884 in

366 931 556 986 utero?
586 928 666 983 Ad
697 936 978 997 utrumque
1007 925 1293 996 respondet
1319 924 1621 994 Apostolus,
1654 929 1710 977 et
1744 923 1823 977 eis
1852 937 1940 977 re-

368 1019 592 1092 spondet
620 1019 708 1089 qui
739 1019 940 1085 dicunt,
973 1017 1027 1070 In
1067 1019 1206 1073 caelo
1240 1023 1624 1086 peccaverunt;
1655 1024 1707 1069 et
1746 1014 1824 1068 eis
1852 1028 1940 1068 re-

369 1109 594 1180 spondet
633 1108 722 1178 qui
763 1107 962 1173 dicunt,
1009 1108 1064 1161 In
1112 1116 1262 1161 utero
1298 1114 1665 1176 peccaverunt,
1717 1104 1838 1174 quia
1876 1103 1940 1157 ad

371 1214 653 1270 utrumque
678 1199 854 1253 valent
877 1198 964 1252 illa
994 1197 1153 1251 verba
1181 1212 1298 1266 qua:
1325 1196 1525 1258 dicunt,
1549 1205 1831 1265 antequam
1852 1209 1945 1247 na-

370 1300 665 1354 scerentur,
692 1288 822 1343 nihil
863 1289 1035 1358 egisse
1058 1288 1139 1342 vel
1178 1287 1300 1342 boni
1331 1287 1411 1342 vel
1442 1285 1585 1341 mali.
1615 1285 1789 1352 Quare
1816 1298 1946 1354 ergo

369 1383 704 1438 moriuntur?
730 1380 796 1435 Et
819 1379 904 1433 hic
926 1391 976 1434 te
998 1379 1272 1434 auditurus
1291 1392 1429 1443 sum,
1450 1385 1505 1432 et
1528 1391 1630 1430 non
1650 1375 1825 1446 potius
1847 1375 1948 1429 Ma-

365 1477 587 1545 gistrum
608 1471 894 1529 Gentium?

438 1561 665 1620 CAPUT
703 1561 815 1616 Vll.
842 1591 913 1600 —
937 1560 971 1619 9
1022 1559 1198 1614 Gratia
1226 1557 1448 1629 paruulis
1468 1566 1513 1610 et
1540 1556 1813 1628 majoribus
1833 1553 1949 1609 sult-

368 1654 587 1708 ueniens.
608 1650 797 1706 Gratia:
816 1651 1107 1723 mysterium
1125 1646 1471 1702 inscrutabile.
1501 1646 1595 1700 Dic
1612 1645 1762 1706 mihi,
1787 1643 1949 1698 Paule

367 1743 629 1813 apostole,
658 1756 821 1811 quare
859 1738 1190 1794 moriuntur?
1222 1736 1324 1791 Per
1351 1752 1506 1790 unum
1546 1736 1795 1789 hominem
1835 1751 1949 1804 pee-

370 1842 538 1887 eatum
556 1830 756 1885 intravit
781 1831 833 1883 in
877 1828 1137 1893 mundum,
1157 1836 1201 1880 et
1223 1843 1312 1898 per
1331 1834 1588 1895 peccatum
1617 1840 1789 1890 mors;
1815 1832 1862 1878 et
1879 1825 1949 1877 ita

372 1924 428 1976 in
449 1938 621 1977 attines
641 1922 868 1976 homines
897 1918 1208 1990 pertransiit,
1232 1918 1284 1971 in
1298 1933 1396 1987 quo
1416 1932 1587 1970 euntes
1603 1924 1946 1985 peccaverunt.

375 2012 513 2068 Ecce
543 2011 741 2081 primus
766 2009 928 2064 homo
953 2017 1115 2062 totam
1148 2022 1375 2061 massam
1403 2005 1759 2061 damnabilem
1790 2004 1948 2059 fecit:

377 2105 569 2169 veniat,
591 2105 765 2159 veniat
785 2103 1040 2158 Dominus
1057 2110 1255 2166 noster,
1275 2100 1537 2156 secundus
1555 2101 1736 2163 homo;
1754 2098 1948 2161 veniat,

376 2195 589 2262 veniat;
616 2210 682 2251 ex
729 2193 834 2248 alio
876 2192 1084 2248 tramite
1113 2190 1309 2257 veniat,
1342 2205 1437 2259 per
1461 2190 1716 2259 virginem
1744 2188 1949 2253 veniat;

376 2287 526 2343 vivus
567 2286 781 2350 veniat,
829 2294 1069 2339 mortuos
1108 2282 1341 2336 inveniat
1379 2297 1393 2334 :
1434 2281 1709 2345 moriatur,
1741 2287 1800 2333 ut
1836 2293 1954 2333 mo-

377 2378 535 2433 ricnti
559 2376 856 2441 subveniat,
888 2384 1128 2429 mortuos
1170 2370 1239 2426 ad
1275 2371 1436 2425 vitam
1476 2368 1776 2433 transierat,
1808 2383 1954 2423 mor-

378 2480 499 2525 tuos
534 2466 766 2523 redimat
790 2480 820 2519 a
849 2472 1042 2530 morte,
1073 2471 1251 2518 servet
1275 2461 1438 2516 vitam
1469 2461 1522 2515 in
1551 2462 1778 2527 morte',
1811 2454 1954 2515 occi-

379 2559 473 2614 dat
508 2568 735 2614 mortcm
782 2556 852 2632 de
890 2563 1082 2610 morte.
1111 2552 1237 2610 Sola
1276 2562 1360 2609 est
1392 2553 1490 2608 ista
1512 2554 1677 2623 gratia
1710 2552 1957 2623 parvulo-

381 2666 520 2714 rum,
553 2649 663 2703 sola
711 2647 969 2717 majorum
994 2664 1008 2700 :
1032 2645 1145 2703 sola
1187 2644 1377 2700 liberat
1414 2644 1635 2714 pusillos
1681 2659 1800 2699 cum
1841 2659 1958 2698 ma-

381 2740 517 2810 gnis.
544 2738 719 2805 Quare
765 2738 934 2802 illum,
965 2744 1020 2792 et
1060 2750 1227 2806 quare
1269 2735 1451 2802 illum;
1483 2749 1647 2803 quare
1674 2749 1780 2789 non
1807 2735 1956 2789 illum

380 2842 541 2902 atque
563 2830 742 2895 illum;
774 2828 898 2883 nolo
922 2842 953 2882 a
978 2842 1066 2883 me
1093 2841 1325 2897 qumras.
1357 2826 1528 2882 llomo
1551 2841 1668 2881 sum
1695 2842 1709 2880 :
1738 2828 1958 2897 profun-

382 2923 510 2977 dum
550 2921 724 2977 crucis
768 2920 1007 2984 adverto,
1055 2934 1160 2973 non
1202 2926 1458 2987 penetro;
1494 2932 1816 2988 expavesco,
1856 2932 1959 2972 non

385 3024 613 3069 scrutor.
640 3011 1004 3068 luscrutabilia
1041 3020 1164 3066 sunt
1187 3010 1383 3079 judicia
1406 3009 1542 3081 ejus,
1572 3010 1962 3080 investigabiles

382 3115 507 3160 sum
547 3105 644 3159 vite
684 3104 798 3174 ejus
828 3102 1004 3172 (Rom.
1046 3118 1118 3166 xt,
1161 3103 1274 3172 53).
1306 3101 1477 3158 Homo
1503 3116 1642 3166 sum,
1673 3100 1835 3156 homo
1861 3115 1957 3155 es:

332 3222 338 3229 ·
384 3196 545 3250 homo
565 3202 681 3251 erat
699 3194 789 3264 qui
814 3193 1043 3257 dicebat,
1075 3191 1119 3246 0
1149 3193 1319 3258 homo,
1347 3200 1401 3246 tu
1425 3191 1537 3261 quis
1561 3207 1613 3246 es
1638 3192 1725 3262 qui
1751 3208 1960 3261 respon-
1998 3240 2002 3247 .

382 3288 503 3341 deas
532 3285 635 3342 Deo
661 3284 770 3358 (Id.
801 3302 875 3351 ιε,
896 3283 1029 3355 20)?
1056 3284 1225 3339 llomo
1249 3283 1478 3349 dicebat,
1509 3282 1706 3337 homini
1733 3282 1959 3338 dicebat.

381 3378 577 3434 Audiat
624 3379 805 3441 homo.
836 3391 903 3432 ne
942 3386 1129 3446 pereat
1168 3374 1347 3441 homo,
1380 3384 1592 3445 propter
1625 3389 1781 3444 quem
1823 3374 1963 3429 Deus

385 3470 553 3526 laetus
577 3477 655 3524 cst
686 3468 866 3523 homo.
899 3467 954 3521 ln
984 3466 1085 3521 hac
1122 3480 1248 3536 ergo
1284 3466 1459 3521 crucis
1499 3465 1876 3535 proluuditate.
1908 3464 1960 3518 in

384 3561 485 3616 hac
517 3574 690 3615 terum
737 3566 877 3614 tanta
917 3557 1237 3613 obscuritate
1265 3564 1539 3612 teneamus
1562 3556 1701 3627 quod
1732 3556 1964 3610 cantavi-

384 3665 504 3706 mus
526 3668 540 3704 :
562 3664 666 3705 non
696 3648 765 3704 de
792 3657 975 3704 nostra
1014 3648 1208 3702 virtute
1244 3660 1652 3716 pratsumamus,
1678 3661 1784 3702 non
1814 3645 1961 3719 inge-

384 3742 511 3800 nioli
551 3741 717 3798 nostri
742 3740 943 3796 viribus
966 3740 1019 3795 in
1051 3738 1152 3794 hac
1178 3739 1472 3809 quastione
1513 3738 1710 3809 aliquid
1749 3752 1964 3808 arroge-

384 3846 505 3889 mus
526 3850 540 3888 :
569 3832 836 3887 Psalmum
861 3829 1121 3894 dicamus,
1142 3843 1270 3884 cum
1296 3828 1506 3885 Psalmo
1529 3827 1789 3895 dicamus,
1816 3827 1965 3883 Mise-

383 3939 494 3979 rere
528 3924 646 3989 mei,
695 3921 855 3989 Deus,
894 3922 1128 3976 miserere
1171 3920 1288 3974 mei.
1316 3919 1531 3988 Quare?
1556 3920 1688 3987 Quia
1715 3919 1961 3975 virtutem

386 4013 558 4071 habeo
585 4028 688 4085 qua
712 4021 764 4068 te
793 4010 1135 4084 promerear?
1156 4009 1294 4067 Non.
1326 4009 1537 4079 Quare?
1563 4009 1695 4077 Quia
1716 4010 1963 4065 volunta-

386 4106 454 4161 tis
471 4104 749 4161 arbitrium
770 4119 920 4175 gero,
943 4101 1085 4160 unde
1101 4103 1326 4174 gratiam
1355 4110 1495 4157 tuam
1520 4103 1763 4157 meritum
1786 4117 1961 4158 meum

387 4196 684 4266 pnesedat?
720 4194 860 4252 Non.
899 4194 1004 4252 Sed
1051 4194 1257 4265 quare?
1285 4192 1537 4259 Quoniam
1577 4192 1630 4248 in
1671 4203 1718 4249 te
1757 4194 1964 4263 conlidit

387 4289 557 4344 animo
601 4303 713 4343 mea
751 4285 922 4359 (Psal.
957 4302 1064 4354 un,
1089 4286 1170 4357 2).
1198 4285 1381 4356 Magna
1410 4283 1650 4351 scientia,
1682 4285 1779 4339 ista
1802 4284 1966 4339 conli-

387 4378 583 4434 dentia.
606 4377 864 4434 Conversi
889 4376 957 4433 ad
986 4378 1287 4439 Dominum.
1315 4387 1418 4432 etc.

863 4505 1092 4563 δηιΜο
1129 4506 1370 4563 CLXVI‘
1403 4506 1500 4582 (α).

388 4622 569 4679 Sermo
616 4622 680 4676 de
719 4596 880 4678 verbis
918 4622 1168 4694 Apostoli,
1197 4621 1391 4692 Ephes.
1418 4639 1531 4694 cap.
1566 4639 1637 4690 tv,
1662 4626 1754 4691 25,
1787 4627 1964 4698 Depo-

389 4722 578 4768 nentes
623 4710 975 4779 mendacium,
1026 4711 1301 4783 loquimini
1345 4714 1731 4770 veritatem:et
1770 4716 1964 4775 Psalmi

385 4819 508 4871 cxv,
535 4800 622 4870 ll,
655 4801 840 4859 Omnis
866 4801 1028 4857 homo
1054 4802 1299 4859 mendax.

454 4916 681 4976 CAPUT
747 4915 1031 4973 PRIMUM.
1067 4946 1139 4958 -—
1183 4917 1235 4970 i.
1293 4915 1617 4972 Mendacium
1663 4919 1966 4991 prohibitum

386 5010 597 5066 homini.
664 5008 811 5065 Hauc
856 5010 1209 5076 sententiam,
1265 5025 1423 5080 quam
1472 5010 1602 5066 dixit
1658 5014 1960 5083 Apostolus,

382 5099 703 5172 Deponentes
735 5101 1072 5168 matdacimn,
1104 5100 1363 5172 loquimini
1403 5103 1677 5170 ueritatem,
1715 5119 1818 5158 non
1846 5119 1966 5161 esse

382 5192 700 5248 contrariam
725 5191 797 5246 illi
819 5192 1120 5257 sententiis,
1161 5207 1281 5262 quae
1320 5190 1460 5247 dicta
1504 5201 1590 5249 est
1635 5193 1689 5248 in
1730 5193 1960 5261 Pssimo,

387 5281 566 5338 Omnis
616 5282 766 5337 homo
809 5282 1050 5347 mendax,
1100 5282 1145 5338 si
1193 5282 1448 5340 Dominus
1484 5284 1577 5340 dat
1615 5285 1958 5354 intellectum,

380 5462 585 5571 “eum.
610 5466 686 5510 Er.
714 5466 766 5510 et
796 5455 966 5522 plures
1001 5458 1329 5521 manusnipti,
1349 5456 1402 5510 in
1430 5466 1662 5525 mor-tein;
1680 5461 1774 5515 sed
1806 5464 1966 5516 minus

443 5584 458 5599 '
488 5580 776 5633 ranendstus
808 5580 867 5631 ad
904 5579 1132 5644 gnatm.
1152 5587 1253 5632 Par.
1284 5588 1335 5632 et
1358 5587 1465 5633 hor.

441 5682 514 5744 (α)
540 5680 679 5741 atlas,
701 5680 766 5733 de
786 5682 996 5733 Diversis
1016 5680 1098 5739 25.

1575 260 1630 316 S.
1672 256 2036 316 AUGUSTINI
2079 252 2366 309 EPISCOPI
3490 266 3578 321 903

2048 373 2280 429 breviter
2308 391 2654 444 exponemus.
2685 378 2820 445 Quid
2846 393 2972 449 ergo
2996 389 3091 445 est,
3125 380 3429 452 Deponentes
3464 403 3584 439 men-

2046 463 2263 528 dacium,
2288 467 2548 535 loquimini
2580 470 2870 534 veritatem;
2898 478 2970 531 et.
2996 468 3171 525 Omnis
3194 472 3336 526 homo
3361 477 3583 531 mendax?

2046 556 2128 609 An
2179 556 2522 626 impossibilia
2577 575 2671 628 per
2722 561 3029 629 Apostolum
3078 562 3219 617 Deus
3254 562 3429 633 jubet?
3466 565 3583 621 Non.

2047 648 2181 713 Quid
2212 664 2339 719 ergo
2372 649 2560 718 jubet?
2586 651 2771 705 Audeo
2799 651 3012 708 dicere:
3039 652 3134 707 sed
3161 640 3274 706 sine
3298 657 3585 711 contumelia

2047 740 2242 795 dictum
2272 742 2560 812 accipiatis,
2588 744 2707 813 quia
2734 751 2788 798 et
2817 744 2869 797 iu
2899 759 2984 799 me
3003 744 3175 814 ipsum
3204 743 3323 799 dico
3345 761 3359 798 :
3385 744 3479 802 hoc
3513 748 3587 817 ju-

2047 832 2138 887 bet
2167 833 2325 899 Deus,
2350 845 2408 888 ut
2447 849 2553 889 non
2594 835 2762 889 simus
2808 834 3067 891 homines.
3096 837 3151 892 Si
3189 837 3328 892 enim
3363 838 3591 907 dicerem,

2047 923 2206 980 Jubet
2235 924 2373 981 Deus
2402 933 2460 979 ut
2482 940 2586 979 non
2604 924 2715 979 sitis
2744 926 3005 992 homines;
3030 927 3220 982 acerbe
3247 927 3452 983 forsitan
3475 931 3592 985 acci-

2049 1015 2279 1082 peretis:
2307 1023 2360 1069 et
2382 1030 2467 1069 me
2487 1015 2661 1086 itaque
2687 1016 2965 1085 conjunxi,
2988 1031 3054 1071 ne
3075 1017 3195 1087 quis
3216 1018 3478 1074 irascatur.

2118 1104 2343 1161 CAPUT
2384 1104 2445 1160 ll.
2492 1135 2565 1145 —
2599 1106 2656 1159 2.
2708 1104 2949 1161 Homines
2995 1123 3088 1160 cur
3132 1107 3455 1179 objurgantur
3483 1115 3597 1181 quod

2048 1195 2148 1248 sint
2172 1195 2413 1249 homines.
2443 1195 2509 1249 In
2529 1206 2688 1250 vetere
2714 1196 2914 1250 homine
2938 1196 3276 1262 mendacium,
3307 1198 3358 1252 in
3386 1215 3500 1254 navo
3525 1217 3596 1255 νι-
3628 1191 3634 1241 δ

2049 1291 2191 1339 ritas.
2232 1286 2356 1341 Plus
2398 1287 2539 1342 enim
2581 1286 2703 1342 dico
2744 1287 3016 1344 Sanctitati
3057 1295 3296 1343 vestrze:
3335 1289 3626 1346 invenimus‘

2050 1380 2362 1447 Apostolum
2389 1388 2635 1450 tanquam
2652 1381 2850 1435 crimen
2873 1381 3138 1451 objecisse
3164 1381 3475 1451 hominibus,
3495 1388 3594 1454 quia

2054 1470 2297 1526 homines
2340 1481 2463 1526 sunt
2487 1491 2501 1527 :
2524 1472 2811 1544 objurgans
2847 1474 2989 1529 enim
3031 1474 3149 1530 illos
3176 1476 3278 1530 hoc
3304 1474 3446 1530 dixit.
3474 1475 3595 1543 Quo-

2052 1561 2213 1615 modo
2238 1576 2334 1616 nos
2362 1563 2477 1616 irati
2502 1563 2728 1617 dicimus
2756 1563 2933 1630 alicui,
2967 1565 3140 1619 Pecus
3171 1579 3229 1620 es
3252 1583 3268 1620 :
3290 1565 3365 1621 sic
3393 1566 3474 1620 ille
3495 1581 3595 1621 cur-

2053 1652 2251 1720 ripiens
2281 1654 2331 1706 in
2359 1652 2565 1723 ﬂagello
2590 1651 2875 1710 Dominicre
2901 1656 3222 1726 disciplima,
3247 1656 3435 1726 objecit
3457 1656 3599 1710 humi-

2056 1742 2211 1796 nibus
2252 1743 2371 1813 quia
2419 1743 2664 1800 homines
2688 1756 2860 1801 erant.
2892 1745 3028 1812 Quid
3082 1746 3204 1801 illos
3244 1745 3359 1802 lieri
3403 1748 3598 1811 volebat,

2056 1836 2249 1904 quibus
2295 1836 2499 1892 crimen
2539 1845 2655 1892 erat
2691 1839 2811 1909 quia
2858 1838 3107 1893 homines
3143 1839 3332 1894 erant?
3358 1838 3472 1894 Cum
3494 1843 3601 1894 enim

2055 1930 2117 1982 sit
2145 1929 2274 1983 inter
2302 1945 2407 1997 vos,
2436 1929 2625 1999 inquit,
2658 1930 2913 1984 tantulatio
2942 1938 2988 1984 et
3016 1931 3310 1995 contentio;
3334 1947 3486 1985 nonne
3508 1947 3600 1984 car.

2058 2016 2198 2072 nales
2225 2019 2358 2083 estis,
2385 2028 2434 2072 et
2462 2019 2735 2074 secundum
2758 2020 3011 2073 hominem
3030 2019 3305 2075 ambulatis
3320 2021 3346 2074 .’
3363 2020 3477 2076 Cum
3495 2024 3601 2075 enim

2058 2109 2169 2177 quis
2198 2109 2353 2177 dicat,
2384 2108 2497 2181 Ego
2522 2111 2723 2182 quidem
2760 2128 2871 2165 sum
2909 2110 3108 2177 Pauli;
3132 2113 3263 2166 alius
3301 2123 3480 2179 autent,
3510 2113 3596 2185 Ego

2062 2198 2246 2271 Apollo
2263 2218 2282 2256 :
2304 2218 2467 2256 nonne
2490 2202 2715 2258 homines
2740 2204 2856 2258 estis
2875 2202 2926 2276 (l
2954 2202 3079 2259 Cor.
3103 2221 3181 2271 ttt,
3207 2206 3240 2261 5
3255 2215 3298 2259 et
3319 2204 3410 2277 tl)?
3432 2206 3602 2274 Expro-

2061 2292 2223 2347 brans
2263 2303 2317 2349 et
2362 2294 2648 2365 objurgans
2692 2297 2786 2360 ait,
2830 2294 3017 2350 Nonne
3059 2299 3293 2353 homines
3333 2298 3473 2353 estis?
3495 2298 3603 2365 Quid

2061 2398 2189 2455 ergo
2215 2400 2307 2440 eos
2352 2385 2468 2441 ﬁeri
2498 2387 2726 2452 volebat,
2762 2388 2859 2442 nisi
2905 2387 3044 2458 quod
3097 2390 3149 2444 in
3197 2389 3401 2445 Psalmo
3427 2390 3604 2453 dicitur,

2068 2476 2178 2550 Ego
2199 2480 2327 2545 dixi,
2357 2479 2443 2534 Dii
2469 2481 2586 2534 estis
2612 2492 2659 2535 et
2686 2479 2781 2551 ﬁlii
2812 2481 3105 2537 Altissimi?
3136 2482 3248 2538 Hoc
3272 2483 3469 2553 quidem
3502 2482 3606 2536 dixit

2066 2571 2206 2625 Deus
2232 2588 2244 2624 :
2271 2570 2337 2625 ad
2379 2571 2480 2626 hoc
2523 2572 2665 2627 enim
2692 2580 2866 2626 vocat.
2896 2572 2999 2627 St-d
3042 2573 3178 2644 quid
3214 2573 3501 2644 subjungit?
3531 2572 3606 2626 Vos

2064 2671 2232 2716 autem
2256 2663 2383 2717 sicut
2412 2662 2637 2718 homines
2661 2665 2960 2729 moriemini,
2987 2674 3031 2718 et
3058 2666 3197 2719 sicut
3222 2656 3346 2719 unus
3376 2666 3434 2719 de
3456 2666 3607 2736 princi-

2066 2756 2211 2826 pibus
2253 2756 2439 2811 cadetis
2460 2755 2625 2827 (Psal.
2659 2773 2840 2820 Lxxu,
2874 2758 2905 2812 6
2926 2767 2969 2812 et
3001 2758 3079 2829 7).
3118 2758 3186 2813 Et
3215 2759 3283 2813 ibi
3312 2758 3606 2828 opprobrium

2067 2848 2331 2917 objectum
2358 2858 2461 2915 est,
2492 2863 2611 2903 cum
2655 2848 2866 2911 dicitur,
2905 2848 3005 2903 Vos
3039 2834 3216 2903 autem
3260 2850 3382 2903 sicut
3425 2848 3607 2901 homines

2066 2939 2367 2992 moriemini.
2401 2938 2569 2993 llomo
2594 2939 2738 2993 enim
2770 2939 2961 3006 Adam,
2986 2949 3039 2993 ct
3074 2957 3186 2994 non
3222 2939 3357 2994 [ilius
3384 2938 3606 2993 hominis:

2067 3028 2312 3083 Christus
2351 3035 2529 3083 autem
2575 3027 2715 3082 illius
2764 3028 3010 3091 hominis,
3044 3040 3109 3085 et
3136 3031 3294 3086 Deus.
3328 3030 3400 3083 Ad
3426 3028 3607 3083 menda-

2068 3119 2207 3173 cium
2230 3130 2382 3175 vetus
2424 3120 2583 3175 homo
2628 3121 2877 3190 pertinet,
2905 3121 2952 3175 id
2984 3132 3095 3188 est,
3131 3122 3333 3189 Adam;
3364 3122 3423 3176 ad
3448 3122 3607 3175 verita-

2071 3220 2175 3265 tem
2225 3226 2394 3266 novus
2446 3211 2605 3267 homo
2649 3211 2786 3266 ﬁlius
2832 3213 3089 3280 hominis,
3134 3214 3236 3269 hoc
3274 3225 3371 3279 est,
3409 3212 3610 3268 Christus

2068 3302 2225 3357 Deus.
2258 3303 2313 3358 Si
2355 3303 2574 3374 deponis
2604 3304 2959 3368 mendacium,
2989 3321 3134 3360 exue
3164 3307 3365 3371 Adam;
3395 3306 3434 3359 si
3460 3306 3610 3374 loque-

2070 3394 2145 3449 ris
2170 3397 2467 3460 veritatem,
2500 3395 2661 3450 indue
2682 3396 2951 3450 (Ilii-istum
2979 3413 2992 3450 :
3015 3406 3071 3449 et
3109 3413 3211 3450 non
3239 3397 3328 3451 tibi
3353 3403 3609 3450 cruntcon-

2071 3487 2229 3540 traria
2256 3501 2374 3557 qua:
2411 3487 2569 3540 modo
2615 3487 2667 3541 in
2712 3487 3001 3559 Scripturis
3048 3499 3181 3543 sunt
3229 3490 3411 3560 posita.
3437 3487 3548 3556 Quia
3571 3497 3612 3540 et

2070 3579 2357 3650 Apostolus
2374 3578 2670 3634 exuendum
2701 3579 2968 3637 hominem
2991 3590 3234 3637 veterem
3256 3591 3308 3637 et
3331 3579 3608 3636 induendum

2069 3683 2264 3724 novum
2300 3684 2546 3737 monens,
2571 3668 2718 3736 dicit,
2746 3668 3066 3741 Deponentes
3110 3672 3449 3738 mendacium,
3474 3669 3608 3739 loqui-

2070 3760 2194 3814 mini
2212 3761 2501 3816 veritatem:
2524 3770 2576 3816 ct
2596 3761 2838 3816 Psalmus
2867 3762 2984 3818 illos
3010 3762 3333 3819 admonebat
3357 3772 3408 3819 et
3430 3765 3609 3834 plange-

2068 3852 2181 3920 bat,
2213 3852 2302 3922 qui
2330 3852 2567 3908 nolentes
2591 3867 2786 3908 exuere
2815 3853 2983 3909 Adam
3018 3863 3074 3909 et
3114 3856 3335 3912 induere
3362 3855 3610 3918 Christum,

2070 3956 2177 3996 non
2226 3941 2347 3996 novi
2393 3941 2656 4008 homines,
2687 3942 2780 3999 sed
2822 3951 3022 3999 tantum
3050 3943 3300 4001 homines
3325 3961 3441 4002 esse
3461 3944 3612 4014 cupie-

2068 4032 2227 4098 bant;
2257 4032 2502 4103 qualibus
2525 4033 2740 4104 dicitur,
2763 4033 2950 4090 Nonne
2965 4035 3196 4091 homines
3211 4038 3366 4092 estis?
3391 4037 3453 4091 Et
3472 4036 3517 4090 in
3541 4047 3613 4088 vos

2071 4124 2212 4179 cadit
2233 4125 2372 4195 quod
2399 4125 2597 4181 dictum
2626 4136 2727 4193 est,
2760 4126 2937 4182 Omnis
2963 4126 3116 4183 homo
3150 4129 3382 4184 mendax.

2141 4216 2369 4273 CAPUT
2398 4215 2485 4271 lll.
2512 4248 2581 4258 —
2605 4219 2658 4274 5.
2696 4218 2962 4286 Quomodo
2978 4235 3093 4289 qua!
3124 4218 3223 4275 Dei
3247 4229 3379 4286 sunt,
3402 4220 3515 4289 ﬁant
3539 4232 3611 4268 no-

2071 4318 2194 4362 stra.
2226 4307 2283 4363 Si
2322 4307 2483 4363 homo
2513 4308 2591 4363 vis
2620 4322 2760 4376 esse,
2786 4308 3016 4365 mendax
3046 4311 3177 4365 eris.
3204 4309 3323 4365 Noli
3362 4309 3485 4363 velle
3520 4317 3612 4360 esu:

2073 4400 2255 4466 homo,
2284 4411 2338 4456 et
2381 4416 2487 4456 non
2528 4402 2636 4457 eris
2678 4402 2930 4458 mendax.
2959 4401 3125 4458 Indue
3151 4402 3435 4468 Christum,
3464 4408 3511 4454 et
3531 4396 3611 4452 eris

2072 4507 2269 4548 verax:
2297 4501 2355 4547 ut
2377 4508 2495 4564 quae
2521 4493 2730 4549 locutus
2758 4492 2943 4561 fueris,
2967 4509 3073 4549 non
3103 4500 3195 4548 tua
3222 4495 3329 4548 sint
3353 4491 3491 4562 quasi
3519 4500 3610 4557 pro-

2070 4584 2204 4655 pria,
2227 4593 2282 4639 et
2312 4584 2407 4639 abs
2446 4592 2498 4639 te
2544 4585 2802 4657 instituta,
2828 4585 2920 4640 sed
2951 4584 3270 4641 illustrantis
3301 4592 3351 4639 te
3379 4592 3429 4637 ct
3456 4576 3613 4635 illumi-

2072 4676 2250 4732 nantis
2278 4677 2535 4732 veritatis.
2568 4677 2701 4732 Nam
2738 4677 2782 4732 si
2812 4677 3124 4748 spoliaberis
3165 4677 3384 4743 lumine,
3411 4683 3614 4729 retusae-

2070 4768 2152 4825 bis
2196 4770 2248 4825 in
2290 4769 2523 4826 tenebris
2561 4769 2684 4834 tuis,
2712 4778 2767 4824 et
2809 4785 2915 4824 non
2970 4770 3172 4839 poteris
3221 4769 3324 4825 nisi
3374 4760 3610 4822 mendacia

2071 4861 2236 4932 loqui.
2272 4861 2360 4916 Ait
2400 4862 2542 4917 enim
2586 4861 2699 4932 ipse
2729 4862 3008 4930 Dominus,
3043 4861 3143 4930 Qui
3182 4861 3400 4931 loquitur
3438 4852 3613 4911 menda-

2070 4954 2235 5018 cium,
2267 4951 2329 5006 de
2378 4970 2470 5007 suo
2514 4953 2735 5024 loquitur
2776 4951 2963 5027 (Joan.
3009 4969 3123 5020 vnn,
3164 4949 3441 5024 M):quia
3478 4940 3611 5000 omnis

2070 5044 2219 5097 homo
2264 5042 2500 5097 mendax.
2542 5042 2641 5112 Qui
2685 5058 2813 5116 ergo
2855 5043 3090 5115 loquitur
3116 5042 3409 5105 veritatem,
3442 5031 3610 5093 nonde

2069 5147 2169 5187 suo
2187 5131 2441 5203 loquitur,
2470 5132 2564 5189 sed
2592 5132 2659 5190 de
2690 5134 2803 5189 Dei.
2833 5133 2951 5190 Non
2977 5134 3188 5206 quidem
3218 5134 3309 5198 ita,
3329 5140 3384 5186 ut
3410 5142 3519 5184 eum
3542 5124 3607 5177 lo~

2071 5223 2159 5295 qui
2198 5222 2441 5280 dicamus
2478 5223 2651 5281 aliena
2676 5242 2692 5281 :
2716 5223 2847 5280 ﬁunt
2871 5226 3014 5281 enim
3045 5239 3157 5293 sua,
3189 5238 3311 5279 cum
3337 5225 3468 5277 amat
3489 5209 3605 5285 quod

2072 5317 2283 5388 accipit,
2311 5326 2366 5374 et
2390 5317 2586 5388 gratias
2614 5318 2724 5391 agit
2766 5318 2840 5374 illi
2887 5319 2975 5389 qui
3004 5318 3169 5375 dedit.
3208 5316 3339 5373 Nam
3381 5312 3422 5367 si
3461 5307 3602 5363 ablata

2071 5406 2230 5463 fuerit
2258 5408 2459 5464 homini
2484 5409 2767 5466 illustratio
2788 5410 3048 5478 veritatis,
3080 5404 3368 5465 remanebit
3392 5407 3601 5469 tanquam

2072 5499 2246 5555 nudus
2270 5500 2580 5557 indumento
2609 5501 2846 5566 luminis,
2875 5486 3049 5559 etnon
3079 5500 3270 5573 poterit
3294 5495 3388 5553 nisi
3413 5486 3599 5549 menda-

2071 5593 2150 5647 cia
2181 5592 2342 5665 loqui.
2366 5593 2480 5650 Hoc
2508 5595 2647 5650 enim
2693 5594 2744 5650 in
2794 5595 2885 5651 illo
2911 5593 3221 5656 remanebit,
3247 5587 3380 5663 quod
3407 5586 3451 5640 in
3478 5575 3596 5636 Psal-

2073 5699 2160 5739 mo
2185 5684 2437 5755 scriptum
2465 5694 2565 5755 est,
2602 5684 2778 5742 Omnis
2809 5686 2956 5743 homo
2986 5684 3216 5742 mendax.
