3850 6188
254 282 355 340 909

319 392 547 450 CAPUT
585 392 671 447 IV.
715 420 784 432 --
826 391 878 446 ι.
933 387 1146 444 Vocatus
1188 406 1239 443 es
1286 398 1339 441 ut
1389 404 1487 442 non
1538 386 1606 441 sis
1661 387 1832 447 homo.

250 486 336 539 sed
364 483 506 552 filius
534 481 650 536 Dei.
675 481 791 536 Non
838 489 923 537 est
969 495 1098 551 ergo
1160 478 1301 535 unde
1349 480 1624 549 quisquam
1692 480 1835 533 calu-

251 575 503 639 mnietur,
532 583 585 628 et
638 572 777 628 dicat
826 572 1260 635 mihi:.\lentiar,
1288 572 1407 641 quia
1460 570 1621 625 homo
1693 585 1831 624 sum.

253 666 429 720 Dicam
457 665 599 719 enim
636 674 692 717 et
715 678 815 732 ego
844 662 1231 717 ﬁdentissime:
1260 661 1377 716 Noli
1412 675 1533 715 esse
1564 660 1743 725 homo,
1781 667 1835 713 ut

251 768 354 809 non
376 754 676 809 mentiaris.
710 753 870 822 Ergo,
906 752 1094 823 inquit,
1122 751 1287 805 homo
1310 767 1415 805 non
1442 750 1572 804 ero?
1593 749 1708 804 Non
1737 749 1840 803 uti-

250 860 369 916 que.
399 844 469 901 Ut
499 845 641 899 enim
664 859 769 898 non
786 844 862 897 sis
882 842 1060 908 homo,
1084 841 1149 895 ad
1169 842 1270 896 hoc
1299 849 1514 894 vocatus
1562 854 1621 894 es
1650 839 1715 893 ab
1747 839 1840 893 illo

249 936 336 1006 qui
369 945 591 1005 prapter
621 944 671 988 te
710 932 876 988 factus
899 942 983 989 est
1017 932 1196 987 homo.
1225 930 1345 986 Noli
1370 945 1703 985 succensere.
1725 928 1837 983 Non

252 1026 793 1084 cuimitatibidicitur
819 1034 876 1079 ut
906 1024 1066 1079 homo
1081 1039 1186 1078 non
1223 1023 1394 1090 sis,ut
1422 1037 1584 1092 pecus
1622 1022 1695 1075 sis
1715 1039 1726 1073 :
1746 1020 1839 1075 sed

248 1128 307 1174 ut
330 1119 410 1174 sis
438 1119 578 1172 inter
602 1131 698 1172 eos
723 1116 916 1186 quibus
935 1114 1078 1169 dedit
1105 1122 1423 1184 potestatem
1446 1112 1582 1166 filios
1610 1112 1700 1166 Dei
1726 1112 1838 1166 ﬁeri

253 1209 430 1280 (Joan.
463 1208 937 1279 t,li).Deusenim
965 1206 1120 1259 deum
1150 1214 1203 1260 te
1235 1205 1347 1258 vult
1373 1203 1585 1259 facere:
1616 1218 1720 1257 non
1741 1220 1838 1258 na-

251 1311 392 1365 tura,
422 1299 559 1353 sicut
581 1306 663 1352 est
684 1298 771 1351 ille
791 1312 947 1367 quem
964 1295 1177 1366 genuit;
1204 1294 1298 1348 sed
1319 1294 1461 1348 dono
1481 1308 1578 1347 suo
1619 1303 1670 1347 et
1711 1293 1841 1347 ado-

253 1392 461 1459 ptione.
502 1388 652 1443 Sicut
690 1387 832 1440 cnim
876 1387 963 1440 ille
992 1401 1088 1455 per
1118 1385 1495 1439 humanitatem
1545 1383 1711 1438 ﬁtCltts
1759 1391 1843 1437 est

256 1481 527 1550 particeps
566 1478 909 1532 mortalitatis
935 1485 1072 1540 tum;
1105 1477 1183 1530 sic
1227 1485 1278 1530 te
1332 1492 1425 1544 per
1465 1475 1840 1529 exultationem

252 1571 377 1625 facit
423 1570 738 1640 participem
780 1567 1193 1623 immortalitatis
1222 1581 1352 1619 sum.
1385 1567 1496 1635 Age
1543 1565 1699 1634 igitur
1722 1579 1847 1634 gra-

252 1663 373 1731 tias,
396 1670 454 1717 et
475 1662 802 1730 amplectere
825 1658 965 1730 quod
988 1659 1240 1713 donatum
1262 1667 1346 1712 est
1366 1667 1421 1710 nt
1446 1656 1702 1710 merearis
1720 1670 1842 1725 per-

254 1752 355 1808 frui
402 1770 511 1823 quo
547 1761 767 1808 vocatus
814 1767 892 1806 es.
941 1750 1059 1806 Noli
1103 1765 1223 1805 esse
1266 1750 1458 1816 Adam,
1498 1757 1553 1804 et
1592 1763 1697 1803 non
1738 1748 1843 1803 eris

253 1845 432 1901 homo.
465 1844 522 1900 Si
543 1858 647 1897 non
682 1843 861 1909 homo,
893 1856 996 1895 non
1024 1842 1213 1910 utique
1244 1839 1470 1895 mendax
1501 1838 1654 1908 :quia
1681 1837 1845 1890 omnis

252 1938 403 1990 homo
427 1934 670 1989 mendax.
697 1933 767 1987 Et
794 1948 914 1987 cum
942 1932 1170 2001 cmperis
1208 1945 1314 1984 non
1345 1930 1579 1993 mentiri,
1610 1928 1718 1982 noli
1750 1927 1843 1982 tibi

255 2029 495 2084 tribucre
540 2036 595 2082 et
633 2025 839 2090 extolli,
866 2024 1017 2095 quasi
1065 2038 1128 2078 ex
1179 2031 1274 2077 tuo
1315 2022 1651 2092 proliriozne
1685 2029 1845 2074 vento

253 2118 547 2189 sitperbize,
578 2126 825 2187 tanquam
872 2117 1087 2170 lucerna
1118 2130 1238 2184 quze
1273 2113 1487 2167 aliunde
1514 2110 1841 2178 accenditur,

256 2209 639 2279 exstinguaris,
668 2217 724 2263 et
768 2220 1042 2261 remaneas
1088 2218 1270 2258 rursus
1318 2204 1369 2256 in
1417 2201 1696 2256 mendacio
1732 2210 1841 2254 tuo.

258 2300 441 2356 Nolite
466 2314 595 2368 ergo
622 2296 856 2362 mentiri,
885 2295 1094 2349 fratres.
1123 2293 1239 2348 Ja'rn
1269 2294 1411 2348 enim
1439 2300 1649 2346 veteres
1678 2290 1849 2344 homio

256 2405 353 2445 nes
384 2389 549 2444 eratis
579 2387 913 2442 :accessistis
938 2384 1005 2439 ad
1033 2384 1259 2455 gratiam
1291 2384 1411 2449 Dei,
1442 2383 1564 2438 facti
1595 2382 1725 2437 estis
1754 2381 1850 2435 ho-

254 2481 435 2535 mines
463 2479 608 2533 nori.
638 2476 967 2533 Mendacium
993 2475 1061 2530 ad
1090 2474 1258 2530 Adam
1287 2475 1537 2544 pertinet,
1564 2474 1758 2528 veritas
1780 2472 1849 2528 ad

256 2570 558 2624 Christum.
600 2567 916 2637 Deponcutes
945 2580 1073 2636 ergo
1100 2566 1439 2631 mendacium,
1477 2564 1738 2634 loquimini
1763 2580 1848 2619 ve-

257 2663 484 2727 ritatem,
514 2669 574 2714 ut
596 2668 649 2713 et
674 2674 799 2714 caro
826 2659 923 2712 ista
951 2658 1192 2712 mortalis
1235 2673 1394 2728 quam
1436 2657 1608 2711 adhuc
1642 2656 1851 2713 habetis

262 2753 333 2807 de
356 2753 555 2818 Adam,
586 2751 918 2821 prmcedente
956 2751 1191 2806 novitate
1228 2751 1466 2820 spiritus,
1495 2759 1762 2804 mereatur
1797 2761 1857 2806 et

265 2846 379 2916 ipsa
412 2845 815 2899 inuovationem
844 2853 899 2898 et
917 2843 1387 2898 commutationem
1416 2852 1653 2912 tempore
1676 2857 1854 2895 resur-

272 2936 527 2992 rectionis
554 2950 786 2991 sumzac
814 2936 858 2991 si
890 2946 1032 2990 totus
1073 2935 1232 2990 homo
1278 2936 1554 2990 deiiicatus
1600 2935 1855 2989 inhzereat

271 3038 541 3099 perpetua:
559 3036 717 3097 atque
749 3025 1169 3081 ineommutabili
1196 3026 1426 3082 veritati.

728 3118 957 3174 διεκιιο
994 3117 1225 3173 Cvau
1254 3118 1391 3187 ‘(a).

276 3211 350 3265 De
377 3210 548 3265 Verbis
576 3209 827 3279 Apostoli,
854 3209 1041 3265 Videte
1066 3209 1333 3278 quomodo
1357 3218 1512 3264 caute
1539 3208 1851 3273 anthuletis;

343 3318 447 3355 non
493 3310 554 3355 ut
595 3301 928 3370 insipientes,
974 3300 1069 3354 sed
1112 3308 1170 3353 ut
1207 3300 1504 3370 sapientes;
1531 3284 1856 3354 redimentes

346 3406 576 3464 tempus,
608 3395 860 3464 quoniam
905 3393 1022 3449 dies
1065 3393 1189 3448 mali
1235 3402 1377 3448 sunt.
1423 3393 1613 3465 Epltcs.
1655 3411 1767 3462 cap.
1801 3411 1852 3460 ν,

362 3486 397 3555 7
431 3485 627 3555 7.15,
672 3484 740 3539 ιθ
770 3484 866 3555 (b).

344 3578 577 3634 CAPUT
638 3577 918 3632 PRIMUM.
958 3608 1030 3617 —
1069 3578 1121 3633 1.
1177 3577 1296 3630 Dies
1347 3578 1467 3630 mali
1513 3576 1664 3630 unde.
1718 3577 1858 3645 Apo-

280 3668 493 3734 stolum,
525 3684 647 3723 cum
679 3669 963 3736 legeretur,
997 3667 1252 3728 audistis;
1287 3667 1395 3719 imo
1429 3680 1617 3720 omnes
1653 3665 1859 3719 audivi-

279 3777 415 3828 mus,
436 3761 702 3816 dicentem
727 3760 878 3814 nobis
903 3777 915 3814 :
946 3757 1121 3814 Videte
1143 3757 1394 3821 quomodo
1412 3767 1558 3811 caute
1577 3756 1859 3820 ambulctis;

275 3870 378 3909 non
402 3864 456 3907 ut
479 3853 792 3922 insipientes,
812 3851 900 3904 sed
928 3861 981 3903 ut
1001 3850 1286 3918 sapientes;
1312 3848 1607 3901 redimentes
1642 3858 1857 3918 tempus,

270 3945 513 4016 quoniam
545 3944 652 3998 dies
691 3943 811 3996 mali
840 3950 972 3996 sunt.
1000 3940 1127 3995 Dies
1166 3939 1354 4003 malos.
1390 3938 1600 4006 fratres,
1627 3938 1746 3994 dua:
1773 3953 1860 3993 res

273 4036 496 4103 faciunt,
527 4035 727 4090 malitia
752 4042 810 4089 et
831 4035 1065 4088 miseria.
1095 4032 1198 4089 Per
1222 4033 1477 4087 malitiam
1504 4031 1778 4087 hominum
1807 4040 1863 4087 et

274 4129 547 4183 miseriam
592 4126 866 4181 hominum
910 4124 1176 4179 ducuntur
1201 4124 1218 4156 ¹
1256 4124 1369 4179 dies
1414 4124 1557 4177 mali.
1595 4121 1859 4178 Calerttm

277 4219 394 4275 dies
418 4220 527 4282 isti,
558 4227 813 4288 quantum
848 4217 1076 4286 pertinet
1109 4215 1173 4270 ad
1212 4216 1377 4285 spatia
1409 4215 1682 4281 horarum,
1710 4215 1859 4270 ordi-

275 4311 388 4366 nati
417 4319 541 4366 sunt
568 4328 582 4365 :
606 4310 806 4364 ducunt
834 4308 996 4372 vices,
1036 4316 1195 4377 agunt
1236 4316 1508 4375 tempora;
1550 4306 1720 4361 oritur
1758 4307 1859 4371 sol,

276 4403 473 4459 occidit
499 4402 602 4466 sol,
632 4410 907 4456 transeunt
934 4411 1194 4470 tempora.
1217 4397 1314 4453 Cui
1333 4399 1556 4454 molesta
1585 4408 1709 4453 sunt
1731 4407 1863 4454 tem-

278 4509 433 4564 pora,
461 4493 506 4547 si
530 4492 774 4547 homines
794 4492 893 4546 sibi
925 4507 1029 4545 non
1055 4500 1179 4545 sunt
1209 4491 1443 4546 molesti?
1460 4492 1597 4561 Ergo
1613 4490 1727 4547 dies
1753 4506 1863 4545 ma-

278 4587 382 4652 los,
407 4586 545 4641 sicut
570 4585 701 4649 dixi,
743 4584 861 4639 dote
892 4598 979 4639 res
1001 4585 1214 4648 faciunt.
1247 4584 1458 4640 miseria
1508 4583 1782 4639 hominum
1812 4595 1866 4639 et

280 4676 482 4731 malitia
515 4675 814 4730 hominum.
843 4673 948 4729 Sed
997 4674 1211 4729 miseria
1257 4674 1531 4729 hominum
1570 4676 1865 4729 communis

279 4774 364 4822 est
386 4784 400 4820 :
421 4782 527 4821 non
569 4765 731 4820 debet
769 4766 967 4819 malitia
995 4780 1113 4820 esse
1139 4766 1455 4821 communis.
1484 4766 1562 4819 Ex
1593 4782 1699 4836 quo
1724 4767 1864 4822 enim

283 4858 465 4930 lapsus
490 4867 573 4914 est
600 4859 792 4921 Adam,
819 4869 873 4912 et
908 4858 974 4912 de
1016 4858 1261 4927 paradiso
1299 4859 1571 4927 expulsus,
1602 4874 1865 4930 nunquam

284 4949 499 5006 fuerunt
524 4950 660 5016 dies,
687 4951 788 5005 nisi
835 4950 977 5004 mali.
1010 4949 1143 5004 Istos
1185 4963 1380 5018 pueros
1424 4949 1513 5018 qui
1560 4960 1864 5014 nascuntur,

283 5050 698 5110 interrogemus,
728 5054 891 5111 quare
934 5054 964 5092 a
1010 5038 1217 5108 ploratu
1265 5038 1543 5106 incipiunt,
1576 5040 1665 5109 qui
1703 5048 1757 5095 et
1790 5040 1865 5094 ri-

290 5128 413 5186 dere
438 5141 661 5201 possunt
678 5133 720 5184 ³.
748 5129 1018 5193 Nascitur,
1041 5138 1097 5183 et
1122 5128 1299 5182 statim
1322 5128 1529 5198 plorat:
1553 5139 1669 5198 post
1690 5131 1868 5184 nescio

288 5231 416 5290 quot
440 5222 558 5277 dies
598 5221 754 5276 ridet.
782 5220 1004 5288 Quando
1049 5216 1290 5289 plorabat
1333 5234 1577 5301 nascens,
1605 5220 1862 5291 propheta

350 5334 370 5401 ξ
393 5338 502 5401 Itss.
526 5330 773 5401 plerique,
796 5329 1040 5401 dicuntur.
1058 5330 1304 5401 sicetiam
1320 5327 1495 5401 Florus.

350 5394 371 5425 ²
395 5396 468 5444 sic
487 5389 588 5443 Ain.
612 5389 687 5443 Erl
710 5389 767 5444 et
782 5392 1107 5455 annosa-ipa.
1130 5398 1188 5441 At
1207 5397 1339 5451 tuom,
1367 5392 1451 5456 qui
1469 5403 1558 5442 nec
1580 5389 1743 5444 ridere
1764 5403 1871 5455 pos-

287 5462 600 5566 au‘uéollatus
613 5529 722 5566 cum
737 5528 780 5566 ι.
806 5515 892 5566 bu.
912 5513 975 5566 cl.
990 5514 1068 5565 ch.
1090 5513 1125 5564 Ι.
1143 5513 1201 5565 is.
1226 5527 1275 5578 ς.
1301 5510 1360 5562 lr.
1388 5527 1453 5563 m.
1493 5528 1565 5578 [an
1600 5528 1689 5565 rm.
1711 5513 1791 5563 vd.
1818 5519 1871 5564 et

295 5585 875 5658 τ”ῑὲἐᾳέῖέτῃῖθῖκυὲξς

355 5640 428 5763 ἱαζ
452 5637 591 5718 Alias,
613 5639 680 5689 de
702 5640 872 5690 verbis
893 5638 1100 5701 Apostoli
1123 5636 1198 5689 24.
1261 5706 1269 5715 ¹

379 5699 406 5747 b
449 5700 564 5751 Litat
596 5700 836 5752 Florusad
856 5701 1030 5764 Ephes.
1053 5716 1100 5760 v,
1136 5707 1186 5750 et
1209 5706 1240 5749 li
1272 5700 1375 5749 fim.
1398 5715 1463 5750 ut.

1632 274 1859 331 SERMO
1897 273 2029 330 CLX
2042 276 2144 332 γιι.

3416 284 3519 340 9m

1946 403 2055 441 sua:
2080 387 2395 442 calamitatis
2422 400 2533 445 erat
2559 408 2570 442 :
2593 391 2839 463 lacryntze
2867 392 3006 448 enim
3050 403 3211 449 testes
3254 406 3374 450 sunt
3418 401 3514 450 tui-

1944 479 2118 533 seriae.
2153 479 2392 535 Nondum
2425 482 2672 552 loquitur,
2704 494 2757 537 et
2780 484 2891 553 jam
2920 485 3215 555 prophetat.
3240 487 3373 555 Quid
3399 504 3521 557 pro-

1946 569 2246 639 phetat‘l‘ln
2292 571 2473 627 labore
2511 590 2569 627 se
2614 572 2868 638 futurum,
2900 576 2982 631 vel
3029 578 3080 629 in
3127 578 3333 632 timore.
3366 579 3426 633 Et
3479 580 3522 634 si

1944 660 2078 716 bene
2104 663 2292 718 vixerit
2313 673 2366 719 et
2389 665 2565 733 justus
2596 666 2770 731 fuerit,
2810 678 2955 722 certe
2994 668 3045 721 in
3089 669 3279 724 mediis
3319 671 3520 739 positus

1947 757 2326 811 tentationibus
2346 773 2557 828 semper
2586 759 2812 814 timebit.

2015 846 2241 904 CAPUT
2282 849 2343 904 11.
2375 878 2447 890 -—
2488 851 2542 906 2.
2573 850 2713 906 Justi
2748 854 2829 906 hic
2872 871 3128 924 nunquam
3157 855 3264 908 sine
3290 871 3526 926 persecu-

1948 937 2099 992 tione.
2132 938 2267 1007 Quid
2298 941 2372 994 ait
2395 941 2724 1011 Apostolus?
2771 941 2959 997 Omnes
2986 944 3072 1013 qui
3098 945 3270 998 volunt
3298 946 3349 999 in
3379 944 3528 999 Chri-

1946 1039 2022 1084 sto
2050 1032 2130 1099 pie
2153 1033 2336 1099 vivere,
2371 1035 2763 1103 persecutionem
2794 1034 3047 1103 patientur
3070 1034 3137 1108 (ll
3159 1035 3289 1092 Tim.
3313 1053 3389 1102 tn,
3415 1036 3524 1099 19.).

1948 1121 2085 1175 Ecce
2113 1122 2233 1191 quia
2279 1122 2394 1177 dies
2439 1123 2558 1177 mali
2606 1132 2769 1185 sunt,
2813 1125 2928 1179 sine
2959 1127 3323 1195 persecutione
3349 1129 3527 1182 vivere

1948 1212 2035 1267 hic
2077 1213 2208 1282 justi
2239 1230 2343 1267 non
2374 1224 2612 1284 possunt.
2652 1215 2750 1283 Qui
2780 1215 2919 1270 inter
2946 1216 3115 1272 malos
3148 1218 3333 1273 vivunt
3354 1262 3367 1284 ,
3403 1234 3527 1288 per-

1947 1305 2272 1359 secutionem
2338 1307 2625 1375 patiuntur.
2694 1307 2893 1363 Omnes
2950 1309 3075 1363 mali
3139 1320 3527 1381 persequuntur

1947 1394 2145 1457 bonos,
2198 1412 2301 1450 non
2342 1397 2483 1452 ferro
2524 1410 2578 1453 et
2608 1399 2866 1467 lapidibus
2886 1441 2900 1466 ,
2930 1401 3023 1455 sed
3053 1401 3158 1455 vita
3188 1410 3240 1456 et
3267 1404 3524 1458 moribus.

1946 1483 2211 1554 Numquid
2258 1487 2446 1556 aliquis
2491 1498 2728 1543 sanctum
2758 1489 2857 1544 Lot
2896 1493 3311 1561 persequebatur
3340 1494 3392 1547 in
3424 1495 3525 1549 So-

1947 1576 2159 1631 domis?
2188 1575 2352 1632 Nemo
2377 1580 2451 1634 illi
2491 1581 2750 1635 molestus
2776 1591 2890 1636 erat
2924 1601 2938 1636 :
2970 1594 3022 1638 et
3051 1593 3224 1639 tamen
3258 1587 3396 1640 inter
3424 1587 3526 1641 im-

1950 1668 2066 1737 pios
2092 1668 2319 1733 vivebat,
2352 1677 2405 1723 et
2434 1670 2570 1724 inter
2615 1671 2936 1737 immundos,
2967 1676 3246 1743 superbos,
3276 1676 3530 1745 blaSphe-

1948 1773 2088 1825 mos,
2121 1761 2544 1828 persecutionem
2575 1762 2891 1831 patiebatur,
2940 1780 3045 1818 non
3074 1766 3391 1834 vapulando,
3436 1767 3529 1822 sed

1951 1848 2119 1901 malos
2147 1849 2399 1904 videndo.
2446 1850 2698 1920 Quisquis
2724 1866 2809 1906 me
2846 1853 3028 1919 audis,
3058 1865 3107 1907 et
3135 1856 3368 1909 nondmn
3396 1858 3529 1912 vivis

1950 1938 2004 1992 in
2024 1940 2244 1994 Christo
2271 1941 2374 2008 pie,
2406 1941 2578 2010 incipe
2605 1942 2657 1994 in
2687 1941 2900 1997 Christo
2921 1943 3004 2011 pic
3026 1944 3225 2011 vivere,
3256 1955 3307 2000 et
3339 1947 3532 2016 probas

1949 2029 2089 2100 quod
2136 2029 2276 2085 dico.
2337 2031 2571 2100 Denique
2600 2032 2884 2102 Apostolus
2928 2050 3048 2088 cum
3086 2050 3534 2094 commemoraret

1951 2121 2186 2190 pericula
2217 2137 2310 2176 sua
2341 2140 2354 2177 :
2386 2122 2657 2191 Periculis,
2691 2123 2858 2193 inquit
2882 2167 2895 2189 ,
2942 2125 2995 2179 in
3022 2128 3176 2192 mari,
3218 2129 3455 2197 periculis
3481 2132 3531 2183 in

1956 2213 2267 2283 ﬂuminibus,
2298 2214 2539 2283 periculis
2565 2216 2617 2268 in
2643 2216 2855 2278 deserto,
2892 2217 3128 2283 periculis
3155 2218 3207 2271 in
3234 2221 3529 2288 latronibus,

1953 2304 2189 2373 periculis
2212 2305 2265 2357 in
2307 2305 2451 2374 falsis
2492 2304 2732 2373 fratribus
2780 2304 2864 2373 (ll
2894 2304 3014 2359 Cor.
3045 2322 3119 2370 χι,
3149 2306 3277 2379 9.6).
3329 2308 3533 2365 Cmtera

1956 2393 2191 2463 pericula
2223 2394 2494 2464 quiescere
2525 2404 2765 2463 possunt,
2795 2396 3026 2465 pericula
3056 2412 3084 2450 a
3113 2397 3257 2452 falsis
3285 2398 3535 2454 fratribus

1955 2485 2231 2554 quiescere
2268 2470 2434 2555 usque
2461 2486 2512 2539 in
2540 2485 2697 2540 finem
2724 2486 2899 2542 smculi
2930 2502 3034 2542 non
3063 2499 3335 2544 noverunt.

2026 2575 2080 2629 5.
2113 2573 2381 2629 Redimere
2404 2586 2615 2645 tempus.
2637 2575 2980 2631 Redimamus
3011 2588 3249 2649 tempus;
3282 2581 3533 2650 quoniam

1956 2663 2070 2719 dies
2098 2664 2224 2720 mali
2269 2674 2417 2719 sunt.
2467 2665 2806 2736 Exspectatis
2845 2682 2876 2721 a
2916 2682 3003 2722 me
3048 2667 3181 2723 forte
3210 2671 3380 2731 scire,
3411 2672 3537 2740 quid

1957 2764 2044 2810 est
2070 2761 2278 2825 tempus
2305 2755 2589 2811 redimere.
2624 2756 2869 2811 Dicturus
2920 2773 3037 2811 sum
3066 2758 3206 2828 quod
3250 2760 3401 2828 pauci
3446 2776 3540 2813 an-

1957 2845 2127 2912 diuut,
2152 2847 2300 2915 pauci
2328 2846 2525 2912 ferunt,
2546 2849 2697 2916 pauci
2729 2848 3128 2919 aggrediuntur,
3156 2852 3309 2920 pauci
3339 2861 3535 2922 agunt:

1960 2950 2134 2995 tamen
2161 2941 2369 3006 dicam,
2414 2943 2664 3012 quoniam
2711 2944 2808 3014 ipsi
2857 2947 3009 3014 pauci
3058 2946 3148 3017 qui
3180 2963 3266 3003 me
3309 2949 3538 3004 audituri

1958 3043 2104 3099 sunt,
2134 3031 2273 3086 inter
2306 3033 2475 3088 malos
2503 3034 2703 3088 vivunt.
2732 3033 3017 3090 Redimere
3042 3046 3271 3106 tempus,
3306 3037 3407 3095 hoc
3433 3051 3536 3107 est,

1958 3122 2174 3193 quando
2196 3124 2391 3196 aliquis
2418 3125 2509 3181 tibi
2536 3125 2696 3181 infert
2722 3127 2893 3194 litem,
2917 3127 3084 3198 perde
3108 3129 3327 3200 aliquid,
3357 3140 3410 3186 ut
3433 3132 3540 3188 Deo

1959 3228 2147 3283 vaces,
2173 3230 2278 3269 non
2320 3216 2519 3272 litibus.
2565 3216 2730 3273 Perde
2772 3233 2899 3288 ergo
2928 3234 2942 3271 :
2969 3234 3035 3274 ex
3064 3234 3131 3274 eo
3169 3221 3308 3291 quod
3338 3222 3538 3292 perdis,

1960 3305 2188 3375 pretium
2215 3316 2298 3361 est
2328 3307 2600 3376 temporis.
2631 3305 2788 3363 Certe
2811 3309 3024 3378 quando
3051 3324 3149 3379 pro
3175 3312 3279 3366 tuis
3303 3313 3543 3368 necessi-

1963 3399 2158 3454 tatibus
2188 3400 2432 3468 procedis
2456 3399 2523 3454 ad
2550 3400 2819 3469 publicum
2840 3442 2856 3468 ,
2898 3401 2994 3456 das
3025 3416 3269 3457 nummos
3290 3444 3304 3469 ,
3332 3412 3385 3458 et
3409 3405 3543 3457 emis

1965 3492 2058 3546 tibi
2089 3506 2278 3561 panem
2304 3532 2319 3557 ,
2348 3502 2442 3545 aut
2465 3492 2643 3545 vinum
2664 3534 2679 3557 ,
2711 3500 2802 3546 aut
2830 3492 3005 3546 oleum
3026 3533 3041 3559 ,
3073 3503 3163 3546 aut
3188 3493 3384 3561 lignum
3408 3534 3421 3558 ,
3453 3503 3543 3547 aut

1965 3585 2196 3654 aliquam
2228 3582 2608 3652 supellectilem
2642 3602 2656 3636 :
2685 3582 2780 3637 das
2805 3593 2857 3637 et
2881 3583 3078 3652 accipis
3098 3623 3111 3647 ,
3158 3583 3354 3654 aliquid
3382 3585 3541 3638 amit-

1966 3675 2069 3738 tis,
2117 3672 2315 3742 aliquid
2358 3672 2622 3742 acquiris;
2669 3672 2772 3729 hoc
2812 3683 2894 3727 est
2936 3688 3135 3728 emere.
3174 3674 3305 3728 Nam
3337 3675 3379 3728 si
3411 3673 3544 3728 nihil

1963 3762 2197 3824 amittas,
2225 3771 2282 3817 et
2313 3762 2510 3817 habeas
2534 3762 2674 3832 quod
2702 3777 2807 3818 non
2836 3761 3070 3817 habebas
3092 3754 3115 3829 ;‘
3155 3773 3244 3818 aut
3272 3764 3541 3829 invenisti,

1963 3864 2057 3907 aut
2106 3852 2358 3907 donatum
2410 3852 2702 3921 accepisti,
2751 3861 2841 3907 aut
2893 3853 3203 3908 haereditate
3248 3854 3542 3925 acquisisti.

1964 3945 2188 4014 Quando
2213 3954 2389 4000 autem
2419 3946 2617 4016 aliquid
2645 3947 2846 4001 amittis
2875 3957 2930 4001 ut
2957 3947 3152 4018 aliquid
3179 3947 3398 4015 habeas,
3423 3958 3548 4005 tunc

1965 4038 2100 4092 emis
2133 4055 2144 4090 :
2178 4037 2318 4107 quod
2346 4036 2533 4104 babes,
2564 4048 2803 4107 emptum
2833 4048 2911 4093 est
2937 4055 2953 4105 ;
2995 4038 3136 4109 quod
3177 4040 3397 4102 amittis,
3423 4054 3548 4112 pre~

1973 4129 2102 4183 tium
2130 4138 2230 4183 est.
2278 4128 2557 4195 Quomodo
2585 4145 2713 4200 ergo
2755 4131 2937 4199 perdis
2976 4145 3256 4198 nummos,
3301 4140 3361 4187 ut
3401 4148 3549 4188 emas

1970 4220 2061 4275 tibi
2090 4219 2285 4290 aliquid
2311 4237 2326 4284 ;
2373 4220 2452 4274 sic
2489 4220 2651 4290 perde
2680 4237 2925 4277 nummos
2945 4263 2959 4287 ,
3011 4230 3070 4278 ut
3099 4237 3246 4278 emas
3277 4222 3369 4279 tibi
3397 4225 3548 4295 quie-

1970 4323 2096 4367 tem.
2129 4313 2270 4368 Ecce
2299 4314 2400 4368 hoc
2429 4321 2513 4370 est
2538 4323 2745 4385 tempus
2772 4315 3053 4371 redimere.

2038 4404 2264 4461 CAPUT
2297 4403 2384 4460 lll.
2411 4434 2486 4446 --
2508 4406 2563 4460 4.
2593 4404 2919 4460 Proverbium
2945 4404 3201 4461 Punicum
3226 4424 3339 4462 cum
3364 4408 3553 4462 Christi

1970 4506 2219 4569 praecepto
2239 4497 2571 4552 consentiens.
2598 4497 2941 4553 Proverbium
2968 4508 3153 4554 notum
3174 4507 3255 4554 est
3272 4498 3549 4559 Punietnn.
3590 4518 3593 4523 ν

1971 4588 2110 4658 quod
2154 4588 2368 4659 quidem
2398 4588 2588 4643 Latine
2616 4588 2767 4644 vobis
2810 4588 2984 4644 dicam
3006 4630 3030 4661 ,o
3067 4590 3189 4660 quia
3220 4588 3419 4645 Punice
3447 4604 3553 4644 non

1971 4694 2160 4735 oumes
2188 4679 2378 4734 nostis.
2425 4679 2684 4736 Punicum
2736 4682 2877 4736 enim
2909 4681 3246 4751 proverbium
3289 4691 3373 4738 est
3418 4683 3553 4735 anti-

1972 4784 2133 4838 quum
2166 4786 2180 4821 ς
2209 4768 2495 4824 Nummum
2525 4770 2714 4839 quaerit
2740 4770 3084 4839 pestilentia;
3110 4773 3246 4824 duos
3268 4771 3343 4824 illi
3368 4770 3433 4824 da
3456 4812 3470 4835 ,
3500 4779 3557 4824 es

1972 4862 2131 4917 ducat
2155 4877 2233 4917 se.
2267 4861 2530 4931 Numquid
2559 4877 2664 4915 non
2690 4862 2789 4916 hoc
2818 4862 3151 4928 proverbium
3178 4861 3245 4915 de
3272 4861 3558 4929 Evangelia

1972 4953 2183 5008 videtur
2208 4951 2428 5006 natum?
2446 4950 2578 5005 Nam
2604 4950 2729 5020 quid
2752 4951 2897 5003 aliud
2922 4950 3054 5004 dixit
3075 4951 3348 5015 Dominus,
3374 4962 3553 5018 quam,

1975 5044 2294 5100 Redimeutes
2322 5053 2517 5113 tempus
2536 5085 2551 5111 ,
2581 5043 2795 5114 quando
2822 5044 2894 5098 ait
2919 5085 2935 5110 ,
2979 5042 3042 5098 Si
3063 5045 3174 5109 quis
3217 5045 3320 5099 vult
3357 5045 3558 5115 judicio

1975 5143 2137 5187 tecum
2162 5134 2481 5199 contendere,
2510 5143 2555 5187 et
2582 5133 2805 5187 tunicam
2835 5143 2972 5187 luant
2998 5134 3187 5198 tollere,
3220 5135 3416 5189 dimitte
3441 5136 3488 5189 ei
3512 5147 3559 5189 et

1979 5227 2193 5297 pallium
2224 5226 2436 5295 (Matth.
2469 5241 2536 5295 v,
2581 5226 2721 5298 £0)?
2756 5224 2963 5281 Iudicio
2999 5226 3105 5280 vult
3152 5237 3312 5281 tecum
3352 5237 3557 5281 conten-

1977 5320 2115 5386 dere,
2147 5329 2193 5372 et
2218 5319 2440 5373 tunicam
2469 5327 2606 5373 tuam
2637 5318 2828 5383 tollere,
2860 5319 2979 5374 vult’
2998 5332 3225 5376 arceare
3252 5327 3305 5375 te
3331 5318 3513 5376 litibus
3540 5326 3556 5352 ⁸

1962 5407 2010 5463 'a
2041 5409 2151 5466 Deo
2195 5420 2285 5464 tuo
2318 5428 2334 5465 :
2375 5426 2479 5463 non
2510 5410 2729 5465 habebis
2757 5410 2994 5481 quietum
3023 5424 3156 5477 cor,
3199 5424 3305 5465 non
3345 5394 3567 5465 habebis

1980 5502 2325 5574 tranquillum
2372 5501 2606 5557 animum
2632 5541 2649 5569 ,
2687 5503 2945 5558 everteris
2987 5500 3394 5573 cogitationibus
3431 5502 3557 5568 luis,

2040 5637 2058 5668 ι
2073 5643 2176 5686 Am.
2198 5640 2274 5698 Er.
2291 5640 2345 5684 et
2362 5626 2712 5698 Mss_,at~oeare
2733 5641 2779 5688 te
2800 5631 2937 5688 habet
2958 5632 3132 5690 litibus.
3149 5632 3330 5698 Florus,
3349 5632 3444 5688 vult
3465 5645 3581 5687 οινο-

1977 5707 2092 5749 care
2113 5703 2159 5749 te
2182 5696 2358 5749 danmo
2379 5704 2422 5750 et
2443 5696 2616 5749 litibus.
