3850 6188
369 202 462 257 9η

365 319 592 377 irritaris
641 322 896 380 adversus
941 326 1111 394 ipsum
1161 327 1520 384 adversarium
1570 341 1736 386 tuum.
1803 335 1940 388 Ecce

367 421 579 483 tempus
621 413 911 482 perdidisti.
943 416 1151 485 Quanto
1175 434 1303 488 ergo
1345 420 1532 476 melius
1575 432 1659 478 est
1687 435 1742 479 ut
1785 440 1939 478 num-

367 520 511 558 mum
556 507 802 573 amittas,
843 519 898 562 et
927 517 1136 580 tempus
1165 511 1432 567 redimas?
1462 513 1672 571 Fratres
1703 518 1840 582 mei,
1887 519 1938 572 in

363 595 540 649 causis
564 596 754 651 vestris
794 605 850 652 et
891 598 943 654 in
983 601 1207 672 negotiis
1235 605 1425 658 vestris
1445 646 1459 669 ,
1505 607 1720 676 quando
1747 607 1814 661 ad
1842 624 1940 664 nos

354 685 637 752 iudicanda
665 688 920 756 veniunt,
969 693 1012 746 si
1044 692 1244 748 homini
1272 693 1564 751 christiano
1601 697 1724 754 dico
1761 708 1818 753 ut
1843 715 1941 769 pro

359 783 599 845 tempore
646 778 959 835 redimendo
1008 782 1206 852 perdat.
1242 785 1440 856 aliquid
1491 802 1682 854 suum;
1736 800 1934 861 quanto

359 867 560 936 majore
589 883 716 923 cura
745 879 800 926 et
829 869 1019 927 ﬁducia
1048 873 1218 929 debeo
1260 875 1438 932 dicere
1468 887 1526 932 ut
1572 879 1759 935 reddat
1801 883 1932 937 alie-

357 959 530 1012 num?
566 959 770 1016 Ambos
810 963 953 1016 enim
997 963 1314 1022 christianos
1342 967 1519 1023 audio.
1569 969 1686 1028 Jani
1726 972 1816 1029 ille
1843 989 1932 1028 ca-

352 1049 666 1116 Imnniosus,
686 1050 774 1122 qui
806 1051 918 1107 vult
939 1053 1094 1109 alteri
1126 1053 1298 1113 facere
1323 1073 1535 1114 causam
1553 1059 1721 1133 (a),et
1746 1063 1932 1120 tollere

350 1143 418 1198 ab
447 1144 540 1200 illo
566 1146 646 1200 vel
694 1162 789 1217 pro
833 1151 1250 1220 compositione,
1280 1153 1474 1225 gaudet
1510 1156 1578 1211 ad
1616 1157 1719 1212 ista
1747 1158 1926 1214 verba.

353 1238 642 1306 Apostolus
675 1241 806 1296 dixit
838 1243 853 1274 ⁸
875 1283 890 1310 ,
939 1242 1256 1300 Redimentes
1284 1257 1513 1317 tempus,
1556 1250 1793 1318 quoniam
1821 1251 1928 1307 dies

347 1329 472 1383 mali
498 1341 635 1385 sunt.
661 1331 823 1388 Facio
852 1349 978 1406 ergo
1003 1336 1324 1393 calumniam
1351 1339 1642 1396 christiano
1672 1341 1767 1409 illi,
1798 1343 1927 1398 velit

342 1421 500 1488 nolit,
530 1422 620 1480 dat
660 1426 788 1480 mihi
813 1427 1010 1498 aliquid
1041 1439 1096 1484 ut
1127 1439 1332 1501 tempus
1371 1432 1628 1499 redimat,
1659 1434 1781 1504 quia
1807 1437 1924 1505 epi~

343 1526 564 1582 scepum
614 1516 814 1572 audivit
845 1520 886 1574 ².
942 1520 1034 1576 Dic
1071 1521 1243 1586 mihi,
1288 1523 1332 1577 si
1381 1523 1456 1578 illi
1502 1524 1738 1580 dicturus
1780 1541 1919 1590 sum,

345 1604 517 1659 Perde
541 1607 758 1676 aliquid.
796 1620 850 1665 ut
878 1612 952 1667 sis
981 1615 1222 1678 otiosus;
1253 1615 1344 1669 tibi
1375 1631 1478 1671 non
1506 1632 1623 1672 sum
1656 1618 1916 1686 dicturus,

342 1695 682 1753 Calumniose
706 1742 718 1764 ,
765 1702 970 1770 perdite
1018 1704 1090 1759 liii
1131 1704 1362 1770 diaboli,
1402 1723 1567 1777 quare
1597 1724 1682 1764 res
1717 1711 1920 1768 alienas

339 1785 552 1842 auferre
581 1791 818 1845 moliris?
844 1791 1069 1848 Causam
1097 1809 1201 1850 non
1231 1796 1412 1863 habes,
1444 1808 1497 1852 et
1521 1800 1782 1855 calumnia
1813 1803 1918 1871 ple-

341 1893 443 1931 nus
467 1892 544 1932 cs.
575 1878 628 1934 Si
659 1894 788 1950 ergo
819 1882 893 1936 illi
923 1882 1129 1950 dixero,
1161 1884 1236 1940 IIli
1265 1887 1330 1941 da
1357 1888 1574 1957 aliquid,
1619 1901 1673 1944 ut
1703 1891 1916 1948 recedat

335 1983 366 2020 a
414 1969 712 2036 calumnia;
767 1982 818 2028 tu
851 1973 937 2028 ubi
965 1976 1102 2041 eris,
1153 1978 1245 2048 qui
1293 1979 1510 2036 habebis
1543 1982 1610 2038 de
1650 1985 1911 2041 calumnia

337 2060 665 2126 pecuniam?
718 2061 810 2118 Ille
861 2065 948 2134 qui
1009 2076 1228 2136 propter
1273 2069 1540 2127 vitandam
1591 2075 1910 2132 calumniam

335 2162 545 2223 tempus
571 2168 598 2206 a
629 2163 679 2208 te
709 2154 956 2221 redimit,
1007 2157 1096 2214 hic
1124 2160 1312 2215 tolerat
1338 2161 1453 2217 dies
1481 2166 1653 2220 malos
1680 2185 1692 2220 :
1727 2176 1781 2222 tu
1810 2169 1908 2223 aii-

331 2251 436 2295 tem
465 2243 554 2312 qui
583 2243 650 2300 de
673 2245 954 2302 calumniis
978 2251 1211 2320 pasceris
1229 2293 1244 2317 ,
1290 2252 1377 2308 hic
1405 2253 1626 2312 habebis
1651 2257 1766 2314 dies
1796 2275 1910 2316 ma-

331 2335 428 2394 los,
458 2344 514 2390 et
541 2346 660 2406 post
687 2339 819 2394 istos
859 2341 1132 2400 habiturus
1157 2359 1216 2401 es
1245 2346 1298 2400 in
1325 2346 1412 2403 die
1443 2347 1628 2417 judicii
1672 2353 1904 2422 pejores.

328 2423 434 2478 Sed
462 2425 563 2482 hoc
589 2426 726 2485 forte
751 2431 915 2498 rides,
943 2434 1066 2502 quia
1095 2437 1372 2505 pecuniam
1397 2439 1558 2508 rapis.
1589 2439 1744 2511 Ride,
1767 2443 1902 2511 ride,

326 2526 380 2568 et
409 2524 692 2575 contemne
723 2537 737 2574 :
764 2535 862 2590 ego
887 2537 1101 2594 erogem
1127 2566 1140 2590 ,
1171 2527 1348 2582 veniet
1377 2528 1464 2598 qui
1494 2529 1689 2600 exigat.

745 2631 984 2700 sentio
1019 2633 1323 2691 CLXVIII‘
1363 2639 1457 2712 (ὁ).

325 2713 404 2770 De
431 2717 592 2773 verbis
615 2721 852 2793 apostoli,
881 2721 1099 2794 Ephes.,
1127 2742 1241 2796 cap.
1271 2744 1342 2796 vr,
1370 2729 1459 2795 25,
1485 2731 1591 2786 Pax
1624 2732 1896 2802 fratribus,

392 2818 447 2864 et
482 2810 716 2868 eharitas
740 2829 866 2870 cum.
900 2815 1020 2872 ﬁde.
1049 2817 1170 2874 Sive
1205 2820 1270 2875 de
1292 2826 1457 2891 gratia
1479 2823 1591 2891 Dei,
1625 2829 1899 2883 secundum

406 2899 549 2958 Vatis
577 2905 833 2960 electionis
873 2909 1239 2978 confessionem
1272 2921 1420 2983 atque
1443 2915 1744 2984 doctrinam,
1773 2935 1898 2988 quo-

388 2992 524 3046 niam
548 2994 676 3061 ﬁdes
699 2995 1057 3055 misericordiae
1076 2998 1176 3055 Dei
1201 3001 1390 3056 danunt
1418 3014 1492 3059 est
1520 3007 1614 3079 (ε).

383 3083 611 3140 CAPUT
648 3086 936 3147 PRIMUM.
973 3122 1047 3132 —
1083 3094 1136 3148 1.
1164 3093 1329 3151 Filios
1367 3099 1491 3167 ﬁdei
1505 3100 1728 3157 AbrahaeI
1745 3104 1889 3174 facit,

317 3173 404 3243 qui
434 3177 682 3242 promisit.
715 3179 1054 3239 Lectionibus
1076 3226 1091 3250 ,
1138 3188 1364 3244 canticis
1385 3231 1402 3257 ,
1451 3195 1893 3268 sermonibusque

312 3261 538 3329 divinis,
571 3274 627 3322 et
652 3268 792 3337 quod
822 3279 904 3326 est
930 3273 1285 3345 praecipuum,
1323 3283 1492 3349 gratia
1531 3297 1624 3338 sua
1665 3261 1891 3344 aediﬁcet

311 3351 568 3411 Dominus
606 3371 699 3413 cor
725 3369 1000 3428 vestrum;
1047 3374 1105 3420 ut
1141 3367 1284 3435 quod
1311 3384 1492 3426 verum
1521 3373 1748 3443 auditis,
1782 3393 1886 3433 non

307 3445 535 3503 audiatis
559 3447 626 3503 ad
671 3448 956 3519 judicium,
1005 3456 1103 3512 sed
1128 3457 1193 3513 ad
1225 3462 1523 3529 proemium.
1554 3464 1736 3522 Faciet
1761 3469 1882 3534 hoc,

305 3537 556 3607 quoniam
581 3541 672 3610 qui
706 3545 951 3613 promisit
975 3557 1166 3618 potens
1196 3561 1278 3607 est
1306 3563 1360 3608 et
1385 3554 1578 3612 facere.
1611 3559 1683 3615 Ita
1709 3563 1885 3618 credi-

303 3627 382 3682 dit
405 3630 673 3689 Abraham
695 3675 709 3699 ,
737 3633 872 3692 dans
899 3638 1126 3708 gloriam
1149 3642 1258 3698 Deo
1283 3685 1296 3709 ,
1330 3647 1472 3703 unde
1497 3658 1551 3704 ct
1581 3651 1884 3720 plenissime

302 3719 530 3776 credens
553 3723 804 3793 quoniam
835 3743 956 3797 qua:
998 3731 1245 3799 promisit
1281 3745 1471 3804 potens
1496 3719 1669 3797 estet
1709 3743 1881 3801 lacere

303 3811 481 3878 (Rom.
509 3830 582 3881 Iv,
610 3816 699 3883 20,
728 3817 844 3891 2|).
874 3820 1118 3892 Magnum
1169 3836 1410 3883 nostrum
1461 3835 1705 3902 gaudium
1738 3854 1750 3891 :
1785 3855 1882 3893 nos

303 3905 818 3976 promisitAbrahze;
848 3925 946 3968 nos
976 3915 1343 3981 promissionis
1367 3919 1456 3974 ﬁlii
1480 3938 1661 3979 sumus
1683 3927 1876 3998 (Galat.

299 4011 371 4061 Iv,
405 3995 520 4069 28).
557 3998 782 4066 Quando
817 4003 958 4060 enim
979 4004 1176 4064 dictum
1204 4019 1285 4066 est
1327 4013 1576 4085 Abrahae,
1610 4019 1671 4073 In
1693 3995 1883 4079 semine

295 4097 384 4141 tuo
427 4088 778 4146 benedicentur
821 4110 992 4152 omnes
1035 4108 1207 4169 gentes
1248 4101 1267 4173 (
1291 4102 1416 4159 Gen.
1448 4123 1576 4174 xxII,
1609 4111 1735 4182 18),
1783 4129 1878 4170 nos

297 4180 544 4248 promissi
575 4197 780 4242 sumus.
813 4186 955 4259 Ergo
985 4189 1098 4261 ipse
1123 4209 1221 4250 nos
1247 4196 1368 4252 fecit
1394 4198 1528 4256 ﬁlios
1555 4180 1875 4262 ﬁdeivara-

298 4270 415 4339 hic,
465 4275 553 4344 qui
608 4286 796 4345 potens
843 4288 928 4336 est
985 4281 1162 4340 facere
1205 4290 1346 4357 quod
1391 4295 1654 4361 promisit.
1711 4298 1876 4354 Nemo

295 4361 438 4419 dicat
470 4382 484 4419 :
517 4365 631 4436 Ego
674 4369 791 4424 Ieci.
828 4370 944 4427 Non
971 4374 1113 4430 enim
1144 4381 1406 4446 promittit
1426 4384 1566 4440 Deus
1587 4427 1602 4452 ,
1653 4398 1705 4443 et
1747 4389 1876 4446 facis

297 4464 376 4510 tu.
409 4457 592 4514 Potest
633 4469 810 4520 autem
857 4475 1002 4521 recte
1028 4466 1136 4523 dici
1173 4473 1295 4539 quia
1323 4490 1460 4543 quae
1501 4481 1764 4546 promittis
1794 4493 1870 4554 tn,

299 4546 426 4603 l'acit
449 4548 610 4604 Deus.
642 4550 720 4610 Tu
752 4553 894 4608 enim
936 4555 1176 4615 inﬁrmus
1203 4575 1284 4626 es,
1319 4572 1373 4618 tu
1403 4568 1738 4637 omnipotens
1767 4546 1870 4630 non

293 4651 374 4692 es.
414 4637 638 4706 Quando
677 4655 804 4712 ergo
843 4645 1107 4714 promittis
1130 4690 1145 4716 ,
1178 4651 1278 4706 nisi
1307 4653 1446 4709 Deus
1472 4655 1662 4725 faciat,
1700 4661 1872 4720 inanis

290 4738 375 4786 est
401 4729 688 4802 promissio
728 4743 834 4790 tua.
879 4735 972 4793 Dei
1000 4747 1177 4796 autem
1216 4745 1498 4813 promissio
1527 4764 1630 4804 non
1673 4755 1874 4822 pendet

289 4837 354 4878 ex
389 4833 463 4892 te,
490 4824 583 4882 sed
609 4840 677 4882 ex
704 4826 813 4883 illo.
838 4827 942 4885 Sed
969 4846 1090 4901 ego,
1124 4834 1317 4906 inquis,
1345 4839 1565 4896 credidi.
1597 4843 1864 4903 Concedo.

291 4911 487 4970 Verum
525 4914 706 4973 dicis:
749 4925 804 4973 tu
847 4920 1151 4990 credidisti,
1207 4925 1303 4982 sed
1347 4944 1450 4984 non
1499 4933 1590 4988 tihi
1625 4944 1678 4990 tu
1709 4937 1865 4994 ﬁdem

283 5003 501 5063 dedisti.
535 5007 687 5066 Unde
710 5020 890 5069 autem
916 5015 1209 5087 credidisti,
1243 5021 1343 5078 nisi
1368 5039 1431 5078 ex
1461 5023 1608 5083 ﬁde?
1632 5029 1786 5088 Fides
1812 5035 1863 5090 in

288 5105 336 5152 te
363 5097 561 5158 donum
591 5101 680 5158 Dei
713 5111 814 5160 est.

347 5189 364 5259 ξ
388 5195 439 5259 In
459 5197 584 5251 uss,
600 5191 866 5259 ppiscopus
886 5195 1032 5251 dicit.

343 5251 460 5328 {EE
484 5251 926 5328 Fuﬁi-'Venr'levn
949 5274 1064 5328 om
1090 5266 1355 5328 Αροσιοιωη
1375 5273 1575 5326 audivit.
1650 5285 1707 5328 tu.

195 5306 205 5318 ‘
230 5341 237 5352 ι
341 5312 364 5392 ς
388 5306 776 5392 gniendatuslest
797 5306 857 5391 ad
874 5306 1075 5375 δίιόξὲῑ.
1650 5306 1760 5392 rev.

360 5387 398 5482 ετ
983 5372 1037 5375 ’“

337 5372 412 5556 ii
445 5451 629 5550 ira...
913 5449 1073 5556 iis:

1273 5501 1605 5584 imprudenter
1633 5529 1861 5584 confusus

659 5569 1056 5650 gx‘oArdAioLquod.
1071 5563 1176 5650 istis
1189 5563 1861 5645 “ieiIiiE'JiiEéiii’iui‘
1929 5613 1937 5623 '

274 5617 483 5669 cundum
502 5625 636 5673 vasis
657 5617 1369 5709 θῑδοιίὀῇἷεῗᾶτῖτέξέῖἷιηξιιῖἵῖ

1595 212 1650 266 S.
1693 213 1732 266 A
1745 211 1827 268 L'G
1839 208 2052 266 liSTINI
2093 215 2390 278 Εινιδιυιιι

3491 258 3580 315 θιλι

2117 332 2341 393 CAPUT
2381 340 2446 395 II.
2492 372 2563 383 -—-
2598 343 2652 397 2.
2685 345 2839 402 Fides
2871 347 3263 413 Christianorum
3301 366 3396 419 alia
3431 386 3457 420 ιι
3496 374 3583 440 ﬁde

2046 424 2349 486 dwmonum.
2395 432 2551 490 Fides
2597 438 2818 506 ﬁliorum
2848 440 2963 507 Dei,
3005 462 3113 501 cum
3155 451 3403 510 charitate.

2043 518 2241 574 initium
2283 525 2478 580 salutis.
2535 527 2648 584 Pax
2690 547 2828 586 vera.
2908 536 3042 592 Audi
3089 542 3388 610 Apostnlttm
3433 552 3580 621 ipsum

2045 608 2165 665 ﬁdei
2190 612 2572 684 disputatoretn
2605 621 2650 686 ³,
2680 632 2734 679 et
2751 626 2933 694 gratia:
2961 608 3206 700 magnum
3231 608 3541 696 defensorem

2041 697 2164 754 audi
2207 717 2330 756 eum
2370 705 2666 777 dicentem,
2718 711 2834 768 Pas:
2875 697 3114 786 fratribus
3138 761 3153 785 ,
3184 734 3228 775 et
3255 727 3462 783 cher-itas
3485 749 3581 787 cunt

2041 789 2161 857 ﬁde.
2192 791 2377 864 Magna
2415 798 2512 852 tria
2555 799 2709 865 dixit,
2757 803 2890 871 Pax,
2936 807 3187 878 charitas,
3234 814 3380 870 ﬁdes.
3427 823 3465 874 A
3495 823 3582 879 line

2038 881 2221 950 coepit,
2263 884 2329 940 ad
2377 887 2584 944 initium
2628 894 2955 951 terminavit.
3005 898 3213 956 Initium
3252 915 3331 960 est
3367 910 3497 964 enim
3538 914 3582 966 in

2037 968 2161 1034 ﬁde.
2187 971 2308 1028 ﬁnis
2333 974 2386 1030 in
2417 993 2564 1047 pace.
2593 980 2705 1048 Qua
2731 985 2875 1040 enim
2902 989 3188 1063 credimus,
3217 995 3322 1063 ipsa
3347 1009 3426 1054 est
3449 1001 3579 1057 ﬁdes.

2034 1060 2138 1116 Sed
2179 1062 2311 1119 ﬁdes
2345 1067 2504 1124 debet
2545 1087 2664 1127 esse
2686 1061 3134 1148 Christianorum,
3183 1060 3285 1140 non
3319 1087 3580 1147 daemonio-

2034 1167 2172 1208 rum.
2200 1154 2511 1222 Nam,sicut
2534 1161 2662 1218 dicit
2689 1164 2919 1224 Jacobus
2947 1173 3236 1240 apostolus,
3270 1175 3332 1230 Et
3359 1179 3581 1239 demam

2031 1245 2239 1300 credunt
2276 1259 2325 1302 et
2349 1256 2741 1310 contremiscunt
2789 1258 2992 1330 (Jacobi
3016 1279 3075 1329 II,
3110 1266 3222 1338 19).
3252 1268 3314 1322 Ει
3338 1270 3578 1329 dazmones

2031 1334 2281 1394 dixerunt
2324 1340 2570 1412 Christo,
2620 1347 2696 1402 Tu
2747 1368 2799 1404 es
2843 1351 3011 1409 Filius
3053 1334 3188 1411 Deis
3217 1357 3578 1422 Conﬁtebantur

2029 1426 2302 1487 daemones
2327 1435 2469 1503 quod
2509 1452 2613 1492 non
2655 1441 2944 1499 credebant
2972 1445 3236 1504 homines.
3273 1452 3347 1506 Illi
3375 1463 3577 1514 tremue-

2028 1529 2172 1589 runt,
2198 1522 2271 1576 illi
2301 1526 2630 1584 occiderunt.
2653 1530 2788 1599 Quid
2819 1535 2965 1590 enim
2992 1539 3116 1608 quia
3142 1540 3384 1598 dixerunt
3407 1545 3578 1601 damo-

2027 1626 2154 1679 ttes,
2199 1613 2272 1669 Tu
2305 1633 2357 1671 es
2386 1617 2560 1674 Filius
2580 1621 2710 1690 Dei,
2740 1628 2924 1681 scimus
2948 1631 3037 1700 qui
3073 1633 3146 1687 sis
3173 1635 3191 1702 (
3212 1633 3373 1691 Marc.
3401 1654 3470 1704 III,
3501 1641 3572 1702 12,

2026 1717 2079 1759 et
2103 1719 2139 1770 I,
2167 1703 2294 1778 24);
2340 1709 2460 1766 ideo
2487 1717 2759 1783 regnaturi
2803 1729 2928 1772 sunt
2952 1736 3078 1776 cum
3105 1724 3236 1779 Filio
3263 1727 3391 1782 Dei?
3426 1703 3574 1786 Absit!

2023 1793 2384 1854 Discernenda
2412 1811 2495 1856 est
2538 1819 2668 1876 ergo
2695 1807 2829 1864 ﬁdes
2853 1809 3160 1868 daemonum
3189 1830 3218 1868 a
3259 1818 3361 1872 ﬁde
3387 1833 3574 1875 sancto-

2021 1899 2159 1956 rum.
2189 1887 2351 1943 Plane
2375 1889 2727 1950 discernenda
2756 1899 3033 1967 vigilanter
3057 1913 3114 1957 et
3139 1903 3433 1975 diligenter.
3460 1908 3572 1963 Nam

2019 1983 2074 2028 et
2097 1975 2287 2033 Petrus
2331 1979 2432 2036 hoc
2470 1983 2604 2038 dixit
2650 1986 2874 2043 Domino
2912 1991 3150 2059 dicenti,
3203 1994 3359 2060 Quem
3389 2015 3462 2053 ate
3485 2015 3574 2054 esse

2016 2066 2228 2122 dicitis?
2268 2069 2343 2124 Tu
2383 2089 2434 2126 es
2463 2071 2693 2133 Christus
2718 2077 2888 2135 Filius
2915 2083 3008 2137 Dei
3037 2086 3159 2139 vivi.
3212 2087 3280 2142 Et
3310 2089 3567 2145 Dominus:

2015 2155 2203 2212 Beatus
2238 2175 2322 2226 es,
2369 2161 2550 2219 Simon
2576 2165 2869 2224 Bar-Joua
2917 2172 3135 2243 (Matth.
3165 2192 3273 2244 xw,
3305 2180 3496 2250 15-17).
3534 2183 3570 2235 0

2019 2248 2238 2306 Domine
2261 2293 2276 2318 ,
2329 2253 2429 2309 hoc
2469 2255 2562 2310 tibi
2588 2257 2840 2315 dixerunt
2868 2272 2924 2317 et
2950 2263 3230 2322 daemones
3258 2285 3272 2322 :
3302 2248 3467 2338 quare
3487 2271 3567 2340 ipsi

2013 2356 2118 2397 non
2144 2355 2268 2400 sunt
2292 2345 2475 2402 beati?
2502 2347 2716 2415 Quare?
2753 2353 2885 2421 Quia
2912 2356 3192 2416 daemones
3228 2361 3326 2417 hoc
3350 2364 3567 2419 dixerunt

2015 2431 2223 2500 timore,
2273 2435 2466 2493 Petrus
2506 2455 2710 2498 amore.
2750 2444 2875 2502 Ideo
2916 2448 3132 2504 initium
3165 2462 3246 2507 est
3282 2469 3311 2508 a
3339 2454 3452 2509 ﬁde.
3479 2456 3564 2512 Sed

2010 2525 2150 2592 quali
2191 2526 2334 2583 ﬁde?
2358 2529 2528 2598 Quam
2553 2533 2793 2592 deﬁnivit
2815 2542 3113 2610 Apostolus
3137 2561 3150 2596 :
3177 2543 3354 2616 Nequa
3375 2549 3564 2601 circum-

2007 2615 2129 2668 cisio
2165 2617 2358 2688 aliquid
2399 2623 2560 2690 ualet,
2601 2642 2758 2694 neque
2787 2632 3102 2700 prceputium
3122 2675 3137 2698 ,
3186 2615 3281 2690 sed
3301 2639 3436 2704 ﬁdes.
3488 2639 3563 2692 Dic

2004 2719 2124 2774 qua:
2171 2707 2352 2763 ﬁdes?
2405 2712 2532 2780 Qua:
2577 2732 2666 2786 per
2715 2719 3034 2777 dilectionem
3086 2737 3326 2795 operatur
3371 2729 3560 2798 (Galat.
3636 2801 3640 2805 λ

2007 2809 2061 2859 v,
2089 2795 2166 2866 6).
2208 2797 2356 2855 Hanc
2403 2801 2676 2862 daemones
2719 2824 2826 2864 non
2874 2812 3078 2868 habent
3126 2816 3300 2882 ﬁdem,
3347 2795 3455 2889 qua:
3481 2837 3560 2890 per

2002 2885 2339 2946 dilectionem
2365 2906 2658 2964 operatur:
2701 2900 2794 2956 sed
2823 2903 2925 2958 soli
2969 2907 3120 2961 servi
3152 2909 3266 2976 Dei,
3296 2885 3391 2965 soli
3417 2885 3559 2966 sancti

2002 2976 2130 3043 Dei,
2171 2981 2270 3035 soli
2315 2981 2420 3038 ﬁde
2450 2987 2541 3040 lilii
2569 2987 2821 3059 Abrahae,
2850 2995 2948 3049 soli
2987 2996 3087 3050 ﬁlii
3135 2997 3441 3067 dilectionis,
3483 3000 3558 3054 ﬁlii

2000 3071 2408 3140 promissionis;
2456 3077 2577 3134 ideo
2621 3079 2759 3136 dicta
2805 3092 2888 3140 est
2936 3095 2981 3139 et
3030 3088 3283 3160 clturitas.
3332 3091 3446 3147 Tria
3486 3091 3555 3146 illa

1998 3157 2138 3216 dicta
2167 3174 2293 3217 sunt
2315 3165 2386 3219 ab
2412 3167 2688 3236 Apostolo,
2720 3173 2836 3228 Pax
2860 3157 3133 3247 fratribus,
3159 3189 3205 3234 et
3229 3181 3439 3237 charitas
3460 3199 3555 3236 cuni

1997 3251 2117 3320 ﬁde.
2167 3252 2286 3309 Pax
2328 3259 2585 3327 fratribus.
2637 3262 2789 3319 Unde
2836 3268 2981 3336 pax?
3030 3268 3106 3323 Es
3153 3273 3384 3328 chan‘tas.
3429 3273 3555 3329 Unde

1994 3343 2270 3402 charitas?
2311 3349 2437 3404 Cum
2463 3352 2581 3420 ﬁde.
2625 3353 2680 3411 Si
2717 3357 2858 3413 enim
2889 3375 2994 3414 non
3025 3362 3232 3432 credis,
3272 3380 3376 3420 non
3409 3380 3551 3419 amas.

1994 3437 2136 3492 Dixit
2159 3455 2286 3510 ergo
2305 3442 2595 3512 Apostolus
2617 3488 2631 3513 ,
2659 3448 2738 3502 sic
2761 3448 3016 3519 incipiens
3043 3467 3073 3514 a
3111 3456 3234 3519 ﬁne,
3263 3466 3316 3512 et
3363 3457 3553 3512 veniens

1991 3527 2062 3585 ad.
2102 3529 2351 3587 initium:
2381 3532 2514 3602 Pax,
2553 3537 2803 3606 citaritas,
2846 3557 2960 3596 cum
2997 3545 3126 3613 ﬁde.
3174 3547 3282 3602 Nos
3319 3548 3547 3612 dicamus,

1992 3619 2172 3689 Fides,
2214 3622 2466 3693 Charitas,
2518 3643 2640 3698 pax.
2686 3628 2876 3698 Crede,
2919 3649 3059 3702 ama,
3115 3654 3295 3708 regna.
3339 3640 3391 3694 Si
3429 3640 3549 3695 enim

1990 3712 2164 3769 credis
2209 3724 2414 3793 etnon
2461 3734 2642 3787 amas,
2693 3723 2866 3781 adhuc
2921 3744 3022 3781 non
3069 3730 3371 3788 discrevisti
3411 3734 3550 3788 ﬁdem

1992 3810 2133 3858 tuam
2160 3803 2227 3860 ab
2265 3808 2344 3862 eis
2382 3811 2471 3878 qui
2515 3813 2812 3870 tremebant
2849 3828 2903 3872 et
2940 3819 3236 3878 dicebant:
3265 3824 3548 3895 Scimusqtu’

1981 3895 2076 3959 sis,
2119 3896 2287 3952 Filius
2315 3897 2433 3954 Dei.
2467 3901 2609 3972 Ergo
2633 3913 2686 3959 tu
2712 3920 2830 3962 ama
2859 3924 2876 3964 :
2905 3911 3027 3979 quia
3054 3912 3293 3968 cbaritas
3316 3931 3429 3970 cum
3460 3915 3546 3971 ﬁde

1987 3984 2098 4052 Ipsa
2127 3995 2176 4041 te
2202 3989 2444 4057 perducit
2480 3992 2545 4048 ad
2572 4008 2781 4062 pacem.
2809 3997 2977 4065 Quam
3002 4006 3235 4071 pacem?
3262 4005 3440 4061 Veram
3463 4021 3541 4076 pa-

1985 4091 2122 4139 Ccm,
2149 4079 2355 4147 plenam
2381 4097 2586 4151 pacem,
2610 4087 2831 4144 solidam
2853 4107 3058 4161 pacem,
3084 4110 3326 4153 securam
3350 4115 3541 4168 pacem;

1987 4169 2073 4223 ubi
2105 4170 2247 4224 nulla
2277 4173 2462 4240 pestis,
2493 4176 2672 4232 nullus
2695 4178 2883 4235 hostis.
2929 4182 3042 4252 Ipsa
3074 4201 3179 4255 pax
3205 4199 3288 4243 est
3312 4190 3428 4244 ﬁnis
3445 4205 3542 4244 om-

1984 4259 2130 4314 nium
2170 4259 2554 4319 desideriorum
2587 4267 2870 4324 bonorum.
2916 4272 3154 4331 Charitas
3191 4296 3304 4333 cum
3340 4281 3542 4349 ﬁde:et

1982 4349 2025 4401 si
2051 4350 2128 4404 sic
2155 4351 2323 4417 dicas,
2357 4353 2496 4410 bene
2522 4356 2678 4425 dicis,
2716 4360 2878 4418 Fides
2899 4379 3019 4420 cum
3044 4366 3327 4426 charitate.

2051 4440 2275 4499 CAPUT
2312 4443 2487 4498 III.—
2505 4449 2558 4504 5.
2595 4448 2778 4506 Omnia
2810 4453 2959 4522 bona,
2989 4465 3035 4511 et
3054 4457 3169 4528 ipsa
3193 4462 3343 4515 etiam
3369 4461 3487 4532 ﬁdes
3510 4477 3536 4513 α

1983 4535 2086 4590 Deo
2111 4547 2203 4593 est.
2228 4537 2382 4594 Fides
2402 4543 2570 4612 plena.
2596 4544 2782 4617 Magna
2811 4563 2942 4620 ergo
2959 4550 3096 4606 bona
3121 4555 3536 4610 commemoravit

1976 4629 2283 4696 Apostolus,
2315 4629 2432 4686 Pax
2449 4634 2710 4704 fratribus,
2739 4647 2786 4694 et
2813 4640 3034 4696 cltaritas
3059 4660 3173 4698 cum
3196 4646 3300 4714 ﬁde
3325 4661 3344 4700 :
3366 4660 3534 4715 magna

1977 4718 2135 4774 bona.
2165 4721 2269 4776 Sed
2298 4722 2434 4778 dicat
2462 4726 2602 4781 unde
2627 4728 2762 4784 bona
2791 4731 2892 4786 ista
2920 4750 2933 4786 :
2967 4733 3105 4789 unde
3146 4747 3290 4804 sunt,
3319 4753 3348 4791 a
3375 4737 3530 4800 nobis,

1975 4823 2041 4864 an
2067 4825 2097 4864 a
2126 4811 2273 4867 Deo?
2309 4813 2362 4869 Si
2388 4815 2542 4884 dicis,
2583 4819 2624 4872 A
2663 4821 2844 4886 nobis;
2874 4823 2927 4876 in
2969 4833 3021 4880 te
3054 4828 3319 4896 gloriaris,
3355 4844 3453 4882 non
3488 4828 3532 4880 in

1973 4900 2104 4958 Deo.
2151 4903 2205 4959 Si
2241 4913 2418 4962 autem
2448 4907 2678 4965 didicisti
2703 4914 2846 4982 quod
2889 4915 2963 4970 ait
3005 4927 3058 4971 et
3097 4918 3211 4987 ipse
3240 4918 3525 4988 Apes-talus.

1976 4990 2044 5046 Ut
2071 4995 2157 5063 qui
2193 4996 2460 5067 gloriatur,
2495 5000 2548 5054 in
2581 5001 2802 5058 Domino
2839 5007 3085 5076 glorietur
3108 5008 3168 5080 (Ι
3197 5009 3313 5064 Cor.
3337 5027 3370 5073 I,
3397 5007 3526 5077 31);

1969 5085 2224 5143 conﬁtere
2252 5105 2456 5159 pacem,
2489 5095 2803 5150 charitatem
2847 5113 2968 5155 cum
3011 5100 3140 5166 ﬁde,
3179 5116 3284 5155 non
3315 5101 3401 5155 tibi
3423 5113 3525 5154 esse
3561 5127 3564 5130 ~

1969 5178 2068 5234 nisi
2089 5194 2118 5232 a
2147 5179 2275 5235 Deo.
2304 5181 2408 5239 Sed
2429 5185 2722 5254 respondes
2746 5188 2876 5244 mihi
2912 5208 2926 5246 :
2961 5191 3037 5245 Tu
3065 5191 3165 5247 hoc
3201 5192 3353 5258 dicis,
3379 5188 3522 5260 proba

1965 5269 2104 5340 quod
2135 5270 2285 5326 dicis.
2317 5273 2527 5330 Probo:
2558 5280 2728 5347 ipsum
2759 5281 3069 5350 Apostolum
3098 5293 3288 5339 testem
3319 5280 3516 5337 vocabo.

1964 5359 2104 5416 Ecce
2143 5361 2349 5419 habetis
2377 5383 2389 5418 :
2425 5365 2707 5436 Apostolus
2737 5370 2888 5438 dixit,
2916 5371 3032 5427 Pax
3055 5375 3308 5443 fratribus,
3337 5382 3377 5424 et
3411 5370 3515 5423 cltu-

1962 5452 2086 5506 ritas
2109 5469 2223 5507 cum
2252 5457 2371 5525 ﬁde.
2415 5459 2532 5530 Ipse
2557 5461 2712 5516 dixit.
2740 5463 2874 5531 Quid
2920 5465 3034 5536 ipse
3073 5466 3244 5522 dixit?
3266 5464 3406 5544 Vide,
3444 5476 3514 5515 sc-

1963 5545 2162 5613 qttilur,
2201 5545 2315 5600 Pax
2345 5553 2604 5617 fratribus,
2636 5565 2680 5606 et
2706 5556 2924 5612 charitas
2952 5575 3066 5613 cum
3089 5557 3204 5629 ﬁde,
3237 5574 3266 5608 a
3295 5553 3393 5607 Dm
3417 5551 3506 5604 Ρη·

2004 5648 2041 5693 ’³
2068 5666 2196 5722 Mss,
2222 5661 2282 5710 de
2299 5660 2398 5724 ﬁde
2420 5665 2578 5732 tlisput
2594 5674 2752 5720 .ntem.
