3850 6188
275 441 377 496 915

270 564 342 608 tre
378 559 549 608 nostro
593 561 641 608 et
676 550 894 606 Domino
920 550 1045 605 Iesu
1085 550 1304 607 Christo.
1335 549 1474 618 Quid
1513 565 1641 621 ergo
1684 550 1850 606 habes

268 643 407 715 quod
437 660 548 700 nou
585 643 880 715 accepisti?
920 642 977 701 Si
1003 653 1179 700 autem
1209 644 1481 714 accepisti,
1503 643 1628 714 quid
1656 644 1850 714 gloria-

269 737 340 790 ris
359 735 510 806 quasi
527 750 634 790 non
662 733 1125 805 acceperis(lCor.
1154 750 1228 800 tv,
1255 735 1350 806 7)?
1377 733 1506 790 Nam
1523 733 1568 787 si
1595 733 1851 805 gloriatus

266 837 347 882 est
375 827 668 892 Abraham,
713 842 776 882 ex
831 826 936 882 ﬁde
986 827 1242 898 gloriatus
1291 835 1393 882 est.
1423 825 1552 892 Quae
1590 836 1675 880 est
1717 823 1850 880 ﬁdes

264 923 418 992 plena
447 929 502 975 et
528 917 792 989 perlecta?
815 918 943 985 Quae
959 919 1127 974 credit
1148 934 1212 975 ex
1239 919 1348 974 Deo
1367 931 1485 974 esse
1502 917 1681 971 omnia
1710 916 1846 970 bona

263 1018 470 1074 nostra,
499 1017 554 1064 et
575 1009 743 1078 ipsam
769 1007 950 1064 ﬁdem.
985 1007 1178 1063 Iterum
1206 1008 1336 1063 dicit
1361 1007 1666 1076 Apostolus,
1692 1004 1850 1060 Mise-

259 1100 538 1156 ricordiam
561 1110 855 1154 consecutus
879 1097 1074 1155 sunt.0
1099 1098 1394 1154 confessio!
1425 1097 1542 1153 Non
1567 1097 1662 1164 ait,
1692 1095 1851 1152 Mise-

262 1191 552 1246 ricordiam
575 1204 678 1245 con
688 1199 902 1246 secutus
925 1203 1063 1255 sum,
1085 1191 1209 1260 quia
1237 1188 1411 1244 ﬁdelis
1437 1203 1584 1244 eram
1607 1204 1622 1253 ;
1647 1185 1762 1252 sed,
1794 1195 1848 1239 ut

256 1283 430 1350 ﬁdelis
449 1298 626 1344 essem,
643 1281 1038 1336 misericordiam
1053 1289 1348 1335 consecutus
1360 1297 1474 1334 sum
1490 1278 1602 1348 (Id.
1616 1293 1711 1342 vn,
1727 1277 1820 1348 25)
1831 1317 1845 1330 .

333 1373 418 1428 CA
429 1372 563 1430 PUT
584 1371 986 1427 IV.—i.Gratia
1003 1373 1123 1426 data
1142 1373 1337 1442 inﬁdeli
1349 1381 1395 1426 et
1411 1371 1717 1441 persecutori
1729 1387 1847 1424 cru-

257 1465 383 1518 deli.
422 1464 710 1521 Veniamus
750 1465 814 1520 ad
843 1465 958 1536 ejus
983 1466 1298 1536 primordia,
1327 1464 1604 1520 videamus
1628 1463 1847 1520 Savium

257 1554 595 1620 saevientem,
624 1562 925 1624 spectemus
951 1553 1234 1619 furentem,
1267 1563 1568 1625 spectemus
1595 1553 1715 1608 odia
1742 1568 1842 1606 au-

257 1643 555 1710 helantem,
597 1645 1012 1714 sanguincmque
1041 1645 1329 1700 sitientem.
1359 1643 1674 1714 Spectamus
1695 1683 1710 1707 ,
1744 1641 1848 1696 fra-

258 1743 392 1801 tres,
419 1750 576 1800 eum;
603 1751 850 1806 magnum
877 1738 1256 1807 spectaculum.
1286 1737 1423 1791 Ecce
1450 1744 1568 1806 post
1587 1735 1845 1804 Stephani

257 1840 472 1889 necem,
505 1834 628 1895 post
655 1825 876 1882 effusum
915 1827 1064 1882 testis
1095 1827 1187 1881 Dei
1227 1825 1487 1896 lapidibus
1513 1826 1843 1894 sanguinem,

257 1917 348 1971 ubi
378 1917 701 1972 vestimenta
724 1917 970 1973 servabat
1001 1916 1368 1986 Iapidantium,
1401 1925 1459 1971 ut
1493 1924 1548 1972 et
1576 1916 1630 1970 in
1656 1928 1844 1972 eorum

255 2005 422 2059 etiam
472 2006 718 2061 manibus
750 2007 1026 2077 Iapidaret,
1055 2019 1180 2062 tunc
1215 2007 1439 2076 dispersi
1482 2013 1610 2062 sunt
1651 2005 1847 2060 fratres

255 2096 344 2165 qui
368 2104 531 2150 erant
553 2095 896 2169 lerosolymis
925 2099 1264 2168 congregati;
1293 2107 1348 2153 et
1386 2099 1474 2153 ille
1511 2097 1736 2153 saeviens
1761 2098 1846 2153 cui

259 2201 454 2256 parum
501 2196 618 2241 erat
649 2187 842 2242 vidisse
885 2197 938 2242 et
978 2189 1174 2244 fudisse
1213 2189 1523 2258 sanguinem
1567 2187 1844 2257 Stephani,

254 2275 471 2345 accepit
495 2275 697 2332 litteras
723 2293 754 2330 a
784 2277 1108 2346 principibus
1135 2277 1493 2343 sacerdotum,
1522 2284 1580 2330 ut
1619 2276 1720 2332 iret
1747 2276 1849 2330 Da-

254 2380 503 2420 mascum
529 2408 545 2433 ,
574 2375 630 2421 et
674 2382 1034 2437 quoscumque
1077 2369 1147 2423 ibi
1188 2368 1449 2424 inveniret
1488 2366 1846 2434 Christianos,

253 2460 471 2515 vinctos
491 2459 798 2516 adduceret.
825 2463 890 2516 Et
924 2462 1049 2516 ibat.
1085 2461 1208 2516 limc
1238 2461 1386 2515 Pauli
1413 2461 1496 2515 via
1527 2467 1664 2526 erat,
1697 2459 1850 2529 cujus

253 2552 340 2606 via
388 2551 631 2606 nondum
673 2561 790 2607 erat
829 2553 1106 2618 Christus;
1159 2553 1332 2608 adhuc
1379 2553 1561 2614 Sauli,
1613 2553 1849 2608 nondum

253 2641 434 2697 Pauli.
461 2643 592 2699 Ibat.
618 2642 753 2710 Quid
771 2643 993 2699 habebat
1015 2644 1066 2699 in
1091 2644 1295 2700 corde?
1316 2643 1472 2712 Quid,
1501 2645 1599 2700 nisi
1627 2642 1851 2700 malum?

255 2735 394 2789 Date
419 2734 551 2789 mihi
576 2735 765 2790 merita
791 2735 925 2804 ejus.
960 2735 1015 2791 Si
1038 2737 1222 2792 merita
1245 2737 1461 2807 qumris,
1492 2736 1850 2791 damnationis

255 2833 408 2891 sunt,
437 2841 545 2880 non
588 2825 933 2881 liberationis.
975 2825 1088 2882 Ibat
1123 2842 1253 2898 ergo
1291 2829 1482 2884 smvire
1525 2829 1579 2883 in
1607 2829 1848 2884 membra

256 2917 486 2982 Christi,
533 2915 643 2972 ibat
689 2919 1000 2988 sanguinem
1045 2918 1288 2985 fundere,
1329 2920 1439 2976 ibat
1481 2920 1639 2990 lupus
1672 2928 1851 2990 pastor

257 3006 518 3061 futurus:
564 3007 643 3063 sic
689 3007 814 3063 ibat.
857 3008 974 3063 Non
1023 3010 1163 3064 enim
1210 3019 1417 3079 poterat
1455 3011 1612 3066 aliter
1655 3011 1736 3067 ire
1783 3011 1848 3067 ad

257 3099 374 3162 illa,
413 3108 629 3168 propter
666 3114 785 3169 qure
823 3099 950 3154 ibat.
984 3101 1049 3154 Et
1078 3116 1198 3156 cum
1229 3103 1307 3157 sic
1350 3102 1603 3170 ambulat,
1631 3103 1847 3174 cogitat,

256 3187 487 3243 anhelat
531 3187 743 3252 cazdes;
793 3205 914 3266 cum
961 3190 1105 3245 ducit
1154 3191 1315 3260 pedes
1357 3193 1474 3262 ejus
1511 3193 1622 3260 ira,
1675 3203 1851 3249 movet

256 3282 509 3333 membra
551 3277 754 3344 odium,
791 3279 916 3335 dum
944 3281 1115 3351 pergit
1134 3290 1188 3337 et
1216 3283 1486 3351 ambulat,
1517 3284 1854 3354 obtemperat

257 3368 593 3438 mancipium
621 3369 922 3424 crudelitati
953 3389 966 3424 :
999 3380 1054 3426 ct
1085 3387 1211 3428 ecce
1240 3389 1343 3428 vox
1371 3373 1440 3430 de
1463 3375 1604 3432 Ctelo
1623 3416 1636 3440 ,
1667 3375 1848 3442 Suule,

260 3459 449 3523 Saulo,
479 3459 602 3529 quid
627 3476 706 3512 me
730 3461 1072 3530 persequeris?
1096 3462 1235 3519 Ecce
1259 3479 1424 3534 quare
1455 3465 1608 3532 dixit,
1650 3465 1854 3521 Miseri-

257 3551 496 3603 cordiam
523 3560 820 3605 consecutus
843 3568 976 3618 sum,
1005 3561 1058 3605 ut
1083 3554 1248 3621 ﬁdelis
1285 3571 1462 3609 essent.
1503 3556 1631 3610 Erat
1660 3556 1850 3611 inﬁde-

258 3641 358 3706 lis;
400 3656 587 3708 parum
618 3651 721 3706 est,
754 3643 941 3698 eratin
971 3643 1083 3712 ipsa
1115 3644 1425 3700 inﬁdelitate
1449 3645 1683 3701 crudelis
1715 3665 1728 3702 :
1757 3646 1851 3703 sed

258 3731 691 3786 miscricordiam
720 3745 1036 3788 consecutus
1078 3742 1196 3802 est,
1224 3744 1281 3789 ut
1318 3735 1488 3790 ﬁdelis
1524 3746 1669 3792 esset
1699 3737 1718 3805 (
1741 3737 1848 3792 Act.

255 3822 472 3891 γιι-ιι).
503 3823 638 3890 Quid
668 3823 906 3880 dicturus
926 3841 986 3880 es
1013 3826 1121 3882 Deo
1143 3826 1360 3890 dicenti,
1382 3826 1492 3882 Hoc
1509 3828 1664 3883 volo?
1687 3829 1848 3899 Ergo,

260 3915 514 3981 Domine,
549 3915 636 3970 ille
658 3916 748 3986 qui
767 3926 908 3971 tanta
935 3917 1078 3985 fecit,
1101 3927 1242 3972 tanta
1265 3921 1403 3974 mala
1422 3921 1472 3974 in
1491 3936 1704 3978 sanetos
1734 3931 1852 3977 tuos

257 4003 445 4060 facere
475 4005 740 4075 cupiebat,
775 4007 862 4060 tali
888 4024 1011 4063 cum
1041 4009 1404 4064 misericordia
1425 4009 1640 4081 dignttm
1671 4013 1852 4067 existi-

257 4095 421 4148 mas?
458 4093 571 4150 Hoc
599 4097 740 4150 volo.
771 4097 850 4150 An
875 4099 1052 4152 oculus
1079 4109 1194 4154 tuus
1223 4116 1435 4170 nequam
1461 4111 1565 4167 est,
1600 4103 1718 4170 quia
1758 4119 1849 4172 ego

255 4187 426 4242 bonus
455 4203 568 4240 sum
600 4184 809 4258 (Matth.
844 4204 937 4250 xx,
971 4189 1096 4259 15)?

330 4275 568 4332 CAPUT
608 4276 834 4332 V.—-5.
876 4277 944 4331 Et
977 4278 1101 4346 ﬁdes
1141 4289 1187 4332 et
1229 4281 1389 4335 oratio
1422 4297 1484 4336 ex
1525 4280 1623 4336 Dei
1663 4285 1849 4354 gratia.

263 4367 560 4440 Pelagiana
603 4369 831 4439 objectio.
867 4369 1067 4425 Iiabcte
1109 4371 1264 4425 ﬁdem
1304 4389 1318 4426 :
1361 4371 1454 4427 sed
1509 4382 1567 4428 ιιι
1611 4373 1851 4430 habeatis

259 4461 451 4525 ﬁdem,
479 4471 628 4515 orate
659 4459 761 4514 ﬁde
783 4462 821 4512 ¹.
866 4461 971 4516 Sed
997 4477 1154 4516 orare
1196 4461 1299 4518 ﬁde
1327 4478 1432 4518 non
1457 4466 1715 4534 possetis,
1749 4466 1848 4521 nisi

260 4553 428 4607 ﬁdem
462 4551 751 4608 haberetis.
785 4552 898 4608 Non
928 4553 1070 4609 enim
1097 4563 1242 4622 orat,
1267 4555 1366 4610 nisi
1401 4555 1553 4612 fides.
1589 4557 1850 4624 Quomodo

255 4645 409 4698 enim
436 4644 762 4710 invocabant,
798 4645 851 4697 in
879 4661 1023 4714 quem
1061 4661 1162 4698 non
1194 4645 1552 4701 crediderunt?
1583 4647 1684 4701 Aut
1721 4665 1850 4718 quo-

256 4734 414 4788 modo
442 4733 642 4787 credent
667 4734 712 4787 ei
746 4750 890 4803 quem
916 4752 1014 4788 non
1053 4735 1358 4790 audierunt?
1381 4737 1645 4804 Quomodo
1684 4753 1851 4795 autem

257 4824 474 4877 audient
503 4825 613 4878 sine
639 4825 978 4894 prcedicante?
1006 4823 1104 4878 Aut
1129 4826 1377 4893 quomodo
1407 4828 1774 4896 prmdicabunt,
1807 4831 1852 4884 si

258 4933 368 4970 non
395 4917 662 4970 mittantur
691 4915 867 4985 (Rom.
898 4932 956 4980 x,
987 4918 1074 4984 14,
1112 4917 1235 4986 I5)?
1263 4917 1386 4973 Ideo
1420 4918 1700 4989 loquimur,
1726 4922 1849 4992 quia

258 5006 418 5060 missi
446 5022 650 5062 sumus.
679 5006 870 5062 Audite
905 5023 1023 5074 nos,
1047 5008 1225 5063 audite
1252 5008 1398 5063 illum
1421 5025 1515 5079 per
1538 5025 1654 5065 nos.
1687 5013 1846 5082 Ergo,

259 5096 340 5149 ait
369 5095 593 5166 aliquis,
636 5096 943 5152 invocamus
982 5097 1178 5166 Deum,
1207 5108 1265 5154 ut
1293 5097 1382 5155 det
1411 5100 1564 5156 nobis
1605 5117 1852 5171 perseve-

261 5203 390 5242 rare
423 5189 473 5242 in
502 5189 584 5242 his
610 5189 762 5244 bonis
791 5205 908 5259 quas
942 5189 1220 5257 habemus,
1243 5199 1297 5246 et
1320 5191 1481 5248 addat
1515 5193 1654 5248 bona
1679 5195 1699 5225 ²
1731 5210 1851 5265 qua:

253 5293 373 5333 non
403 5279 679 5333 habemus.
718 5279 998 5336 Praecessit
1027 5297 1155 5351 ergo
1185 5281 1318 5338 ﬁdes
1337 5299 1457 5354 qure
1494 5295 1664 5356 rogat.
1694 5287 1850 5344 Certe
1891 5310 1894 5312 τ

261 5378 438 5424 totum
459 5371 550 5426 dat
582 5373 740 5427 Deus.
767 5371 836 5429 Ut
873 5373 1013 5428 enim
1044 5373 1194 5430 daret
1233 5376 1385 5443 mihi,
1423 5379 1602 5446 rogavi
1634 5396 1647 5432 :
1679 5387 1737 5433 ut
1761 5395 1852 5435 ro-

259 5479 470 5532 garem,
496 5464 640 5534 prius
667 5464 890 5521 credidi.
913 5465 1053 5536 Ergo
1077 5465 1204 5520 mihi
1233 5467 1352 5522 dedi
1383 5468 1522 5538 quod
1553 5468 1773 5536 credidi,
1797 5478 1851 5526 et

263 5557 413 5613 Deus
451 5555 598 5611 dedit
635 5555 776 5626 quod
821 5556 1048 5612 credens
1083 5557 1252 5613 oravi.
1293 5558 1540 5614 Soivatur
1577 5561 1800 5629 qmestio
1833 5577 1846 5615 :

259 5662 376 5703 non
397 5647 538 5702 enim
565 5663 726 5718 parva
749 5656 851 5703 est.
886 5647 996 5703 lloc
1023 5656 1073 5703 te
1102 5648 1257 5704 video
1284 5649 1448 5721 loqui,
1481 5652 1602 5720 quia
1626 5660 1678 5704 tu
1707 5650 1850 5721 prior

334 5783 350 5847 ξ
376 5790 490 5847 vox,
514 5781 630 5847 ﬁde,
652 5784 817 5847 hocet
835 5785 1054 5847 proximo
1075 5785 1178 5834 loco
1197 5784 1474 5847 redundare
1497 5786 1702 5835 videtur.

335 5845 354 5873 ³
375 5846 443 5896 sic
464 5845 788 5908 manuscripti.
816 5845 1128 5909 uiritantem,
1152 5852 1196 5896 ct
1221 5846 1401 5897 addere
1425 5847 1559 5897 bona.

1626 437 1859 495 SERMO
1896 439 2172 496 CLXVIII.

3412 449 3520 506 9H

1957 552 2153 608 dedisti
2197 553 2396 624 aliquid
2441 553 2586 620 Deo,
2634 563 2696 610 ut
2741 565 2932 612 czetcra
2979 555 3130 613 daret
3173 558 3287 614 tibi.
3332 558 3533 615 Dedisti

1953 643 2148 712 quippe
2169 643 2241 697 illi
2271 645 2426 699 ﬁdem
2459 652 2600 699 tuam
2627 653 2679 700 et
2699 647 2990 701 orationem
3036 656 3202 703 tuam.
3234 647 3299 703 Et
3325 647 3414 703 ubi
3453 656 3534 702 est

1950 734 2094 804 quod
2117 735 2191 789 ait
2213 732 2533 804 Apostolus:
2558 735 2682 803 Quis
2698 739 2829 791 enim
2849 739 3076 808 cognovit
3091 755 3288 794 sensum
3310 738 3532 802 Domini.

1953 835 2043 878 aut
2075 825 2188 896 quis
2214 827 2533 881 consiliarius
2561 828 2668 898 ejus
2687 828 2828 896 fuit?
2850 829 3072 898 Autquis
3101 830 3240 900 prior
3261 828 3398 884 dedit
3420 829 3522 894 illi,

1953 924 2000 970 et
2029 917 2378 971 retribueturei
2397 916 2578 986 (Rom.
2624 931 2700 986 ιι,
2722 919 2792 974 54
2853 929 2899 973 et
2927 921 3027 991 ὃὸ)
3049 920 3074 974 ?
3100 921 3236 976 Ecce
3255 920 3427 991 qualis
3448 923 3527 975 vis

1952 1019 2093 1060 esse.
2112 1005 2251 1075 Ergo
2271 1005 2418 1074 prior
2442 1005 2634 1062 dedisti
2671 1008 2800 1073 Deo,
2829 1018 2883 1062 et
2909 1009 3008 1062 hoc
3036 1008 3227 1064 dedisti
3255 1009 3396 1079 quod
3429 1010 3523 1064 tibi

1955 1107 2058 1147 non
2086 1093 2430 1150 deditDeus?
2454 1094 2706 1151 Invenisti
2736 1097 2874 1151 unde
2888 1097 3046 1153 dares
3075 1098 3244 1152 Homo
3260 1099 3532 1165 mendice,

1955 1181 2095 1238 unde
2117 1183 2371 1238 habuisti?
2387 1185 2528 1256 Ergo
2541 1186 2680 1241 unde
2696 1186 2886 1242 dares?
2903 1188 3101 1259 aliquid
3119 1188 3344 1244 habuisti
3361 1189 3534 1257 ?Quid

1953 1275 2094 1330 enim
2125 1275 2291 1331 habes
2306 1319 2320 1343 ,
2344 1277 2484 1345 quod
2501 1292 2608 1332 non
2620 1279 2867 1348 accepisti
2882 1279 2906 1332 ?
2923 1280 3061 1349 Ergo
3082 1279 3148 1334 de
3176 1279 3267 1334 Dei
3285 1279 3381 1334 das
3403 1281 3530 1336 Deo:

1953 1381 2018 1420 ex
2058 1382 2122 1422 eo
2157 1367 2298 1436 quod
2337 1367 2428 1422 tibi
2463 1367 2628 1435 dedit,
2669 1384 2700 1423 a
2735 1376 2792 1424 te
2829 1370 3040 1440 accipit.
3064 1367 3193 1425 Nam
3221 1370 3534 1426 mendicitas

1955 1466 2063 1522 tua,
2096 1458 2196 1512 nisi
2236 1459 2349 1528 ipse
2386 1461 2530 1531 prior
2564 1461 2833 1527 dedisset,
2863 1463 3168 1517 inanissima
3209 1473 3532 1519 remaneret.

2023 1548 2250 1606 CAPUT
2291 1551 2376 1605 Vl.
2394 1583 2466 1593 ——
2484 1552 2536 1607 6.
2569 1552 2745 1606 Fidem
2771 1554 2961 1607 donum
2983 1553 3079 1607 Dei
3105 1569 3208 1608 esse
3228 1553 3403 1624 probat
3428 1571 3536 1608 ora-

1955 1639 2022 1692 tio
2047 1643 2184 1709 facta
2210 1656 2303 1711 pro
2341 1640 2501 1696 Saulo
2529 1643 2742 1710 inﬁdeli.
2776 1643 2968 1698 Audite
2995 1643 3136 1698 unde
3175 1643 3275 1699 hoc
3312 1643 3534 1699 eviden-

1955 1729 2057 1784 tius
2094 1731 2351 1800 probetis.
2386 1733 2522 1788 Ecce
2555 1749 2652 1789 vos
2687 1735 2812 1804 quia
2851 1735 3174 1802 credidistis,
3205 1735 3487 1806 accepistis
3517 1753 3532 1787 :

1951 1821 2076 1890 quid
2119 1821 2348 1877 dicimus
2384 1822 2452 1878 de
2486 1825 2566 1878 eis
2592 1827 2683 1893 qui
2711 1824 2946 1878 nomium
2976 1824 3334 1890 crediderunt,
3361 1826 3536 1894 qualis

1950 1919 2066 1966 erat
2105 1911 2316 1979 Saulus,
2343 1913 2433 1983 qui
2475 1912 2708 1968 nondum
2753 1913 3088 1969 crediderat?
3120 1915 3339 1984 Accepit
3358 1922 3533 1970 autem

1955 2011 2010 2056 ut
2072 2002 2313 2058 crederet
2355 2020 2368 2056 :
2423 2013 2766 2073 posteaquam
2812 2004 3043 2060 credidit
3092 2004 3306 2060 Christo
3336 2045 3353 2070 ,
3411 2013 3538 2059 tunc

1951 2095 2114 2163 coepit
2154 2094 2405 2149 invocare
2445 2095 2732 2149 Christum.
2773 2097 2853 2150 Ab
2901 2096 2992 2150 illo
3025 2098 3230 2166 accepit
3255 2105 3312 2150 ut
3346 2095 3537 2150 crede-

1953 2193 2067 2250 ret,
2122 2193 2177 2238 et
2213 2185 2480 2239 credendo
2510 2186 2803 2250 invocaret,
2834 2185 3128 2241 invocanda
3172 2196 3367 2241 caetera
3396 2184 3538 2240 acci-

1955 2283 2122 2344 pcret.
2149 2275 2286 2343 Quid
2315 2287 2594 2346 putamus,
2627 2277 2856 2332 fratres?
2881 2277 3072 2334 Saulus
3099 2287 3379 2348 antequam
3415 2291 3537 2333 cre-

1954 2365 2123 2434 deret,
2141 2369 2362 2424 orabant
2382 2383 2476 2437 pro
2491 2369 2580 2424 illo
2595 2371 2683 2439 qui
2699 2369 3055 2434 crediderant,
3074 2385 3141 2425 an
3160 2386 3264 2424 non
3280 2369 3528 2426 orabant?

1956 2457 2170 2514 Dicatur
2187 2460 2334 2524 mihi,
2364 2462 2409 2515 si
2432 2477 2534 2515 non
2565 2477 2664 2531 pro
2689 2461 2782 2516 illo
2803 2461 3044 2524 orabant,
3065 2477 3229 2532 quare
3253 2461 3392 2516 dixit
3417 2462 3538 2518 Ste-

1954 2547 2182 2618 phanus,
2207 2549 2439 2615 Domine,
2467 2561 2730 2605 uestatuas
2751 2551 2853 2606 illis
2873 2551 2966 2605 hoc
2992 2563 3248 2622 peccatum
3271 2551 3408 2622 (Act.
3436 2568 3528 2616 vtt,

1955 2640 2044 2713 59)
2065 2641 2088 2696 ?
2107 2641 2369 2698 Orabatur
2397 2653 2450 2699 et
2479 2657 2576 2713 pro
2613 2643 2736 2707 illo,
2763 2652 2814 2698 et
2861 2658 2954 2713 pro
2981 2643 3101 2697 aliis
3127 2642 3443 2709 inﬁdelibus,
3478 2652 3537 2698 ut

1955 2732 2256 2788 crederent.
2273 2733 2412 2789 Ecce
2424 2733 2653 2790 nondum
2673 2733 2930 2790 habebant
2953 2733 3131 2798 ﬁdem,
3146 2735 3538 2789 etorationibus

1959 2821 2190 2878 ﬁdelium
2226 2823 2558 2894 accipiebant
2599 2824 2778 2880 ﬁdem.
2806 2823 3049 2880 Nondum
3090 2825 3353 2880 habebant
3397 2825 3537 2894 quod
3577 2855 3580 2858 ~

1958 2914 2068 2970 Deo
2087 2914 2375 2980 offerrent;
2399 2915 2520 2986 quia
2545 2915 2780 2972 nondum
2801 2925 2952 2972 erant
2973 2915 3386 2972 misericordiam
3407 2929 3540 2972 eon-

1956 3006 2180 3072 secuti‘,
2209 3014 2264 3061 ιιι
2294 3005 2477 3063 ﬁdeles
2498 3015 2704 3082 essent.
2726 3007 2961 3077 Denique
2988 3015 3328 3077 posteaquam
3347 3006 3538 3062 Saulus

1958 3096 2058 3152 iste
2082 3110 2370 3153 conversus
2391 3107 2494 3160 est,
2526 3113 2630 3151 una
2655 3112 2787 3153 voce
2828 3097 2990 3152 elisus
3026 3105 3081 3152 et
3117 3097 3340 3163 levatus,
3372 3097 3539 3153 elisus

1958 3198 2284 3258 persecutor,
2334 3189 2538 3245 levatus
2583 3189 2944 3260 prmdicator:
2993 3198 3334 3260 posteaquam
3377 3189 3542 3258 capit

1957 3283 2318 3353 evangelium
2347 3282 2508 3338 Iidem
2533 3294 2692 3353 quam
2721 3281 3006 3354 aliquando
3037 3281 3293 3347 vastabat,
3321 3280 3447 3350 quid
3470 3279 3540 3335 de

1957 3391 2015 3432 se
2043 3376 2208 3431 dixit?
2238 3375 2394 3430 Eram
2423 3385 2588 3430 autent
2629 3376 2829 3445 ignotus
2870 3376 2999 3446 [acie
3037 3375 3278 3430 Eccleslis
3317 3373 3535 3440 Judteat,

1955 3481 2070 3534 quas
2103 3477 2219 3520 sunt
2248 3467 2300 3519 in
2341 3465 2542 3519 Christo
2567 3481 2584 3518 :
2607 3475 2800 3518 tantum
2827 3474 2992 3518 autent
3027 3465 3314 3530 audiebant,
3339 3465 3462 3534 quia
3493 3465 3538 3517 is

1956 3557 2045 3626 qui
2069 3555 2343 3624 aliquando
2359 3571 2450 3608 nos
2472 3554 2873 3623 persequebatur,
2901 3569 3034 3607 nunc
3056 3553 3360 3622 evangelth
3386 3553 3538 3620 [idem

1956 3664 2107 3717 quam
2127 3646 2398 3716 aliquando
2416 3645 2672 3710 vastabat;
2701 3655 2748 3699 et
2767 3646 2820 3699 in
2848 3661 2927 3700 me
2949 3645 3343 3714 magni/icabant
3371 3645 3537 3699 Deum

1959 3738 2156 3808 (Colat.
2187 3755 2224 3802 ι,
2252 3737 2472 3808 22-24).
2503 3737 2768 3808 Numquid
2789 3736 2941 3800 dixit,
2970 3746 3021 3790 ct
3043 3737 3095 3790 in
3124 3749 3210 3791 me
3235 3734 3538 3806 magniﬁca-

1957 3835 2084 3889 bant
2111 3834 2230 3888 me?
2257 3835 2319 3888 Et
2355 3833 2406 3887 in
2446 3847 2552 3898 me,
2581 3832 2670 3903 qui
2709 3829 3134 3900 evangeiizabam
3179 3829 3335 3884 ﬁdem
3377 3845 3536 3900 quam

1955 3923 2238 3995 aliquando
2281 3923 2592 3986 vastabam,
2645 3938 2751 3977 non
2801 3937 2886 3977 me
2940 3919 3342 3990 magniﬁcabant
3371 3959 3386 3984 ,
3440 3920 3535 3975 sed

1957 4015 2144 4070 Deum.
2184 4013 2324 4082 Ergo
2350 4013 2462 4081 ipse
2493 4010 2638 4077 fecit,
2669 4021 2722 4066 ut
2749 4011 2941 4066 Saulus
2968 4009 3210 4079 deposita
3241 4009 3414 4064 tunica
3436 4023 3529 4064 ve-

1959 4105 2077 4168 teri,
2107 4103 2338 4172 peccatis
2367 4116 2601 4170 pannosa
2624 4103 2668 4165 ’,
2695 4100 2930 4156 caadibus
2947 4099 3257 4170 sanguinea,
3287 4107 3345 4154 ut
3368 4097 3535 4168 depo-

1954 4196 2056 4250 sita
2082 4194 2180 4249 ista
2205 4194 2402 4258 tunica,
2420 4192 2684 4264 acciperet
2709 4193 2938 4248 tunicam
2961 4191 3289 4258 humilitatis,
3308 4199 3362 4247 et
3387 4190 3536 4247 ﬁeret

1957 4285 2022 4340 de
2043 4284 2205 4340 Saulo
2229 4283 2442 4338 Paulus.

2027 4374 2248 4430 CAPUT
2290 4372 2401 4428 VII.
2421 4403 2493 4414 —
2515 4374 2568 4428 7.
2587 4371 2804 4440 Paulus,
2825 4373 2881 4428 id
2907 4383 2980 4429 est
3003 4374 3249 4440 modicus,
3279 4372 3458 4444 gratia!
3479 4372 3534 4428 in

1957 4483 2012 4522 se
2039 4467 2238 4521 collata:
2263 4465 2586 4536 pradicutor.
2618 4464 2754 4532 Quid
2773 4475 2856 4520 est
2870 4463 3102 4519 Paulus?
3131 4463 3398 4518 Minimus.
3422 4462 3536 4535 Ego

1954 4560 2088 4613 enim
2115 4574 2227 4613 sunt
2253 4558 2490 4611 minimus
2512 4555 2889 4626 Apostolorum.
2915 4556 3052 4610 Ecce
3064 4554 3194 4625 quid
3211 4563 3292 4610 est
3316 4554 3534 4611 Paulus.

1956 4649 2177 4704 Paulum
2229 4647 2373 4704 enim
2433 4646 2596 4702 latine
2646 4646 2912 4702 modicum
2966 4654 3070 4701 est.
3128 4644 3217 4701 Sic
3269 4643 3535 4714 loquimur

1955 4739 2168 4810 quando
2210 4739 2458 4802 dicimus,
2494 4738 2620 4794 Post
2659 4738 2874 4808 paulum
2909 4736 3062 4792 video
3093 4745 3164 4803 te,
3213 4737 3370 4804 paulo
3413 4745 3536 4806 post

1958 4829 2092 4886 facio
2125 4829 2276 4885 illud.
2307 4828 2443 4898 Quid
2471 4836 2578 4893 est,
2609 4828 2766 4896 paulo
2800 4825 2952 4897 post?
2979 4826 3184 4882 Modico
3209 4835 3330 4895 post
3363 4843 3379 4881 :
3417 4833 3538 4894 post

1955 4925 2192 4996 paulum,
2239 4933 2362 4994 post
2404 4923 2691 4977 modicum.
2739 4920 2915 4987 Quare
2955 4933 3084 4989 ergo
3133 4916 3364 4973 Paulus?
3401 4917 3534 4983 Quia

1957 5016 2216 5073 modicus.
2248 5013 2506 5078 Modicus,
2539 5011 2662 5082 quia
2702 5009 3042 5066 novissimus.
3083 5004 3196 5078 Ego
3233 5006 3366 5061 enim
3396 5022 3532 5072 sum,

1956 5107 2157 5176 inquit,
2189 5103 2488 5158 novissimus
2525 5101 2907 5171 Apostolorum,
2936 5099 3025 5168 qui
3055 5114 3158 5153 non
3193 5113 3309 5153 sunt
3347 5097 3533 5169 dignus

1955 5197 2122 5255 vocari
2161 5194 2454 5265 apostolus,
2483 5193 2603 5262 quia
2641 5200 2928 5262 persecutus
2953 5205 3066 5245 sunt
3091 5185 3376 5243 Ecclesium
3410 5185 3531 5240 Dei.

1955 5288 2098 5344 Bene
2135 5286 2307 5342 dicis:
2335 5283 2476 5341 unde
2511 5283 2738 5340 debuisti
2786 5282 3048 5348 damnari,
3078 5281 3146 5337 ab
3180 5295 3247 5338 eo
3278 5279 3530 5350 accepisti

1955 5380 2095 5434 unde
2135 5376 2331 5432 debeas
2382 5373 2646 5432 coronari.
2712 5374 2757 5428 Α
2793 5388 2899 5444 quo
2939 5370 3211 5442 accepisti.
3253 5369 3394 5426 unde
3432 5369 3533 5427 do-

1954 5469 2082 5524 beas
2125 5466 2366 5522 coronari
2389 5465 2415 5519 ‘.'
2455 5465 2499 5519 A
2530 5479 2636 5534 quo
2673 5463 2913 5532 accepit,
2961 5461 3120 5516 vultis
3159 5459 3386 5516 audire?
3429 5461 3532 5517 No-

1956 5561 2046 5614 lite
2076 5573 2192 5622 me,
2221 5557 2390 5626 ipsum
2416 5555 2592 5611 audite
2617 5572 2630 5608 :
2657 5553 2776 5609 Non
2815 5570 2960 5619 sum,
2990 5553 3196 5624 inquit,
3225 5553 3407 5624 dignus
3451 5570 3532 5607 vo-

1953 5652 2058 5703 cari
2085 5647 2374 5716 Apostolus,
2405 5647 2522 5716 quia
2548 5655 2832 5715 persecutus
2861 5663 2970 5699 sunt
2995 5644 3268 5699 Ecclesium
3290 5643 3383 5697 Dei
3403 5659 3420 5707 ;
3444 5645 3530 5697 sed

1974 5818 1982 5825 .
2020 5783 2032 5812 ί
2061 5788 2188 5838 Mss,
2210 5779 2324 5842 quia
2344 5777 2727 5842 ntisericordimn
2748 5779 2982 5842 (arguenti
3007 5786 3133 5842 sunt.

2017 5845 2035 5874 *
2061 5844 2132 5892 sic
2145 5839 2467 5904 manuscripti.
2493 5848 2545 5891 Αι
2570 5841 2705 5901 editi,
2730 5839 2887 5892 tunica
2911 5840 3076 5893 veteris
3097 5841 3276 5904 peccati
3300 5850 3523 5903 panicum.
