3850 6188
399 409 500 466 9ιό

397 527 560 595 gratia
593 523 684 578 Dei
707 541 814 576 sunt
837 521 889 575 id
909 522 1044 590 quod
1063 538 1192 576 sum.
1217 521 1358 593 Ergo
1375 519 1513 592 quod
1534 536 1674 588 eras,
1704 521 1978 590 iniquitate

400 630 483 672 tua
511 633 630 672 eras
663 635 675 670 :
707 615 845 685 quod
877 630 968 681 es,
995 615 1160 685 gratia
1200 615 1288 669 Dei
1317 629 1394 668 es.
1429 613 1494 668 Et
1520 615 1683 685 gratia
1719 615 1850 684 ejus,
1892 613 1976 666 itt-

395 709 528 778 quit,
571 723 726 760 vacua
763 708 815 759 in
861 723 938 760 me
981 722 1081 760 non
1110 707 1225 777 fuit.
1259 706 1395 760 Ecce
1439 705 1766 775 evangelizat
1814 703 1971 758 ﬁdem

375 815 554 866 .quam
597 798 882 869 aliquando
914 798 1152 853 \astabat
1195 816 1208 852 :
1261 813 1360 852 nec
1398 797 1567 867 gratia
1608 797 1719 866 ipsa
1752 796 1974 850 vacatin

396 892 504 954 illo,
533 890 620 960 qui
653 891 760 957 ait,
790 889 853 944 In
899 907 975 944 me
1005 907 1162 945 vacua
1193 908 1292 944 non
1332 891 1447 960 fuit,
1477 891 1566 944 sed
1608 891 1721 959 plus
1746 890 1975 943 omnibus

393 982 496 1036 illis
543 981 784 1035 laboravi.
824 981 1081 1047 Observa,
1127 980 1331 1050 erigere
1373 992 1423 1035 te
1461 981 1689 1048 caapisti.
1737 979 1836 1036 Ubi
1876 995 1970 1045 es,

395 1071 587 1126 Paule?
625 1070 783 1126 Certe
818 1072 1055 1127 modicus
1086 1088 1224 1128 cras.
1259 1072 1382 1126 Plus
1421 1071 1650 1126 omnibus
1692 1072 1794 1125 illis
1833 1071 1976 1124 labo-

391 1163 516 1216 ravi.
548 1163 641 1217 Dic
671 1163 1001 1232 unde?Quid
1031 1165 1170 1219 enim
1201 1164 1362 1219 habes
1386 1164 1526 1233 quod
1554 1179 1658 1218 non
1685 1161 1974 1232 accepisti?

393 1255 582 1308 Statim
615 1255 846 1324 respexit
888 1272 902 1310 :
937 1265 992 1310 et
1029 1271 1148 1309 cum
1176 1255 1414 1314 dixisset.
1449 1255 1575 1308 Plus
1601 1255 1830 1308 omnibus
1868 1255 1970 1307 illis

389 1344 646 1410 laboravi;
675 1346 825 1415 quasi
850 1346 1062 1415 expavit
1091 1345 1156 1401 ad
1183 1346 1343 1400 verba
1371 1360 1484 1406 sua,
1515 1355 1569 1398 et
1597 1361 1720 1398 mox
1749 1345 1974 1412 subjecit

389 1453 449 1490 se
497 1435 748 1490 humilem
789 1436 1028 1500 Paulum,
1065 1435 1184 1490 Non
1215 1447 1381 1489 autem
1409 1453 1519 1505 ego,
1551 1437 1638 1490 sed
1675 1437 1839 1505 gratia
1878 1434 1974 1488 Dei

394 1545 587 1582 mecum
611 1527 654 1598 (Ι
681 1525 800 1582 Cor.
829 1543 918 1591 xv,
947 1526 1002 1593 9,
1036 1524 1142 1593 lO).

463 1618 518 1674 8.
550 1619 740 1671 ()ratur
766 1635 856 1687 pro
893 1617 1200 1686 inﬁdelibus,
1234 1628 1285 1670 ut
1321 1618 1544 1670 credant.
1577 1617 1734 1686 Ergo,
1782 1616 1971 1670 fratres

391 1708 519 1772 mei,
559 1717 618 1761 ut
661 1709 913 1762 noveritis
955 1709 1115 1763 etiam
1163 1709 1318 1762 fidem
1349 1725 1378 1762 a
1426 1709 1649 1762 Domino
1697 1709 1804 1763 Deo
1851 1722 1971 1762 esse

394 1800 566 1864 nobis,
607 1811 756 1855 orate
783 1802 798 1833 ¹
832 1818 928 1869 pro
969 1803 1072 1855 illis
1108 1803 1195 1872 qui
1241 1801 1474 1856 nondum
1509 1801 1864 1857 crediderunt.
1913 1801 1970 1855 Si

391 1891 512 1960 quis
553 1890 712 1945 habet
748 1892 976 1946 amicum
1023 1891 1157 1946 forte
1203 1892 1491 1956 inﬁdelem,
1521 1909 1712 1948 moneo
1738 1893 1885 1946 illum
1915 1902 1972 1946 ut

390 1991 506 2036 oret
551 1997 644 2052 pro
688 1983 798 2036 illo.
822 1982 962 2038 Vere
998 1997 1130 2052 opus
1158 1993 1238 2038 est
1269 1993 1325 2038 ut
1361 1999 1460 2052 ego
1489 1983 1635 2038 illum
1679 1983 1971 2038 moneam?

390 2073 608 2130 Maritus
647 2074 966 2130 christianos
1001 2084 1102 2139 est,
1143 2089 1275 2129 uxor
1318 2075 1546 2130 inﬁdelis
1571 2084 1690 2130 cst:
1724 2090 1829 2129 non
1855 2085 1971 2129 orat

393 2180 486 2232 pro
513 2180 679 2220 uxore
707 2181 823 2228 sua,
852 2175 910 2220 ut
937 2166 1156 2220 credat?
1184 2166 1328 2220 Uxor
1353 2175 1435 2220 est
1467 2167 1774 2232 christiana,
1807 2167 1969 2221 mari-

394 2267 478 2310 tus
501 2256 730 2313 inﬁdelis
749 2266 831 2334 est
858 2275 870 2312 :
901 2273 1006 2312 non
1033 2267 1151 2312 orat
1173 2258 1360 2311 mulier
1384 2257 1628 2328 religiosa
1661 2273 1756 2328 pro
1781 2259 1970 2312 marito

389 2365 509 2414 suo,
540 2358 595 2404 ut
623 2349 837 2405 credat?
861 2349 1083 2416 Quando
1113 2349 1215 2404 hoc
1243 2358 1362 2404 orat
1388 2351 1477 2421 qui
1499 2362 1646 2417 orat;
1677 2352 1803 2422 quid
1831 2364 1966 2419 orat,

392 2441 490 2496 nisi
519 2450 575 2495 ut
603 2441 740 2494 Deus
765 2442 852 2495 det
881 2441 954 2494 illi
982 2441 1177 2495 ﬁdem?
1203 2442 1343 2511 Ergo
1371 2442 1567 2495 donum
1598 2443 1688 2496 Dei
1720 2453 1800 2496 est
1818 2443 1967 2496 ﬁdes.

391 2533 556 2592 Nemo
577 2549 635 2587 εε
655 2534 894 2598 extollat,
925 2549 1080 2588 nemo
1101 2535 1198 2586 sibi
1221 2543 1451 2603 arroget,
1476 2535 1625 2604 quasi
1650 2535 1748 2589 sibi
1772 2535 1970 2604 aliquid

390 2623 618 2678 dederit.
646 2622 746 2690 Qui
771 2625 1033 2694 gloriatur,
1068 2625 1118 2678 in
1143 2623 1361 2678 Domino
1390 2627 1628 2696 glorietur
1649 2626 1760 2694 (Id.
1789 2643 1825 2693 ι,
1856 2628 1968 2698 51).

848 2715 1076 2770 SERMO
1113 2715 1322 2770 CLXIX
1353 2722 1370 2738 ο
1411 2717 1508 2787 (ιι).

393 2805 468 2860 De
486 2805 642 2860 verbis
659 2805 904 2876 Apostoti,
929 2805 1182 2878 Philipp.,
1201 2825 1294 2878 cap
1320 2824 1394 2875 ιιι,
1422 2811 1569 2874 5-16,
1595 2810 1702 2864 Nos
1727 2811 1867 2865 enim
1892 2827 1970 2864 su-

463 2912 582 2952 mus
613 2899 982 2966 circumcisio,
1013 2900 1100 2970 qui
1137 2899 1343 2970 spiritui
1387 2902 1479 2956 Dei
1529 2903 1823 2969 servimus,
1875 2913 1965 2957 etc.

465 2989 650 3043 Contra
680 2987 1004 3060 Pelagianos.

638 3081 835 3130 Habitus
850 3081 908 3130 ad
932 3094 1146 3131 mensam
1168 3090 1212 3132 s.
1237 3087 1456 3148 martyris
1475 3087 1702 3149 Cypriani.

461 3164 547 3217 CA
557 3164 686 3217 l‘U'l’
708 3165 1085 3221 PRIMUM—1
1100 3206 1112 3219 .
1129 3167 1326 3237 Spiritu
1342 3169 1446 3223 Deo
1457 3172 1786 3241 servire,quid
1798 3175 1969 3228 sit.Ad

389 3258 734 3325 apostolicam
765 3259 1043 3313 lectionem
1066 3275 1222 3316 aures
1243 3270 1298 3316 et
1325 3262 1556 3317 animum
1581 3263 1968 3320 intendatSan-

390 3346 544 3401 ctitas
574 3357 778 3412 vestra,
809 3349 1107 3417 adjuvando
1136 3366 1233 3406 nos
1259 3351 1450 3406 allecto
1481 3362 1655 3408 vestro
1684 3357 1821 3423 apud
1863 3357 1968 3411 Do-

393 3439 595 3494 tninum
618 3441 782 3496 Deuin
807 3451 1067 3506 nosti-nm,
1092 3454 1149 3497 ut
1174 3459 1236 3499 ca
1263 3461 1380 3514 quae
1406 3447 1493 3502 ille
1515 3448 1664 3503 nobis
1689 3451 1709 3480 ¹¹
1732 3450 1968 3504 revelare

390 3531 659 3601 dignatur,
681 3531 748 3588 ad
776 3548 870 3587 vos
899 3551 923 3584 a
934 3543 1019 3602 pte
1047 3544 1204 3605 atque
1231 3537 1514 3592 salubriter
1535 3538 1772 3606 proferre
1801 3541 1970 3609 possi-

393 3637 530 3677 mus.
569 3625 708 3694 Ergo
743 3639 863 3680 cum
906 3625 1191 3696 legeretur,
1220 3627 1440 3681 audistis
1465 3629 1726 3684 dicentem
1757 3640 1969 3700 aposto-

391 3717 500 3772 lum
528 3717 772 3784 Paulum,
799 3716 910 3773 Nos
939 3719 1070 3772 enim
1096 3736 1268 3773 sumus
1296 3721 1630 3784 circumcisio,
1662 3723 1747 3790 qui
1769 3724 1969 3794 spiritui

392 3807 488 3861 Dei
510 3809 768 3862 servimus.
793 3809 917 3864 Scio
943 3809 1222 3881 plerosque
1247 3811 1458 3866 codices
1485 3811 1699 3880 habere,
1733 3813 1832 3880 Qui
1859 3815 1967 3884 spi-

389 3901 488 3954 ritu
511 3899 616 3955 Deo
635 3903 894 3956 servimus.
921 3903 1184 3970 Quantum
1205 3913 1380 3958 autem
1402 3905 1660 3974 inspicere
1680 3908 1963 3975 potuimus,

391 3995 752 4062 plurcsCrmCi
785 3996 886 4051 hoc
925 3995 1140 4064 habent,
1177 3998 1277 4065 Qui
1317 4000 1518 4069 spiritui
1563 3999 1658 4052 Dei
1704 4003 1963 4056 servimus.

391 4087 494 4142 Sed
522 4103 625 4142 non
655 4088 724 4144 ibi
745 4089 970 4158 quiestio
997 4097 1100 4144 est.
1130 4089 1461 4144 Manifestum
1489 4100 1572 4146 est
1595 4093 1736 4145 cnim
1765 4101 1968 4147 utrum-

389 4197 515 4250 que,
546 4192 598 4236 et
637 4197 926 4252 congruum
973 4184 1168 4253 regulae
1218 4183 1470 4248 veritatis,
1502 4185 1624 4254 quia
1664 4194 1718 4239 et
1761 4185 1966 4254 spiritui

395 4273 485 4325 Dei
508 4274 788 4334 servimus,
818 4283 871 4327 et
893 4288 996 4327 non
1021 4289 1202 4340 carne,
1227 4274 1319 4330 sed
1349 4275 1533 4345 spiritu
1558 4275 1666 4329 Deo
1686 4277 1964 4331 servimus.

387 4361 563 4419 Carne
589 4365 730 4420 enim
759 4365 922 4419 servit
948 4365 1078 4432 Deo,
1108 4366 1196 4436 qui
1222 4366 1289 4421 de
1317 4365 1478 4422 rebus
1506 4367 1804 4422 carnalibus
1841 4385 1965 4439 spe-

387 4465 472 4507 rat
500 4469 558 4507 se
590 4455 796 4522 placem
828 4454 956 4508 Deo.
980 4453 1113 4509 Cum
1143 4470 1268 4509 vero
1309 4465 1364 4510 et
1403 4457 1514 4526 ipsa
1559 4473 1684 4512 caro
1722 4459 1790 4513 ad
1829 4460 1966 4514 bona

387 4557 552 4611 arma
595 4544 800 4612 spiritui
845 4545 1106 4610 subditur,
1146 4546 1330 4614 spiritu
1375 4549 1634 4604 servimus
1665 4550 1773 4604 Dco
1802 4569 1814 4604 :
1845 4552 1966 4619 quia

387 4648 604 4687 carnem
629 4633 1002 4698 domamus,ut
1029 4633 1247 4704 spiritus
1273 4634 1606 4705 obtemperet
1637 4638 1764 4692 Deo.
1795 4639 1965 4708 Spiri-

389 4737 476 4779 tus
504 4725 644 4780 enim
673 4725 824 4795 regit,
857 4741 980 4781 caro
1011 4727 1210 4797 regitur
1235 4745 1248 4782 ε
1277 4743 1374 4784 nec
1399 4729 1615 4799 spiritus
1646 4731 1780 4786 bene
1811 4735 1964 4803 regit,

385 4818 432 4873 si
466 4831 569 4872 non
593 4827 827 4888 regatur.

456 4908 514 4964 2.
553 4908 880 4965 Circuntcisio
909 4920 954 4964 et
971 4911 1174 4982 justitia
1198 4913 1446 4982 quomodo
1472 4929 1562 4966 nos
1591 4929 1782 4968 sumus.
1806 4914 1969 4968 Justi-

389 5002 459 5058 tia
495 5011 664 5056 nostra
693 5018 757 5057 ex
784 5000 879 5056 Dei
907 5002 1060 5058 dono.
1087 5003 1220 5058 Cum
1251 5019 1378 5075 ergo
1407 5005 1498 5069 ait,
1528 5004 1638 5060 Nos
1665 5023 1835 5060 sumus
1864 5009 1966 5060 cir-

386 5095 626 5148 cumcisio
645 5110 664 5158 ;
689 5095 862 5150 videte
893 5096 1015 5166 quid
1049 5099 1273 5152 voluerit
1301 5099 1514 5169 intelligi
1546 5100 1599 5154 in
1631 5101 1714 5154 illa
1741 5103 1970 5156 circum-

387 5187 608 5250 cisionc,
635 5204 752 5258 quso
784 5189 834 5242 in
865 5189 1047 5243 umbra
1075 5189 1195 5244 data
1225 5200 1309 5246 est
1335 5193 1693 5262 signiﬁcante,
1724 5212 1840 5262 qum
1882 5212 1966 5249 re-

388 5288 531 5332 mota
571 5289 654 5334 cst
700 5279 816 5334 luce
854 5281 1118 5335 veniente.
1147 5281 1254 5335 Cur
1282 5292 1456 5336 autem
1490 5300 1591 5338 non
1619 5284 1833 5348 dixerit,
1863 5286 1968 5340 Nos

451 5393 465 5423 ¹
496 5398 652 5451 Forte,
673 5390 840 5443 oratis.

449 5456 470 5483 '
491 5463 586 5502 Αιιι.
607 5460 680 5502 Fr.
708 5461 760 5504 ct
783 5455 1008 5519 plerique
1033 5463 1166 5519 Mss”,
1188 5456 1359 5518 aﬂ'ectu
1381 5455 1514 5519 apud
1539 5458 1790 5510 nominum
1819 5469 1970 5511 Deum

386 5522 598 5580 nostrum
617 5553 629 5572 ,
647 5523 710 5580 ‘ut
729 5515 793 5565 ea'
805 5529 914 5580 qua:
927 5515 1036 5568 illic
1055 5515 1329 5580 nobis,"etc.

452 5570 771 5647 'At-Zine_ndatus
798 5570 857 5628 a'd
887 5593 932 5629 a.
967 5581 1050 5628 bn.
1075 5579 1138 5630 cl.
1161 5570 1238 5629 ch.
1265 5580 1298 5630 f.
1324 5577 1382 5629 fs.
1407 5592 1456 5641 g.
1482 5578 1540 5630 ιτ.
1566 5596 1629 5631 m.
1678 5597 1750 5647 pr.
1777 5597 1868 5632 rm.
1889 5584 1965 5634 vd.

386 5643 437 5684 ιιι
461 5645 557 5686 Am.
585 5645 656 5686 Fr.
682 5645 767 5689 Par
801 5647 910 5691 ων.

450 5697 521 5766 (a_)
552 5697 686 5766 Alias,
707 5701 771 5749 de
794 5704 959 5766 Verbis
983 5703 1188 5763 Apostoli
1221 5704 1290 5751 15.
1315 5730 1372 5766 έ-
1391 5706 1461 5754 Sic
1486 5706 1530 5753 in
1555 5713 1758 5756 Romano
1772 5715 1850 5756 PP.
1871 5709 1968 5758 (ﬁs-

388 5759 699 5822 ti-rciunsiuni
722 5763 1004 5822 exemplari.
1020 5759 1301 5812 Sermonem
1319 5765 1447 5815 hunc
1460 5770 1571 5816 citat
1594 5768 1820 5817 Florusad
1839 5777 1965 5818 nom.

388 5831 413 5858 ς·
439 5825 485 5864 et
512 5831 578 5874 ix.
605 5818 661 5866 ad
686 5820 854 5877 Ejzhcs.
871 5818 943 5882 ἰι,
969 5823 1026 5871 ad
1051 5823 1248 5885 Philipp.
1271 5841 1302 5872 ιι
1323 5836 1368 5874 ει
1395 5841 1456 5875 ιιι.

1627 405 1684 460 5.
1726 404 2088 462 AUGUSTINI
2129 405 2429 464 EPISCOPI
3517 418 3602 477 916

2089 519 2346 575 habemus
2366 521 2822 576 circumcisionetn
2839 539 2852 587 ;
2877 521 2992 588 sed,
3014 522 3118 578 Nos
3132 539 3294 579 sumus
3307 528 3605 598 circumcisio:

2084 611 2163 666 sic
2206 612 2428 682 accipite
2467 612 2569 668 hoc
2608 614 2840 669 voluisse
2877 615 3183 684 Apostolum
3211 617 3390 684 dicere,
3415 619 3508 675 Nos
3531 639 3602 679 su-

2085 718 2202 758 mus
2224 704 2450 773 justitia.
2479 705 2824 762 Circumcisio
2851 707 2992 761 enim
3020 707 3214 776 justitia
3243 718 3336 763 est.
3363 710 3506 782 Magis
3527 731 3603 769 au-

2086 802 2190 848 tem
2215 794 2554 850 commendat
2573 795 2712 864 quod
2734 795 2861 849 dicit
2881 795 3103 850 dicendo
3123 812 3219 851 nos
3237 812 3348 853 esse
3367 799 3604 871 justitiam,

2081 900 2244 955 quam
2282 886 2509 942 dicendo
2539 901 2636 941 nos
2663 901 2784 942 esse
2808 887 2981 956 justas
3006 906 3018 941 :
3047 889 3116 942 ita
3145 901 3310 943 tamen
3337 899 3390 943 ut
3414 907 3516 945 eum
3536 895 3606 962 ju-

2081 977 2278 1030 stitiam
2306 977 2434 1032 dicit
2462 993 2604 1044 esse,
2627 978 2801 1048 justos
2832 980 3201 1050 intelligamus.
3237 980 3345 1034 Non
3377 984 3502 1037 enim
3533 999 3608 1038 su-

2082 1085 2199 1124 mus
2226 1070 2314 1124 illa
2339 1071 2783 1125 incommutabilis
2805 1071 3027 1140 justitia,
3053 1073 3204 1140 cujus
3227 1075 3484 1142 participes
3507 1074 3606 1131 facti

2079 1174 2264 1216 sumus
2289 1179 2303 1216 :
2327 1163 2421 1218 sed
2448 1164 2895 1233 quemadmodum
2923 1165 3134 1231 dicitur,
3165 1166 3337 1235 Magna
3365 1167 3426 1222 ibi
3445 1168 3602 1236 juven-

2081 1260 2163 1306 tus
2193 1261 2304 1316 est,
2333 1267 2428 1322 pro
2460 1254 2640 1307 multis
2663 1255 2974 1323 juvenibus;
3004 1255 3080 1309 sic
3120 1256 3309 1310 dicitur
3331 1257 3536 1325 justitia,
3562 1269 3606 1314 ut

2079 1342 2437 1411 intelligantur
2475 1344 2624 1413 justi.
2663 1345 2854 1399 Audite
2885 1347 2986 1398 hoc
3017 1346 3183 1415 ipsum
3219 1347 3507 1415 evidentius,
3528 1365 3604 1404 eo-

2077 1433 2197 1488 dem
2245 1435 2456 1491 dicente
2491 1437 2767 1505 Apostolo,
2803 1437 2870 1490 (lt
2895 1454 3008 1501 nos,
3048 1438 3232 1507 inquit,
3273 1440 3416 1493 simus
3444 1441 3606 1510 justitia

2080 1525 2172 1578 Dei
2198 1526 2249 1578 in
2275 1528 2385 1596 ipso
2415 1526 2482 1596 (ll
2509 1525 2626 1580 Cor.
2650 1544 2702 1592 v,
2730 1529 2845 1598 21).
2874 1527 2985 1582 Nos
3011 1529 3166 1581 simus
3183 1530 3394 1598 justitia,
3420 1545 3511 1584 non
3533 1548 3606 1585 n0-

2076 1625 2206 1679 stra,
2232 1616 2321 1670 sed
2345 1615 2472 1679 Dei;
2501 1617 2569 1671 ab
2595 1617 2686 1670 illo
2715 1628 2953 1686 accepta,
2985 1634 3091 1671 non
3120 1633 3149 1671 a
3179 1615 3323 1672 nobis
3354 1631 3604 1689 assumpta;

2077 1703 2360 1774 impertita,
2398 1722 2502 1760 non
2542 1716 2826 1776 usurpata;
2853 1708 3071 1771 donata,
3107 1723 3210 1762 non
3240 1719 3400 1778 rapta.
3427 1707 3606 1764 Cuidain

2075 1794 2216 1850 enim
2243 1795 2427 1864 rapina
2448 1803 2560 1850 erat
2585 1811 2706 1850 esse
2739 1797 2958 1866 aequalis
2991 1799 3102 1852 Deo
3127 1816 3138 1850 :
3167 1807 3220 1852 et
3241 1794 3467 1868 quoniam
3494 1817 3607 1869 qua:-

2075 1885 2196 1939 sivit
2224 1887 2491 1956 rapinam,
2522 1888 2719 1943 invenit
2739 1891 2983 1950 ruinam.
3009 1891 3266 1946 Dominus
3287 1902 3444 1946 autem
3465 1903 3609 1949 noster

2073 1977 2227 2032 Jesus
2251 1979 2512 2045 Christus,
2543 1999 2656 2035 cunt
2700 1984 2753 2036 in
2802 1986 2967 2053 forma
2994 1983 3097 2037 Dei
3126 1996 3267 2049 esset,
3296 2003 3388 2040 non
3419 1989 3607 2056 rapinam

2075 2069 2346 2124 arbitratus
2388 2080 2461 2125 est
2507 2088 2613 2126 esse
2651 2075 2858 2143 aequalis
2890 2074 3019 2128 Deo.
3057 2074 3157 2129 Cui
3205 2078 3340 2131 enim
3385 2080 3607 2148 arqualitas

2077 2161 2169 2215 Dei
2217 2172 2399 2217 natura
2443 2175 2576 2229 erat,
2611 2166 2791 2236 rapina
2825 2183 2926 2220 non
2955 2175 3096 2221 erat.
3127 2169 3228 2221 Sed
3267 2177 3428 2224 tamen
3462 2182 3606 2224 seruet-

2075 2255 2241 2321 ipsum
2295 2255 2586 2320 eainanivit,
2620 2257 2836 2325 formam
2865 2259 2992 2310 servi
3022 2259 3275 2328 accipiens
3301 2261 3316 2326 (
3341 2258 3542 2330 Philipp.
3563 2277 3606 2325 ιι,

2073 2345 2126 2406 6.
2157 2345 2230 2418 7),
2261 2357 2312 2399 ut
2338 2365 2428 2401 nos
2456 2365 2674 2402 essemus
2708 2351 2911 2419 justitia
2947 2349 3043 2403 Dei
3091 2352 3140 2403 in
3171 2352 3296 2421 ipso.
3319 2351 3370 2406 Si
3397 2353 3517 2406 enim
3543 2355 3608 2407 ille

2075 2450 2435 2510 paupertatem
2468 2441 2673 2504 vitaret,
2703 2458 2800 2495 nos
2833 2453 3150 2512 paupertate
3194 2460 3294 2497 non
3335 2460 3606 2498 careremus.

2077 2533 2285 2603 Pauper
2314 2535 2455 2589 enim
2499 2536 2585 2588 ille
2616 2540 2778 2606 factus
2815 2547 2916 2601 est,
2955 2553 3070 2589 eum
3103 2537 3236 2590 dives
3263 2549 3408 2602 esset;
3431 2547 3476 2590 ut
3500 2538 3608 2590 illius

2076 2635 2392 2693 paupertate,
2421 2626 2556 2680 sicut
2584 2627 2835 2696 scriptum
2865 2637 2966 2691 est,
2997 2645 3098 2680 nos
3127 2629 3392 2681 ditareinur
3418 2629 3433 2698 (
3461 2628 3494 2681 ΙΙ
3515 2629 3606 2682 Cor.

2075 2724 2186 2773 vui,
2216 2710 2291 2778 9).
2327 2710 2534 2764 Divitiae
2575 2711 2713 2763 illius
2755 2711 2878 2779 quid
2921 2726 3018 2764 nos
3069 2711 3289 2765 factura:
3326 2721 3456 2777 sunt,
3491 2711 3609 2780 cujus

2075 2812 2357 2872 paupertas
2389 2819 2484 2856 nos
2511 2803 2702 2856 divites
2734 2803 2890 2856 facit?
2918 2804 3214 2872 Apostolus
3247 2821 3368 2874 ergo
3410 2820 3498 2857 non
3535 2804 3606 2856 tibi

2075 2898 2282 2968 negavit
2307 2898 2784 2961 circumcisioncm,
2811 2896 2903 2952 sed
2925 2899 3208 2967 exposuit;
3238 2899 3399 2953 lucem
3422 2905 3608 2967 praten-

2073 2989 2170 3054 dit,
2201 2989 2440 3043 umbram
2472 2989 2714 3042 rcmovit.
3187 2975 3193 2980 ’

2143 3081 2368 3136 CAPUT
2411 3081 2469 3134 ΙΙ.
2500 3111 2566 3120 -
2592 3081 2644 3134 5.
2670 3079 2996 3134 Circuntcisio
3025 3082 3309 3149 spiritualis
3337 3079 3606 3150 gloriandum

2073 3174 2125 3226 in
2153 3173 2374 3227 Christo.
2398 3172 2719 3227 Circuntcisio
2747 3187 2901 3241 quare.
2931 3182 3113 3225 octavo
3141 3173 3220 3224 die
3244 3171 3400 3238 fiebat.
3423 3166 3607 3222 Domini.

2073 3281 2162 3318 cus
2191 3266 2314 3318 dies.
2341 3295 2414 3304 —-
2447 3264 2557 3317 Nos
2576 3280 2768 3326 sumus,
2801 3263 2984 3331 inquit,
3007 3263 3342 3327 circumcisio,
3367 3262 3443 3333 qui
3463 3260 3606 3329 spiritu

2073 3354 2180 3410 Deo
2207 3358 2466 3420 servimus,
2503 3365 2552 3409 et
2595 3357 2872 3426 gloriamur
2897 3355 2948 3406 in
2977 3353 3186 3408 Christo
3211 3354 3349 3419 Jesu,
3385 3364 3424 3407 et
3454 3368 3536 3404 non
3566 3351 3605 3401 in

2071 3465 2221 3501 carne
2248 3449 2476 3516 ﬁdentes.
2519 3448 2770 3516 Restiexit
2810 3446 3068 3515 quosdam
3119 3448 3168 3501 in
3210 3462 3361 3500 carne
3389 3445 3601 3497 ﬁdentes:

2073 3538 2171 3606 ipsi
2213 3550 2365 3592 erant
2391 3539 2478 3606 qui
2519 3537 2586 3590 de
2631 3538 2807 3590 carnis
2833 3537 3245 3592 circumcisione
3272 3537 3601 3607 gloriabantur.

2073 3629 2146 3683 De
2178 3629 2368 3699 quibus
2395 3630 2500 3682 alio
2526 3629 2641 3682 loco
2667 3628 2814 3692 dicit,
2847 3627 3077 3694 Quorum
3114 3627 3250 3680 Deus
3288 3637 3440 3680 tenter
3473 3634 3545 3688 est,
3569 3631 3604 3675 et

2069 3721 2232 3791 gloria
2260 3721 2312 3773 in
2344 3719 2587 3789 pudendis
2617 3736 2786 3772 eorum
2813 3718 3070 3788 (Philipp.
3103 3735 3176 3782 ιιι,
3203 3718 3308 3789 l9).
3336 3717 3543 3784 Intelligo
3564 3726 3602 3768 tu

2071 3812 2547 3875 circumcisioncm,
2571 3819 2624 3865 et
2643 3820 2756 3864 esto
2774 3811 3145 3864 circumcisio:
3173 3811 3414 3880 intcllige,
3432 3819 3476 3862 et
3493 3817 3599 3863 esto.

2069 3904 2365 3958 Intellectus
2402 3904 2541 3958 enim
2586 3905 2759 3968 bonus,
2801 3903 2892 3958 sed
2924 3903 3159 3956 omnibus
3186 3905 3269 3974 qui
3309 3904 3483 3974 faciunt
3517 3913 3604 3953 cum

2072 3996 2241 4068 (Psal.
2270 4011 2357 4059 cx,
2388 3996 2498 4065 10).
2529 3995 2640 4048 Νοιι
2673 3995 2852 4063 utique
2897 3995 3091 4048 frustra
3132 4005 3323 4049 octavo
3347 3993 3427 4048 die
3459 3991 3602 4060 jussus

2069 4097 2154 4143 est
2182 4088 2352 4140 infans
2379 4086 2681 4141 circumcidi
2729 4085 2876 4157 (Cen.
2918 4101 3045 4151 xvn,
3080 4088 3181 4151 t2;
3223 4085 3375 4139 Leuit.
3418 4082 3596 4146 xu,'5).

2070 4181 2172 4234 nisi
2214 4181 2334 4249 quia
2379 4190 2558 4250 petra,
2600 4195 2700 4248 qua
2743 4179 3197 4243 circumcidimur,
3238 4178 3465 4233 Christus
3497 4180 3600 4228 erat.

2069 4271 2308 4327 Cultellis
2337 4272 2475 4325 enim
2506 4271 2730 4340 petrinis
2755 4271 3102 4324 circumcisus
3130 4279 3213 4325 est
3233 4270 3443 4339 populus
3461 4265 3605 4335 (loses

2068 4380 2120 4429 γ,
2145 4364 2204 4432 2)
2236 4383 2246 4416 :
2280 4365 2432 4418 Petra
2464 4373 2639 4418 autem
2671 4373 2787 4418 erat
2814 4363 3054 4418 Christus
3085 4366 3126 4434 (1
3154 4364 3272 4419 Cor.
3296 4383 3348 4426 κ,
3371 4365 3440 4432 4).
3465 4363 3603 4426 Quare

2069 4470 2198 4524 ergo
2227 4465 2414 4509 octavo
2447 4455 2568 4509 die?
2594 4456 2722 4522 Quia
2757 4456 2805 4509 in
2835 4455 3256 4510 hebdomadibus
3282 4456 3412 4509 idem
3439 4453 3604 4522 primus

2071 4546 2160 4614 qui
2188 4554 2430 4600 octavus.
2457 4544 2748 4614 Completis
2777 4545 2918 4598 enim
2949 4555 3152 4612 septem
3192 4545 3374 4599 diebus
3393 4586 3406 4608 ,
3441 4539 3604 4596 roditur

2071 4636 2136 4689 ad
2169 4634 2415 4705 primum.
2439 4635 2646 4689 Finitur
2670 4636 2944 4705 septimus,
2977 4636 3230 4689 Dominus
3257 4634 3479 4703 sepultus
3505 4647 3515 4682 :
3539 4641 3602 4680 re-

2070 4726 2214 4782 ditur
2239 4725 2305 4780 ad
2333 4728 2581 4795 primttm,
2611 4727 2862 4781 Dominus
2889 4727 3255 4781 resuscitatus.
3280 4722 3472 4779 Domini
3491 4719 3602 4774 enim

2069 4819 2404 4874 resuscitatio
2443 4819 2684 4888 promisit
2724 4819 2878 4873 nobis
2911 4827 3167 4872 mternum
3196 4817 3333 4870 diem
3363 4823 3412 4869 et
3446 4822 3602 4864 conse-

2070 4912 2236 4965 eravit
2261 4911 2412 4966 nobis
2439 4911 2767 4966 Dominicum
2791 4911 2950 4966 diem.
2970 4910 3067 4978 Qui
3090 4903 3604 4963 vocaturDominicus,

2071 5001 2185 5070 ipse
2212 5002 2421 5057 videtur
2447 5002 2658 5072 proprie
2686 5002 2750 5056 ad
2780 5002 3058 5056 Dominum
3090 4999 3358 5071 pertinere
3387 5013 3400 5052 :
3428 4992 3534 5064 quia
3554 5001 3606 5042 ϐο

2070 5095 2158 5150 die
2186 5096 2439 5149 Dominus
2469 5095 2777 5150 resurrexit.
2808 5093 3030 5148 Reddita
3059 5101 3139 5148 est
3168 5102 3335 5162 petra,
3362 5081 3604 5144 circumci-

2071 5185 2264 5240 dantur
2287 5188 2375 5256 qui
2400 5186 2581 5241 volunt
2601 5186 2796 5251 dicere,
2828 5184 2939 5238 Nos
2963 5187 3091 5239 enim
3119 5200 3290 5237 sumus
3317 5172 3604 5234 circumcisio.

2075 5275 2313 5330 Traditus
2338 5287 2410 5329 est
2438 5277 2578 5330 enim
2612 5287 2813 5347 propter
2841 5287 3040 5346 peccata
3070 5286 3258 5338 nostra,
3297 5282 3341 5326 ct
3375 5261 3606 5324 resurrexit

2073 5377 2276 5437 propter
2303 5369 2717 5438 justi/icationem
2753 5378 2976 5421 nostram
3011 5366 3180 5440 (Rom.
3206 5381 3280 5432 tv,
3302 5362 3408 5432 9.35).
3436 5352 3602 5412 .Iustifi-

2073 5459 2211 5511 eatio
2237 5467 2345 5522 tua,
2369 5458 2704 5516 circumcisio
2735 5467 2854 5524 tua,
2887 5475 2992 5512 non
3021 5467 3101 5513 est
3131 5473 3160 5509 a
3199 5465 3266 5510 te.
3301 5451 3462 5507 Gratia
3493 5441 3598 5499 salvi

2073 5550 2196 5622 {acti
2221 5551 2337 5602 estis
2357 5566 2445 5619 per
2459 5550 2646 5618 ﬁdem;
2672 5561 2716 5604 et
2742 5551 2834 5604 hoc
2857 5569 2953 5604 non
2975 5569 3035 5605 ea:
3059 5549 3208 5612 vobis,
3227 5547 3310 5601 sed
3333 5544 3418 5597 Dei
3441 5541 3596 5592 donum

2073 5652 2145 5695 est
2173 5657 2190 5694 :
2222 5658 2320 5695 non
2349 5659 2412 5696 ex
2437 5643 2670 5712 operibus
2695 5641 2914 5713 (Ephcs.
2941 5659 2994 5707 ιι,
3019 5642 3071 5706 8,
3092 5637 3170 5711 9).
3201 5638 3275 5692 Nc
3313 5634 3436 5689 forte
3462 5629 3600 5685 dicas,

2074 5730 2348 5786 Promcrtti
2369 5775 2384 5796 ,
2414 5743 2465 5788 et
2508 5733 2624 5786 ideo
2663 5735 2863 5802 accepi.
2892 5733 3006 5787 Non
3038 5739 3184 5801 putes
3213 5739 3262 5783 te
3293 5713 3600 5795 promerendo

2075 5826 2362 5893 θοεθιῖίδδο,
2388 5825 2471 5893 qui
2503 5842 2602 5878 non
2629 5825 3028 5894 promercrcris,
3053 5820 3145 5876 nisi
3177 5816 3469 5887 accepisses.
3491 5804 3596 5860 Gra-
