3850 6188
266 383 367 442 917

269 503 337 552 tia
381 493 656 567 prtecessit
699 494 944 550 inclitum
975 501 1122 550 tuum
1155 513 1168 548 :
1197 510 1301 551 non
1339 495 1505 566 gratia
1535 509 1599 549 ex
1632 494 1841 557 merito,

268 587 362 644 sed
412 587 658 642 meritum
706 602 769 641 ex
817 587 1006 656 gratia.
1036 586 1167 642 Nam
1215 587 1258 640 si
1301 585 1466 655 gratia
1513 600 1580 639 ex
1623 585 1845 649 merito;

267 679 465 741 emisti,
499 693 606 732 non
636 677 802 747 gratis
826 678 1098 747 accepisti.
1123 676 1230 731 Pro
1259 677 1435 739 nihilo,
1471 676 1658 745 inquit,
1687 674 1851 730 salvos

267 769 424 836 [acies
445 785 533 822 eos
557 765 729 834 (Psal.
760 783 842 831 ιγ,
867 767 944 838 8).
971 767 1108 834 Quid
1135 776 1235 831 cst,
1267 765 1373 822 Pro
1399 766 1558 820 nihilo
1583 766 1746 819 salvos
1773 769 1853 835 fa-

267 863 366 914 cies
405 860 530 914 eos?
555 858 694 912 Nihil
733 859 786 912 in
827 860 904 913 eis
943 859 1149 913 invenis
1189 857 1330 913 unde
1371 857 1563 920 solves,
1593 866 1647 911 et
1675 865 1851 912 tamen

267 952 469 1005 salvas.
499 950 677 1006 Gratis
701 950 817 1014 das,
846 949 1010 1020 gratis
1050 950 1243 1005 salvas.
1270 948 1458 1004 Omnia
1489 948 1676 1002 merita
1717 961 1852 1017 prte-

267 1043 436 1107 cedis,
469 1051 528 1097 ut
550 1041 688 1096 dona
717 1050 804 1096 tua
832 1049 1224 1112 consequantur
1249 1039 1435 1094 merita
1467 1053 1604 1093 mea.
1627 1038 1852 1093 Prorsus

267 1134 430 1204 gratis
447 1133 566 1199 das,
585 1133 750 1204 gratis
770 1133 960 1197 salvas,
985 1132 1074 1203 qui
1097 1131 1228 1186 nihil
1257 1131 1464 1187 invenis
1484 1129 1626 1186 unde
1653 1129 1850 1196 salves,

265 1235 319 1280 et
338 1224 567 1280 multum
600 1224 806 1278 invenis
828 1223 969 1278 unde
991 1223 1234 1279 damnes.

333 1312 563 1371 CAPUT
602 1313 840 1369 ιιι-ι.
882 1314 1066 1369 Fidere
1100 1316 1154 1368 in
1178 1313 1560 1369 carne.—Nos
1588 1327 1735 1384 ergo,
1769 1313 1851 1368 in-

264 1407 403 1480 quit,
433 1424 611 1462 sumus
650 1409 982 1473 circumcisio,
1017 1409 1102 1477 qui
1143 1408 1341 1477 spiritui
1384 1405 1476 1460 Dei
1518 1407 1777 1471 servimus,
1809 1416 1853 1459 et

262 1498 546 1569 gloriamur
589 1499 643 1552 in
685 1498 884 1553 Christo
925 1497 1070 1553 Jesn.
1101 1498 1199 1565 Qui
1238 1497 1509 1567 gloriatur,
1548 1498 1599 1550 in
1632 1497 1852 1550 Domino

262 1589 527 1658 glorietur
560 1589 578 1658 (
604 1588 623 1642 1
649 1587 764 1642 Cor.
794 1605 831 1654 ι,
859 1589 918 1643 51
947 1588 989 1660 ).
1020 1587 1088 1641 Et
1121 1605 1220 1642 non
1263 1589 1315 1641 in
1354 1604 1506 1641 carne
1534 1588 1758 1656 ﬁdentes.
1787 1587 1855 1640 Et

263 1681 388 1750 quid
427 1690 544 1746 est,
586 1680 750 1737 lidere
779 1683 832 1735 in
863 1682 1058 1736 carne?
1079 1681 1292 1746 Audite,
1325 1680 1517 1750 inquit.
1550 1679 1852 1748 Quanquam

263 1772 581 1843 ego,inquit,
600 1773 808 1827 habeam
836 1773 1102 1842 ﬁduciam,
1135 1783 1180 1828 et
1205 1775 1258 1826 in
1287 1789 1457 1828 carne.
1487 1771 1547 1828 Si
1579 1773 1692 1843 quis
1720 1772 1852 1826 alius

263 1863 314 1916 in
344 1879 502 1916 carne
530 1871 675 1932 putat
698 1879 752 1916 se
781 1861 962 1918 habere
989 1864 1248 1932 ﬁduciam,
1278 1863 1438 1934 magis
1465 1879 1574 1933 ego.
1604 1862 1680 1917 Ne
1711 1862 1853 1917 arbi-

265 1951 504 2017 tremini,
530 1952 721 2022 inquit,
751 1968 836 2008 me
863 1953 960 2008 hoc
987 1961 1329 2008 contemnere
1359 1953 1498 2023 quod
1527 1968 1630 2008 non
1658 1953 1846 2008 habeo.

261 2039 403 2107 Quid
437 2055 688 2110 maguum
718 2052 819 2107 est,
849 2041 892 2096 si
925 2041 1085 2096 homo
1127 2043 1382 2110 abjectus,
1408 2042 1666 2112 plebeius,
1697 2043 1849 2112 igno-

264 2130 409 2197 bilis,
439 2143 748 2188 contemnat
783 2134 1135 2200 nobilitatem,
1166 2144 1218 2188 et
1245 2142 1369 2189 tunc
1392 2134 1643 2189 exhibeat
1669 2149 1848 2190 veram

266 2223 658 2277 humilitatem?
688 2225 988 2294 Quanquam
1019 2241 1128 2295 ego,
1158 2225 1347 2295 inquit,
1373 2225 1583 2280 habeam
1610 2225 1850 2294 ﬁduciam

263 2323 310 2365 et
348 2313 404 2365 in
439 2329 608 2367 carne.
633 2312 759 2368 Ideo
781 2329 897 2381 vos,
923 2315 1111 2385 inquit,
1137 2315 1303 2370 doceo
1327 2324 1691 2384 contemnere,
1718 2331 1850 2386 quo-

266 2405 405 2458 niam
455 2405 646 2460 videtis
689 2421 774 2460 me
821 2406 1014 2462 habere
1062 2409 1201 2478 quod
1254 2419 1608 2464 contemnam.
1641 2408 1702 2464 Si
1738 2411 1848 2480 quis

264 2497 396 2550 alius
423 2499 476 2550 in
506 2515 658 2552 carne
684 2509 826 2569 putat
850 2517 904 2553 se
929 2499 1108 2554 habere
1130 2502 1389 2569 ﬁduciam,
1419 2507 1579 2572 magis
1605 2520 1715 2572 ego.

334 2587 388 2642 5.
414 2586 582 2641 Paulo
603 2605 756 2642 causa
778 2589 1032 2660 gloriandi
1057 2592 1107 2644 in
1137 2608 1290 2646 carne
1305 2609 1420 2660 quae
1444 2595 1614 2663 fuerit.
1639 2594 1703 2648 Et
1723 2594 1846 2650 audi

267 2676 318 2730 in
347 2692 508 2733 carne
545 2677 790 2733 ﬁduciam
822 2697 834 2732 :
869 2679 1257 2736 Circumcisione
1299 2685 1455 2736 octavi
1489 2683 1590 2738 diei
1607 2700 1626 2748 ;
1655 2684 1704 2739 id
1740 2694 1840 2750 est,

270 2780 372 2821 non
402 2769 721 2839 proselytus,
745 2785 851 2824 non
871 2770 1076 2826 advena
1099 2772 1162 2825 ad
1189 2774 1436 2842 populum
1461 2774 1574 2840 Dei,
1606 2791 1706 2828 non
1735 2793 1844 2829 ma-

264 2857 347 2924 jor
374 2859 738 2923 circumcisus,
771 2860 866 2915 sed
895 2877 924 2915 a
955 2863 1262 2932 parentibus
1291 2873 1446 2918 natus
1473 2864 1706 2931 Judaeus,
1753 2866 1845 2921 ha-

273 2947 368 3001 beo
408 2947 866 3005 circumcisionem
903 2953 1072 3006 octavi
1112 2953 1237 3008 diei.
1264 2955 1347 3008 Ea:
1368 2973 1547 3026 genere
1571 2956 1754 3025 Israel,
1784 2958 1846 3012 de

271 3037 396 3090 tribu
427 3037 713 3110 Benjamin,
740 3041 982 3098 llebrazus
1011 3061 1073 3098 ex
1096 3044 1342 3110 Hebreis,
1370 3049 1639 3103 secundum
1663 3050 1843 3122 Legem

275 3126 566 3192 pharisteus.
593 3130 837 3186 Primarii
866 3133 1080 3210 quidam
1109 3143 1280 3202 erant,
1305 3146 1358 3190 et
1382 3139 1530 3207 quasi
1559 3140 1623 3193 ad
1656 3141 1844 3195 nobili-

271 3226 424 3272 tatem
471 3219 742 3276 Judaicam
793 3224 1072 3293 segregati,
1116 3240 1220 3279 non
1273 3229 1657 3298 contemptibili
1701 3231 1840 3300 plebi

269 3310 554 3374 commixti,
584 3312 673 3381 qui
709 3311 1022 3367 dicebantur
1047 3314 1320 3370 Pharisaei.
1353 3317 1483 3372 Nam
1521 3319 1714 3375 dicitur
1743 3322 1843 3376 hoc

270 3399 503 3463 verbum,
545 3402 694 3470 quasi
735 3405 1151 3474 segregationem
1184 3407 1542 3477 interpretari,
1574 3413 1842 3480 quomodo

271 3491 319 3543 in
356 3492 514 3546 latina
554 3493 728 3563 lingua
764 3496 957 3550 dicitur
979 3497 1245 3566 egregius,
1275 3500 1424 3569 quasi
1450 3515 1480 3554 a
1505 3517 1666 3571 grege
1690 3517 1843 3572 sepa-

269 3592 428 3638 ratus.
470 3583 705 3639 Fuerunt
748 3596 929 3641 autem
982 3587 1251 3654 lsraclitm,
1304 3590 1354 3643 id
1399 3600 1500 3653 cst,
1542 3607 1606 3646 ex
1648 3609 1842 3662 genere

267 3675 448 3742 Israel,
479 3678 638 3731 etiam
671 3677 742 3731 illi
773 3679 861 3748 qui
905 3680 1132 3748 separati
1179 3679 1385 3734 fuerant
1425 3697 1453 3734 a
1489 3683 1703 3751 templo.
1734 3684 1839 3740 lte-

266 3767 453 3820 tnansit
477 3777 654 3821 autem
679 3767 743 3821 ad
775 3769 1028 3837 templum
1059 3769 1224 3823 tribus
1249 3769 1402 3832 luda,
1431 3779 1485 3825 et
1511 3772 1676 3828 tribus
1705 3773 1841 3829 Ben-

261 3856 444 3922 jamin.
470 3857 660 3912 Tribus
681 3858 808 3913 Levi
840 3859 890 3912 in
918 3858 1300 3926 sacerdotibus,
1327 3861 1496 3917 tribus
1513 3862 1646 3917 Juda
1672 3866 1839 3936 regia,

263 3956 314 4000 et
339 3948 506 4003 tribus
529 3948 824 4018 Benjamin,
848 3949 950 4004 hoc
968 3950 1137 4004 solum
1161 3952 1492 4007 remansitad
1509 3953 1800 4011 Jerusalem
1821 3959 1837 3988 ί

259 4048 313 4093 et
341 4039 408 4093 ad
441 4041 692 4110 templum
722 4041 834 4101 Dei,
865 4042 1078 4111 quando
1109 4042 1244 4097 facta
1273 4051 1354 4097 est
1381 4046 1646 4114 separatio
1673 4047 1756 4102 illa
1786 4049 1839 4102 in

257 4147 413 4186 servo
439 4133 738 4188 Salomonis
771 4133 860 4204 (lll
888 4134 1014 4205 Reg.
1040 4135 1152 4206 xu).
1184 4135 1299 4190 Non
1330 4151 1464 4206 ergo
1489 4137 1674 4192 leviter
1696 4139 1838 4194 acci-

258 4222 414 4288 piatis
435 4221 576 4292 quod
606 4223 698 4284 ait,
731 4223 862 4276 tribu
884 4222 1149 4292 Benjamin
1183 4240 1200 4278 :
1233 4225 1665 4282 inhterensludte
1684 4268 1700 4293 ,
1733 4245 1836 4284 non

256 4313 511 4368 recedens
552 4328 582 4366 a
628 4314 844 4383 templo.
881 4313 1129 4369 Hebraeus
1175 4333 1236 4370 ea:
1281 4315 1526 4384 flebrteis,
1564 4320 1838 4374 secundum

255 4404 415 4472 legem
463 4387 764 4471 phariswus,
807 4405 1078 4458 secundum
1128 4407 1497 4462 cumulationem
1545 4426 1837 4480 persequens

253 4494 556 4548 Ecclesium.
584 4494 725 4549 Inter
751 4496 938 4550 merita
968 4510 1061 4550 sua
1087 4508 1470 4554 commemorat
1503 4500 1642 4569 quod
1678 4499 1838 4556 fuerit

253 4595 568 4654 persecutor
611 4603 624 4638 :
671 4585 944 4640 secundum
989 4589 1389 4656 temulationem,
1437 4591 1623 4660 inquit.
1667 4592 1834 4660 Quam

251 4675 644 4731 a:mulationem
659 4676 683 4728 ἰ’
701 4675 816 4731 Νοη
845 4691 1014 4742 eram,
1040 4678 1230 4747 inquit,
1252 4681 1400 4750 piger
1418 4680 1632 4736 Judazus
1652 4701 1664 4738 :
1683 4683 1837 4753 quid-

251 4766 375 4834 quid
401 4776 518 4821 erat
545 4767 687 4837 quod
709 4767 835 4838 Legi
864 4783 1000 4822 mea:
1028 4768 1390 4824 adversarium
1418 4772 1704 4840 videretur,
1736 4777 1834 4829 im-

252 4859 513 4926 patienter
552 4858 812 4924 ferebam,
840 4861 1034 4914 acriter
1060 4860 1396 4931 insequebar.
1427 4863 1551 4918 Hmc
1575 4867 1712 4935 apud
1742 4867 1836 4922 Ju-

249 4948 396 5002 dteos
428 4949 716 5004 nobilitas:
742 4949 835 5005 sed
866 4950 1004 5019 apud
1031 4949 1298 5005 Christum
1327 4953 1578 5021 qua-ritur
1615 4955 1832 5010 humili-

251 5047 348 5094 tas.
381 5039 507 5097 ldco
544 5041 615 5096 ibi
661 5042 760 5097 iste
794 5042 1006 5107 Saulus,
1047 5042 1132 5097 hic
1167 5043 1378 5098 Paulus.
1402 5044 1593 5100 Saulus
1619 5062 1648 5100 a
1677 5047 1834 5105 Same

250 5146 446 5186 nomen
477 5117 770 5188 derivatur.
802 5133 902 5200 Qui
930 5136 1084 5190 fuerit
1107 5133 1258 5202 Sat'tl,
1291 5137 1458 5189 nostis
1489 5155 1502 5190 :
1533 5137 1697 5205 ipsius
1720 5140 1831 5194 ele-

251 5231 336 5276 cta
361 5234 444 5278 est
466 5233 665 5280 statura
693 5227 931 5296 proceris
955 5227 995 5278 ³.
1016 5226 1104 5281 Sic
1123 5242 1242 5280 eum
1267 5226 1516 5282 describit
1538 5228 1828 5298 Scriptura,

247 5314 387 5381 quod
411 5316 816 5384 supereminens
839 5327 979 5372 esset
1003 5318 1270 5381 omnibus,
1295 5319 1505 5388 quando
1534 5321 1734 5376 electus
1751 5333 1834 5378 est

247 5413 304 5458 ut
334 5417 623 5475 ungeretur
648 5407 701 5462 in
729 5424 908 5478 regem
937 5408 977 5479 (l
1004 5408 1130 5478 Reg.
1154 5425 1229 5472 ix,
1251 5409 1328 5480 2).
1349 5409 1464 5464 Non
1487 5410 1577 5464 fuit
1598 5413 1674 5466 sic
1697 5412 1832 5468 Pau-

247 5491 514 5560 lus',sed
562 5497 732 5554 factus
776 5498 991 5554 Paulus.
1037 5499 1232 5554 Paulus
1276 5499 1418 5555 enim
1469 5516 1678 5570 parvus,
1714 5503 1832 5561 ideo

308 5651 331 5718 '_
353 5652 424 5701 Sic
443 5656 767 5718 nnauscripti.
790 5655 904 5706 Editi
932 5668 1064 5714 vero,
1095 5660 1389 5707 remanserat
1409 5655 1460 5707 in
1482 5659 1764 5712 Jerusalem.

310 5711 464 5781 ξιίοιτἶ
487 5711 706 5781 procera'.
733 5717 815 5767 Αιϋ
841 5719 958 5781 editi
983 5725 1036 5767 et
1056 5711 1384 5780 inanuscriptt,
1410 5720 1640 5781 proceris.

312 5772 334 5804 ³
354 5772 541 5838 mas,
559 5778 698 5840 juxta
721 5784 795 5828 Er.
822 5779 967 5840 Lugd.
999 5787 1049 5829 et
1073 5788 1187 5828 Ven.
1253 5772 1307 5828 ΜΣ

1641 379 1868 437 SERMO
1907 377 2134 436 CLXIX.

3430 381 3530 439 9|8

1962 493 2154 547 Paulus
2185 492 2439 547 modicus.
2459 493 2611 563 Ergo.
2628 493 2900 548 secundant
2928 495 3316 566 cumulationem,
3347 496 3534 568 ittquit,

1959 601 2253 655 persequens
2279 585 2570 640 Ecclesium.
2598 586 2733 642 [line
2759 586 3052 660 intelligant
3077 587 3340 655 homines,
3362 591 3532 659 qualis

1959 675 2097 744 apud
2124 675 2338 730 Judazos
2362 676 2570 736 fuerim,
2597 677 2687 746 qui
2707 677 2903 732 Christi
2926 679 3216 734 Ecclesiam
3245 695 3533 751 perseque-

1959 767 2054 822 bar
2078 767 2415 822 temulatione
2444 768 2782 824 traditiouum
2807 782 3164 840 paternarum.

2032 858 2257 914 CAPUT
2297 858 2383 912 IV.
2421 889 2496 900 -—
2532 860 2584 914 6.
2626 861 2897 916 Ambulare
2935 861 2986 916 in
3031 863 3136 934 lege
3174 864 3282 918 sine
3313 866 3526 934 querela.

1962 948 2144 1015 Addit,
2175 949 2468 1006 Secundum
2484 953 2736 1022 justitiam
2763 970 2875 1021 quas
2901 965 2972 1008 est
3000 955 3052 1009 in
3076 956 3202 1026 lege,
3231 971 3330 1026 qua
3355 957 3537 1025 fuerint

1960 1040 2070 1094 sine
2094 1042 2314 1108 querela.
2357 1041 2511 1096 Novit
2548 1042 2789 1097 Charitas
2818 1053 2992 1099 vestra
3013 1085 3026 1109 ,
3057 1041 3225 1100 dictos
3266 1061 3385 1100 esse
3421 1042 3539 1101 sine

1961 1131 2176 1201 querela
2217 1131 2520 1188 ambulasse
2563 1133 2614 1186 in
2659 1134 2903 1189 omnibus
2941 1134 3402 1202 justifieationibus
3434 1137 3538 1192 Do-

1963 1223 2091 1276 mini
2122 1222 2434 1278 Zachariam
2461 1231 2514 1278 et
2534 1223 2830 1279 Elizabeth.
2848 1222 2915 1278 In
2936 1223 3184 1292 omnibus,
3210 1225 3376 1295 inquit
3395 1225 3540 1281 Scri-

1961 1320 2136 1380 ptura,
2155 1313 2605 1382 justiﬁcationibus
2633 1313 2841 1367 Domini
2867 1313 3177 1368 ambulantes
3201 1315 3310 1368 sine
3335 1316 3539 1386 querela

1961 1398 2110 1472 (Luc.
2137 1419 2172 1467 t,
2197 1402 2271 1473 6).
2301 1403 2441 1458 Ecce
2482 1403 2584 1458 hoc
2624 1413 2739 1459 erat
2777 1413 2831 1460 et
2873 1404 3062 1460 Paulus
3105 1415 3302 1472 noster,
3327 1408 3538 1476 quando

1961 1490 2154 1546 Saulus
2177 1501 2308 1547 erat.
2339 1491 2394 1548 lu
2423 1492 2538 1564 lege
2567 1494 2682 1549 sine
2706 1495 2922 1564 querela
2950 1494 3287 1550 ambulabat:
3317 1504 3370 1551 et
3395 1497 3536 1567 quod

1961 1584 2012 1636 in
2043 1599 2107 1638 eo
2139 1583 2230 1638 fuit
2259 1585 2374 1640 sine
2408 1587 2620 1656 querela
2641 1628 2656 1652 ,
2695 1585 2794 1642 hoc
2827 1588 2893 1642 de
2923 1588 3013 1642 illo
3045 1586 3268 1644 faciebat
3292 1604 3535 1660 magnam

1959 1675 2250 1743 querelam.
2273 1675 2410 1743 Quid
2435 1692 2562 1746 ergo
2589 1686 2853 1746 putamus,
2885 1677 3097 1743 fratres,
3119 1694 3239 1733 esse
3266 1679 3380 1734 sine
3408 1696 3539 1748 quc-

1959 1765 2068 1820 rela
2093 1766 2383 1822 secundum
2409 1769 2689 1838 justitiam,
2711 1786 2830 1840 qua:
2861 1771 2912 1823 in
2942 1770 3057 1840 lege
3083 1779 3184 1836 est,
3207 1771 3401 1825 malum
3422 1773 3538 1824 est?

1959 1857 2014 1912 Si
2055 1859 2252 1912 malum
2287 1868 2388 1923 est,
2424 1861 2713 1914 secundum
2758 1860 3017 1928 justitiam
3053 1877 3169 1929 quae
3201 1862 3251 1914 in
3285 1863 3402 1930 lege
3429 1873 3533 1926 est,

1958 1961 2077 2002 esse
2117 1948 2231 2002 sine
2255 1949 2506 2018 querela;
2534 1964 2662 2019 ergo
2684 1949 2881 2018 aliquid
2907 1950 3032 2003 mali
3057 1959 3140 2004 est
3170 1950 3287 2004 lex?
3309 1950 3413 2006 Sed
3441 1951 3538 2004 ha-

1957 2039 2144 2095 bemus
2179 2041 2424 2096 eumdem
2453 2041 2748 2110 apostolum
2785 2041 3072 2106 dicentem,
3099 2040 3280 2109 Itaque
3317 2041 3398 2096 lex
3429 2045 3538 2113 qni-

1956 2133 2070 2183 dem
2093 2141 2289 2197 sancla,
2309 2141 2358 2185 el
2388 2131 2680 2184 mandatum
2702 2141 2949 2196 sanciunt,
2973 2142 3020 2186 et
3037 2133 3255 2202 justum,
3285 2144 3327 2186 et
3353 2132 3534 2187 bonum

1962 2216 2134 2288 (Rom.
2165 2235 2259 2285 vn,
2288 2219 2397 2291 η).
2429 2219 2485 2274 Si
2517 2220 2602 2274 lex
2627 2230 2830 2284 sancta,
2855 2229 2910 2275 et
2938 2221 3240 2275 mandatum
3269 2234 3530 2287 sanctum,

1956 2317 2009 2361 ct
2032 2307 2254 2377 jttstum,
2278 2319 2332 2363 ct
2362 2309 2593 2374 bonum;
2621 2310 2912 2364 secundum
2937 2311 3198 2380 justitiam
3223 2329 3341 2382 quae
3363 2323 3444 2367 est
3466 2331 3528 2366 ev

1955 2397 2069 2468 lege
2096 2407 2298 2459 saneta.
2329 2401 2633 2456 conversari
2665 2403 2780 2456 sine
2810 2403 3046 2471 querela,
3070 2403 3338 2473 quomodo
3360 2413 3534 2474 potest

1954 2504 2058 2542 non
2083 2504 2204 2544 esse
2232 2490 2468 2544 bonum?
2494 2491 2760 2562 quomodo
2786 2504 2957 2562 potest
2980 2509 3084 2547 non
3112 2509 3230 2549 esse
3254 2503 3493 2549 sanetqu
3511 2499 3536 2548 ’ξ

1955 2577 2037 2631 An
2079 2577 2213 2633 forte
2243 2590 2482 2634 sanctum
2521 2581 2636 2635 est?
2664 2585 2954 2636 Audiamus
2984 2584 3153 2652 ipsum
3181 2585 3492 2653 Apostolum
3517 2606 3532 2651 ;

1954 2669 2127 2724 videte
2153 2673 2277 2740 quid
2300 2673 2440 2727 dicat
2465 2692 2476 2726 :
2505 2674 2630 2741 Quae
2655 2675 2777 2727 mihi
2797 2675 2938 2728 lucra
2955 2679 3177 2746 fuerunt,
3201 2677 3306 2731 ha'c
3330 2689 3534 2748 propter

1955 2760 2208 2816 Christum
2237 2765 2426 2819 danma
2454 2783 2559 2820 esse
2586 2766 2729 2821 duxi.
2762 2768 2957 2821 Damna
2999 2782 3091 2822 sua
3126 2769 3273 2835 dicit,
3305 2781 3357 2826 et
3399 2771 3535 2828 inter

1952 2852 2146 2909 damna
2172 2871 2267 2910 sua
2288 2865 2577 2926 computat,
2603 2858 2742 2926 quod
2765 2859 2816 2912 in
2839 2859 3064 2928 justitia,
3083 2876 3199 2930 qua:
3221 2869 3299 2936 est
3322 2862 3373 2915 in
3395 2863 3529 2933 lege,

1952 2943 2108 2998 fuerit
2154 2945 2271 3000 sine
2318 2949 2554 3017 querela.
2594 2947 2968 3015 Verumtamen,
3001 2950 3190 3020 inquit,
3232 2961 3278 3004 et
3316 2952 3534 3006 arbitror

1951 3035 2120 3087 omnia
2148 3035 2334 3088 damna
2371 3054 2477 3091 esse
2513 3049 2719 3108 propter
2745 3045 3039 3093 eminentem
3067 3041 3324 3095 scientiam
3347 3040 3532 3098 Christi

1949 3124 2074 3178 Jesu
2117 3125 2324 3181 Domini
2375 3130 2552 3182 nostri.
2595 3129 2847 3196 Altettdo,
2891 3131 3090 3200 inquit,
3141 3132 3322 3188 laudes
3361 3150 3529 3198 meas.

1949 3231 2202 3287 comparo
2227 3219 2532 3275 eminentia:
2558 3221 2764 3275 Domini
2799 3224 2962 3277 nostri
2994 3223 3118 3278 Jesu
3147 3223 3362 3280 Christi.
3397 3225 3530 3281 lllttd

1950 3307 2090 3372 sitio,
2123 3307 2222 3363 hoc
2263 3318 2567 3364 contemno.
2612 3312 2804 3366 Parum
2843 3322 2926 3368 est
2974 3313 3110 3368 hoc:
3146 3313 3360 3384 Propter
3385 3332 3532 3384 quem

1949 3397 2184 3463 arbitror,
2217 3400 2414 3468 inquit,
2443 3402 2613 3454 omnia
2650 3419 2750 3454 non
2787 3403 2952 3456 solum
2977 3403 3270 3457 detrimenta
3295 3421 3415 3468 esse,
3450 3421 3531 3457 eo.

1949 3505 2062 3549 rum
2107 3499 2154 3543 et
2196 3501 2413 3544 stercora
2451 3492 2731 3545 existimavi
2779 3509 2903 3559 esse,
2936 3503 2989 3546 ut
3027 3493 3279 3549 Christum
3317 3496 3530 3564 lucrifa-

1949 3595 2127 3633 cerens.

2017 3667 2242 3724 CAPUT
2287 3670 2345 3723 V.
2389 3701 2458 3710 —-
2497 3673 2548 3726 7.
2588 3672 2800 3728 Iustitia
2825 3691 2888 3729 ea:
2905 3674 3038 3746 Lege
3060 3693 3149 3730 cur
3171 3694 3202 3730 a
3227 3677 3425 3734 Christo
3445 3696 3529 3735 rc-

1948 3770 2158 3814 moveat.
2181 3762 2416 3828 Quaestio
2439 3764 2610 3834 major
2633 3776 2814 3820 exorta
2844 3777 2944 3832 cst,
2977 3784 3009 3820 ο
3037 3767 3226 3823 Paule!
3254 3769 3310 3824 Si
3341 3786 3531 3826 secun-

1947 3850 2071 3906 dum
2111 3853 2392 3922 justitiam,
2417 3871 2536 3926 qua:
2567 3857 2618 3910 in
2652 3857 2768 3927 lege
2794 3868 2895 3926 est,
2927 3861 3224 3916 vet-saliaris
3254 3863 3367 3916 sine
3395 3879 3528 3934 que-

1948 3943 2080 4004 rela.
2102 3953 2155 3998 et
2187 3947 2287 3999 hoc
2317 3946 2368 3998 in
2393 3946 2726 4003 detrimentis
2755 3951 2877 4014 tuis,
2907 3951 2956 4003 in
2988 3951 3216 4018 damnis,
3250 3953 3301 4007 in
3325 3964 3530 4009 sterco—

1948 4033 2093 4088 ribus
2119 4046 2419 4104 computas,
2448 4045 2507 4092 ut
2533 4038 2798 4092 Christum
2830 4040 3148 4108 lucrifacias,
3174 4058 3303 4113 ergo
3324 4044 3527 4114 justitia

1946 4125 2032 4178 illa
2063 4140 2092 4178 a
2119 4126 2331 4180 Christo
2379 4127 2727 4196 prohibebat?
2767 4131 3000 4186 Obsecro
3050 4141 3126 4199 te,
3169 4149 3376 4206 expone
3424 4138 3527 4194 hoc

1947 4215 2238 4284 paululum.
2265 4217 2374 4272 Deo
2405 4220 2579 4288 potius
2606 4219 2864 4288 dicamus,
2893 4233 2951 4278 ut
2978 4224 3241 4282 illuminct
3265 4239 3320 4282 et
3349 4244 3464 4293 nos.
3495 4246 3524 4286 a

1945 4322 2051 4376 quo
2079 4307 2191 4378 ipse
2221 4307 2546 4366 illuminatus
2574 4323 2674 4380 est,
2698 4314 2787 4384 qui
2814 4316 3102 4386 Epistolam
3135 4319 3286 4374 istam
3317 4321 3528 4392 scripsit

1945 4399 2117 4464 nobis,
2155 4415 2261 4454 non
2303 4410 2619 4471 atramento,
2652 4406 2744 4460 sed
2772 4405 2970 4476 Spiritu
3009 4408 3100 4463 Dei
3146 4411 3267 4464 \‘ivi.
3299 4410 3524 4480 Videtis,

1945 4490 2266 4560 charissimi,
2300 4509 2456 4563 quam
2499 4496 2570 4549 sit
2604 4496 2849 4561 arduum,
2887 4515 3046 4567 quam
3081 4499 3295 4556 difﬁcile
3335 4504 3528 4560 intelliv

1943 4597 2068 4651 gere
2098 4581 2200 4638 hoc
2226 4600 2238 4637 :
2269 4598 2388 4638 cum
2419 4594 2628 4641 constet
2663 4586 2832 4658 legem
2864 4597 3100 4644 sanctam
3125 4605 3266 4659 esse,
3295 4600 3350 4647 et
3377 4609 3529 4648 man-

1942 4672 2122 4727 dattnn
2173 4685 2449 4744 sanctum,
2489 4686 2542 4732 et
2576 4677 2809 4748 jttstum,
2851 4689 2903 4735 et
2945 4682 3180 4748 bonum;
3213 4695 3527 4755 constetque

1941 4765 2162 4819 omnino
2192 4765 2330 4822 inter
2367 4768 2551 4823 fideles
2590 4769 2912 4834 catholicos;
2945 4773 3014 4826 ita
3047 4782 3103 4826 ut
3131 4789 3288 4830 nemo
3314 4776 3523 4831 dissen~

1943 4855 2057 4922 tiat,
2086 4857 2184 4911 nisi
2215 4859 2302 4928 qui
2331 4873 2435 4912 non
2458 4860 2570 4912 vult
2590 4874 2709 4914 esse
2727 4862 3040 4929 catholicus,
3070 4863 3204 4918 hanc
3224 4865 3390 4934 legem
3415 4884 3520 4921 non

1943 4946 2119 5001 datam
2164 4947 2264 5001 nisi
2311 4963 2340 5001 a
2382 4948 2607 5002 Domino
2643 4951 2751 5006 Deo
2790 4961 3011 5007 nostro:
3039 4956 3328 5010 secundum
3369 4959 3520 5014 istam

1935 5037 2217 5106 justitiam,
2258 5053 2378 5106 qua:
2422 5039 2474 5092 in
2519 5037 2635 5106 lege
2669 5048 2772 5106 est,
2800 5043 3102 5097 conversari
3136 5046 3251 5100 sine
3283 5049 3520 5116 querela,

1941 5129 2377 5198 impedimentum
2422 5128 2587 5184 fuisse
2627 5133 2904 5200 Apostolo,
2935 5149 3001 5189 ne
3028 5137 3231 5191 veniret
3269 5138 3336 5192 ad
3365 5138 3523 5194 Cliti-

1939 5227 2076 5270 stum
2101 5235 2115 5283 ;
2145 5234 2244 5273 nec
2273 5233 2395 5274 eum
2427 5221 2638 5277 venisse
2665 5224 2732 5278 ad
2762 5225 3049 5294 Christum,
3092 5229 3192 5283 nisi
3243 5231 3342 5285 hoc
3379 5234 3520 5302 quod

1938 5306 2034 5359 fuit
2059 5309 2348 5363 secundum
2371 5311 2653 5380 justitiam,
2673 5330 2791 5385 qua:
2811 5316 2862 5370 in
2886 5317 2999 5386 lege
3019 5327 3118 5385 est,
3145 5320 3260 5375 sine
3280 5325 3518 5392 querela,

1940 5398 2079 5454 inter
2117 5398 2312 5454 damna
2353 5411 2409 5458 et
2445 5403 2763 5460 detrimenta
2793 5418 2847 5461 ct
2873 5417 3107 5464 stercora
3137 5422 3516 5481 computnssct.

1938 5491 2237 5562 Sequamur
2264 5509 2414 5564 ergo,
2436 5507 2489 5551 et
2515 5498 2831 5555 accedamus
2849 5502 3196 5572 aliquantum,
3223 5522 3287 5560 ne
3308 5505 3444 5564 forte
3465 5511 3517 5564 in

1941 5584 2068 5653 ipsis
2109 5586 2283 5640 verbis
2327 5590 2566 5659 Apostoli
2618 5591 2883 5649 elucescat
2924 5595 3076 5651 nobis
3118 5599 3338 5669 aliquid,
3379 5603 3517 5658 unde

1938 5677 2033 5731 ista
2081 5688 2416 5734 removeatur
2453 5692 2509 5736 et
2549 5684 2786 5740 solvatur
2828 5687 3144 5745 obscuritas.
3183 5691 3516 5760 Delritttt‘nla,

1934 5769 2128 5839 inquit,
2175 5771 2364 5825 credidi
2406 5773 2511 5828 hcce
2551 5778 2740 5840 omnia,
2780 5789 2824 5832 et
2868 5791 3090 5836 stercora
3135 5781 3428 5851 existimari,
3462 5793 3516 5839 ut
