3886 6188
409 356 513 413 913

409 479 667 533 Christum
705 474 1041 551 lucrifaciunt._
1065 470 1349 538 lotendite,
1377 469 1620 526 obsecro.
1641 468 1864 531 Damna,
1891 463 1988 519 de-

410 575 678 637 trimenta,
718 577 955 624 stercora
1003 565 1104 620 ista
1149 563 1468 627 existimavi,
1507 563 1560 617 in
1601 560 1792 631 quibus
1831 558 1990 612 etiam

411 663 536 718 illud
580 677 961 726 commemoro,
997 661 1137 731 quod
1173 658 1362 715 fuerim
1402 657 1518 712 sine
1551 656 1766 726 querela
1802 669 1991 709 secun-

407 757 532 809 dum
569 754 861 824 justitiam,
893 769 1013 824 qua:
1043 753 1096 808 in
1125 753 1238 824 lege
1265 759 1368 807 est.
1401 749 1697 805 Existimavi
1723 762 1850 818 ergo
1884 748 1991 802 hac

405 848 578 899 omnia
611 844 909 899 detrimenta
935 853 982 899 et
1006 854 1252 911 stercora,
1278 852 1332 896 ut
1355 841 1610 897 Christum
1650 839 1984 910 lucrifaciam,

405 945 452 988 et
490 935 720 990 inveniar
743 935 797 989 in
824 935 934 1000 illo,
967 951 1068 988 non
1097 933 1280 990 habens
1307 950 1471 988 meam
1498 931 1751 1003 justitiam
1782 945 1894 1000 quat
1927 947 1990 984 ea:

405 1026 516 1096 lege
543 1035 634 1081 est.
659 1024 760 1092 Qui
802 1025 1133 1095 prteveuistis
1161 1024 1434 1080 intellectu
1459 1023 1866 1094 expositionem,
1897 1035 1988 1076 ar-

407 1118 674 1172 bitramini
698 1133 792 1173 vos
823 1127 1069 1188 tanquam
1096 1119 1306 1172 veloces
1332 1117 1386 1172 in
1411 1118 1493 1172 via
1522 1133 1642 1172 cum
1668 1113 1988 1170 tardioribus

404 1211 700 1268 ambulare.
725 1210 980 1267 Celeritas
1004 1212 1328 1282 aliquantum
1359 1213 1696 1282 reprimatur,
1720 1223 1787 1264 ne
1807 1224 1988 1263 comes

406 1302 610 1356 tardior
635 1302 931 1358 deseratur.
965 1303 1032 1358 Ut
1057 1302 1332 1368 Christum,
1365 1302 1555 1373 inquit,
1583 1301 1916 1371 lucrifaciam,
1940 1308 1988 1352 et

403 1393 632 1445 inveniar
650 1393 702 1445 in
721 1393 831 1459 illo,
859 1410 960 1447 non
979 1394 1166 1448 habens
1192 1411 1350 1447 meam
1366 1395 1642 1464 justitiam,
1665 1407 1776 1462 qua:
1795 1408 1860 1446 ex
1883 1389 1988 1462 lege

404 1493 495 1536 est.
519 1483 573 1538 Si
605 1499 767 1538 meam
795 1484 1022 1550 dixerat,
1055 1500 1219 1554 quare
1257 1485 1457 1538 addidit
1486 1500 1549 1538 ex
1588 1485 1732 1554 lege?
1760 1483 1814 1538 Si
1845 1483 1985 1538 enim

402 1590 466 1627 ex
499 1575 616 1643 lege
637 1583 740 1638 est,
767 1575 1035 1642 quomodo
1067 1585 1152 1629 tua
1181 1576 1296 1630 est?
1323 1575 1586 1645 Numquid
1617 1585 1670 1629 tu
1698 1576 1790 1629 tibi
1813 1576 1985 1644 impo—

403 1666 554 1718 suisti
577 1664 782 1735 legem?
800 1667 939 1721 Deus
970 1666 1139 1736 legem
1156 1667 1322 1732 dedit,
1346 1667 1486 1723 Deus
1513 1667 1682 1736 legem
1714 1667 1980 1735 imposuit,

405 1755 546 1810 Deus
577 1757 679 1824 legi
703 1770 814 1810 suae
842 1767 891 1812 te
915 1757 1282 1827 obtemperare
1309 1758 1578 1827 praecepit.
1598 1758 1708 1812 Lex
1732 1758 1775 1811 si
1799 1772 1902 1811 non
1933 1766 1986 1812 te

403 1846 622 1900 doceret
641 1847 1084 1915 quemadmodum
1113 1834 1290 1903 vivere
1315 1848 1561 1914 deberes,
1578 1848 1843 1918 quomodo
1866 1863 1987 1918 pos-

404 1953 494 1991 ses
531 1935 728 1992 babere
761 1937 1017 2006 justitiam
1057 1939 1172 1993 sine
1205 1939 1419 2008 querela
1453 1938 1743 1994 secundum
1781 1939 1984 2009 legem?

405 2028 452 2084 si
477 2029 768 2084 secundum
795 2030 967 2100 legem
993 2030 1178 2097 habes,
1197 2031 1464 2101 quomodo
1481 2031 1635 2098 dicis,
1657 2031 1780 2086 Non
1801 2032 1986 2086 habens

405 2136 570 2174 meam
595 2121 868 2190 justitiam,
898 2137 1010 2190 quia
1035 2138 1098 2175 ea:
1125 2122 1233 2192 lege
1260 2131 1352 2189 est,
1385 2122 1474 2176 sed
1505 2139 1614 2176 eam
1648 2139 1760 2195 qua:
1793 2133 1862 2175 est
1897 2139 1987 2193 per

405 2208 558 2278 fidem
587 2210 790 2273 Christi,
818 2227 930 2280 qua:
955 2221 1027 2266 est
1049 2228 1081 2264 a
1102 2210 1245 2265 Deo?

475 2299 702 2356 CAPUT
732 2301 816 2356 Vl.
841 2331 908 2341 —
936 2302 989 2358 8.
1016 2303 1332 2358 Solutionem
1359 2304 1649 2373 questiouis
1673 2305 1982 2376 aggreditur.

401 2389 612 2444 Iustitia
635 2408 700 2446 ea:
719 2393 847 2464 lege,
873 2409 987 2447 cum
1010 2393 1104 2465 legi
1126 2395 1303 2448 timore
1330 2395 1577 2449 obeditur.
1605 2395 1803 2449 Timore
1827 2412 1987 2466 parum

404 2484 809 2554 concupiscentia
852 2501 956 2538 non
998 2487 1212 2540 tollitur.
1247 2486 1473 2540 Iustitiae
1508 2487 1768 2540 delectatio
1798 2489 1986 2541 donum

405 2571 524 2630 Dei.
553 2573 669 2628 tam
705 2589 834 2644 ergo
866 2575 1038 2630 dicam
1069 2585 1127 2630 ut
1154 2585 1339 2646 potero
1377 2594 1390 2629 :
1433 2578 1637 2633 revelet
1671 2579 1861 2634 melius
1895 2581 1986 2649 qui

408 2678 506 2716 vos
533 2664 787 2733 possidet,
805 2664 970 2721 donet
982 2675 1038 2721 et
1053 2667 1381 2722 intellectum
1403 2678 1453 2723 et
1477 2667 1743 2723 allectum.
1761 2670 1988 2725 Donabit

407 2753 549 2806 extim
592 2753 867 2819 ellectum,
894 2756 938 2810 si
963 2755 1183 2811 donabit
1219 2755 1464 2813 allectum
1504 2760 1543 2812 ¹.
1574 2761 1684 2816 lloc
1723 2771 1801 2815 est
1843 2762 1983 2815 enim

405 2842 546 2911 quod
577 2844 696 2899 volo
723 2844 906 2901 dicere
933 2863 947 2899 :
981 2846 1098 2918 lege
1123 2847 1215 2902 Dei
1251 2851 1520 2918 proposita
1541 2889 1556 2916 ,
1589 2851 1699 2920 ipsa
1727 2853 1867 2907 enim
1898 2851 1984 2908 di-

405 2937 512 3000 xit,
545 2935 664 2990 Non
691 2939 1014 3009 concupisces
1056 2939 1247 3012 (Exod.
1283 2956 1390 3005 xx,
1425 2943 1516 3012 16)
1548 2961 1560 2995 :
1587 2944 1702 3013 lege
1727 2960 1857 3015 ergo
1893 2945 1984 2999 Dei

405 3028 708 3099 proposita,
738 3032 977 3100 exceptis
1006 3031 1114 3086 illis
1141 3034 1443 3089 carnalibus
1470 3038 1834 3101 sacramentis,
1865 3053 1984 3106 qua:

403 3117 618 3172 fuerunt
651 3120 854 3175 umbra:
899 3120 1194 3177 futurorum
1224 3139 1238 3176 :
1272 3123 1386 3190 lege
1415 3125 1508 3179 Dei
1537 3127 1804 3196 proposita
1835 3129 1983 3198 quis-

401 3207 520 3277 quis
547 3208 812 3276 timuerit,
845 3219 900 3265 et
937 3212 1048 3266 suis
1083 3213 1284 3268 viribus
1315 3229 1432 3268 eam
1475 3215 1697 3285 implere
1731 3232 1790 3272 se
1828 3233 1984 3287 posse

402 3301 697 3368 putaverit,
719 3309 774 3356 et
807 3300 996 3358 fecerit
1027 3305 1170 3374 quod
1196 3305 1277 3360 lex
1303 3307 1483 3375 jubet,
1516 3321 1620 3362 non
1651 3310 1878 3363 amando
1899 3311 1985 3378 ju-

403 3389 631 3454 stitiam,
659 3391 755 3446 sed
785 3391 1024 3448 timendo
1053 3408 1295 3463 pinnam;
1338 3396 1434 3450 fuit
1452 3396 1664 3467 quidem
1693 3399 1981 3454 secundum

398 3480 658 3547 justitiam
676 3522 693 3548 ,
720 3497 840 3551 quae
874 3497 940 3538 ex
978 3483 1096 3554 lege
1120 3493 1232 3549 est,
1265 3485 1425 3539 homo
1453 3489 1569 3542 sine
1597 3489 1846 3558 querela;
1878 3505 1983 3545 non

404 3570 630 3638 furatur,
657 3588 760 3628 non
783 3573 1066 3643 adulterat,
1092 3591 1196 3630 non
1225 3577 1354 3632 dicit
1379 3580 1564 3634 falsum
1594 3582 1979 3648 testimonium,

406 3675 512 3716 non
549 3661 675 3718 facit
705 3663 1078 3732 homicidium,
1109 3681 1214 3720 non
1243 3670 1570 3739 concupiscit
1606 3687 1718 3726 rem
1756 3675 1981 3743 proximi

403 3752 520 3806 sui:
546 3761 718 3821 potest
738 3754 860 3822 hoc,
886 3765 1060 3826 potest
1079 3756 1344 3823 fortassis;
1366 3761 1532 3815 unde?
1555 3761 1766 3819 Timore
1788 3779 1978 3834 preme.

404 3843 712 3914 Quanquam
743 3846 831 3915 qui
872 3847 1063 3902 timore
1090 3863 1262 3918 pinna:
1300 3865 1406 3904 non
1447 3853 1810 3922 concupiscit,
1855 3866 1983 3925 pulo

403 3933 524 4002 quia
545 3935 892 4004 concupiscit.
915 3936 1142 3993 Terrore
1165 3938 1358 4009 ingenti
1384 3954 1652 3996 armorum
1674 3951 1831 4014 atque
1851 3945 1982 4000 telo-

402 4038 541 4090 rum,
569 4033 623 4079 ct
646 4024 1025 4081 circumdantis
1046 4027 1263 4083 forsitan
1285 4030 1639 4087 multitudinis
1661 4034 1741 4087 vel
1768 4033 1861 4088 obs
1877 4035 1978 4090 iam

401 4114 608 4180 euntis,
637 4115 798 4172 etiam
829 4117 912 4172 leo
949 4128 1227 4174 revocatur
1253 4135 1283 4173 a
1316 4121 1490 4190 prada
1530 4141 1543 4176 :
1584 4132 1638 4176 et
1677 4133 1853 4179 tamen
1897 4127 1980 4182 leo

403 4206 579 4270 venit,
608 4207 692 4262 leo
732 4209 897 4273 redit;
937 4211 1166 4280 praedam
1207 4227 1311 4268 non
1351 4215 1558 4284 rapuit,
1589 4229 1696 4269 non
1725 4218 1976 4272 malitiam

403 4297 597 4363 posuit.
628 4297 684 4353 Si
711 4299 831 4354 talis
856 4313 938 4366 es,
971 4301 1143 4357 adhuc
1164 4302 1364 4372 justitia
1395 4315 1496 4370 est,
1529 4320 1634 4376 qua
1656 4305 1857 4376 justitia
1886 4309 1979 4363 tibi

401 4388 634 4442 consulis
674 4403 744 4443 ne
785 4392 1100 4459 torquearis.
1139 4391 1276 4462 Quid
1318 4409 1565 4464 magnum
1602 4407 1719 4464 est,
1766 4413 1978 4468 poenam

386 4480 617 4546 timere?
643 4481 772 4550 Quis
797 4495 916 4538 eam
947 4500 1052 4538 non
1083 4485 1258 4540 timet?
1282 4488 1401 4556 quis
1429 4488 1582 4555 latro,
1604 4491 1726 4560 quis
1745 4493 1977 4549 scelera-

402 4579 522 4637 tus,
562 4573 683 4643 quis
722 4572 991 4628 nefarius?
1029 4575 1133 4631 Sed
1171 4576 1272 4632 hoc
1313 4577 1535 4632 interest
1566 4581 1702 4637 inter
1731 4583 1978 4640 timorem

403 4672 553 4716 tuum
625 4661 977 4732 timoremque
1008 4665 1261 4731 latronis,
1294 4667 1434 4737 quod
1472 4669 1609 4724 latro
1649 4672 1796 4727 timet
1834 4674 1977 4744 leges

401 4753 676 4809 hominum
697 4795 712 4819 ,
739 4763 794 4809 et
832 4753 954 4810 ideo
986 4754 1113 4810 facit
1151 4755 1514 4822 latrocinium,
1549 4761 1670 4830 quia
1701 4773 1881 4832 sperat
1919 4780 1978 4822 se

399 4844 583 4902 fallere
612 4847 756 4916 leges
798 4845 1070 4903 hominum
1106 4865 1120 4903 :
1155 4858 1208 4904 tu
1245 4859 1422 4906 autem
1466 4852 1610 4922 leges
1645 4852 1758 4923 ejus
1790 4855 1973 4924 times,

396 4939 512 5008 ejus
547 4953 758 5009 pinnam
789 4939 978 5007 times,
1009 4955 1166 5011 quem
1195 4940 1381 4998 fallere
1419 4957 1522 4996 non
1552 4953 1722 5013 potes.
1765 4944 1894 5000 Nam
1930 4949 1974 5002 si

396 5031 580 5088 fallere
610 5046 823 5102 posses,
855 5033 980 5102 quid
1008 5049 1112 5088 non
1153 5033 1410 5089 fecisses?
1449 5033 1590 5106 Ergo
1624 5046 1676 5092 et
1719 5041 1976 5110 concupi-

396 5127 654 5179 scentiam
677 5134 819 5180 tuam
841 5127 1036 5180 malam
1065 5143 1168 5182 tuon
1193 5143 1348 5183 amor
1373 5128 1529 5193 tollit,
1552 5129 1645 5185 sed
1674 5131 1832 5185 timor
1855 5147 1978 5202 prc-

397 5217 514 5270 mit.
544 5216 623 5270 Ad
662 5216 806 5272 ovile
838 5218 983 5272 venit
1009 5218 1198 5288 lupus;
1233 5220 1423 5274 latratu
1451 5237 1639 5276 canum
1665 5232 1719 5278 et
1741 5223 1977 5282 clamore

400 5317 670 5375 pastorum
711 5308 780 5364 ab
827 5310 954 5364 ovili
1000 5325 1246 5365 reversus
1284 5322 1366 5365 est
1405 5312 1560 5380 lupus
1594 5331 1605 5365 :
1644 5313 1757 5382 ipse
1797 5327 1973 5372 tamen

395 5415 608 5468 semper
646 5408 731 5454 est
768 5401 942 5470 lupus.
985 5399 1042 5455 ln
1073 5416 1227 5456 ovem
1273 5412 1526 5455 vertatur.
1560 5403 1880 5470 Faeitenim
1921 5418 1977 5462 et

396 5489 498 5546 hoc
517 5492 773 5547 Dominus
797 5511 810 5546 :
837 5492 932 5548 sed
956 5493 1067 5564 ipsa
1091 5503 1176 5549 est
1196 5493 1396 5563 justitia
1417 5494 1553 5564 ejus,
1580 5511 1682 5550 non
1713 5506 1818 5552 tua.
1842 5498 1973 5554 Nam

458 5647 581 5714 {Hic
597 5647 721 5754 ἓξ)υό
746 5656 854 5698 Iov.
878 5648 1086 5708 additur,
1112 5648 1310 5700 Donabit
1332 5655 1490 5700 autem
1508 5651 1744 5714 affectum,
1763 5653 1808 5704 si
1828 5653 1977 5706 dom-

458 5709 512 5752 l‘tl
531 5705 600 5753 int
645 5707 848 5754 lectum:
869 5710 996 5754 mtod
1021 5710 1082 5754 ab
1103 5707 1210 5754 aliis
1232 5712 1376 5754 mritis
1397 5719 1447 5754 et
1469 5726 1494 5754 ιδ
1518 5717 1690 5754 nostris
1719 5719 1976 5754 manncnri-

393 5707 848 5826 :itlz‘ritagggtectum;
869 5710 996 5770 quod
1021 5710 1082 5758 ab
1103 5707 1210 5760 aliis
1232 5712 1376 5761 editis
1397 5719 1447 5761 ct
1469 5726 1496 5760 a
1518 5707 1690 5764 nostris
1719 5707 1976 5767 manuscri-

416 5787 422 5807 t
465 5780 488 5812 5
611 5779 620 5786 ”
650 5801 660 5812 ι
1043 5810 1054 5822 ι

1649 349 1703 404 S.
1744 344 2103 404 AUGUSTINI
2147 346 2448 404 EPISCOPI
3535 366 3624 425 θη)

2101 465 2352 532 quamdiu
2405 467 2569 524 babes
2621 475 2791 536 tuam,
2842 478 2992 540 potes
3047 471 3227 530 timere
3271 492 3490 548 pronam,
3534 499 3621 541 non

2097 565 2277 608 amare
2298 555 2579 624 justitiam.

2167 645 2394 703 CAPUT
2437 648 2542 702 \‘ll.
2569 680 2642 690 —
2666 650 2836 721 Ergo,
2879 651 3069 710 fratres
3097 657 3230 722 mei,
3257 656 3407 715 habet
3437 659 3624 720 delicias

2094 750 2220 790 suas
2243 737 2513 808 iniquitas,
2537 749 2590 795 et
2613 741 2816 810 justitia
2845 759 2950 799 non
2979 744 3169 801 habet?
3191 748 3416 805 Delectat
3434 755 3621 820 malum,

2095 836 2148 881 et
2170 843 2275 883 non
2297 829 2527 886 delectat
2546 833 2780 888 bonum?
2800 835 3035 891 Delectat
3063 839 3276 894 omnino
3297 859 3310 894 :
3331 841 3420 896 sed
3434 883 3448 905 ,
3474 842 3630 899 Domi-

2067 938 2188 986 _nus
2231 922 2367 978 dabit
2411 928 2738 993 suavitatem,
2787 937 2834 981 et
2881 938 3014 982 terra
3056 939 3224 984 nostra
3269 932 3400 985 dabit
3440 938 3625 1004 fructum

2093 1029 2240 1069 situm
2265 1013 2436 1084 (Psal.
2470 1032 2702 1084 Lxxxtv,
2735 1019 2846 1090 l3).
2880 1018 2972 1075 Ille
3001 1020 3104 1076 nisi
3138 1023 3282 1090 prior
3305 1022 3392 1077 det
3425 1027 3625 1081 suavita-

2093 1111 2224 1170 tem,
2253 1113 2395 1159 terra
2427 1115 2604 1160 nostra
2636 1121 2740 1163 non
2769 1108 2983 1164 habebit
3007 1111 3110 1164 nisi
3135 1113 3480 1166 sterilitatem.
3506 1115 3626 1172 llanc

2092 1210 2219 1266 ergo
2249 1196 2507 1266 justitiam
2543 1202 2844 1270 concupivit
2873 1202 3185 1271 Apostolus,
3215 1203 3492 1258 delectatus
3523 1217 3592 1261 est
3612 1250 3624 1264 .

2091 1301 2298 1341 memor
2326 1289 2422 1343 fuit
2451 1290 2576 1354 Dei,
2613 1299 2668 1345 et
2700 1291 2994 1346 delectatus
3023 1302 3106 1348 est
3131 1291 3302 1364 (Psal.
3337 1309 3516 1357 um,
3539 1296 3583 1364 4)
3612 1315 3623 1350 :

2090 1380 2390 1448 concupivit
2433 1381 2609 1435 anima
2650 1382 2798 1452 ejus,
2833 1393 2887 1438 et
2914 1384 3163 1438 mstuavit
3201 1384 3256 1438 in
3293 1385 3421 1440 atria
3454 1386 3622 1441 Domini

2093 1468 2269 1538 (Psal.
2290 1487 2514 1537 Lxxxtu,
2539 1473 2618 1542 5);
2647 1483 2701 1528 et
2721 1474 2991 1528 viluerunt
3014 1474 3196 1529 omnia
3217 1487 3334 1545 qua:
3361 1491 3450 1544 pro
3470 1491 3625 1547 magno

2091 1559 2339 1626 habebat,
2369 1561 2503 1616 facta
2531 1572 2654 1617 sunt
2679 1563 2893 1630 damna,
2921 1564 3240 1620 detrimenta
3259 1606 3274 1628 ,
3303 1575 3539 1622 stercora.

2161 1650 2213 1704 9.
2243 1650 2434 1706 Saulus
2461 1652 2702 1707 Ecclesia:
2730 1664 3012 1724 persecutor
3031 1695 3046 1719 ,
3080 1657 3202 1725 quia
3231 1656 3473 1725 justitiam
3510 1670 3628 1711 suam

2090 1744 2412 1798 constituens.
2447 1744 2581 1800 Hinc
2604 1745 2746 1800 enim
2775 1755 2889 1801 erat
2924 1755 2982 1802 et
3007 1747 3140 1803 illud
3159 1789 3174 1813 ,
3202 1748 3342 1818 quod
3376 1750 3627 1806 Ecclesiam

2093 1833 2510 1904 persequebatur
2557 1835 2849 1891 secundum
2894 1837 3289 1897 :emulatlonem
3336 1849 3626 1908 paternarum

2091 1925 2434 1978 traditionum
2469 1924 2662 1998 (Colat.
2694 1944 2746 1994 ι,
2776 1928 2897 1999 14);
2927 1928 3050 1983 inde
3077 1938 3226 1996 erat,
3265 1931 3380 1999 quia
3408 1945 3540 1986 suam
3562 1933 3628 1999 ju-

2090 2015 2288 2071 stitiam
2336 2020 2723 2084 constituebat,
2771 2035 2875 2075 non
2924 2021 3191 2090 justitiam
3238 2021 3332 2078 Dei
3377 2026 3623 2092 qumrebat.

2091 2107 2280 2166 Videte
2321 2112 2463 2167 enim
2489 2154 2504 2178 ,
2553 2114 2674 2183 quia
2725 2114 2848 2170 inde
2896 2117 3316 2186 persequebatur
3357 2119 3623 2174 Ecclesiam.

2095 2200 2231 2267 Quid
2251 2217 2370 2272 ergo
2397 2203 2653 2258 dicemus?
2675 2205 2750 2258 ait
2771 2205 2874 2258 alio
2904 2206 3021 2261 loco
3049 2207 3169 2276 ipse
3190 2208 3463 2277 Apostolus
3486 2227 3498 2262 :
3522 2209 3626 2274 Quia

2089 2301 2258 2360 gentes
2289 2310 2402 2362 qua?
2441 2310 2541 2348 non
2579 2296 2896 2350 sectabantur
2920 2299 3213 2368 justitiam,
3238 2300 3627 2369 apprehenderint

2080 2383 2357 2451 justitiam.
2393 2384 2497 2441 Sed
2523 2387 2718 2456 quam?
2741 2387 3000 2443 Justitiam
3031 2402 3207 2444 autem
3228 2407 3338 2462 qua
3360 2409 3420 2447 ea:
3443 2394 3531 2463 [ide
3552 2405 3624 2450 est.

2092 2473 2272 2529 Gentes
2309 2485 2476 2531 autem
2514 2494 2626 2547 quae
2663 2494 2761 2534 non
2795 2480 3116 2535 sectabantur
3135 2484 3411 2553 justitiam,
3445 2499 3547 2553 qua:
3575 2499 3627 2538 ex

2091 2564 2204 2634 lege
2245 2575 2359 2629 est,
2402 2567 2553 2636 quasi
2597 2570 2864 2638 propriam
2901 2586 3086 2638 suam,
3124 2587 3244 2642 quae
3281 2572 3342 2627 fit
3372 2573 3435 2628 de
3473 2573 3627 2628 timore

2090 2671 2293 2726 mente,
2323 2672 2428 2712 non
2461 2657 2528 2714 de
2555 2675 2736 2714 amore
2771 2661 3019 2730 justitize;
3059 2664 3191 2732 quia
3230 2680 3327 2718 non
3360 2665 3628 2719 sectabantur

2079 2749 2364 2816 justitiam,
2408 2750 2846 2820 apprehenderant
2879 2753 3175 2821 justitiam;
3219 2755 3455 2826 justitiam
3492 2766 3626 2809 autem

2088 2854 2203 2906 qua:
2227 2855 2289 2892 ea:
2313 2840 2413 2907 ﬁde
2440 2850 2530 2893 est.
2557 2838 2725 2895 Israel
2747 2851 2941 2908 autem,
2968 2843 3163 2913 inquit,
3193 2861 3476 2915 persequens
3498 2845 3624 2916 legem

2079 2928 2330 2998 justitiaz,
2379 2929 2432 2984 in
2476 2929 2637 3001 legem
2677 2932 2896 3001 justitia:
2948 2949 3049 2987 non
3105 2937 3326 3006 pervenit
3371 2938 3407 2991 ί.
3452 2937 3624 3004 Quare?

2091 3019 2225 3083 Quia
2249 3036 2350 3074 non
2373 3037 2436 3074 ea:
2463 3021 2583 3089 fide.
2618 3021 2756 3090 Quid
2798 3031 2908 3088 est,
2957 3023 3093 3091 Quia
3145 3041 3248 3080 non
3281 3042 3343 3081 ea:
3377 3027 3504 3096 ﬁde?
3534 3024 3624 3080 Non

2088 3111 2321 3179 speravit
2350 3111 2402 3165 in
2432 3111 2631 3177 Deum,
2664 3127 2773 3167 non
2799 3113 2942 3168 illam
2975 3114 3172 3184 petivit
3195 3130 3225 3170 a
3253 3117 3386 3180 Deo,
3413 3132 3504 3171 non
3529 3130 3624 3171 cre-

2089 3199 2220 3254 didit
2249 3200 2300 3254 in
2322 3217 2444 3256 eum
2467 3202 2557 3272 qui
2583 3203 2837 3271 justiﬁcat
2867 3188 3089 3274 impium
3127 3206 3300 3277 (Rom.
3330 3223 3400 3272 tv,
3429 3208 3480 3278 5)
3505 3221 3624 3260 :-non

2087 3290 2187 3345 fuit
2213 3292 2403 3347 similis
2430 3293 2717 3349 Publicano
2741 3294 2926 3349 oculos
2951 3295 3007 3350 in
3035 3305 3239 3352 terram
3265 3297 3528 3368 dejicienti,
3552 3312 3625 3367 pe-

2086 3390 2203 3436 ctus
2230 3399 2382 3438 suum
2414 3385 2765 3454 percutienti,
2790 3396 2843 3441 et
2863 3386 3059 3440 dicenti
3079 3429 3097 3453 ,
3131 3388 3378 3455 Domine,
3418 3389 3624 3459 propitius

2085 3486 2189 3532 esto
2222 3477 2346 3531 mihi
2387 3480 2636 3548 peccatori
2670 3477 2820 3548 (Luc.
2857 3496 3012 3546 xvut,
3048 3482 3165 3552 i3).
3198 3482 3336 3552 Ergo
3375 3496 3625 3551 persequens

2087 3570 2244 3639 legem
2267 3571 2496 3639 justitia,
2527 3572 2579 3623 in
2605 3570 2764 3641 legem
2791 3573 3010 3641 justitia
3041 3590 3151 3628 non
3190 3577 3423 3644 pervenit.
3451 3572 3626 3640 Quare?

2090 3661 2222 3727 Quia
2240 3677 2338 3714 non
2355 3676 2418 3714 ea:
2432 3661 2552 3729 ﬁde,
2566 3663 2652 3715 sed
2662 3662 2806 3732 quasi
2825 3679 2888 3716 ea:
2906 3662 3166 3732 operibus.
3183 3664 3501 3731 Oﬁ'enderunt
3521 3663 3623 3716 etaim

2086 3752 2140 3806 in
2164 3753 2397 3829 lapidem
2424 3753 2715 3819 offensionis
2745 3755 2921 3827 (Rom.
2959 3772 3010 3810 Ix
3031 3795 3045 3823 ,
3077 3758 3154 3815 '50
3174 3798 3189 3825 ,
3219 3758 3332 3831 32).
3360 3759 3485 3813 Ecce
3515 3755 3624 3810 unde

2085 3841 2275 3899 Saulus
2305 3846 2722 3914 persequebatur
2749 3847 3061 3902 Ecclesium.
3101 3849 3329 3917 Quando
3361 3850 3490 3904 enim
3526 3862 3622 3917 per-

2082 3933 2404 4002 sequebatur
2429 3935 2744 4003 Ecclesiam,
2769 3938 2820 3991 in
2847 3939 3074 4008 lapidem
3097 3940 3408 3996 otl‘ensionis
3428 3939 3623 3996 offende-

2082 4023 2193 4078 bat.
2220 4024 2465 4079 Christus
2493 4024 2713 4082 humilis
2748 4029 2800 4082 iu
2835 4037 2971 4084 terra
2995 4030 3208 4099 jacebat
3249 4050 3263 4087 :
3299 4034 3349 4087 in
3375 4032 3512 4087 caelis
3530 4029 3622 4100 qui-

2084 4114 2206 4170 dem
2227 4125 2282 4169 et
2309 4115 2421 4184 ipse
2441 4126 2576 4181 erat,
2603 4118 2774 4172 levata
2801 4119 2892 4172 illo
2913 4135 3072 4175 carne
3094 4136 3193 4176 sua
3213 4139 3243 4176 a
3268 4124 3479 4178 mortuis
3504 4135 3622 4176 resu-

2081 4207 2302 4272 scitata;
2323 4207 2418 4262 sed
2447 4209 2548 4263 nisi
2569 4218 2624 4264 et
2651 4210 2702 4263 in
2731 4221 2869 4265 terra
2891 4211 3135 4269 Christus
3155 4215 3384 4283 jaceret,
3413 4231 3508 4269 non
3529 4214 3616 4281 ipse

2080 4296 2248 4352 Saulo
2272 4297 2554 4364 clamaret,
2590 4299 2724 4364 Quid
2751 4316 2830 4354 me
2854 4303 3199 4370 persequeris?
3226 4305 3365 4374 Ergo
3400 4305 3480 4358 ille
3502 4303 3619 4371 jace-

2081 4389 2208 4453 bat,
2241 4390 2364 4458 quia
2398 4389 2749 4446 humilitatem
2782 4391 3102 4461 praeferebat
3144 4413 3158 4448 :
3201 4395 3289 4450 ille
3327 4394 3616 4454 offendebat,

2082 4481 2201 4552 quia
2237 4495 2341 4535 non
2373 4481 2604 4536 videbat.
2652 4483 2715 4537 Et
2751 4491 2920 4538 totum
2960 4484 3060 4538 hoc
3105 4500 3212 4540 non
3253 4485 3462 4551 videre,
3509 4482 3620 4538 unde

2081 4573 2234 4629 erat?
2261 4573 2334 4628 De
2365 4581 2571 4628 tumore
2603 4574 2886 4642 superbiai.
2912 4575 3047 4642 Quid
3073 4582 3190 4642 est,
3226 4579 3303 4633 De
3329 4587 3518 4632 tumore
3550 4589 3619 4628 su-

2080 4665 2317 4734 perbia}?
2345 4664 2503 4732 Quasi
2534 4665 2601 4721 de
2636 4666 2839 4735 justitia
2879 4683 2994 4722 sua.
3034 4669 3112 4723 Ex
3145 4670 3262 4740 lege
3287 4670 3486 4740 quidem
3506 4711 3518 4732 ,
3543 4665 3617 4722 sed

2081 4771 2195 4811 sua.
2223 4756 2358 4825 Quid
2383 4764 2499 4823 est,
2525 4757 2604 4810 Ex
2631 4757 2787 4827 lege?
2815 4757 2947 4824 Quia
2974 4759 3027 4813 in
3054 4759 3317 4815 mandatis
3341 4761 3484 4831 legis.
3509 4755 3617 4824 Quid

2080 4855 2182 4914 est,
2211 4849 2288 4903 De
2314 4864 2408 4904 sua
2424 4849 2448 4901 ‘l
2467 4849 2740 4919 Tanquam
2763 4849 2831 4904 de
2856 4850 3057 4906 viribus
3087 4853 3218 4906 suis.
3248 4854 3408 4906 Amor
3429 4850 3615 4907 deerat.

2080 4955 2232 4995 amor
2266 4940 2516 5010 justitia,
2561 4955 2713 4996 amor
2753 4941 3030 4997 charitatis
3065 4941 3282 4998 Christi.
3313 4945 3375 4998 Et
3397 4941 3525 4996 unde
3557 4939 3615 4992 illi

2079 5031 2268 5086 sutor?
2307 5031 2462 5088 Solus
2506 5033 2655 5088 illum
2701 5033 3006 5103 possidebat
3048 5036 3225 5101 timor,
3273 5035 3365 5109 sed
3406 5028 3614 5088 charitsti

2080 5132 2318 5177 venturae
2344 5123 2518 5179 locum
2549 5125 2601 5178 in
2639 5124 2804 5180 corde
2839 5126 3106 5181 servabat.
3132 5127 3262 5181 Cum
3291 5126 3490 5182 steviret
3515 5136 3613 5176 εει-ευ

2080 5223 2198 5268 ctus
2220 5254 2233 5275 ,
2258 5213 2610 5282 jactabundus
2633 5257 2646 5277 .
2675 5217 2910 5286 glorians
2934 5217 3073 5286 apud
3107 5217 3252 5285 ipsos
3277 5217 3477 5272 Judteos
3499 5208 3613 5282 quod

2080 5303 2367 5359 secundum
2397 5305 2780 5362 :emulationem
2807 5317 3140 5376 paternarum
3169 5307 3496 5362 traditionum
3514 5317 3612 5372 per-

2081 5395 2400 5464 sequebatur
2431 5396 2752 5461 Ecclesiam;
2782 5412 2904 5452 cum
2934 5398 3036 5453 sibi
3075 5399 3344 5454 videretur
3367 5396 3606 5454 excelsus,

2081 5485 2280 5540 audivit
2317 5485 2547 5556 desuper
2579 5502 2762 5542 vocem
2805 5488 3013 5544 Domini
3059 5490 3221 5544 nostri
3257 5489 3378 5543 Jesu
3413 5482 3603 5541 Christi.

2076 5577 2185 5647 jam
2216 5577 2268 5631 in
2293 5578 2430 5632 cmlo
2456 5578 2708 5646 sedentis,
2740 5587 2794 5634 et
2817 5579 2990 5635 adhuc
3011 5579 3350 5636 humilitatem
3374 5586 3605 5630 commcn-

2144 5717 2159 5747 ¹
2187 5723 2291 5787 Mss.
2482 5717 2702 5777 proximo
2715 5715 2835 5778 loco,
2849 5716 2902 5769 in
2919 5715 3068 5784 legem
3085 5729 3175 5768 non
3197 5707 3430 5780 perimit;
3461 5707 3602 5758 οιηίεε³

2144 5791 2204 5828 ce
2216 5815 2228 5829 .
2246 5790 2307 5829 tu
2453 5813 2463 5826 .

2085 5791 2228 5840 voce,
2245 5790 2463 5838 Justuuc.
