3886 6188
211 387 304 444 921

205 495 411 559 dantis,
449 490 641 560 Saule,
673 494 875 564 inquit,
922 493 1113 559 Saule,
1153 492 1276 564 quid
1319 506 1396 544 me
1437 487 1785 560 persequeris?

211 584 406 638 Durum
431 595 503 638 est
521 584 609 637 tibi
629 583 865 639 adversus
883 584 1142 637 stimulum
1161 584 1320 636 calces
1337 582 1532 634 mittere
1549 579 1681 650 (Act.
1703 594 1782 641 ιιι,

205 677 238 729 4
256 685 300 729 et
320 675 396 744 ὅ).
426 673 647 730 Possem
677 684 729 729 te
755 674 1023 730 dimittere
1051 693 1064 728 :
1095 682 1150 728 tu
1179 673 1321 728 enim
1347 671 1616 726 vexareris
1650 660 1782 738 puu-

204 766 468 821 rtionibus
501 766 636 820 meis
658 806 673 830 ,
702 782 809 820 non
833 781 932 836 ego
958 766 1233 836 l'rangerer
1253 765 1486 819 calcibus
1515 764 1618 818 tuis
1644 780 1658 817 :
1691 762 1784 816 sed

205 871 308 910 non
337 865 387 910 te
416 855 644 910 dimitto.
687 855 892 922 SiDViS,
923 866 976 912 et
1014 859 1290 912 misereor.
1333 855 1468 923 Quid
1498 871 1574 910 me
1615 869 1784 924 perse-

201 948 413 1012 alteris?
441 947 557 1004 Non
587 949 729 1003 enim
755 949 914 1003 timeo
945 957 1018 1017 te,
1042 965 1109 1004 ne
1135 950 1325 1004 iterum
1355 947 1634 1016 crucii‘tgas
1655 961 1741 1000 me
1766 965 1779 1000 :

198 1037 293 1093 sed
322 1038 446 1093 volo
472 1053 728 1108 agnoscas
752 1055 857 1105 me,
885 1056 952 1094 ne
973 1041 1183 1095 occidas
1213 1055 1315 1093 non
1344 1053 1450 1104 me,
1481 1037 1574 1092 sed
1604 1045 1674 1090 te.

264 1129 498 1186 CAPUT
528 1130 655 1184 Vill.
673 1134 845 1185 —1li.
863 1129 1124 1185 Justitiam
1139 1147 1285 1185 suam
1301 1131 1466 1183 horret
1489 1127 1708 1192 Paulus,
1731 1138 1784 1181 ut

199 1221 380 1274 habeat
392 1222 647 1290 justitiam
666 1239 697 1274 α
726 1222 852 1276 Deo.
867 1222 1082 1280 Horruit
1102 1237 1228 1292 ergo
1242 1221 1546 1290 Apostolus,
1565 1234 1780 1288 percus-

195 1325 287 1365 sus
304 1320 361 1365 et
378 1313 911 1380 prostratus,erectus
923 1321 976 1366 et
991 1310 1524 1365 instructus.Factum
1544 1309 1684 1364 enim
1702 1319 1784 1362 est

196 1399 247 1453 in
270 1401 366 1454 illo
389 1419 402 1452 :
426 1399 538 1471 Ego
559 1402 854 1470 percutiam,
877 1411 924 1456 et
945 1418 1036 1472 ego
1059 1401 1248 1456 sonabo
1268 1400 1446 1469 (Deut.
1476 1415 1648 1465 χχιιι,
1665 1399 1779 1467 59).

192 1491 311 1547 Non
338 1492 484 1547 enim
514 1493 608 1558 ait,
632 1493 863 1560 Sanabo,
891 1504 946 1548 et
976 1494 1286 1563 percutiam;
1317 1494 1431 1558 sed,
1467 1492 1777 1557 Pcrcutiam,

193 1593 237 1638 et
255 1583 473 1638 sanabo.
508 1585 807 1640 Percutiam
830 1594 902 1650 te,
930 1595 984 1640 et
1008 1585 1147 1640 dabo
1178 1586 1268 1640 tibi
1293 1601 1398 1641 me.
1427 1587 1514 1640 Sic
1543 1594 1780 1655 prostra-

194 1684 278 1730 tus
327 1675 535 1732 horruit
571 1676 831 1746 justitiam
873 1693 1044 1744 suam,
1084 1677 1136 1732 in
1177 1694 1278 1747 qua
1322 1686 1438 1732 erat
1476 1687 1621 1732 certe
1665 1677 1781 1732 sine

193 1768 436 1837 querela,
466 1769 765 1834 laudabilis,
794 1785 1036 1839 magnus,
1069 1771 1218 1839 quasi
1246 1769 1506 1839 gloriosus
1525 1769 1664 1837 apud
1689 1769 1780 1823 .Iuo

194 1858 342 1914 deos
372 1877 387 1913 :
418 1859 736 1914 detrimenta
765 1861 1106 1926 existimavit,
1133 1860 1326 1914 damna
1361 1861 1606 1926 credidit,
1639 1869 1776 1916 sier.

192 1966 320 2005 cora
347 1951 663 2020 deputavit,
697 1963 751 2006 ut
774 1954 1079 2007 inveniretur
1103 1953 1155 2005 in
1180 1953 1270 2007 illo
1290 1970 1391 2007 non
1420 1953 1605 2008 habens
1634 1970 1780 2007 suam

193 2045 443 2106 iustitiam
459 2085 474 2110 ,
504 2061 618 2114 qua
654 2061 716 2100 ex
739 2047 846 2118 lege
872 2057 983 2110 est;
1012 2048 1101 2100 sed
1126 2063 1236 2100 eam
1263 2063 1376 2116 qua:
1402 2064 1492 2117 per
1515 2048 1668 2115 ﬁdem
1710 2057 1781 2102 est

194 2132 404 2200 Christi,
435 2151 550 2203 qua:
569 2146 674 2201 est,
707 2136 901 2205 inquit,
932 2154 994 2190 ex
1021 2136 1148 2191 Deo.
1181 2137 1256 2192 Illi
1283 2132 1462 2193 alitem
1489 2140 1575 2207 qui
1606 2138 1777 2193 olTen-

197 2223 389 2278 derunt
421 2225 471 2278 iu
505 2225 733 2294 lapidem
758 2226 1086 2295 offensionis,
1117 2229 1242 2297 quid
1273 2227 1339 2282 de
1368 2228 1469 2282 illis
1497 2227 1622 2283 dicit
1667 2229 1780 2298 ipse

194 2312 518 2382 Apostolus?
546 2315 678 2379 Quia
698 2332 796 2368 non
817 2357 830 2379 ,
856 2317 1056 2386 inquit,
1085 2333 1148 2370 ea:
1171 2317 1274 2385 ﬁde
1291 2358 1306 2384 ,
1339 2317 1427 2372 sed
1453 2327 1690 2388 tanquam
1718 2333 1783 2372 ea:

194 2404 450 2472 operibus.
500 2405 631 2470 Quia
669 2406 766 2474 ipsi
807 2408 958 2476 quasi
999 2421 1093 2462 sua
1129 2406 1333 2476 justitia
1362 2405 1680 2474 oﬂ'enderunt
1723 2409 1778 2462 in

193 2494 417 2562 lapidem
454 2492 746 2560 offensionis
791 2511 810 2548 .°
855 2497 984 2550 sicut
1029 2497 1272 2565 scriptum
1310 2507 1422 2563 est,
1474 2496 1606 2551 Ecce
1648 2513 1782 2566 pono

193 2584 238 2636 in
269 2582 406 2639 Sion
430 2585 651 2651 lapidem
676 2584 970 2652 offensionis
989 2627 1005 2651 ,
1032 2597 1078 2640 et
1104 2597 1298 2654 petram
1334 2587 1563 2642 scandali
1577 2604 1596 2650 ;
1625 2597 1672 2642 et
1693 2589 1782 2659 qui

193 2676 465 2729 crediderit
494 2678 547 2731 in
571 2691 703 2744 eum,
729 2693 831 2732 non
857 2679 1192 2748 confundetur
1215 2679 1393 2748 (Rom.
1422 2696 1474 2734 ix
1493 2721 1508 2746 ,
1541 2680 1631 2747 32,
1663 2682 1778 2750 55).

192 2768 292 2835 Qui
317 2769 465 2822 enim
493 2769 778 2824 crediderit
807 2770 860 2825 in
887 2785 1008 2825 eum
1028 2811 1043 2835 ,
1073 2786 1177 2825 non
1205 2770 1418 2826 habebit
1443 2786 1594 2826 suam
1619 2771 1780 2841 justi.

195 2865 342 2930 tiam,
375 2880 498 2934 qua:
517 2880 583 2920 cx
611 2857 728 2936 lege
755 2877 857 2934 est,
883 2869 1126 2937 quamvis
1153 2867 1223 2923 sit
1251 2869 1387 2923 bona
1415 2869 1520 2929 lex;
1555 2868 1648 2922 sed
1677 2867 1781 2921 itu-

197 2955 360 3023 plebit
383 2955 554 3024 ipsam
582 2956 773 3027 legem,
799 2972 904 3012 non
925 2973 1018 3012 sua
1040 2958 1263 3028 justitia,
1293 2959 1384 3013 sed
1407 2959 1528 3012 data
1558 2973 1622 3013 ex
1646 2957 1779 3012 Deo.

199 3045 268 3098 ita
315 3046 461 3100 enim
512 3060 618 3102 non
659 3047 1030 3104 confundetur.
1076 3049 1320 3105 Charitas
1360 3050 1502 3103 enim
1540 3058 1624 3104 est
1650 3048 1782 3119 legis

197 3135 474 3204 plenitudo
504 3135 613 3208 (Id.
641 3153 755 3205 xui,
790 3140 902 3210 10).
934 3140 1000 3196 Et
1029 3141 1169 3196 unde
1208 3141 1306 3196 ista
1335 3140 1566 3196 cbaritas
1593 3140 1782 3194 dill'usa

195 3239 275 3283 cst
301 3228 354 3282 in
386 3227 637 3283 cordibus
658 3231 897 3284 nostris?
920 3230 1035 3285 Non
1063 3232 1244 3301 utique
1281 3245 1310 3285 a
1350 3231 1527 3298 nobis,
1567 3231 1660 3286 sed
1689 3246 1786 3300 per

195 3319 454 3388 Spiritum
484 3331 724 3375 sanctum
763 3321 853 3392 qui
894 3323 1048 3376 datus
1073 3332 1156 3377 cst
1186 3322 1337 3377 nobis
1365 3321 1473 3391 (Id.
1505 3338 1556 3387 v,
1588 3322 1666 3390 5).
1695 3321 1787 3376 Ol-

198 3410 484 3464 fenderunt
509 3425 637 3480 ergo
667 3411 741 3466 illi
783 3412 832 3464 iu
864 3410 1094 3481 lapidem
1132 3412 1461 3477 oll‘cnsionis,
1493 3422 1547 3467 et
1575 3423 1782 3481 petram

196 3501 455 3556 st'andali.
486 3501 552 3556 Et
581 3503 654 3556 ait
676 3503 743 3557 de
771 3503 876 3556 illis
915 3521 931 3557 :
973 3501 1213 3569 Fratres,
1243 3504 1372 3558 bona
1411 3504 1639 3556 voluntas
1669 3503 1782 3572 qni-

197 3593 305 3646 dem
335 3593 512 3646 cordis
532 3594 650 3660 mei,
679 3603 724 3648 et
747 3593 1030 3662 deprecatio
1049 3599 1119 3648 ad
1145 3595 1306 3648 Deum
1332 3611 1422 3664 pro
1445 3595 1547 3648 illis
1570 3595 1620 3647 in
1647 3595 1786 3648 salu-

197 3694 315 3737 tem.
362 3683 695 3754 Deprecstur
724 3685 1010 3754 Apostolus
1048 3699 1145 3753 pro
1183 3700 1288 3738 non
1327 3683 1688 3748 credentibus,
1731 3693 1788 3738 ut

196 3774 458 3838 credant;
492 3788 589 3848 pro
613 3776 850 3840 aversis,
891 3783 949 3829 ut
985 3784 1380 3829 convertantur.
1423 3773 1625 3828 Videtis
1663 3775 1784 3842 quia

199 3884 295 3923 nec
326 3869 441 3938 ipsa
469 3867 748 3922 conversio
774 3869 890 3922 sine
920 3869 1011 3921 Dei
1037 3869 1317 3934 adjutorio.
1350 3865 1670 3937 Deprecatio,
1701 3866 1784 3919 in-

199 3964 308 4033 quit
332 4003 347 4024 ,
379 3962 449 4016 ad
474 3961 638 4016 Deum
661 3978 752 4030 pro
780 3962 884 4016 illis
907 3961 976 4014 ad
1001 3961 1236 4015 salutem.
1268 3959 1629 4014 Testimonium
1655 3959 1787 4012 enint

202 4053 459 4120 perhibeo,
491 4052 609 4120 quia
630 4053 793 4107 zelum
822 4050 918 4104 Dei
949 4052 1148 4104 habent.
1180 4051 1266 4105 Sic
1300 4049 1525 4105 habebat
1553 4058 1605 4104 et
1631 4049 1741 4118 ipse
1771 4067 1785 4104 :

201 4145 378 4199 zelum
426 4143 524 4197 Dei
581 4142 826 4198 habebat.
880 4140 986 4198 Sed
1038 4139 1306 4210 quomodo
1362 4141 1475 4210 ipse
1523 4139 1787 4195 habebat?

201 4235 487 4302 Quomodo
513 4233 589 4287 illi
615 4233 879 4286 habebant
909 4251 923 4286 :
949 4231 1055 4288 Sed
1081 4249 1181 4285 non
1205 4233 1476 4284 secundum
1504 4232 1783 4285 scientiam.

200 4325 337 4390 Quid
361 4335 446 4379 est
473 4324 594 4390 hoc,
617 4340 717 4376 non
739 4323 1014 4377 secundum
1039 4321 1324 4376 scientiam?
1339 4321 1638 4392 Ignorantes
1656 4323 1788 4375 enim

205 4417 296 4470 Dei
309 4417 604 4487 justitiam,
629 4424 675 4468 et
713 4430 858 4468 suam
895 4413 1112 4468 volentes
1149 4414 1465 4467 constituere.
1499 4411 1651 4468 Unde
1691 4411 1789 4467 iste

202 4517 484 4562 correctus
513 4506 704 4574 inquit,
730 4504 850 4559 Non
879 4505 1064 4558 habens
1089 4519 1250 4557 meam
1271 4504 1542 4574 justitiam.
1586 4503 1659 4556 Illi
1693 4519 1788 4555 vo-

203 4599 322 4652 lunt
349 4611 502 4651 suam
527 4599 873 4661 constituere,
901 4595 1074 4650 adhuc
1102 4609 1196 4650 eos
1222 4593 1448 4649 delectat
1474 4594 1527 4648 in
1556 4603 1791 4648 stercore

201 4693 405 4758 jacere.
437 4687 549 4758 Ego
578 4702 683 4740 non
716 4686 886 4740 habeo
915 4701 1085 4739 meam
1106 4684 1386 4754 justitiam,
1417 4683 1510 4739 sed
1532 4699 1649 4739 eam
1671 4700 1791 4753 qure

201 4791 286 4834 est
308 4795 406 4849 per
431 4778 588 4832 ﬁdem
619 4776 836 4841 Christi,
861 4775 1118 4844 justitiam
1151 4790 1212 4829 ex
1247 4775 1374 4840 Deo;
1393 4774 1672 4843 justitiam,
1706 4774 1789 4826 iti-

202 4887 389 4942 quam,
421 4884 487 4924 es
510 4869 642 4933 Deo,
664 4867 756 4938 qui
771 4866 1027 4937 justiﬁeat
1054 4865 1294 4935 impium.

275 4959 509 5018 CAPUT
549 4959 638 5014 IX.
660 4987 736 4999 —-
761 4959 847 5012 11.
877 4957 1088 5011 Iustitia
1112 4956 1254 5010 nobis
1297 4969 1414 5008 uera
1453 4970 1553 5008 non
1594 4963 1667 5008 est
1696 4953 1792 5008 nisi

205 5071 270 5110 ex
295 5054 482 5124 gratia.
511 5051 663 5106 Tolle
684 5058 758 5117 te,
783 5050 928 5113 tolle,
959 5049 1196 5119 inquam,
1229 5056 1280 5102 te
1305 5061 1334 5102 a
1359 5055 1430 5112 te,
1460 5046 1684 5116 impedis
1709 5055 1789 5100 te:

202 5148 250 5200 si
285 5155 344 5200 tu
376 5155 428 5199 te
457 5143 708 5208 :rdilicas,
727 5142 933 5196 ruinam
964 5139 1213 5194 tediiieas.
1241 5138 1352 5192 Nisi
1385 5138 1637 5192 Dominus
1667 5137 1796 5190 :cdi-

206 5235 450 5290 ticaverit
469 5235 707 5298 domum,
731 5235 784 5286 in
809 5247 1003 5286 vanum
1031 5231 1403 5285 laboraverunt
1423 5230 1508 5298 qui
1530 5220 1796 5282 mdil‘tcaut

202 5343 329 5382 eam
363 5325 534 5398 (Psal.
565 5341 753 5388 cxxvr,
780 5326 853 5396 1).
881 5323 993 5378 Noli
1015 5338 1140 5392 ergo
1161 5323 1294 5377 velle
1326 5321 1517 5375 habere
1537 5320 1793 5389 justitiam

207 5427 378 5472 tuam.
423 5414 582 5471 Certe
618 5431 685 5472 ex
738 5417 853 5486 lege
883 5425 982 5478 est,
1016 5429 1205 5482 nempe
1253 5427 1316 5466 ex
1359 5411 1476 5480 lege
1503 5419 1622 5464 est:
1653 5419 1796 5464 certe

210 5509 359 5564 Deus
384 5508 532 5563 dedit
556 5508 748 5578 legem,
779 5517 834 5561 et
859 5505 1196 5577 quiajustitia
1218 5520 1281 5558 ex
1314 5504 1430 5573 lege
1459 5511 1562 5566 est,
1593 5517 1695 5554 non
1728 5503 1797 5554 sit

209 5609 323 5655 tua.
359 5601 646 5668 Apostolus
673 5599 866 5653 Paulus
913 5597 1179 5666 loquitur:
1206 5593 1331 5648 mihi
1374 5601 1616 5648 amantes
1642 5590 1800 5660 justi-

211 5691 343 5744 tiam
368 5705 520 5744 suam
549 5706 654 5744 non
680 5687 1090 5743 calumnientur.
1126 5686 1262 5740 Ecce
1297 5685 1379 5739 ubi
1409 5684 1554 5736 illum
1587 5681 1750 5735 habes
1780 5699 1792 5733 :

211 5782 387 5852 aperi,
409 5780 546 5853 lege,
579 5781 720 5847 audi,
754 5779 892 5834 vide.
925 5779 1089 5833 Tuam
1115 5777 1372 5847 justitiam
1422 5776 1528 5831 noli
1558 5775 1789 5830 habere:

1567 373 1796 430 SERMU
1833 372 2064 427 CLXIX.

3381 380 3484 434 922

1894 497 2126 542 stercora
2159 488 2300 542 illam
2327 488 2545 557 deputat
2586 491 2890 559 Apostolus,
2917 491 3157 560 quamvis
3201 493 3270 547 sit
3310 508 3370 549 ex
3401 495 3478 550 le-

1863 591 1978 646 ‘ge,
2002 588 2176 633 tamen
2204 580 2325 649 quia
2347 596 2516 635 suam.
2544 581 2840 652 Ignorantes
2862 585 2994 636 enim
3020 583 3114 637 Dei
3129 585 3401 655 justitiam,
3433 600 3482 640 ct

1891 687 2036 723 suam
2060 672 2276 725 volentes
2315 674 2613 728 constituere
2630 675 2862 744 justitice,
2884 674 2976 728 Dei
3005 692 3106 729 non
3131 686 3245 729 sunt
3271 677 3479 746 subjecti

1893 759 2071 830 (Rom.
2105 777 2157 824 x,
2191 763 2331 832 1-5).
2363 763 2478 817 Noli
2513 773 2696 832 putare
2725 766 2846 834 quia
2889 766 3206 820 Christianus
3249 770 3472 830 vocaris.

1893 854 2011 908 ideo
2057 863 2107 908 te
2165 871 2268 909 non
2315 872 2470 925 posse
2503 856 2772 912 oﬁ'endere
2800 859 2849 911 in
2873 859 3101 927 lapidem
3143 859 3470 915 oliensionis.

1887 939 2052 1012 Cujus
2077 947 2262 1015 gratia:
2291 947 2538 1018 derogas,
2592 949 2644 1001 in
2675 948 2846 1016 ipsum
2898 948 3144 1003 olTendis.
3191 950 3359 1004 Minus
3391 962 3476 1006 est

1889 1035 2162 1090 oll'eudere
2183 1037 2453 1092 Christum
2477 1039 2528 1092 iti
2550 1053 2709 1092 cruce
2733 1039 3070 1108 pendentem,
3089 1057 3246 1110 quam
3267 1041 3315 1095 in
3337 1044 3473 1098 cmlo

1888 1128 2182 1183 sedentem.
2206 1129 2412 1184 iustitia
2431 1131 2519 1194 sit,
2551 1131 2644 1185 sed
2675 1147 2736 1185 ex
2762 1133 2926 1201 gratia
2964 1133 3050 1197 sit,
3085 1149 3115 1187 a
3146 1126 3253 1188 De'o
3271 1135 3358 1188 tibi
3372 1135 3473 1197 sit;

1889 1234 1992 1272 non
2027 1229 2111 1273 tua
2139 1220 2226 1273 sit.
2262 1219 2557 1274 Sacerdotes
2574 1221 2666 1285 tui,
2697 1222 2884 1291 inquit,
2907 1223 3183 1288 induantur
3214 1225 3471 1292 justitiam

1889 1308 2057 1379 (Psal.
2093 1326 2282 1374 cassi,
2319 1310 2429 1381 16).
2465 1311 2634 1365 Vestis
2679 1313 2953 1381 accipitur.
2984 1328 3088 1367 non
3131 1329 3249 1368 eum
3269 1317 3473 1384 capillis

1887 1399 2158 1453 nascitur:
2189 1415 2378 1468 pecora
2422 1400 2502 1476 de.
2533 1417 2628 1456 suo
2667 1405 2978 1456 vestiuntur.
3031 1404 3174 1458 lianc
3223 1407 3473 1474 prtedicat

1886 1492 2157 1559 apostolus
2183 1493 2412 1548 Paulus:
2443 1510 2470 1546 a
2497 1494 2606 1548 Deo
2656 1495 2749 1549 tibi
2781 1497 2870 1548 sit.
2901 1495 3066 1550 Geme
3098 1505 3153 1549 ut
3183 1496 3468 1564 impetres,

1885 1583 2042 1638 Plora
2070 1593 2126 1637 ut
2154 1586 2423 1655 impetres,
2451 1587 2613 1640 crede
2643 1597 2696 1640 ut
2728 1588 3000 1657 impetres.
3033 1591 3153 1654 Qui,
3185 1591 3371 1659 inquit,
3395 1591 3474 1644 in-

1885 1677 2128 1729 vocaverit
2156 1692 2334 1729 nomen
2365 1675 2589 1743 Domini,
2639 1680 2806 1731 salvus
2836 1682 2928 1732 erit
2955 1679 3094 1750 (Joel
3159 1697 3213 1745 ιι,
3246 1681 3356 1750 52).
3391 1683 3470 1735 An

1887 1766 2078 1832 putatis
2103 1768 2179 1820 sic
2199 1768 2395 1822 dictum
2425 1783 2563 1833 esse,
2593 1771 2692 1835 Qui
2713 1772 3008 1824 invocaverit
3037 1790 3214 1826 nomen
3245 1773 3468 1836 Domini,

1883 1858 2049 1912 salvus
2081 1859 2209 1924 erit;
2230 1861 2348 1928 quia
2375 1875 2402 1913 a
2453 1859 2600 1916 febre
2620 1904 2632 1924 ,
2663 1870 2751 1915 aut
2771 1877 2799 1914 a
2824 1873 2972 1930 peste
2992 1905 3006 1928 ,
3035 1873 3124 1916 aut
3148 1880 3175 1917 a
3218 1865 3466 1932 podagra,

1882 1957 1973 2001 aut
2003 1947 2181 2018 aliquo
2223 1949 2406 2003 dolore
2435 1952 2717 2019 corporis?
2745 1952 2856 2006 Non
2885 1953 2981 2018 sic,
3024 1952 3116 2006 sed
3148 1952 3314 2006 salvus
3357 1954 3470 2018 erit,

1878 2039 2055 2107 justus
2097 2041 2217 2093 erit.
2270 2039 2402 2108 Quia
2432 2058 2532 2094 non
2561 2052 2630 2096 est
2658 2057 2784 2112 opus
2802 2044 2939 2097 sanis
2966 2044 3209 2107 medicus,
3236 2045 3322 2098 sed
3344 2046 3474 2097 male

1883 2130 2196 2184 habentibus.
2219 2131 2473 2202 Exposuit
2498 2149 2616 2187 cmn
2647 2135 2801 2200 dixit,
2831 2135 2951 2189 Non
2969 2137 3079 2189 veni
3096 2136 3272 2190 vocare
3284 2138 3468 2206 justas,

1881 2219 1969 2273 sed
2000 2229 2280 2288 peccatores
2307 2221 2516 2290 (Matth.
2548 2239 2598 2276 ix
2630 2223 2715 2288 12,
2745 2224 2853 2293 15).

1952 2310 2178 2365 CAPUT
2212 2311 2279 2365 X.
2299 2342 2364 2350 —
2391 2312 2476 2364 12.
2517 2312 2762 2382 Magnum
2806 2325 2879 2368 est
2913 2331 3210 2384 cognoscere
3244 2318 3471 2371 virtutem

1883 2401 2264 2454 resurrectionis
2307 2402 2512 2456 Christi.
2562 2403 2881 2458 Itcsurrectio
2935 2415 3108 2458 nostra
3171 2407 3469 2460 mirabilior.

1883 2489 2072 2546 Videte
2103 2506 2231 2561 ergo
2251 2491 2376 2560 quid
2401 2494 2660 2562 sequitur.
2690 2493 2752 2546 Et
2776 2495 3024 2561 inveniar,
3055 2496 3255 2566 inquit,
3283 2499 3335 2550 in
3357 2497 3468 2559 illo,

1885 2597 1987 2634 non
2006 2581 2194 2635 habens
2224 2598 2387 2634 meam
2416 2583 2692 2652 justitiam,
2721 2599 2833 2654 quae
2859 2601 2921 2638 ea;
2949 2586 3058 2656 lege
3080 2596 3191 2649 est;
3231 2588 3473 2656 quamvis

1883 2692 1948 2730 ex
1986 2677 2117 2746 lege,
2153 2685 2325 2732 tamen
2374 2679 2697 2732 meam:sed
2741 2695 2853 2731 eam
2898 2695 3012 2749 quae
3059 2691 3133 2733 est
3184 2697 3274 2750 per
3316 2681 3470 2749 ﬁdem

1885 2764 2106 2828 Christi;
2133 2782 2251 2835 qua:
2278 2767 2589 2836 impetratur
2617 2782 2647 2821 a
2679 2751 2807 2832 Deo,
2843 2785 2955 2838 qutc
2974 2779 3045 2822 est
3071 2786 3134 2823 ea:
3161 2769 3287 2831 Deo,
3307 2773 3438 2842 justi
3449 2803 3470 2816 ο

1885 2855 2007 2908 tiam
2034 2857 2087 2908 in
2115 2856 2235 2924 ﬁde,
2263 2857 2330 2908 ad
2365 2859 2765 2926 cognoscendum
2805 2875 2940 2925 eum,
2971 2869 3017 2913 et
3042 2861 3271 2914 virtutem
3299 2879 3470 2916 resur-

1883 2949 2119 3003 rectionis
2149 2949 2277 3019 ejus.
2309 2949 2522 3020 Aliquid
2562 2965 2812 3022 magnum
2853 2948 2954 3016 est,
2989 2967 3281 3024 agnoscere
3311 2956 3473 3010 virtu-

1886 3048 1993 3095 tem
2023 3041 2428 3096 resurrectionis
2447 3040 2667 3097 Christi.
2700 3042 2812 3098 Hoc
2841 3045 3032 3114 putatis
3060 3061 3178 3102 esse
3200 3062 3469 3118 magnum,

1885 3133 2005 3201 quia
2031 3146 2243 3188 carnem
2271 3146 2420 3187 suam
2451 3134 2826 3190 resuscitavit?
2870 3136 3040 3206 Ipsam
3069 3138 3199 3194 dixit
3219 3140 3469 3197 virtutem

1884 3224 2289 3278 resurrectionis
2328 3224 2480 3293 ejus?
2508 3225 2698 3281 Nonne
2721 3228 2818 3280 erit
2861 3229 3022 3283 etiam
3068 3241 3246 3286 nostra
3277 3232 3328 3286 in
3369 3232 3474 3288 line

1886 3315 2067 3369 stcculi
2112 3316 2474 3370 resurrectio?
2522 3316 2710 3372 Nonne
2758 3327 2810 3372 et
2840 3331 3078 3374 nostrum
3129 3323 3474 3392 corruptibilo

1888 3403 1988 3459 hoc
2039 3404 2222 3459 induet
2269 3407 2749 3476 incorruptionem,
2781 3418 2836 3463 ct
2877 3412 3102 3466 mortale
3150 3413 3252 3467 hoc
3292 3414 3474 3468 induet

1888 3497 2378 3551 immortalitatem?
2423 3497 2608 3551 Nonne
2647 3499 2916 3568 quomodo
2959 3501 3070 3570 ipse
3117 3505 3406 3557 resurrexit
3441 3520 3472 3558 a

1888 3586 2130 3650 mortuis,
2161 3585 2340 3652 etjatn
2371 3601 2476 3638 non
2505 3587 2749 3650 moritur,
2777 3597 2830 3641 et
2849 3603 2991 3642 mors
3019 3589 3066 3642 ei
3084 3591 3216 3644 ultra
3247 3607 3351 3645 non
3379 3594 3474 3647 do-

1889 3676 2174 3729 minabitur
2203 3674 2381 3745 (Rom.
2405 3691 2478 3741 Vl,
2507 3675 2563 3746 9)
2610 3692 2623 3738 ;
2657 3677 2733 3730 sic
2764 3686 2817 3731 et
2841 3693 2959 3744 nos,
2983 3680 3295 3744 mirabilius,
3323 3691 3377 3736 ut
3401 3683 3468 3736 ita

1887 3767 2106 3820 dicam?
2149 3766 2280 3820 Nam
2314 3766 2452 3821 illius
2482 3781 2607 3822 caro
2638 3784 2742 3822 non
2769 3769 2900 3824 vidit
2925 3773 3340 3841 corruptionem,
3373 3791 3471 3828 no-

1889 3869 1998 3914 stra
2027 3858 2095 3913 de
2125 3859 2308 3913 cinere
2351 3870 2647 3928 reparatur.
2688 3861 2931 3932 Magnum
2972 3871 3052 3917 est
3080 3864 3321 3933 quidem,
3350 3868 3469 3936 quia

1887 3951 2159 4022 prxcessit
2184 3951 2234 4004 in
2256 3951 2521 4021 exemplo,
2546 3959 2600 4007 et
2621 3952 2764 4007 dedit
2791 3951 2862 4025 (τι)
2886 3954 3034 4009 nobis
3060 3957 3182 4025 quid
3223 3974 3470 4026 sperare-

1890 4057 2009 4096 mus
2038 4059 2050 4096 :
2079 4041 2172 4096 sed
2199 4058 2302 4095 non
2331 4041 2433 4096 hoc
2453 4051 2534 4096 est
2563 4043 2734 4096 solum
2765 4044 2837 4097 illi
2859 4045 2946 4112 qui
2971 4045 3254 4115 dejnstiiia
3287 4049 3470 4118 loque-

1888 4131 2044 4186 batur
2083 4148 2186 4186 non
2217 4147 2332 4198 sua,
2364 4131 2458 4186 sed
2505 4131 2590 4186 illa
2617 4149 2734 4201 quae
2764 4149 2826 4188 ex
2857 4135 2962 4190 Deo
2989 4145 3090 4202 est,
3118 4146 3174 4192 et
3202 4139 3270 4191 ibi
3302 4141 3473 4192 nomi-

1890 4223 2033 4276 navit
2081 4223 2326 4276 virtutem
2375 4224 2778 4277 resurrectionis
2816 4223 3010 4278 Christi
3059 4243 3072 4279 :
3121 4242 3347 4296 agnosce
3401 4229 3471 4282 ἰιιί

1885 4314 2317 4385 jnstilicationem
2373 4322 2534 4368 tuam.
2590 4315 2665 4369 Ex
2716 4316 2855 4371 illius
2894 4319 3034 4372 enim
3083 4323 3473 4374 resurrectione

1885 4405 2256 4477 justificamur,
2302 4415 2556 4475 tanquam
2596 4420 2625 4458 a
2658 4416 2804 4476 petra
2847 4408 3306 4464 circumcidamur.
3341 4412 3472 4466 Pro-

1891 4508 2070 4568 pterea
2111 4498 2232 4552 inde
2255 4499 2435 4566 carpit,
2471 4497 2583 4552 Nos
2610 4515 2784 4553 sumus
2809 4501 3144 4556 circumcisio.
3177 4503 3328 4560 Unde
3367 4505 3474 4558 cir-

1891 4589 2187 4645 cumcisio?
2223 4590 2267 4643 A
2297 4599 2467 4658 petra.
2513 4589 2626 4656 Qua
2655 4591 2845 4659 petra?
2883 4591 3120 4648 Christo.
3164 4593 3476 4662 Quomodo?

1891 4679 2089 4734 Octavo
2119 4680 2223 4734 die.
2255 4679 2536 4746 Quomodo
2565 4681 2890 4735 ressurrcxit
2929 4682 3181 4736 Dominus
3205 4681 3476 4739 Dominico

1892 4771 1998 4827 die.
2907 4825 2916 4833 .

1964 4863 2188 4919 CAPUT
2219 4862 2309 4916 XI.
2333 4863 2508 4916 ~15.
2539 4860 2848 4929 Justiﬁcatio
2874 4873 3046 4915 nostra
3071 4879 3134 4917 ex
3167 4865 3351 4934 gratia,
3376 4881 3477 4917 non

1893 4958 2002 5010 sine
2035 4966 2206 5010 nostra
2237 4953 2511 5006 voluntat'.
2543 4953 2689 5006 Hanc
2727 4967 2874 5022 ergo,
2905 4953 3094 5007 fratres
3132 4954 3257 5019 mei,
3281 4955 3476 5024 justiti-

1895 5048 2159 5100 cationem
2184 5051 2241 5097 et
2287 5042 2574 5097 habeamus
2605 5042 2656 5094 in
2687 5051 2944 5111 quantum
2996 5042 3274 5107 habemus,
3302 5053 3353 5098 et
3380 5061 3478 5098 au-

1895 5151 2112 5206 geamus
2156 5134 2208 5186 in
2237 5140 2490 5201 quantum
2535 5132 2768 5186 minores
2797 5146 3000 5197 sumus,
3046 5141 3100 5186 et
3143 5133 3479 5201 perﬁciamus

1897 5243 2017 5281 cum
2070 5225 2196 5280 illuc
2242 5224 2566 5287 venerimus,
2619 5223 2705 5276 tibi
2755 5223 3004 5278 dicetur:
3040 5222 3137 5279 Ubi
3181 5235 3271 5290 est,
3322 5241 3476 5289 mors,

1898 5320 2104 5374 uictoria
2147 5318 2274 5370 tua?
2311 5315 2395 5368 ubi
2435 5325 2528 5383 est,
2572 5332 2726 5378 mors,
2755 5316 2962 5369 aculeus
3007 5326 3122 5370 tuus
3151 5317 3196 5388 (I
3223 5316 3340 5372 Cor.
3387 5334 3477 5381 xv,

1899 5411 2066 5467 55—55
2093 5409 2151 5479 )?
2189 5407 2292 5462 Sed
2335 5415 2499 5460 totum
2538 5422 2602 5460 ex
2648 5407 2794 5461 Deo:
2828 5421 2932 5461 non
2965 5415 3139 5462 tamen
3171 5409 3317 5476 quasi
3359 5407 3481 5459 dor-

1903 5503 2157 5564 inientcs,
2187 5515 2293 5552 non
2337 5498 2486 5568 quasi
2530 5507 2586 5552 ut
2631 5514 2734 5551 non
2780 5513 3056 5566 conemur,
3098 5514 3202 5552 non
3230 5496 3378 5567 quasi
3428 5509 3481 5552 ut

1903 5609 2007 5646 non
2032 5592 2276 5645 velimus.
2308 5588 2440 5644 Siue
2469 5589 2732 5643 voluntate
2761 5599 2845 5642 tua
2878 5604 2982 5643 non
3011 5589 3112 5642 erit
3138 5589 3188 5642 in
3215 5588 3480 5655 tejustitis

1903 5683 2016 5737 Dei.
2050 5681 2308 5734 Voluntas
2347 5679 2557 5748 quidem
2603 5695 2706 5734 non
2740 5688 2820 5734 est
2865 5679 2963 5735 nisi
2997 5689 3103 5747 tua,
3127 5679 3329 5750 justilia
3376 5696 3480 5736 non

1967 5785 2037 5843 (tt)
2064 5788 2221 5842 Forte,
2247 5778 2464 5829 ostendit.
