3934 6188
396 377 529 432 .9;3

422 498 510 543 est
540 490 636 543 nisi
668 488 778 542 Dei.
812 487 940 542 Esse
990 495 1161 558 potest
1198 484 1403 555 justitia
1446 483 1536 537 Dei
1581 483 1695 538 sine
1731 483 2001 536 voluntate

423 589 534 641 tua,
564 578 654 632 sed
695 579 747 631 in
793 587 844 632 te
893 591 1014 632 esse
1057 592 1162 631 non
1212 584 1388 647 potest
1436 582 1626 644 prwter
1679 572 2011 627 voluntatem

422 677 567 720 tuam
587 668 622 720 ⁸.
658 666 1088 722 Demonstratum
1126 674 1210 721 est
1237 664 1363 735 quid
1393 679 1550 733 agere
1577 662 1773 718 debeas
1805 663 2004 732 :jussit

425 758 531 819 lex,
565 755 678 821 Non
706 758 867 812 facias
898 757 1046 822 illud,
1068 772 1171 812 non
1204 756 1367 822 illud;
1416 754 1497 810 fac
1532 754 1634 809 hoc
1658 763 1814 825 atque
1851 753 1997 809 illud.

428 847 853 901 Demonstratum
892 856 976 903 est
999 848 1092 903 tibi
1125 889 1139 913 ,
1163 848 1368 917 jussum
1398 855 1480 903 est
1508 845 1620 909 tibi,
1643 854 1884 916 apertum
1921 854 2004 901 est
2025 835 2048 858 ⁸

428 936 542 1001 tibi,
571 938 616 991 si
660 937 749 991 tibi
778 947 859 992 est
882 939 1027 1005 εει-³,
1064 937 1368 993 intellexisti
1402 937 1527 1006 quid
1565 936 1726 991 facias
1751 954 1763 990 :
1793 951 1918 1006 roga
1947 945 2004 991 ut

427 1027 610 1093 facias,
642 1027 686 1081 si
730 1028 1006 1098 cognoscis
1051 1029 1302 1082 virtutem
1342 1027 1745 1082 resurrectionis
1782 1026 1999 1082 Christi.

425 1116 669 1173 Traditus
693 1129 765 1174 est
806 1120 947 1174 enim
978 1130 1182 1190 prapler
1209 1119 1391 1173 delicta
1416 1128 1587 1172 nostra
1608 1161 1624 1184 ,
1655 1127 1703 1173 et
1730 1119 2002 1172 resurrexit

423 1223 623 1279 prapter
657 1213 1073 1282 justi/icatiouem
1118 1221 1342 1265 nostram
1371 1210 1555 1282 (Rom.
1594 1226 1663 1275 tv,
1707 1207 1823 1281 25).
1863 1208 2000 1276 Quid

348 1286 363 1293 ’
422 1315 530 1370 εει,
578 1313 795 1373 propter
830 1304 1263 1374 justificatiouem
1313 1303 1591 1357 nostram?
1631 1302 1701 1358 Ut
1748 1301 2002 1372 justificet

420 1408 541 1457 nos,
575 1405 630 1448 ut
654 1394 827 1464 juslos
875 1394 1029 1448 faciat
1058 1408 1176 1449 nos.
1216 1394 1338 1447 Eris
1371 1407 1513 1475 opus
1552 1392 1666 1459 Dei,
1695 1408 1800 1446 non
1830 1392 2001 1446 solum

422 1483 540 1552 quia
572 1481 730 1536 homo
756 1499 832 1546 es,
888 1484 980 1539 sed
1020 1484 1180 1539 etiam
1206 1484 1328 1552 quia
1364 1483 1537 1551 justus
1575 1496 1653 1536 es.
1696 1482 1878 1535 Melius
1920 1490 2002 1536 est

422 1573 563 1627 enim
590 1574 792 1643 justum
823 1589 962 1641 esse,
991 1590 1148 1645 quam
1182 1585 1234 1629 te
1263 1575 1532 1630 hominem
1566 1588 1704 1630 esse.
1741 1573 1795 1629 Si
1825 1572 1998 1626 homi—

425 1678 546 1717 nem
585 1674 636 1718 te
665 1664 788 1719 fecit
812 1664 971 1731 Deus,
1001 1675 1056 1719 et
1073 1665 1273 1734 justum
1308 1673 1360 1718 tu
1390 1673 1442 1720 te
1482 1664 1645 1727 facis;
1688 1664 1874 1719 melius
1900 1663 1999 1718 ali-

419 1751 548 1819 quid
575 1753 701 1807 facis
725 1768 885 1822 quam
920 1753 1044 1808 fecit
1070 1754 1227 1809 Deus.
1260 1754 1363 1809 Sed
1392 1755 1508 1809 sine
1535 1763 1585 1809 te
1613 1754 1735 1808 fecit
1765 1762 1815 1808 te
1838 1753 1994 1808 Deus.

423 1839 538 1894 Non
559 1842 700 1895 enim
722 1843 1006 1897 adhibuisti
1034 1844 1263 1913 aliquem
1288 1859 1627 1909 consensum,
1654 1853 1705 1898 ut
1730 1853 1781 1899 te
1807 1845 1999 1899 faceret

424 1933 581 1987 Deus.
611 1935 889 1999 Quomodo
914 1936 1283 1990 consentiebas
1306 1938 1394 2005 qui
1424 1952 1528 1990 non
1568 1935 1726 1990 eras?
1749 1935 1846 2004 Qui
1871 1948 1999 2004 ergo

418 2024 545 2079 iecit
575 2034 627 2081 te
667 2028 780 2082 sine
808 2037 878 2094 te,
910 2045 1013 2084 non
1054 2038 1104 2085 te
1143 2030 1400 2100 justilicat
1438 2031 1552 2085 sine
1593 2040 1662 2084 te.
1694 2031 1834 2099 Ergo
1874 2030 1999 2083 fecit

421 2115 764 2181 nescientem,
784 2119 1039 2186 justificat
1063 2120 1348 2175 volentem.
1373 2121 1570 2174 Tamen
1594 2120 1703 2191 ipse
1723 2119 1995 2189 justifieat,

421 2220 488 2259 ne
535 2207 603 2260 sit
626 2207 830 2276 justitia
864 2220 970 2275 tua,
1002 2226 1069 2265 ne
1119 2211 1308 2266 redeas
1349 2212 1415 2265 ad
1464 2212 1674 2273 damna,
1715 2211 1781 2265 ad
1827 2211 1990 2265 detri-

419 2305 595 2351 menta
630 2306 684 2352 ct
709 2308 967 2365 stercora,
1000 2301 1238 2357 invenire
1264 2302 1317 2355 in
1359 2302 1451 2356 illo
1490 2317 1593 2355 non
1623 2302 1823 2356 habens
1837 2301 1997 2371 justi-

417 2388 542 2441 tiam
588 2397 747 2453 tuam,
777 2405 888 2460 qua:
917 2409 979 2446 ea:
1021 2393 1127 2462 lege
1169 2401 1261 2457 est,
1307 2394 1394 2447 sed
1414 2395 1674 2465 justitiam
1718 2411 1807 2464 per
1841 2394 1994 2461 ﬁdem

417 2477 627 2542 Christi,
650 2495 763 2546 qua:
795 2490 867 2534 est
896 2498 959 2535 ea:
1003 2481 1111 2536 Deo
1134 2499 1153 2537 :
1169 2485 1425 2553 justitiam
1463 2500 1525 2538 ea:
1559 2485 1678 2552 ﬁde,
1719 2487 1786 2537 ad
1811 2501 1996 2555 cogno-

414 2569 653 2622 scendum
680 2587 815 2637 eum,
848 2581 894 2625 et
935 2574 1166 2627 virtutem
1206 2576 1578 2628 resurrectionis
1615 2578 1745 2646 ejus,
1787 2587 1832 2630 et
1858 2593 1995 2629 com-

417 2659 799 2713 municationem
825 2663 1113 2732 passionum
1141 2665 1273 2733 ejus.
1313 2665 1378 2718 Et
1416 2666 1525 2734 ipsa
1556 2665 1721 2719 virtus
1748 2674 1830 2719 tua
1857 2667 1991 2731 erit;

415 2750 827 2803 communicatio
859 2748 1411 2820 passiottum‘Christi,
1450 2756 1615 2807 virtus
1655 2765 1738 2809 tua
1766 2756 1886 2810 erit.

492 2838 577 2891 M.
619 2824 1017 2894 Communicatio
1059 2843 1351 2912 passionum
1394 2842 1581 2897 Christi
1621 2861 1683 2898 ea:
1730 2845 1990 2906 charitate.

418 2926 553 2993 Quid
620 2935 796 2983 autem
872 2931 975 2984 erit
1045 2931 1098 2985 in
1159 2933 1727 2988 communicationibus
1782 2937 1989 3004 passio-

419 3034 542 3071 num
572 3017 792 3084 Christi,
831 3020 876 3073 si
905 3021 1136 3078 Charitas
1171 3039 1278 3077 non
1317 3024 1456 3077 erit?
1497 3023 1682 3078 Nonne
1712 3023 1991 3079 inveniun-

417 3122 500 3162 tur
542 3111 664 3164 torti
706 3111 940 3168 latrones
982 3114 1034 3167 in
1079 3122 1220 3166 tanta
1254 3114 1557 3168 fortitudine
1599 3130 1901 3184 corporum,
1934 3124 1992 3170 ut

413 3199 625 3270 quidam
656 3216 840 3255 eorum
870 3218 974 3256 non
1004 3203 1176 3258 solum
1193 3206 1433 3259 conscios
1457 3204 1677 3273 prodere
1706 3206 1990 3273 noluerint,

413 3289 507 3343 sed
531 3305 629 3343 nec
654 3292 864 3344 nomina
904 3308 998 3346 sua
1023 3294 1263 3349 confiteri
1297 3294 1499 3365 dignati
1525 3296 1664 3361 sint;
1707 3298 1847 3351 inter
1872 3314 1994 3352 cru-

411 3380 601 3442 cintus,
655 3381 793 3435 inter
844 3391 1126 3448 tormenta,
1173 3382 1382 3439 effossis
1431 3385 1702 3452 lateribus,
1751 3395 1804 3442 et
1856 3403 1993 3457 pene

416 3472 631 3540 perditis
671 3474 945 3541 membris,
989 3478 1245 3532 manserit
1287 3479 1495 3532 animus
1545 3480 1596 3534 in
1637 3480 1993 3538 obstinatione

413 3565 773 3631 nequissima?
812 3565 945 3622 Vide
973 3583 1101 3638 ergo
1134 3569 1261 3638 quid
1288 3570 1554 3625 amabant.
1586 3572 1784 3628 Facere
1817 3583 1992 3630 tamen

414 3656 513 3709 ista
559 3656 675 3711 sine
714 3671 905 3727 magno
934 3672 1117 3713 amore
1163 3675 1268 3714 non
1317 3669 1580 3730 poterant.
1631 3662 1736 3718 Sed
1779 3679 1885 3718 non
1915 3666 1994 3720 sic

411 3755 616 3801 amator
661 3747 774 3801 Dei.
805 3748 945 3803 Deus
987 3763 1093 3805 non
1121 3760 1351 3817 amatur,
1382 3752 1479 3806 nisi
1511 3752 1579 3807 de
1622 3754 1752 3810 Deo.
1783 3757 1995 3813 Amavit

413 3834 504 3890 ille
550 3836 729 3890 nescio
767 3837 892 3907 quid
932 3838 1073 3893 aliud
1104 3839 1169 3894 de
1206 3854 1388 3908 carne,
1417 3841 1554 3896 sicut
1598 3842 1778 3898 homo.
1808 3844 1990 3912 Quod-

412 3926 541 3980 libet
585 3928 864 3994 amaverit,
892 3936 1065 3984 socios
1113 3946 1239 3986 suos
1286 3932 1563 3999 amaverit,
1612 3935 1990 3990 conscientiam

413 4017 672 4073 scelerum
701 4021 981 4085 amaverit,
1008 4021 1318 4091 gloriam‘in
1350 4024 1670 4080 facinoribus
1703 4030 1989 4095 amaverit;

412 4107 685 4176 quodlibet
714 4112 1005 4179 amaverit,
1034 4114 1257 4167 multum
1287 4116 1502 4180 amavit,
1527 4117 1614 4186 qui
1647 4119 1879 4187 torqueri
1902 4136 1994 4189 po-

414 4197 530 4262 tuit,
554 4198 781 4254 deficere
824 4215 929 4254 non
970 4203 1159 4271 potuit.
1184 4202 1239 4258 Si
1264 4219 1391 4274 ergo
1418 4205 1511 4261 ille
1540 4220 1643 4260 non
1685 4208 1874 4276 potuit,
1904 4210 1992 4279 qui

415 4291 649 4360 torqueri
677 4292 863 4360 potuit,
888 4293 1117 4347 deficere
1146 4309 1250 4348 non
1281 4297 1515 4365 potuit';
1548 4296 1590 4352 si
1617 4313 1746 4368 ergo
1776 4299 1863 4355 ille
1886 4315 1991 4354 non

415 4381 581 4445 ιιυιιιὶι
610 4389 748 4434 tanta
776 4380 1014 4450 perferre
1039 4383 1155 4437 sine
1178 4398 1393 4453 amore;
1421 4402 1517 4441 nec
1543 4395 1597 4442 tu
1628 4390 1828 4457 poteris
1844 4404 1992 4445 com-

419 4470 687 4525 tnuuicare
703 4472 900 4525 Christi
931 4473 1265 4542 paSsionibus
1292 4476 1406 4532 sine
1434 4493 1636 4534 amore.

486 4561 708 4616 CAPUT
734 4562 847 4615 XII.
889 4594 959 4604 -—
1006 4566 1091 4619 15.
1126 4564 1359 4620 Charitas
1404 4579 1452 4623 et
1494 4571 1724 4627 dilatatio
1773 4574 1993 4631 cordisa

416 4654 614 4723 Spiritu
639 4665 832 4708 sancto.
852 4655 958 4713 Sed
984 4672 1167 4726 quaero
1192 4674 1296 4727 quo
1325 4676 1528 4717 amore.
1554 4663 1666 4718 Non
1694 4665 1764 4720 sit
1784 4667 1991 4736 cupidi-

416 4757 517 4811 tas,
548 4745 643 4800 sed
666 4748 735 4801 sit
761 4747 1016 4804 charitas.
1047 4750 1108 4804 Si
1133 4751 1296 4817 enim,
1326 4752 1513 4823 inquit,
1538 4755 1793 4810 tradidero
1813 4774 1993 4829 corpus

414 4853 578 4891 meum
626 4846 682 4891 ut
733 4839 966 4905 ardeam,
1013 4850 1063 4896 et
1100 4841 1394 4897 charitatem
1441 4862 1540 4899 non
1581 4845 1828 4913 habeam;
1865 4851 1993 4905 nihil

412 4930 535 4982 mihi
564 4930 766 4999 prodest
792 4931 809 5000 (
826 4932 841 4986 I
871 4932 988 4987 Cor.
1013 4949 1123 4996 χιιι,
1155 4934 1233 5003 5).
1278 4934 1349 4991 Ut
1378 4938 1547 5007 prosit
1571 4939 1666 4993 tibi
1697 4943 1993 4997 communi-

409 5022 550 5073 catio
607 5022 907 5089 passionum
948 5025 1168 5091 Christi,
1212 5025 1442 5082 charitas
1488 5028 1647 5084 adsit.
1700 5030 1851 5087 Unde
1898 5034 1993 5090 tibi

413 5112 687 5167 charitas?
733 5114 776 5167 0
806 5115 1198 5171 mendicissima
1242 5118 1539 5187 infirmitas,
1569 5122 1707 5177 unde
1747 5123 1836 5178 tibi
1861 5124 1991 5179 cha-

412 5203 539 5257 ritas
570 5204 700 5259 Dei?
754 5205 847 5259 Vis
870 5208 1093 5262 ostendo
1121 5209 1212 5262 tibi
1240 5210 1383 5265 unde
1415 5213 1485 5266 sit
1512 5214 1653 5267 tibi?
1702 5214 1878 5286 Ipsum
1905 5217 1990 5272 in-

414 5302 623 5364 terroga
656 5295 986 5353 horrcarium
1015 5299 1359 5355 dominicum.
1390 5303 1446 5358 Si
1474 5305 1615 5360 enim
1653 5308 1705 5361 in
1753 5316 1805 5363 te
1835 5304 1998 5366 fuerit'

414 5384 648 5439 charitas
689 5387 814 5452 Dei,
860 5390 1277 5445 communicabis
1315 5392 1515 5448 Christi
1560 5398 1892 5463 passionibus
1936 5411 1990 5456 et

475 5474 496 5546 ξ
516 5475 588 5546 Sic
612 5483 715 5546 Mss.
742 5482 797 5546 Αι
819 5475 933 5546 editi
951 5512 966 5537 ,
988 5490 1081 5528 non
1100 5479 1359 5546 potest‘nisi
1380 5494 1467 5546 per
1486 5482 1768 5536 uoluntatem
1801 5494 1948 5539 tuam.

477 5536 496 5606 ξ
518 5542 721 5606 ain._t-:r.
751 5545 803 5586 et
824 5535 1007 5606 aliquot
1027 5535 1350 5606 nia'nuscripti,
1372 5535 1590 5606 apertum
1607 5553 1675 5597 est
1698 5535 1785 5598 tibi
1805 5535 1905 5598 cor.

473 5594 509 5672 ζ
517 5596 671 5672 tngo.
685 5606 835 5672 rem.
847 5594 977 5672 ιφ..
988 5594 1418 5672 ,ηιιιιιιιηιιᾳὴιαίεἱιζ
1454 5604 1536 5666 qui
1543 5594 1781 5672 adaperi
1808 5594 1983 5672 ibim,

412 5652 734 5734 deﬁcientia
1035 5660 1264 5734 ergo
1299 5652 1391 5713 non
1408 5652 1744 5734 ’ρόςιξιίϊιῇέὶὶί
1763 5652 1988 5734 'pér'rbiir'é

532 5719 1142 5794 epigreg‘onmissp,iergo
1155 5720 1236 5771 ille
1257 5736 1348 5773 non
1371 5719 1518 5786 po'tnit
1538 5762 1551 5786 ,
1574 5723 1659 5792 qat'
1677 5719 1896 5793 torq'ner'r
1910 5719 1986 5794 po-

408 5770 515 5832 ruit,
542 5770 744 5833 deﬁcere
763 5788 854 5823 non
876 5772 1041 5836 potuit.
1079 5770 1159 5829 "at.

1658 370 1716 428 S.
1768 364 2125 426 AUGUSTINI
2166 363 2459 421 EPISCOPI
3402 352 3423 383 ‘

3588 374 3703 432 93$

2093 491 2268 531 verus
2309 477 2415 532 eris
2457 487 2677 549 martyr.
2724 477 2779 535 In
2810 495 2916 551 quo
2961 481 3195 539 Charitas
3236 494 3547 552 coronatur,
3580 488 3705 558 ipse

2056 576 2061 583 '
2106 570 2207 624 erit
2234 584 2390 625 verus
2421 579 2639 641 martyr.
2666 569 2817 627 Unde
2853 588 2983 644 ergo
3013 574 3147 629 tibi?
3188 573 3446 632 Habemus
3485 579 3698 633 thesau-

2105 650 2219 714 rum
2256 659 2407 715 istum
2450 661 2503 715 in
2542 662 2674 716 uasis
2719 663 2979 733 ﬁctilibus,
3025 667 3100 720 ait
3144 667 3260 737 ipse
3299 670 3610 738 Apostolus,
3640 684 3702 726 ut

2105 751 2375 804 eminentia
2395 753 2590 807 uirtutis
2613 755 2675 806 sit
2697 754 2816 821 Dei,
2835 765 2881 810 et
2906 773 3004 810 non
3025 773 3089 812 ea:
3109 759 3251 813 nobis
3276 760 3355 831 (II
3377 761 3498 817 Cor.
3523 780 3597 827 iv,
3613 766 3697 833 7).

2106 840 2248 911 Ergo
2279 842 2420 898 unde
2455 844 2547 899 tibi
2577 847 2832 913 charitas,
2860 850 2959 904 nisi
2990 850 3111 921 quia
3140 851 3331 920 cli/fusa
3372 864 3445 908 est
3487 856 3541 909 in
3580 873 3702 910 cor-

2105 932 2250 987 dibus
2267 935 2450 989 nostris
2478 952 2568 1005 per
2605 935 2854 1007 Spiritum
2877 952 3108 996 sanctum
3153 945 3241 1012 qui
3276 945 3428 999 datas
3451 956 3526 1001 est
3550 947 3703 1003 nobis

2110 1023 2291 1095 (Rom.
2328 1042 2381 1091 τ,
2425 1026 2503 1098 ὅ).
2547 1028 2684 1083 Ecce
2711 1030 2779 1084 ad
2825 1032 2964 1100 quod
3006 1049 3179 1103 geme.
3211 1036 3502 1093 Contemne
3530 1040 3699 1108 spiri-

2106 1125 2216 1171 tum
2245 1127 2415 1183 tuum,
2444 1120 2628 1189 accipe
2664 1121 2917 1190 Spiritum
2969 1125 3082 1179 Dei.
3109 1125 3227 1181 Non
3259 1130 3443 1183 timeat
3467 1131 3701 1199 spiritus

2106 1216 2245 1275 tuus,
2279 1225 2346 1263 ne
2391 1223 2511 1264 cum
2543 1212 2768 1280 coeperit
2815 1212 2867 1267 in
2914 1221 2967 1269 te
3009 1214 3250 1271 habitare
3291 1217 3523 1288 Spiritus
3572 1220 3698 1287 Dei,

2104 1299 2372 1367 angustias
2418 1299 2650 1368 patiatur
2678 1301 2732 1356 in
2776 1317 3003 1373 Corpore
3045 1313 3156 1360 tuo.
3181 1305 3315 1362 Cum
3348 1308 3592 1365 habitare
3635 1312 3696 1365 in

2103 1402 2326 1459 corpore
2366 1399 2457 1444 tuo
2483 1393 2710 1460 coeperit
2735 1392 2963 1463 Spiritus
2993 1395 3108 1461 Dei,
3136 1413 3241 1452 non
3273 1398 3396 1453 inde
3439 1401 3699 1456 excludet

2102 1481 2347 1548 sliritum
2399 1491 2546 1536 tuum
2602 1501 2616 1537 :
2665 1484 2773 1538 noli
2827 1486 3034 1541 timere.
3084 1487 3141 1543 Si
3188 1488 3406 1544 divitem
3455 1492 3695 1560 aliquem

2104 1567 2335 1638 hospitio
2365 1572 2646 1641 suscipias,
2677 1574 2876 1642 pateris
2920 1578 3222 1646 angustias;
3253 1579 3342 1632 ubi
3381 1596 3601 1636 maneas
3632 1590 3696 1636 tu

2102 1674 2208 1714 non
2253 1661 2478 1725 invenis,
2510 1664 2597 1717 ubi
2625 1665 2698 1718 illi
2739 1665 2908 1721 lectus
2950 1652 3166 1737 paretur
3192 1709 3209 1734 ,
3238 1671 3326 1725 ubi
3355 1674 3574 1741 conjux,
3598 1675 3694 1729 ubi

2101 1750 2216 1815 lilii,
2275 1751 2365 1806 ubi
2408 1751 2624 1808 familia.
2669 1755 2806 1823 Quid
2851 1772 2971 1826 ago,
3017 1757 3229 1828 inquis?
3273 1760 3391 1829 Quo
3436 1764 3540 1817 eo?
3581 1779 3697 1833 quo

2100 1841 2380 1911 migrabo?
2405 1842 2629 1914 Suscipe
2649 1845 2866 1901 divitem
2898 1848 3152 1919 Spiritum
3184 1850 3276 1906 Dei
3308 1871 3322 1907 :
3353 1853 3692 1918 dilatabcris,

2100 1948 2204 1986 non
2252 1936 2640 2004 angustaberis.
2692 1938 2925 1994 Dilatasti
2975 1945 3176 2012 gressus
3221 1953 3334 1998 tuos
3387 1945 3559 1999 subter
3604 1965 3695 2001 me

2101 2024 2268 2097 (Psal.
2297 2045 2427 2096 xvn,
2450 2032 2519 2087 57
2551 2031 2594 2103 ),
2634 2031 2788 2088 dicis.
2815 2035 3015 2106 llospiti
3045 2046 3137 2091 tuo
3161 2037 3397 2094 dicturus
3423 2057 3502 2103 es.
3540 2040 3694 2096 Dila-

2100 2117 2218 2171 tasti
2240 2136 2439 2187 gressus
2458 2121 2594 2176 me‘os
2613 2125 2781 2178 subter
2800 2142 2897 2180 me.
2925 2125 3147 2192 Quando
3166 2143 3271 2184 non
3299 2130 3387 2185 hic
3411 2147 3558 2198 eras,
3581 2150 3687 2187 an-

2099 2208 2300 2275 gustias
2343 2210 2585 2278 patiebar
2613 2228 2626 2264 :
2660 2213 2888 2284 implesti
2923 2217 3117 2271 cellam
3144 2233 3341 2287 meam,
3383 2233 3436 2277 et
3464 2238 3568 2277 non
3598 2240 3692 2279 me

2097 2298 2393 2365 exclusisti,
2428 2301 2522 2357 sed
2570 2306 2865 2374 angustiam
2912 2310 3138 2364 meam‘.
3183 2310 3317 2366 Cum
3345 2315 3484 2368 enim
3532 2316 3686 2380 dicit.

2098 2387 2329 2443 Charitas
2377 2389 2474 2445 Dei
2523 2393 2713 2460 di/fusa
2766 2406 2872 2461 est,
2919 2398 3032 2468 ipsa
3086 2399 3296 2456 diﬂ'usio
3348 2402 3687 2461 latitudinem

2098 2479 2378 2548 signiﬁcat.
2425 2481 2543 2536 Non
2584 2499 2712 2554 ergo
2744 2487 2929 2541 timeas
2968 2490 3260 2560 angustias,
3282 2494 3464 2562 recipe
3494 2494 3685 2564 hospi-

2099 2579 2206 2626 tem
2235 2573 2391 2628 istum
2423 2593 2438 2629 :
2472 2586 2528 2631 ct
2556 2593 2661 2632 non
2708 2580 2779 2633 sit
2821 2580 3014 2651 hospes
3054 2583 3205 2652 quasi
3247 2585 3315 2640 de
3355 2591 3685 2643 transeunti-

2097 2660 2215 2717 bus.
2239 2663 2354 2718 Non
2384 2667 2525 2720 enim
2559 2668 2720 2724 habet
2745 2670 2903 2726 dare'
2930 2672 3252 2730 discedendo
3277 2695 3291 2732 :
3326 2676 3556 2733 Veniens
3588 2679 3687 2733 ha-

2096 2749 2226 2807 bitet
2250 2753 2301 2808 in
2335 2764 2405 2819 te,
2433 2766 2487 2810 et
2510 2757 2673 2812 dedit.
2716 2758 2883 2828 Ipsius
2906 2772 3042 2827 esto,
3073 2779 3178 2818 non
3220 2773 3274 2819 te
3300 2766 3534 2828 deserat,
3568 2784 3680 2823 nou

2096 2842 2219 2898 inde
2257 2846 2449 2915 migret
2480 2865 2496 2902 :
2529 2857 2650 2906 tene
2690 2852 2836 2906 illum
2882 2854 3120 2920 omnino,
3150 2867 3203 2910 et
3228 2856 3316 2911 dic
3342 2858 3436 2918 illi,
3466 2858 3693 2915 Domina

2094 2930 2234 2987 Deus
2261 2944 2449 3001 noster,
2474 2940 2671 3008 posside
2694 2958 2785 2996 nos
2808 2941 2962 3012 (Isai.
2982 2961 3127 3010 xxvr,
3152 2947 3219 3000 15
3270 2962 3383 3002 sec.
3413 2950 3567 3020 ιιι).

2164 3024 2389 3082 CAPUT
2418 3027 2552 3083 XIII.
2583 3059 2653 3071 —-
2680 3032 2766 3086 16.
2800 3033 3066 3101 Apostolus
3094 3036 3444 3108 imperfectum
3468 3055 3523 3093 se
3555 3058 3687 3110 pro-

2095 3113 2280 3180 ﬁtetur.
2314 3117 2452 3187 Ergo
2480 3119 2546 3173 ad
2575 3120 2694 3186 hoc,
2721 3123 2910 3192 inquit,
2939 3126 3228 3183 habeamus
3253 3128 3531 3199 justitiam,
3559 3149 3688 3203 qua

2094 3218 2165 3257 ex
2199 3204 2309 3261 Deo
2337 3217 2442 3274 est,
2481 3210 2548 3264 ad
2574 3216 3002 3282 cognoscendum
3049 3232 3194 3286 eum,
3222 3230 3276 3275 et
3318 3222 3569 3278 virtutem
3600 3242 3690 3280 res

2096 3297 2441 3352 correctionis
2488 3300 2638 3370 ejus,
2684 3311 2740 3358 et
2780 3307 3315 3365 communicationem
3368 3315 3682 3382 passionum

2095 3383 2236 3453 ejus,
2255 3386 2568 3444 conformati
2595 3394 2751 3446 morti
2779 3393 2963 3462 ipsius.
2985 3394 3279 3469 Consepulti
3304 3403 3459 3469 enim,
3483 3404 3680 3474 inquit,

2094 3490 2268 3530 sumus
2288 3493 2399 3531 cum
2417 3478 2617 3535 Christo
2643 3499 2734 3552 per
2748 3482 3071 3553 Baptismum
3088 3489 3141 3542 in
3165 3500 3374 3546 mortem
3386 3509 3406 3557 ;
3427 3504 3482 3546 ut
3505 3511 3686 3564 quem-

2094 3566 2367 3622 admodum
2394 3569 2619 3628 Christus
2650 3576 2872 3630 surrexit
2899 3593 2932 3630 a
2958 3580 3189 3645 mortuis,
3217 3583 3291 3636 sic
3316 3593 3366 3637 et
3393 3600 3484 3638 nos
3505 3586 3563 3639 in
3591 3603 3688 3641 no-

2095 3660 2246 3711 vitate
2270 3658 2382 3713 uiue
2400 3662 2712 3717 ambulemus
2747 3664 2920 3736 (Rom.
2941 3682 3015 3734 vr,
3033 3669 3112 3738 4).
3142 3669 3370 3739 Morere,
3398 3683 3458 3728 ut
3483 3675 3631 3731 vivas
3658 3694 3673 3728 :

2096 3752 2339 3819 sepelire,
2378 3761 2434 3808 ut
2479 3768 2747 3827 resurgas.
2787 3757 2922 3813 Cum
2961 3761 3104 3815 enim
3146 3763 3384 3834 sepultos
3413 3765 3684 3831 fueris,.et

2095 3846 2477 3911 resurrexeris;
2497 3855 2623 3903 tunc
2643 3861 2822 3903 verum
2841 3852 2961 3919 erit,
2975 3851 3195 3907 Sursum
3212 3868 3326 3909 cor.
3341 3856 3526 3925 Sapuit
3540 3858 3681 3927 quod

2096 3936 2224 3992 dixi.
2257 3939 2521 4010 Numquid
2551 3942 2653 3996 iste
2676 3956 2854 3997 sermo
2882 3954 3111 4013 saperet,
3132 3946 3233 4001 nisi
3270 3958 3415 4003 esset
3443 3951 3495 4003 in
3530 3951 3682 4006 vobis

2099 4028 2300 4082 interna
2328 4028 2595 4085 dulcedo?
2626 4030 3004 4101 Conformatus,
3031 4034 3230 4104 inquit,
3256 4038 3407 4091 morti
3430 4040 3613 4104 ipsius,
3636 4041 3681 4093 si

2096 4134 2192 4187 quo
2209 4119 2358 4172 modo
2374 4135 2636 4174 occurram
2651 4123 2703 4175 in
2723 4125 3134 4178 resurrectionem
3154 4137 3487 4181 mortuorum.
3505 4129 3580 4183 De
3592 4129 3678 4198 ju-

2097 4208 2236 4262 Stitia
2286 4209 2621 4279 loquebatur,
2657 4213 2861 4280 justitia
2899 4230 3018 4284 quae
3066 4225 3153 4270 est
3197 4231 3264 4272 ex
3314 4217 3418 4272 fide
3461 4218 3673 4284 Christi,

2093 4297 2299 4366 justitia
2327 4315 2446 4369 quae
2489 4317 2518 4356 a
2551 4301 2660 4357 Deo
2700 4313 2803 4368 est,
2830 4313 2885 4359 et
2912 4306 2991 4359 sic
3018 4316 3208 4362 cuncta
3255 4292 3540 4365 exsecutos
3576 4321 3671 4365 est.

2099 4391 2161 4445 Et
2189 4406 2310 4445 cum
2336 4391 2595 4461 justitiam
2623 4404 2890 4464 quaereret
2925 4396 3132 4465 dicens,
3165 4398 3233 4454 Ut
3260 4400 3489 4455 inveniar
3513 4404 3567 4456 in
3590 4403 3673 4456 illo

2098 4498 2198 4536 non
2234 4482 2418 4539 habens
2446 4501 2605 4539 meam
2623 4487 2896 4556 justitiam,
2936 4506 3048 4559 qua:
3087 4506 3150 4545 ex
3174 4489 3309 4563 Lege
3334 4503 3429 4561 est,
3455 4496 3545 4549 sed
3560 4496 3668 4565 jus-

2098 4575 2261 4628 titiam
2287 4591 2402 4646 quaz
2427 4586 2498 4631 est
2527 4594 2592 4632 ea:
2624 4579 2727 4646 ﬁde
2767 4579 2974 4647 Christi,
3019 4598 3131 4653 qua:
3178 4594 3250 4637 est
3275 4601 3340 4639 ea:
3381 4585 3525 4651 Deo;
3550 4588 3668 4642 dicit

2097 4665 2277 4731 modo,
2308 4667 2369 4722 Si
2395 4685 2494 4738 quo
2520 4670 2670 4724 modo
2710 4687 2970 4726 occurram
3009 4674 3061 4727 in
3102 4678 3516 4733 resurrectionem
3539 4696 3667 4733 mor-

2097 4763 2315 4809 tuorum.
2343 4757 2519 4824 Quare
2546 4758 2746 4824 dixisti,
2779 4760 2839 4816 Si
2884 4778 2982 4831 quo
3028 4764 3176 4818 modo
3218 4770 3523 4824 occurram!
3558 4768 3665 4823 Non

2101 4845 2221 4911 quia
2253 4845 2365 4914 jam
2406 4849 2712 4916 acceperim,
2760 4860 2847 4903 aut
2874 4851 2990 4921 jam
3030 4854 3278 4924 perfectus
3319 4858 3416 4910 sint
3444 4874 3466 4912 :
3503 4875 3668 4927 seinter

2097 4940 2283 4999 autem,
2313 4934 2357 4988 si
2384 4952 2482 5005 quo
2516 4936 2666 4991 modo
2691 4940 3089 5008 appreltcndant,
3118 4943 3172 4996 in
3196 4961 3295 5013 quo
3320 4955 3367 4999 et
3397 4949 3664 5018 apprchen-

2096 5038 2185 5077 sus
2225 5039 2335 5076 sum
2360 5041 2392 5077 a
2418 5023 2616 5080 Christo
2656 5026 2801 5083 Jesu.
2846 5029 3110 5087 Pratvenit
3150 5049 3237 5091 me
3258 5037 3459 5104 iustitia
3491 5039 3660 5108 ipsius,

2099 5121 2349 5180 sequatur
2395 5114 2541 5168 illum
2586 5132 2725 5171 mea.
2758 5118 2907 5174 Tunc
2951 5130 3128 5176 autem
3171 5135 3426 5194 sequetur
3469 5131 3661 5188 mes.si

2101 5215 2206 5255 non
2237 5202 2307 5256 sit
2335 5219 2475 5259 mea.
2505 5204 2567 5260 Si
2605 5222 2703 5275 quo
2731 5209 2878 5263 modo
2915 5226 3200 5266 occurram.
3246 5214 3372 5270 Non
3413 5219 3531 5288 quia
3561 5222 3662 5290 jam

2096 5295 2394 5364 acceperim,
2436 5306 2523 5350 aut
2551 5298 2665 5367 jam
2695 5300 2947 5369 perfectus
2986 5303 3103 5356 sim.
3143 5304 3433 5375 Coeperunt
3477 5310 3659 5369 mirari.

2095 5384 2183 5454 qui
2228 5386 2329 5439 hoc
2370 5387 2653 5443 audiebant
2691 5390 2954 5447 dicentem
3002 5395 3356 5464 Apostolum:
3398 5401 3516 5455 Non
3553 5402 3659 5469 quia

2085 5475 2200 5543 jam
2226 5477 2523 5546 acceperim,
2554 5488 2644 5533 aut
2657 5481 2774 5550 jam
2814 5486 3065 5553 perfectus
3103 5487 3218 5540 sim.
3250 5488 3390 5556 Quid
3421 5501 3499 5547 est
3532 5492 3654 5561 quod

2158 5617 2174 5692 ξ
2342 5619 2428 5692 sed
2761 5635 2916 5692 meam
3198 5631 3424 5692 Verbum,
3445 5629 3652 5689 dilatam}

2093 5677 2241 5750 abest
2248 5680 2311 5727 ab
2332 5688 2431 5750 Am.
2457 5677 2547 5750 Er."
2559 5690 2659 5750 et_a
2682 5686 3032 5750 manuscriptis.

2160 5739 2179 5813 ξ
2203 5742 2522 5813 atanpscripti,
2541 5743 2842 5813 debethdare.
2867 5739 3217 5813 Lt'paulopost
3246 5753 3393 5804 iidem
3420 5754 3523 5806 libri
3559 5765 3651 5801 cum

2102 5802 2202 5844 Am.
2231 5807 2279 5847 ct
2298 5806 2370 5847 Er.
2389 5802 2493 5864 pro,
2518 5809 2561 5853 et
2579 5802 2743 5868 dedit,
2765 5802 3011 5867 ferunﬁet
3029 5802 3181 5863 debet.
