3886 6188
164 417 269 475 925

166 533 402 595 nondum
429 528 707 595 acceperat
734 519 758 574 ἳ
784 514 967 573 Fidem
1012 510 1259 576 habebat,
1288 506 1535 562 virtutem
1581 499 1747 556 hahe-

169 630 277 690 bat,
304 636 456 695 spem
489 616 736 680 habebat,
765 608 1023 666 charitate
1062 602 1338 695 flagrabat,
1359 598 1585 652 virtutes
1622 606 1752 694 ope—

169 682 408 778 rabatur,
441 703 789 765 invictissime
829 694 1170 771 praedicabat,
1199 704 1386 747 omnes
1426 682 1753 757 persecutio-

171 821 267 863 nes
297 775 582 864 tolerabat,
611 796 665 849 in
693 790 941 849 omnibus
969 786 1194 857 patiens,
1221 793 1407 836 amans
1433 775 1750 837 Ecclesiam,

170 890 585 952 sollicitudinem
623 883 861 939 omnium
902 875 1263 933 Ecclesiarum
1301 869 1465 926 corde
1503 875 1749 937 gestans:

170 985 291 1059 quid
322 979 563 1038 nondum
590 969 901 1042 acceperat?
934 966 1054 1022 Non
1079 965 1198 1035 quia
1216 964 1330 1035 jam
1350 957 1646 1037 acceperim,
1666 963 1756 1008 aut

165 1044 558 1149 j'am'perfeclus
593 1067 710 1120 sim.
740 1059 878 1128 Quid
904 1067 985 1114 est
1017 1055 1157 1127 quod
1192 1051 1363 1108 dicis?
1390 1050 1549 1113 Dicis,
1581 1054 1634 1102 et
1659 1044 1758 1099 mi—

173 1139 352 1226 ramur
374 1139 406 1230 ;⁷
442 1160 602 1223 dicis,
633 1164 689 1212 et
722 1165 1019 1223 stupemus.
1049 1148 1298 1204 Novimus
1330 1144 1473 1200 enim
1509 1139 1634 1211 quid
1665 1155 1756 1192 au-

172 1262 381 1317 diamus
404 1273 421 1310 :
451 1252 579 1324 quid
605 1246 778 1305 dicis?
806 1244 1035 1307 Fratres,
1057 1241 1150 1295 ait.
1175 1237 1310 1307 Quid
1329 1245 1411 1292 est
1431 1234 1571 1303 quod
1591 1231 1757 1286 dicis?

172 1348 297 1422 quid
327 1320 509 1402 dicis?
546 1339 660 1411 Ego
697 1352 776 1391 me
812 1351 913 1390 non
954 1332 1170 1386 arbitror
1208 1324 1616 1398 appreltendisse.
1654 1320 1759 1376 No-

174 1415 283 1504 lite,
317 1435 512 1507 inquit,
543 1432 596 1486 in
626 1444 715 1484 me
737 1427 847 1482 falli
873 1442 885 1479 :
918 1423 1040 1494 plus
1063 1436 1150 1476 me
1178 1418 1292 1488 ipse
1320 1415 1442 1470 novi
1467 1428 1626 1483 quam
1642 1425 1755 1465 vos.

174 1534 228 1591 Si
257 1502 450 1586 nescio
470 1523 594 1595 quid
627 1519 756 1575 mihi
782 1516 955 1579 desit;
986 1513 1168 1568 nescio
1192 1508 1317 1580 quid
1355 1506 1513 1562 adsit.
1544 1502 1654 1574 Ego
1683 1517 1761 1555 me

174 1627 344 1697 ipsum
372 1594 734 1673 nouiarbitror
762 1605 1173 1679 apprehendisse.
1209 1599 1378 1655 Unum
1423 1606 1588 1650 autem
1615 1611 1634 1648 :
1662 1594 1763 1648 hoc

177 1686 283 1772 non
339 1727 432 1768 me
480 1707 712 1762 arbitror
757 1696 1194 1770 apprehendissc.
1247 1690 1406 1745 Multa
1461 1686 1658 1751 habeo,
1707 1692 1764 1739 et

178 1820 345 1862 unum
402 1799 639 1857 nondum
692 1788 1038 1862 apprehendi.
1083 1783 1254 1840 Unam
1280 1774 1398 1851 petii
1443 1795 1476 1832 a
1520 1775 1760 1839 Domino,

178 1902 315 1953 hanc
349 1892 626 1964 requiram.
676 1883 811 1954 Quid
851 1879 1052 1952 petisti,
1093 1885 1185 1930 aut
1220 1873 1346 1944 quid
1387 1868 1645 1941 requiris?
1696 1866 1766 1920 Ut

177 1960 456 2044 inhabilem
481 1983 536 2035 in
584 1980 733 2032 domo
761 1970 970 2028 Domini
1013 1984 1100 2038 per
1129 1980 1299 2020 omnes
1337 1963 1442 2016 dies
1481 1960 1593 2014 vita:
1618 1972 1760 2011 mete.

182 2076 423 2149 thnid?
464 2071 534 2127 Ut
571 2065 877 2136 contempler
909 2057 1288 2114 delectationem
1332 2051 1535 2106 Domini
1577 2046 1760 2120 (Psal.

180 2140 330 2233 xxvi,
359 2166 394 2221 ι
422 2165 461 2237 ).
499 2161 677 2233 Ipsum
706 2163 791 2212 est
817 2168 1002 2216 unum,
1035 2146 1175 2220 quod
1209 2161 1268 2201 se
1295 2143 1504 2199 dicebat
1530 2140 1763 2195 nondum

181 2229 606 2330 apprehendisse
631 2244 956 2318 Apostolus:
987 2249 1041 2295 et
1068 2246 1322 2309 quantum
1363 2234 1438 2288 illi
1479 2231 1679 2293 deerat,
1713 2229 1765 2282 in

183 2363 388 2407 tantum
412 2344 647 2401 nondum
667 2339 937 2413 perfectus
959 2338 1094 2389 erat.

244 2438 483 2498 CAPUT
513 2435 652 2491 XIV.
672 2412 746 2473 λ-
774 2432 862 2485 17.
890 2426 1112 2481 Martha:
1148 2432 1194 2477 et
1220 2419 1403 2475 Mariis
1431 2418 1609 2487 ofﬁcia.
1637 2412 1768 2468 Con-

185 2529 468 2599 templatio.
499 2521 848 2587 Meministis,
892 2517 1082 2573 fratres
1119 2511 1254 2578 mei,
1286 2506 1603 2577 evangelicae
1629 2503 1769 2558 illius

186 2623 463 2687 lectionis,
517 2617 606 2672 ubi
652 2614 771 2669 dure
809 2623 1023 2666 sorores
1064 2603 1344 2660 Dominum
1384 2605 1765 2667 susceperunt,

186 2714 390 2771 Martha
433 2719 491 2765 et
535 2705 716 2761 Maria.
764 2701 920 2757 Certe
967 2694 1239 2752 recolitis:
1269 2690 1471 2746 Martha
1515 2688 1568 2741 in
1606 2687 1772 2740 multo

146 2802 159 2821 ί
187 2802 488 2863 ministerio
508 2793 922 2854 conversabatur
939 2795 995 2844 et
1018 2791 1270 2853 occupata
1292 2787 1406 2836 erat
1425 2778 1566 2833 circa
1588 2789 1772 2830 curam

187 2901 408 2960 domus;
433 2892 630 2963 quippe
663 2883 944 2940 Dominum
973 2875 1205 2946 hospitio
1232 2876 1506 2939 receperat
1530 2876 1584 2921 et
1609 2864 1773 2920 disci-

190 2989 344 3061 pulos
366 2957 488 3055 ejus
514 2957 868 3046 ’.Satagehat
898 2968 1046 3024 omni
1084 2979 1210 3021 cura
1250 2957 1641 3030 religiosissima
1662 2995 1677 3021 ,
1709 2968 1777 3008 ne

193 3047 361 3135 sancti
389 3047 533 3145 apud
553 3085 670 3126 eam
699 3067 857 3122 ullam
885 3067 1187 3132 paterentur
1207 3052 1474 3122 injuriam.
1496 3047 1632 3102 Cum
1652 3060 1777 3116 ergo

193 3181 333 3229 esset
357 3141 617 3235 occupata
630 3148 777 3217 ‘circa
798 3154 1022 3211 multum
1051 3146 1418 3205 ministerium,
1441 3141 1601 3196 Maria
1626 3151 1780 3193 soror

195 3266 308 3335 ejus
329 3228 556 3317 sedebat
576 3253 641 3307 ad
669 3248 831 3321 pedes
858 3241 1105 3305 Domini,
1133 3247 1188 3295 et
1209 3235 1429 3292 verbum
1457 3232 1571 3301 ejus
1593 3228 1779 3284 audie-

196 3319 300 3410 bat.
334 3352 429 3406 Illa
463 3348 517 3403 in
540 3319 722 3400 labore
750 3329 1202 3394 stomachabunda
1223 3371 1237 3394 ,
1274 3324 1417 3397 quod
1445 3322 1587 3378 illam
1630 3319 1779 3373 vide-

196 3459 277 3505 ret
315 3444 632 3504 sedentem,
670 3447 724 3492 et
757 3433 825 3488 de
860 3430 971 3485 suis
1003 3423 1274 3481 laboribus
1307 3419 1438 3473 nihil
1471 3422 1741 3471 curantem
1762 3452 1777 3477 ,

200 3535 562 3607 interpellavit
586 3529 865 3584 Dominum
892 3540 905 3574 :
937 3519 1149 3584 Placet,
1180 3512 1366 3583 inquit,
1396 3510 1517 3574 tibi,
1543 3505 1779 3604 Domine,

197 3630 331 3701 quod
342 3593 508 3681 Isoror
522 3637 632 3675 mea
657 3614 873 3672 deseruit
896 3627 992 3673 me,
1022 3616 1069 3661 et
1087 3621 1197 3661 ecce
1220 3611 1412 3656 tantum
1430 3600 1486 3652 in
1508 3593 1785 3649 ministerio

198 3684 374 3779 laboro
392 3720 418 3773 ?
447 3717 516 3771 Et
545 3710 803 3768 Dominus
830 3723 844 3758 :
874 3700 1081 3757 Mart/ta
1102 3739 1116 3762 ,
1143 3693 1349 3749 Martha
1367 3732 1382 3754 ,
1413 3690 1545 3743 circa
1572 3684 1783 3738 multant

198 3833 248 3871 es
274 3817 544 3880 occupatu.
578 3802 739 3856 Porro
763 3811 918 3851 unum
945 3800 1015 3847 est
1044 3783 1396 3842 necessarium.
1419 3777 1587 3832 Maria
1607 3774 1783 3827 melio-

197 3922 300 3960 rem
340 3865 542 3972 partem
571 3892 745 3964 elegit,
781 3901 893 3952 quae
918 3898 1018 3937 non
1052 3881 1310 3948 auferetur
1341 3870 1402 3924 ab
1428 3885 1487 3923 ea
1521 3865 1679 3937 (Luc.
1694 3877 1745 3972 Ix
1768 3902 1782 3926 ,

441 3990 524 4046 Tu
550 3954 765 4048 bonam,
789 3977 882 4034 sed
907 3978 1006 4031 ista
1027 3968 1325 4026 meliorem.
1348 3961 1428 4017 Tu
1452 3960 1642 4066 bonam
1669 3954 1786 4066 (bo;

200 4106 327 4145 nam
357 4044 443 4142 est
460 4082 603 4139 enim
630 4070 934 4132 conversari
958 4068 1010 4122 in
1032 4057 1289 4129 obsequio
1312 4049 1665 4118 sanctorum),
1692 4044 1787 4101 sed

200 4137 624 4239 meliorem.
645 4166 883 4234 Denique
902 4156 1042 4230 quod
1063 4164 1117 4209 tu
1137 4147 1365 4219 elegiSti,
1391 4143 1595 4200 transit.
1612 4137 1787 4193 Minis-

204 4286 312 4331 tras
330 4264 714 4326 esurientibus,
728 4233 995 4312 ministras
1010 4243 1328 4307 sitientibus,
1346 4237 1586 4293 ministra
1597 4264 1613 4281 ε
1627 4233 1792 4288 lectu-

203 4325 631 4421 losidormituris,
649 4348 853 4421 praebes
863 4343 1080 4398 domum
1093 4334 1329 4390 habitare
1341 4325 1664 4383 volentibus:
1679 4336 1795 4376 om-

321 4457 422 4508 ista
441 4418 739 4504 transeunt.
764 4438 875 4492 Erit
893 4445 1101 4501 tempus
1123 4426 1381 4483 ubinemo
1401 4418 1618 4483 esuriat,
1638 4427 1794 4470 nemo

204 4548 385 4607 sitiat,
413 4552 573 4597 nemo
599 4532 826 4590 dormiat
853 4531 896 4580 ³.
930 4527 1068 4593 Ergo
1102 4534 1228 4575 cura
1257 4527 1343 4571 tua
1369 4512 1638 4567 auferetur
1660 4522 1689 4561 a
1721 4514 1790 4559 te.

210 4596 384 4693 Mariti
414 4630 668 4686 meliorem
692 4620 837 4691 elegit
864 4624 1075 4689 partem,
1096 4623 1208 4681 qute
1233 4622 1331 4660 non
1358 4607 1610 4674 auferetur
1630 4596 1692 4650 ab
1717 4611 1794 4648 ea.

215 4729 265 4783 Ν
268 4747 336 4783 οη
355 4729 618 4797 auferetur
639 4733 657 4771 :
674 4706 1022 4779 contemplari
1049 4702 1224 4773 elegit,
1247 4697 1410 4753 verbo
1426 4696 1602 4749 vivere
1617 4691 1795 4760 elegit.

209 4817 397 4888 Qualis
421 4782 523 4869 erit
548 4809 653 4864 vita
678 4805 747 4861 de
776 4801 954 4858 Verbo
978 4796 1095 4851 sine
1124 4787 1328 4846 verbo?
1352 4782 1509 4841 Modo
1530 4785 1627 4837 ista
1655 4782 1800 4835 vive-

215 4874 308 4966 bat
336 4908 404 4963 de
430 4903 611 4960 Verbo
632 4944 645 4965 ,
668 4897 764 4955 sed
784 4899 1008 4951 sonante
1028 4886 1209 4942 verbo.
1238 4882 1356 4937 Erit
1380 4881 1483 4933 vita
1513 4876 1580 4931 de
1604 4874 1798 4938 Verbo,

216 4965 367 5060 nullo
395 5003 621 5053 sonante
646 4989 828 5045 verbo.
859 4985 1035 5054 Ipsum
1065 4975 1298 5033 Verbum
1337 4970 1443 5024 vita
1470 4976 1569 5023 est.
1601 4965 1804 5020 Similes

216 5096 265 5148 ei
290 5092 501 5154 erimus,
523 5083 762 5156 quoniam
790 5074 1060 5132 videbimus
1084 5083 1197 5123 eum
1221 5062 1368 5119 sicuti
1388 5070 1457 5114 est
1482 5057 1521 5129 (l
1547 5056 1701 5109 Joan.
1727 5071 1801 5120 iu,

220 5146 304 5256 2).
337 5181 456 5250 Ipsa
483 5146 598 5232 erat
630 5186 733 5227 una
754 5211 768 5236 ,
814 5176 871 5220 ut
912 5157 1360 5227 contemplaretur
1400 5146 1805 5203 delectationem

222 5251 460 5332 Domini.
518 5266 631 5322 lloc
668 5264 722 5318 in
755 5255 935 5315 seaculi
977 5252 1131 5323 hujus
1166 5252 1321 5301 nocte
1358 5258 1463 5297 non
1510 5251 1805 5310 pOSsumus.

228 5330 389 5423 sione
408 5362 582 5416 astabo
614 5356 736 5419 tibi,
763 5362 809 5407 et
839 5342 1211 5414 contmplabor
1237 5336 1405 5410 (Psal.
1436 5350 1490 5397 v,
1520 5330 1596 5403 5).
1632 5330 1772 5423 Ergo
1795 5369 1808 5389 ,

231 5459 383 5530 Ego,
429 5450 630 5522 inquit,
671 5462 747 5499 me
789 5458 891 5497 non
926 5438 1146 5491 arbitror
1188 5424 1596 5500 appreltendisse.
1644 5420 1813 5476 Unum

227 5562 420 5606 autem.

302 5713 317 5742 ί
344 5701 646 5765 Μωιιιδειδὶριί
661 5739 674 5759 ,
702 5695 835 5748 circa
857 5701 1042 5765 curam.
1061 5674 1815 5765 Domoquippen.aomiqurnl'eﬁ

302 5775 323 5804 ¹
345 5744 646 5821 ἶῖιωὲίνῖἔῆ
658 5744 840 5819 lemma;
861 5752 942 5804 ubi
971 5744 1472 5821 neque
1491 5744 1618 5790 sitiat
1634 5775 1647 5799 ,
1684 5746 1821 5786 nemo

238 5811 724 5888 άοηῆἰτῖιῖιξιιέέι.
751 5811 802 5871 et
824 5827 940 5866 Ven.
966 5811 1123 5865 secuti
1140 5819 1324 5857 sumus.
1387 5811 1442 5853 ιι.

1604 378 1831 440 δειιιιο
1868 381 2072 440 CLXX.

3323 390 3430 446 920

1929 501 2155 558 CAPUT
2184 502 2296 557 XV.
2323 533 2392 542 —
2420 504 2505 559 i8.
2534 503 2910 574 Proficiendum
2940 523 3135 579 semper
3160 506 3213 560 in
3245 508 3325 560 ria
3363 515 3432 560 ad

1864 591 2040 647 Deum.
2068 593 2206 660 Quid
2233 611 2358 666 ergo
2385 597 2558 651 facio?
2588 597 2713 664 Qua:
2737 606 2872 652 retro
2895 597 3111 662 oblitus,
3147 597 3201 650 in
3226 612 3286 649 ea
3319 612 3438 666 (flre

1860 696 1976 740 ante
2000 696 2114 741 sunt
2142 697 2397 755 extentus,
2434 691 2707 744 secundum
2741 690 3063 744 intentionem
3094 704 3293 757 sequor.
3323 688 3431 741 Ad-

1861 776 1965 831 huc
2009 791 2204 847 sequor
2248 793 2265 831 :
2303 778 2371 831 ad
2414 779 2635 849 palmam
2666 795 2899 849 superna
2938 778 3209 833 vocationis
3249 775 3342 830 Dei
3380 779 3431 829 in

1860 864 2059 921 Christo
2100 865 2246 921 Jesu.
2292 867 2479 922 Adhuc
2517 882 2737 938 sequor,
2766 868 2943 925 adhuc
2981 869 3231 937 proficio,
3261 868 3435 922 adhuc

1863 956 2077 1011 ambulo
2099 999 2115 1024 ,
2143 958 2316 1013 adhuc
2345 959 2395 1013 in
2430 959 2510 1013 via
2539 975 2677 1023 sum,
2707 959 2882 1015 adhuc
2909 976 2994 1014 me
3021 958 3268 1022 extendo,
3300 973 3435 1014 non-

1860 1047 1986 1102 dum
2017 1050 2257 1117 perveni.
2286 1050 2423 1119 Ergo
2447 1050 2492 1105 si
2519 1058 2574 1105 et
2598 1060 2650 1104 tu
2678 1050 2937 1115 ambulas,
2964 1049 3009 1104 si
3031 1060 3081 1103 te
3104 1049 3368 1114 extendis,
3389 1050 3433 1101 si

1861 1156 1924 1196 ea
1953 1155 2072 1211 qua:
2096 1148 2316 1196 ventura
2355 1148 2479 1196 sunt
2517 1140 2751 1211 cogitas;
2781 1140 3098 1197 obliviscere
3128 1139 3393 1210 praeterita
3412 1179 3429 1203 ,

1864 1231 1971 1286 noli
1994 1232 2049 1286 in
2075 1246 2136 1286 ea
2164 1231 2431 1300 respicere
2453 1272 2468 1296 ,
2495 1248 2562 1286 ne
2592 1232 2661 1286 ibi
2689 1246 2967 1286 remaneas
2994 1231 3084 1286 ubi
3109 1231 3432 1299 respexeris.

1865 1321 2184 1378 Mementote
2209 1323 2390 1376 uxoris
2417 1321 2517 1376 Lot
2546 1320 2706 1393 (Luc.
2729 1338 2857 1388 xvu,
2890 1319 3018 1392 52).
3049 1320 3299 1390 Quotquot
3321 1337 3436 1390 ergo

1866 1415 2110 1484 perfecti,
2138 1414 2233 1469 hoc
2258 1414 2533 1485 sapiamus.
2562 1415 2808 1481 Dixerat,
2847 1415 2961 1469 Non
2990 1430 3105 1470 sum
3134 1416 3396 1484 perlectus
3420 1453 3435 1476 ,

1865 1516 1920 1561 et
1941 1506 2100 1573 dicit,
2132 1507 2384 1578 Quotquot
2405 1507 2633 1578 perfecti,
2664 1509 2757 1561 hoc
2785 1507 3059 1576 sapiamus.
3114 1506 3218 1575 Ego
3241 1522 3319 1558 me
3339 1521 3437 1557 non

1865 1597 2081 1652 arbitror
2116 1599 2526 1669 apprehendisse.
2564 1598 2685 1653 Non
2711 1600 2830 1671 quia
2853 1599 2968 1669 jam
2994 1597 3270 1665 acceperim
3293 1635 3307 1657 ,
3352 1602 3439 1647 aut

1857 1690 1973 1761 jam
2007 1692 2254 1762 perfectus
2294 1691 2389 1744 sim
2421 1701 2516 1746 :et
2560 1690 2724 1753 dicit,
2770 1690 3020 1759 Quotquot
3060 1686 3301 1758 perfecti,
3347 1687 3440 1739 hoc

1866 1780 2144 1848 sapiamus.
2163 1780 2412 1845 Perfecti,
2438 1791 2493 1836 et
2518 1796 2623 1835 non
2654 1779 2871 1850 perfecti
2902 1795 2915 1831 :
2948 1776 3166 1846 perfecti
3191 1777 3437 1838 viatores,

1868 1868 2107 1924 ncndum
2150 1870 2370 1939 perfecti
2408 1884 2766 1940 possessores.
2811 1868 2880 1922 Et
2906 1876 2964 1921 ut
3009 1866 3264 1920 noveritis
3301 1866 3441 1935 quod

1869 1958 2136 2030 perfectos
2172 1960 2400 2016 viatores
2436 1960 2619 2025 dicat;
2665 1959 2755 2029 qui
2777 1958 2889 2027 jam
2931 1957 2985 2011 in
3017 1957 3098 2011 via
3134 1955 3440 2019 ambulant,

1869 2052 2088 2122 perfecti
2113 2052 2343 2108 viatores
2364 2050 2489 2106 sunt
2521 2069 2534 2104 :
2562 2059 2622 2105 ut
2647 2050 2787 2105 scias
2813 2049 3039 2102 viatores
3062 2062 3182 2100 cum
3212 2045 3409 2099 dixisse
3426 2082 3442 2108 ,

1870 2159 1975 2197 non
2013 2141 2368 2207 habitatores,
2405 2156 2508 2195 non
2549 2153 2914 2209 posseSsores;
2942 2136 3065 2191 audi
3100 2135 3240 2205 quod
3266 2136 3443 2202 sequi-

1873 2247 1956 2291 tur
1989 2254 2002 2288 :
2034 2234 2288 2303 Quotquot
2312 2249 2431 2303 ergo
2461 2232 2700 2302 perfecti,
2733 2232 2826 2284 hoc
2849 2229 3125 2299 sapiamus.
3157 2226 3221 2279 Et
3259 2226 3301 2281 si
3328 2226 3448 2295 quid

1868 2326 2017 2383 aliter
2041 2327 2238 2395 sapitis,
2270 2341 2336 2380 ne
2357 2325 2493 2380 forte
2521 2324 2773 2393 subrepat
2791 2322 2955 2384 vobis,
2989 2321 3111 2388 quia
3138 2333 3231 2373 vos
3250 2318 3448 2387 aliquid

1872 2419 2020 2475 estis.
2048 2419 2148 2485 Qui
2171 2426 2350 2472 autem
2380 2429 2439 2470 se
2462 2416 2634 2484 ipsum
2658 2424 2803 2483 putat
2826 2429 2948 2470 esse
2975 2410 3193 2481 aliquid,
3225 2427 3344 2466 cum
3372 2410 3451 2464 ni-

1877 2509 1949 2564 hil
1975 2510 2074 2574 sit,
2104 2523 2162 2562 se
2184 2508 2353 2578 ipsum
2382 2506 2585 2561 seducit
2609 2504 2802 2578 (Galat.
2828 2521 2904 2570 vn,
2932 2504 3010 2576 5).
3045 2504 3112 2558 Et
3138 2502 3228 2573 qui
3258 2517 3319 2557 se
3352 2516 3451 2570 pu-

1877 2610 1953 2656 tat
1979 2600 2174 2669 aliquid
2199 2600 2359 2663 scire,
2389 2597 2613 2653 necdum
2642 2598 2743 2652 scit
2776 2598 2790 2629 ¹
2819 2595 3266 2665 quemadmodum
3295 2608 3455 2662 opor-

1878 2703 1953 2761 tet
1979 2695 2115 2750 scire
2150 2693 2189 2765 (l
2216 2691 2337 2749 Cor.
2368 2708 2480 2752 vni.
2508 2692 2587 2763 9.).
2618 2691 2777 2761 Ergo,
2802 2690 2868 2744 Et
2889 2690 2932 2744 si
2951 2689 3071 2762 quid
3091 2689 3236 2742 aliter
3253 2687 3450 2756 sapitis,

1877 2786 2029 2856 quasi
2057 2784 2261 2855 parvuli
2285 2802 2299 2850 ;
2326 2784 2380 2837 id
2405 2799 2600 2855 quoque
2624 2781 2759 2836 vobis
2795 2780 2933 2835 Deus
2957 2779 3211 2834 reuelabit.
3252 2777 3460 2831 Verum.

1879 2886 2044 2932 tamen
2063 2877 2118 2931 iu
2136 2892 2234 2945 quo
2254 2875 2568 2947 pervenimus
2591 2915 2605 2939 ,
2645 2874 2697 2926 in
2718 2889 2774 2926 eo
2800 2871 3130 2926 ambulemus.
3165 2869 3233 2925 Ut
3260 2869 3460 2922 revolet

1880 2968 2033 3024 nobis
2062 2968 2200 3022 Deus
2227 2975 2281 3020 et
2304 2966 2442 3036 quod
2483 2964 2639 3019 aliter
2676 2964 2910 3032 sapimus
2934 3005 2948 3027 ,
2987 2961 3041 3015 in
3082 2976 3185 3031 quo
3214 2959 3460 3027 perveni—

1881 3075 2032 3123 mus,
2064 3074 2167 3112 non
2196 3058 2246 3117 in
2274 3072 2340 3111 eo
2382 3070 2751 3111 remaneamus
2772 3096 2786 3121 ,
2817 3053 2908 3107 sed
2938 3054 2989 3107 in
3016 3067 3082 3107 eo
3106 3050 3457 3105 ambulemus.

1881 3150 2087 3206 Videtis
2110 3151 2232 3220 quia
2255 3150 2715 3204 viatores~sumus.
2766 3147 2946 3202 Dicitis
2965 3187 2979 3211 ,
3009 3144 3145 3212 Quid
3170 3151 3252 3200 est
3275 3143 3461 3197 ambae

1882 3240 2033 3297 lare?
2056 3240 2294 3295 Breviter
2322 3240 2442 3294 dico
2461 3281 2475 3303 ,
2508 3239 2792 3301 Proficcrc;
2821 3251 2889 3291 ne
2911 3238 3043 3290 forte
3069 3250 3173 3289 non
3200 3234 3461 3298 intelliga-

1886 3334 1952 3388 tis
1975 3376 1990 3399 ,
2023 3343 2077 3388 et
2101 3333 2298 3403 pigrius
2325 3329 2627 3384 ambulctis.
2662 3328 2905 3382 Prolicitc
2924 3369 2939 3392 ,
2969 3310 3159 3381 fratres
3182 3329 3282 3378 mei
3304 3366 3319 3389 ,
3354 3326 3463 3375 dis-

1885 3426 2046 3481 eutite
2074 3441 2169 3479 vos
2188 3438 2400 3491 semper
2421 3423 2535 3476 sine
2557 3421 2701 3483 dolo,
2727 3420 2842 3472 sine
2862 3416 3186 3479 adulatione,
3213 3416 3327 3467 sine
3353 3414 3463 3482 palo

1887 3517 2119 3586 patione.
2164 3513 2281 3568 Non
2310 3512 2451 3566 enim
2487 3510 2677 3579 aliquis
2702 3518 2784 3563 est
2819 3508 2961 3560 intus
2996 3516 3200 3569 tecum,
3231 3504 3312 3557 cui
3340 3518 3466 3555 eru-

1887 3606 2095 3670 bescas,
2122 3612 2177 3659 et
2191 3604 2364 3673 jactcs
2390 3611 2461 3654 te.
2496 3600 2590 3653 Est
2615 3598 2706 3661 ibi,
2738 3597 2830 3653 sed
2857 3596 2940 3650 cui
2963 3595 3135 3664 placet
3160 3592 3429 3646 humilitas
3449 3631 3466 3655 ,

1888 3698 2003 3766 ipse
2046 3703 2097 3749 te
2151 3692 2358 3762 probet.
2409 3689 2579 3744 Proba
2614 3697 2669 3742 et
2716 3696 2767 3741 te
2796 3686 2965 3755 ipsum
2997 3693 3052 3737 tu
3078 3684 3214 3753 ipse.
3241 3681 3466 3747 Semper

1890 3787 1983 3841 tibi
2011 3785 2286 3854 displiceat
2312 3781 2454 3851 quod
2501 3795 2590 3845 es,
2618 3779 2662 3834 si
2704 3777 2783 3832 vis
2814 3775 3094 3848 pervenire
3134 3772 3202 3827 ad
3242 3772 3293 3827 id
3326 3771 3465 3842 quod

1890 3877 2123 3933 nondum
2154 3891 2233 3931 es.
2260 3875 2392 3929 Nam
2425 3873 2512 3927 ubi
2540 3873 2635 3927 tibi
2659 3868 2934 3941 placuisti,
2967 3868 3037 3924 ibi
3068 3865 3386 3921 remansisti.
3412 3863 3471 3920 Si

1892 3983 2067 4026 autem
2111 3969 2342 4031 dixeris,
2389 3966 2628 4030 Sufﬁcit;
2679 3976 2733 4018 et
2772 3962 2951 4032 peristi
2980 3979 2993 4013 :
3023 3960 3249 4029 Semper
3296 3956 3430 4012 adde
3455 3996 3469 4019 ,

1892 4078 2103 4133 semper
2129 4060 2338 4116 ambula
2363 4102 2377 4125 ,
2418 4073 2627 4126 semper
2670 4055 2866 4124 profice
2894 4070 2909 4106 :
2941 4052 3046 4106 noli
3077 4052 3128 4105 in
3173 4053 3257 4104 via
3299 4062 3471 4103 rema-

1863 4170 1869 4177 ‘
1895 4172 2023 4212 nere
2046 4197 2060 4221 ,
2094 4155 2197 4209 noli
2225 4162 2365 4208 retro
2405 4151 2578 4206 redire
2601 4190 2616 4212 ,
2661 4148 2765 4203 noli
2795 4146 3030 4201 deviare.
3065 4144 3350 4206 Remanct,
3378 4140 3470 4211 qui
3560 4208 3561 4211 η

1897 4263 2001 4303 non
2029 4245 2271 4316 proficit;
2304 4252 2448 4297 retro
2475 4240 2643 4302 redit,
2683 4238 2771 4308 qui
2818 4236 2883 4291 ad
2914 4252 2974 4291 ea
3023 4234 3306 4290 revolvitur
3333 4230 3473 4286 unde

1892 4341 2001 4412 jam
2031 4340 2392 4400 abscesserat;
2420 4334 2624 4395 deviat,
2648 4330 2735 4402 qui
2756 4337 3036 4399 apostatat.
3059 4326 3245 4382 Melius
3274 4325 3313 4377 it
3332 4324 3476 4378 clau-

1897 4432 1996 4488 dus
2022 4431 2075 4487 in
2103 4429 2188 4486 via
2216 4431 2259 4495 ²,
2286 4442 2446 4499 quam
2492 4438 2676 4480 cursor
2705 4430 2898 4491 praeter
2927 4420 3084 4474 viam.
3113 4414 3366 4472 Conversi
3406 4413 3473 4468 ad

1900 4523 2177 4578 Dominum
2191 4554 2208 4581 9
2245 4528 2349 4575 etc.

2000 4612 2023 4637 Ι

2370 4626 2599 4686 SERMO
2635 4622 2823 4680 cr.xx
2855 4628 2871 4644 ο
2902 4620 3001 4692 (α).

1906 4749 1983 4803 De
2036 4749 2211 4802 iisdem
2252 4744 2406 4800 verbis
2450 4738 2677 4812 Apostoli
2701 4779 2715 4801 ,
2753 4735 2963 4802 Philipp
2993 4775 3006 4797 ,
3034 4749 3146 4801 cap.
3182 4746 3234 4783 Ill
3257 4770 3271 4791 ,
3309 4726 3439 4783 6-16
3462 4766 3476 4788 ,

1977 4838 2278 4893 Secundum
2325 4832 2578 4904 justitiam
2605 4842 2723 4897 quas
2762 4841 2826 4881 ex
2866 4824 3005 4891 Lege
3030 4829 3138 4883 est,
3165 4819 3252 4887 qui
3286 4816 3473 4871 fuerim

1978 4934 2094 4988 sine
2121 4928 2335 5001 querela
2361 4968 2376 4992 ,
2401 4929 2530 4990 elc.,
2563 4920 2720 4989 deque
2743 4916 2901 4971 verbis
2930 4912 3120 4967 Psalmi
3148 4925 3287 4965 chu
3305 4950 3318 4973 ,
3353 4907 3478 4970 με,

1988 4997 2188 5078 Exaudi
2216 5031 2302 5072 me
2322 5017 2375 5069 in
2398 5020 2490 5067 tua
2513 5010 2736 5081 justitia,
2764 5015 2865 5060 etc.
2886 5046 2901 5069 ,
2941 5019 3000 5055 ac
3037 5009 3283 5070 postremo
3319 4998 3379 5050 de
3408 4997 3482 5049 le-

1982 5116 2143 5168 ctione
2162 5103 2421 5177 Evangelii
2439 5102 2470 5158 Ι
2475 5100 2671 5164 cannis,
2696 5115 2809 5167 cap.
2832 5110 2908 5160 v1,
2932 5092 3021 5159 59,
3041 5090 3299 5145 Voluntas
3316 5087 3486 5142 Patris

1985 5214 2068 5262 est
2086 5210 2145 5259 ut
2166 5199 2345 5257 omnia
2369 5211 2488 5268 qua:
2508 5193 2652 5249 dedit
2676 5189 2825 5256 mihi,
2850 5203 2954 5242 non
2977 5191 3220 5255 pereant,
3248 5191 3352 5237 etc.
3387 5179 3486 5251 (b).

1985 5316 2210 5377 CAPUT
2234 5313 2276 5368 l.
2302 5344 2371 5354 -—
2403 5312 2452 5366 ‘l.
2479 5307 2687 5362 Justitia
2712 5320 2773 5359 ex
2805 5302 2935 5374 Lege
2969 5298 3207 5370 Apostolo
3248 5295 3491 5348 damnum

1983 5478 1997 5507 ¹
2028 5473 2267 5522 Editioues
2282 5474 2356 5515 Er.
2381 5463 2536 5527 t.ngd._
2556 5467 2607 5527 et
2630 5467 2749 5527 Ven.

1983 5506 2002 5569 ί
2285 5506 2536 5580 ἱὶἑιέἑὶῗυὲὶ
2556 5506 2756 5584 claudus
2773 5531 2788 5579 ,'
2806 5516 2903 5573 alii,
2930 5511 3096 5584 Melius
3114 5517 3184 5562 est
3204 5506 3426 5560 claudus.

1984 5603 2000 5618 ‘
2028 5579 2315 5646 iiiiéndaiu's
2335 5579 2415 5641 erit
2435 5588 2494 5638 ad
2512 5600 2580 5636 cs.
2604 5582 2665 5646 cl.
2685 5590 2784 5629 Am.
2808 5584 2988 5626 Er.Par.
3014 5579 3122 5622 Iov.

1985 5645 2068 5715 (τις
2083 5656 2223 5715 Alias,
2242 5655 2308 5704 de
2323 5655 2561 5714 Tempore
2579 5645 2657 5694 49.
2816 5668 2839 5715 _-
2876 5695 3049 5715 --ηε-,ε

2243 5691 2558 5767 “Eeiia'daéhi
2591 5691 2833 5757 recenset
2876 5695 3112 5749 Possidius
3162 5697 3212 5747 in
3268 5691 3491 5753 lmilarlo,

1927 5783 2106 5849 capis.
