3886 6188
501 368 602 420 99.7

501 486 712 540 ridetur.
743 485 942 541 Divina:
966 487 1217 543 lectiones
1235 503 1423 545 omnes
1452 491 1521 545 ita
1542 489 1644 545 sibi
1668 498 2073 556 connectuntur,

500 588 748 646 unquam
770 591 874 632 una
896 577 966 633 sit
993 577 1148 635 lectio
1170 597 1184 634 :
1208 581 1333 651 quia
1355 596 1541 637 omnes
1562 597 1626 637 ex
1652 596 1759 637 uno
1779 596 1873 637 ore
1894 596 2081 651 proce-

492 666 646 719 dunt.
670 666 830 720 Multa
849 678 973 723 sunt
993 684 1085 725 ora
1107 671 1457 727 ministerium
1470 674 1732 728 sermonis
1743 674 2038 743 gerentium
2059 690 2073 727 :

494 756 588 811 sed
612 773 773 812 unum
802 768 885 814 est
904 773 966 814 os
995 761 1265 816 ministros
1286 762 1571 832 implentia.
1598 763 1910 831 Audivimus
1947 778 2077 832 apo-

490 848 731 903 stolicam
762 849 1079 915 lectionem,
1106 861 1161 907 et
1188 852 1326 908 forte
1351 854 1578 923 aliquem
1607 864 1814 909 moveat
1838 854 1978 924 quod
2002 853 2073 910 ibi

490 940 749 1009 scriptum
787 950 869 996 est
892 957 907 995 :
936 941 1226 997 Secundum
1240 945 1496 1014 justitiam
1522 961 1634 1016 quia
1657 963 1720 1000 ea:
1746 947 1854 1017 lege
1871 956 1962 1014 est,
1987 948 2074 1018 qui

490 1032 674 1099 fuerim
695 1032 804 1086 sine
816 1033 1038 1102 querela.
1057 1034 1183 1101 Quae
1199 1036 1323 1089 mihi
1342 1036 1484 1090 lucra
1503 1038 1721 1105 fuerunt,
1747 1037 1854 1093 hwc
1868 1047 2073 1109 prapter

489 1120 745 1177 Christum
761 1124 949 1177 damna
967 1141 1074 1180 esse
1091 1126 1235 1180 dumi.
1271 1128 1469 1182 Deinde
1491 1135 1704 1183 secutus
1725 1128 1824 1183 ait:
1848 1129 1968 1184 Non
1986 1146 2073 1185 so-

487 1213 594 1266 lum
619 1214 825 1277 damna,
853 1215 943 1269 sed
970 1216 1120 1269 etiam
1139 1226 1357 1271 stercora
1374 1219 1652 1274 existimavi
1671 1236 1808 1285 esse,
1833 1232 1890 1275 ut
1918 1220 2068 1277 Chri-

485 1313 618 1355 stum
639 1303 977 1372 lucrifaciam,
1001 1316 1047 1359 et
1066 1307 1289 1361 inveniar
1308 1307 1358 1361 in
1379 1307 1469 1362 illo
1485 1325 1584 1362 non
1602 1310 1788 1364 habens
1809 1313 2069 1382 meamju-

484 1395 673 1448 stitiam
691 1412 805 1466 quae
828 1413 892 1451 ex
909 1390 1016 1468 lege
1036 1409 1129 1464 est,
1147 1401 1235 1453 sed
1238 1402 1494 1469 justitiam
1517 1418 1631 1472 qute
1654 1412 1725 1457 est
1746 1420 1810 1457 ex
1828 1405 1930 1471 ﬁde
1941 1403 2067 1460 Iesu

485 1487 687 1542 Christi.
713 1489 989 1556 Quomodo
1009 1495 1148 1544 enim
1176 1503 1411 1546 stercora
1429 1494 1755 1548 existimavit
1775 1503 1830 1549 et
1848 1496 2061 1564 damna,

482 1578 774 1633 secundum
802 1580 1063 1648 justitiam
1091 1597 1208 1650 qua:
1237 1596 1300 1636 ex
1329 1582 1444 1652 lege
1472 1592 1589 1651 est,
1619 1586 1921 1640 conversari
1948 1587 2064 1643 sine

479 1668 722 1735 querela?
734 1668 861 1734 Quis
881 1670 1021 1723 enim
1040 1670 1209 1740 legem
1223 1670 1392 1725 dedit?
1410 1671 1596 1729 Nonne
1612 1674 1725 1743 ipse
1741 1674 1910 1746 legem
1926 1691 2062 1744 pra:-

484 1762 759 1832 misit,qui
792 1774 972 1833 postea
995 1764 1101 1819 reis
1125 1766 1256 1835 legis
1287 1780 1406 1821 cum
1437 1767 1759 1838 indulgentia
1779 1770 2060 1826 venit?Sed

481 1850 564 1905 his
590 1866 710 1906 cum
736 1854 1003 1909 credimus
1025 1855 1234 1910 venisse
1257 1870 1377 1910 cum
1408 1856 1750 1928 indulgentia,
1783 1875 1916 1929 quos
1941 1876 2061 1917 reos

411 1992 423 1999 .
479 1943 564 1998 lex
612 1946 844 1999 tenebat.
892 1946 1155 2015 Numquid
1202 1958 1378 2003 autem
1423 1950 1507 2005 lex
1556 1966 1676 2006 reos
1724 1954 1937 2008 tenebat
1965 1968 2060 2009 eos

477 2035 563 2102 qui
618 2036 910 2091 secundum
957 2037 1216 2106 justitiam
1268 2054 1388 2108 quae
1433 2056 1500 2094 ex
1552 2040 1664 2111 lege
1705 2050 1787 2096 est
1830 2057 2058 2098 conver-

476 2125 578 2178 sati
624 2135 749 2180 sunt
785 2127 900 2181 sine
950 2126 1210 2197 querela?
1267 2128 1323 2184 Si
1388 2143 1515 2200 ergo
1572 2130 1951 2202 indulgentiam
2004 2141 2059 2188 et

477 2219 686 2272 veniam
719 2229 1057 2287 peccatorum
1102 2219 1211 2274 reis
1241 2219 1371 2290 legis
1417 2221 1593 2297 attulit
1636 2222 1919 2288 Dominus,
1948 2239 2054 2278 non

471 2307 648 2361 attulit
692 2308 856 2362 Paulo
893 2310 1167 2378 apostolo,
1210 2310 1300 2379 qui
1329 2310 1458 2366 dicit
1483 2312 1599 2367 sine
1642 2316 1856 2383 querela
1900 2330 1959 2370 se
2000 2312 2053 2371 in

472 2399 589 2467 lege
630 2409 999 2454 convcrsatum
1021 2399 1045 2454 ?
1069 2399 1172 2455 Sed
1210 2401 1382 2470 ipsum
1433 2402 1709 2459 audiamus
1752 2405 1857 2460 alio
1887 2406 2004 2461 loco
2035 2425 2048 2461 :

473 2490 593 2544 Non
618 2507 683 2545 ea:
705 2492 955 2562 operibus,
988 2493 1192 2563 inquit,
1224 2509 1340 2561 quia
1365 2510 1458 2548 nos
1487 2496 1698 2564 fecimus
1717 2537 1730 2561 ,
1762 2498 1852 2551 sed
1874 2514 2055 2553 secun-

478 2580 599 2634 dum
619 2598 762 2634 suam
794 2583 1190 2637 misericordiam
1216 2584 1381 2638 salvos
1402 2600 1492 2639 nos
1511 2586 1659 2654 fecit,
1684 2604 1774 2656 per
1796 2590 2051 2646 lavacrum

469 2671 860 2740 regenerationis
911 2671 1041 2742 (Tit.
1087 2689 1141 2727 nt
1162 2715 1177 2737 ,
1206 2674 1283 2740 5).
1327 2675 1394 2730 Et
1413 2675 1607 2731 iterum
1631 2718 1647 2743 ,
1682 2677 1783 2744 Qui
1806 2681 1946 2750 prius
1975 2683 2052 2752 fui

465 2759 788 2829 blasphemus
804 2802 818 2826 ,
842 2770 891 2814 et
911 2772 1217 2831 persecutor,
1239 2774 1286 2818 et
1311 2764 1587 2837 injuriosus
1614 2783 1635 2822 :
1656 2770 1744 2824 sed
1763 2771 2046 2827 misericor-

464 2850 602 2905 diam
641 2861 935 2906 consecutus
956 2870 1068 2907 sum
1095 2853 1137 2925 (l
1162 2853 1291 2909 Tim.
1320 2872 1359 2923 t,
1392 2855 1504 2929 15),
1530 2866 1585 2912 et
1608 2859 1830 2930 reliqua.
1854 2861 1964 2917 Hac
1987 2878 2047 2920 se

463 2945 1121 3002 constituitconversatum
1139 2948 1189 3001 in
1211 2947 1328 3019 lege
1354 2948 1469 3004 sine
1498 2951 1734 3019 querela,
1766 2952 1865 3008 hac
1886 2955 2045 3010 talem
2081 3003 2084 3006 .

463 3051 522 3091 sc
533 3038 814 3093 conﬁtetur
828 3037 990 3093 fuisse
1007 3047 1362 3108 peccatorem,
1375 3052 1431 3094 ut
1446 3042 1622 3117 omnis
1634 3056 1878 3113 peccator
1888 3060 2045 3118 prop-

464 3138 609 3184 terea
647 3129 716 3184 de
742 3144 804 3185 se
829 3145 934 3186 non
960 3130 1240 3201 desperet,
1276 3132 1401 3202 quia
1430 3132 1623 3189 Paulus
1649 3138 1843 3191 interuit
1870 3138 2039 3194 indul-

458 3222 714 3292 gentiam.
797 3292 805 3297 _
1934 3221 1943 3230 ’

528 3320 755 3378 CAPUT
781 3320 992 3376 ll.—-—2.
1020 3321 1218 3378 Dictum
1246 3323 1474 3395 Apostoli
1493 3328 1565 3381 sic
1587 3331 1954 3401 accipiendum,
1986 3345 2042 3389 ut

457 3424 692 3468 caveatur
717 3432 857 3469 error
885 3413 1284 3470 Manichworum
1312 3417 1373 3471 de
1390 3418 1496 3490 lege
1516 3422 1684 3475 veleri.
1709 3421 1818 3478 Lex
1834 3425 1902 3478 ad
1919 3428 2042 3497 quid

463 3506 604 3560 data.
639 3506 901 3577 Originale
920 3518 1198 3577 peccatum.
1228 3507 1435 3576 Videte,
1468 3511 1681 3580 fratres,
1712 3526 1763 3570 et
1790 3516 1893 3572 vim
1921 3533 2039 3574 ser-

458 3598 632 3655 monis
676 3598 832 3668 hujus
876 3598 1190 3666 intuemini,
1232 3601 1501 3670 quomodo
1543 3603 1737 3660 Paulus
1765 3610 2039 3678 apostolus

453 3688 647 3744 damna
676 3689 944 3744 existimat
966 3698 1021 3745 et
1045 3701 1301 3755 stercora,
1333 3693 1421 3748 ubi
1448 3693 1563 3749 sine
1584 3697 1798 3766 querela
1825 3698 1953 3754 dicit
1977 3714 2037 3756 sc

451 3788 825 3834 conversatum
849 3778 1028 3836 fuisse.
1052 3780 1163 3836 Hac
1188 3780 1436 3852 impletor
1457 3784 1607 3854 legis.
1626 3786 1722 3842 hac
1743 3803 1865 3843 reus
1883 3790 2031 3861 legis,

453 3887 559 3925 uno
584 3872 879 3939 eodemque
907 3880 1147 3942 tempore
1166 3914 1180 3941 ,
1209 3885 1333 3929 ante
1368 3874 1694 3946 Baptismum
1717 3922 1731 3945 ,
1768 3890 1892 3937 ante
1914 3898 2031 3954 gra-

449 3962 597 4016 tiam.
628 3962 732 4018 Sed
761 3978 868 4018 non
895 3965 1011 4018 sine
1035 3979 1192 4019 causa
1232 3965 1423 4022 damna
1453 3983 1573 4024 esse
1610 3969 1739 4025 dicit
1768 3990 1782 4026 :
1813 3989 1878 4027 ne
1904 3976 2033 4030 sub-

449 4055 647 4110 intrent
675 4056 1021 4126 cogitationes
1050 4058 1222 4111 noxiae
1252 4099 1266 4121 ,
1302 4059 1401 4114 hoc
1428 4060 1549 4115 ideo
1586 4062 1786 4119 dixisse
1812 4077 2029 4135 aposto-

448 4146 555 4201 lum
588 4147 829 4213 Paulum,
851 4147 994 4218 quod
1022 4149 1157 4204 alius
1176 4148 1382 4204 dederit
1409 4150 1598 4221 legem,
1630 4154 1764 4209 alius
1790 4156 2031 4229 Evangc-

447 4237 572 4290 lium
602 4240 775 4293 :sicut
797 4238 1117 4295 Manichrcus
1142 4251 1320 4297 mente
1340 4258 1590 4312 perversa
1621 4247 1800 4317 sentit,
1828 4260 1881 4305 et
1902 4254 2027 4309 reli-

445 4329 535 4398 qui
564 4329 821 4397 harretici,
848 4332 936 4401 qui
964 4332 1231 4397 dixerunt,
1261 4336 1420 4389 alium
1447 4336 1610 4393 fuisse
1630 4338 1868 4397 datorem
1896 4345 2027 4415 legis

446 4433 566 4487 qum
581 4418 701 4472 data
720 4428 799 4473 est
816 4435 909 4488 per
924 4420 1162 4491 Moysen,
1179 4423 1340 4477 alium
1358 4435 1533 4481 autem
1549 4428 1847 4500 largitorem
1867 4451 2029 4490 cvan-

442 4509 624 4578 gelica:
643 4511 847 4579 gratiae;
874 4512 1019 4565 illum
1047 4513 1257 4581 quidem
1291 4516 1454 4570 Deum
1477 4521 1694 4589 malum,
1725 4524 1870 4579 illum
1898 4543 2024 4583 vero

447 4600 610 4655 Deum
638 4599 853 4653 bonum.
884 4600 1019 4669 Quid
1053 4602 1325 4669 miramur,
1357 4604 1591 4662 fratres?
1616 4610 1670 4664 ιη
1701 4613 2023 4673 obscuritate

441 4691 592 4761 legis,
626 4699 873 4761 tanquam
904 4694 956 4746 in
983 4693 1175 4748 clausis
1205 4694 1378 4764 ostiis,
1404 4697 1682 4769 caliginem
1707 4705 1852 4773 passi
1874 4717 2019 4775 sunt;

439 4783 559 4852 quia
605 4796 710 4836 non
758 4782 953 4851 pietate
991 4783 1355 4854 pulsaverunt.
1397 4785 1701 4846 Invenimus
1737 4794 2021 4864 aliquando

436 4873 682 4929 eumdem
728 4872 948 4930 Paulum
999 4876 1333 4944 apertissime
1361 4877 1569 4946 dicere,
1615 4882 1784 4954 legem
1826 4886 2019 4943 bonam

434 4982 556 5022 esse
585 4965 780 5040 (llam.
810 4983 879 5021 vn
901 5011 916 5036 ,
948 4965 1051 5040 12)
1085 4987 1099 5025 :
1128 4985 1287 5040 quam
1317 4979 1492 5027 tamen
1522 4972 1642 5030 ideo
1677 4975 1854 5031 datam
1893 4979 2020 5036 dicit

434 5075 576 5125 esse,
606 5068 663 5114 ut
682 5060 976 5116 abundaret
1000 5074 1308 5131 peceatum;
1335 5074 1389 5120 et
1417 5065 1538 5121 ideo
1565 5066 1867 5128 abundasse
1894 5089 2016 5142 pec-

433 5161 608 5206 eatum
631 5192 645 5216 ,
679 5162 734 5205 ut
773 5154 1227 5222 superabundaret
1269 5158 1434 5227 gratia
1468 5157 1574 5233 (Id.
1607 5177 1640 5215 ν
1664 5204 1678 5229 ,
1735 5163 1848 5234 20).
1875 5165 2018 5220 Prm-

432 5244 712 5297 sumcbaut
736 5245 877 5298 enim
908 5245 1150 5301 homines
1193 5247 1258 5302 de
1286 5249 1484 5304 viribus
1511 5253 1624 5306 suis
1647 5295 1662 5321 ,
1694 5264 1747 5310 et
1777 5256 2016 5315 faciendo

430 5335 686 5405 quidquid
713 5335 811 5391 sibi
837 5337 996 5392 licere
1016 5337 1428 5408 arbitrabantur,
1454 5345 1743 5412 peccahant
1765 5348 1815 5402 in
1845 5349 2012 5420 legem

433 5426 525 5478 Dei
555 5426 818 5480 occultam
851 5428 891 5481 ‘.
921 5427 1073 5484 Unde
1108 5430 1206 5485 ista
1251 5430 1335 5486 lex
1365 5433 1644 5489 manifesta
1681 5440 2012 5510 promulgata

430 5524 510 5568 est
539 5514 637 5581 eis,
662 5516 749 5584 qui
771 5517 990 5573 omnino
1016 5518 1113 5573 sibi
1143 5522 1217 5576 rei
1240 5536 1360 5578 esse
1387 5539 1492 5579 non
1517 5525 1845 5584 videbantur.
1880 5531 2010 5587 Data

431 5614 514 5658 est
541 5606 645 5659 illis
675 5608 754 5661 lex
786 5650 801 5675 ,
829 5625 938 5665 non
976 5627 1093 5680 quae
1120 5623 1329 5671 sanaret
1354 5658 1369 5683 ,
1413 5617 1505 5674 sed
1551 5635 1668 5689 qua:
1693 5630 2009 5693 aegrotantes

502 5777 520 5808 ⁸
535 5774 838 5828 Culhcrlinus
860 5788 939 5831 Ms.
965 5815 979 5833 .
1001 5784 1200 5837 occulte.

1758 371 1815 427 s.
1854 370 2222 430 AUGUSTINI
2259 374 2558 436 EPlSCOPl
3603 421 3684 480 92,

2190 490 2456 557 probaret.
2511 495 2617 550 Lex
2663 505 3013 568 praecucurrit
3060 517 3181 593 ante
3230 516 3468 576 medicum
3491 564 3505 591 ,
3549 538 3600 584 ut
3637 549 3683 592 se

2185 587 2446 685 aegrotus,
2591 601 2651 643 se
2670 603 2857 646 sanum
2889 586 3138 667 putabat,
3165 586 3681 685 inveniret

2182 680 2238 774 et
2264 670 2443 774 dixit‘:
2467 674 2590 730 Non
2615 683 2936 774 concupisces
2959 684 3133 761 (Rom.
3162 707 3253 762 vn,
3279 697 3355 770 7).
3382 700 3444 756 Et

2182 758 2358 816 datam
2407 764 2577 834 legem
2608 758 2978 839 praevaricatio
3020 758 3249 838 nondum
3278 758 3385 844 erat
3423 808 3438 846 :

2182 865 2284 905 non
2322 867 2432 956 est,
2459 857 2628 963 inquit
2651 901 2667 926 ,
2699 862 2814 929 les,
2854 882 2945 920 nec
2969 875 3305 937 praevaricatio
3340 879 3446 952 (14.
3472 900 3547 953 tv,
3580 892 3680 963 15):

2177 951 2337 997 antea
2381 945 2499 1000 sine
2526 947 2640 1018 lege
2672 955 3022 1025 peccabatur;
3070 961 3189 1018 data
3219 945 3485 1043 vero'lege

2175 1044 2335 1100 quam
2370 1046 2644 1103 peccatum
2672 1051 2776 1109 est,
2799 1047 3028 1116 amplius
3058 1063 3324 1121 peccatum
3350 1070 3444 1129 est,
3472 1044 3574 1133 quia
3594 1084 3681 1126 cum

2177 1126 2610 1193 prrevaricatione
2640 1147 2918 1202 peccatum
2945 1150 3029 1196 est
3054 1144 3092 1197 ⁸.
3118 1144 3320 1205 Invenit
3344 1167 3401 1208 se
3421 1126 3561 1214 hoino
3580 1164 3681 1220 vinci

2172 1228 2203 1267 a
2234 1217 2618 1286 cupiditatibus
2656 1228 2769 1283 suis
2796 1246 2981 1305 ,lquas
3009 1238 3145 1291 mala
3174 1248 3528 1306 consuetudine
3547 1217 3684 1311 advel;

2172 1319 2288 1408 sum
2319 1322 2377 1365 se
2407 1312 2712 1385 nutriebat;
2745 1322 2833 1389 qui
2874 1325 3033 1381 etiam
3080 1344 3199 1385 cum
3238 1335 3438 1393 vinculo
3459 1351 3509 1396 et
3538 1345 3684 1418 obliga-

2174 1397 2317 1495 tione
2344 1406 2542 1495 peccati
2564 1421 2630 1461 ex
2673 1409 2840 1467 Adam
2871 1414 3041 1472 fuerat
3073 1434 3398 1495 propagatus.
3427 1397 3683 1492 United-uit

2171 1488 2455 1594 ﬁpostoltts
2487 1514 2501 1550 :
2531 1497 2745 1557 Fuimus
2784 1515 2833 1560 et
2861 1524 2952 1563 nos
2990 1488 3267 1581 aliquando
3309 1531 3477 1578 natura
3513 1488 3684 1594 ﬁliivira

2171 1577 2384 1676 (Ephes.
2415 1601 2468 1650 Il,
2494 1588 2575 1658 5).
2601 1590 2726 1648 Inde
2752 1606 2835 1650 est
2856 1638 2868 1660 .
2897 1601 3040 1668 quod
3065 1577 3168 1660 nec
3194 1608 3346 1664 unius
3369 1577 3679 1676 diei

2168 1672 2422 1728 mundum
2450 1676 2580 1733 dicit
2604 1694 2873 1751 apcccato
2913 1689 3041 1756 (Job
3086 1708 3197 1761 xiv,
3240 1698 3273 1752 4
3318 1716 3413 1754 sec.
3452 1672 3679 1776 70):nou

2167 1774 2234 1814 ex
2258 1777 2325 1815 eo
2351 1767 2490 1835 quod
2516 1774 2806 1841 commisit,
2830 1780 2925 1833 scd
2950 1798 3017 1837 ex
3048 1798 3121 1839 eo
3147 1789 3289 1857 quod
3315 1767 3568 1852 contraxit.

2236 1852 2460 1945 UAPUT
2499 1858 2582 1914 lll.
2626 1892 2697 1904 —
2743 1866 2795 1920 3.
2851 1868 3122 1928 Peccatum
3164 1852 3225 1932 in
3279 1880 3465 1938 Christo
3508 1889 3676 1945 nullm

2165 1942 2301 1998 Audi
2339 1946 2605 2006 Psalmum
2652 1954 2900 2014 interiora
2947 1962 3217 2023 dicentem
3246 2011 3261 2038 ,
3310 1982 3363 2028 et
3406 1942 3676 2045 peccatorun

2164 2042 2466 2143 nosiroi-um
2491 2045 2774 2101 secretiora
2802 2062 3109 2111 callentem.
3137 2059 3211 2113 Ex
3242 2042 3453 2130 persona
3473 2071 3589 2124 enim
3610 2086 3676 2143 ge-

2165 2123 2306 2177 neris
2346 2124 2561 2185 humani
2609 2133 2804 2193 dicitur
2831 2140 3043 2199 Christo
3080 2165 3099 2201 :
3133 2123 3254 2204 Tibi.
3283 2155 3378 2210 soli
3416 2123 3676 2229 muniet

2160 2215 2438 2311 malignum
2473 2238 2643 2279 coram
2669 2237 2718 2283 te
2745 2233 2858 2300 feci.
2892 2234 3009 2290 Non
3033 2253 3104 2293 ex
3134 2256 3360 2310 persona
3396 2215 3533 2306 liuius

2162 2303 2263 2360 hoc
2282 2308 2428 2373 dicit,
2452 2313 2546 2367 sed
2567 2330 2631 2370 ex
2654 2319 2822 2376 Adam
2852 2338 3110 2396 persona,
3138 2303 3209 2385 de
3228 2348 3333 2403 quo
3350 2348 3429 2394 est

2160 2411 2399 2503 manum.
2424 2404 2723 2464 Audi-enim
2754 2419 3029 2484 sequentia
3061 2438 3075 2472 :
3109 2418 3255 2490 Tibi,
3292 2404 3476 2498 inquit:
3496 2433 3575 2487 soli
3595 2449 3675 2503 pee-

2155 2491 2287 2557 oavi,
2315 2503 2365 2547 et
2398 2497 2679 2567 malignum
2718 2518 2889 2560 coram
2927 2517 2975 2562 te
3000 2512 3138 2580 feci;
3166 2525 3220 2568 ut
3240 2491 3513 2588 justifceris
3535 2524 3576 2577 iu

2155 2585 2386 2643 itionibus
2413 2592 2530 2645 tuis.
2558 2593 2770 2651 Christo
2794 2598 2991 2656 dicitur
3018 2621 3031 2655 :
3067 2607 3213 2664 unde
3241 2585 3340 2666 hoc
3360 2585 3674 2685 intelligimus?

2155 2678 2291 2731 Audi
2321 2681 2460 2750 quod
2492 2687 2738 2755 sequitur
2770 2707 2782 2743 :
2815 2689 2883 2745 Et
2921 2694 3130 2762 vincas,
3164 2716 3278 2754 cum
3301 2678 3673 2777 judicariswsal.

2153 2787 2207 2868 ξ,
2239 2773 2317 2846 6).
2340 2774 2456 2868 _Non
2482 2787 2566 2833 est
2584 2780 2855 2851 judicatus
2876 2785 3017 2844 Deus
3042 2790 3230 2860 Pater,
3255 2812 3356 2851 non
3379 2810 3456 2854 est
3468 2773 3675 2868 judicatus

2153 2861 2292 2920 Deus
2332 2866 2559 2937 Spiritus
2596 2883 2811 2931 sanctus
2860 2893 2876 2930 :
2916 2894 3021 2934 non
3075 2882 3375 2944 invenimus
3415 2861 3505 2946 nisi
3544 2892 3675 2947 solum

2150 2952 2345 3009 Filium
2374 2958 2426 3012 in
2456 2959 2555 3015 ista
2581 2976 2760 3030 carne,
2782 2979 2940 3036 quam
2966 2970 3034 3026 de
3064 2985 3253 3031 nostra
3282 2995 3446 3035 massa
3463 2984 3676 3053 suscipere

2150 3043 2396 3114 dignatus
2420 3057 2520 3113 est,
2548 3050 2841 3121 iudicatum
2871 3076 2884 3112 :
2916 3076 3019 3116 non
3066 3080 3136 3120 ex
3170 3070 3330 3125 modo
3350 3043 3673 3144 concupiscen-

2151 3136 2238 3190 tia:
2270 3137 2502 3195 hominis
2543 3153 2596 3198 et
2631 3143 2844 3203 feminm
2879 3170 2892 3206 :
2923 3153 3079 3224 virgo
3106 3160 3352 3227 credidit,
3377 3136 3675 3236 virgoconee

2148 3230 2243 3327 pit,
2271 3231 2421 3327 virgo
2450 3237 2674 3306 peperit,
2704 3241 2852 3311 virgo
2883 3253 3205 3314 permansit.
3252 3254 3321 3310 Et
3356 3230 3472 3314 ideo
3486 3258 3672 3327 dicitur,

2147 3318 2215 3373 Et
2237 3321 2426 3391 vincas,
2455 3329 2855 3399 cumjudicaris.
2887 3335 3170 3395 Iudicatus
3198 3354 3282 3401 est
3309 3349 3463 3415 enim,
3491 3361 3537 3405 et
3556 3352 3671 3412 vicit;

2142 3412 2266 3481 quia
2304 3414 2419 3469 sine
2444 3430 2664 3487 peccato
2689 3422 2961 3492 judicatus
2987 3439 3094 3485 est.
3133 3433 3404 3493 Patientia:
3437 3412 3520 3494 fuit
3550 3442 3673 3494 susti-

2143 3520 2276 3561 nere
2298 3507 2575 3577 judicium,
2606 3528 2711 3568 non
2740 3528 2939 3573 reatus.
2972 3521 3129 3579 Multi
3157 3527 3460 3587 innocentes
3481 3533 3672 3603 judican-

2143 3604 2257 3663 tur,
2288 3599 2381 3655 sed
2410 3601 2461 3655 in
2490 3603 2621 3673 ipsis
2648 3608 2825 3664 causis
2853 3626 2986 3682 quas
3018 3628 3209 3685 agunt.
3252 3620 3381 3677 Nam
3409 3599 3668 3694 deireliquo,

2141 3699 2359 3757 peccato
2385 3709 2491 3747 non
2530 3708 2744 3765 carent;
2787 3702 2908 3772 quia
2954 3707 3098 3764 sicut
3143 3723 3269 3769 ante
3299 3716 3522 3773 homines
3546 3718 3668 3783 farti,

2141 3779 2216 3833 sic
2254 3790 2378 3839 ante
2428 3785 2594 3842 Deum
2636 3791 2973 3861 cogitationis
3021 3813 3308 3869 peccatum
3359 3818 3452 3864 est.
3501 3779 3666 3864 Factum

2138 3876 2286 3960 tuum
2326 3888 2504 3930 coram
2545 3880 2712 3935 oculis
2744 3881 2871 3952 Dei,
2925 3888 3185 3960 cogitatio
3229 3905 3315 3953 tua
3359 3909 3436 3955 est
3467 3902 3504 3955 '.
3541 3899 3669 3955 Testis

2136 3959 2260 4016 facti
2290 3973 2372 4018 est
2399 3966 2511 4036 ipse
2533 3968 2697 4038 judex
2731 3988 2744 4026 :
2775 3982 3072 4037 accusatrix
3104 3983 3229 4042 facti
3254 3989 3365 4059 ipsa
3385 3995 3665 4049 conscientia.

2135 4052 2277 4123 Ergo
2304 4055 2391 4111 ille
2418 4073 2542 4115 vere
2571 4060 2826 4122 innocens
2864 4068 3141 4138 judicatus
3183 4052 3287 4147 est,
3329 4093 3381 4140 et
3420 4085 3529 4142 ideo
3560 4086 3666 4140 vicit.

2134 4142 2292 4199 Solus
2321 4150 2460 4202 enim
2488 4151 2629 4217 vicit,
2665 4170 2772 4211 non
2797 4157 2863 4215 de
2893 4162 3075 4231 judice
3107 4142 3304 4229 Pontio
3331 4175 3504 4236 Pilato.
3536 4190 3666 4246 neqve

2134 4235 2201 4292 de
2243 4237 2441 4296 Judmis
2491 4247 2869 4319 stcvientibus;
2920 4255 3012 4311 sed
3072 4259 3141 4317 de
3184 4262 3302 4333 ipso
3344 4266 3564 4335 diabolo,
3602 4235 3669 4339 qui

2132 4330 2310 4383 omnia
2337 4341 2511 4387 nostra
2537 4348 2750 4405 peccata
2779 4342 3001 4401 rimatur
3022 4330 3306 4423 diligentia
3333 4330 3623 4415 invidentia:

2201 4420 2428 4478 CAPUT
2455 4424 2543 4481 Ν.
2569 4458 2641 4467 -
2669 4429 2722 4485 4.
2756 4430 2983 4492 Mundus
3000 4480 3016 4506 ,
3060 4420 3355 4510 peccatores
3382 4459 3425 4505 et
3452 4451 3666 4506 dilectam

2129 4513 2324 4566 mundi.
2373 4514 2528 4571 Solus
2563 4516 2792 4579 Christus
2829 4527 3088 4586 innocens.
3133 4533 3400 4610 Oﬁginule
3437 4553 3663 4612 peccatum.

2128 4600 2196 4694 Et
2222 4603 2348 4672 quid
2376 4608 2449 4660 ait
2479 4608 2735 4665 Dominus
2760 4613 2913 4672 .lesus
2938 4620 3006 4677 de
3041 4623 3159 4694 ipso
3187 4600 3402 4688 diabolo
3419 4600 3449 4688 ?'
3470 4634 3580 4689 Ecce
3599 4649 3663 4688 Ie-

2126 4692 2201 4788 nit
2224 4695 2455 4788 princeps
2483 4700 2659 4754 mundi
2700 4704 2871 4776 hujus.
2910 4708 3026 4766 Jam
3063 4692 3215 4788 sepe
3242 4720 3439 4778 dictum
3466 4735 3536 4780 est
3557 4724 3663 4780 Cha-

2126 4781 2269 4838 ritati
2314 4796 2507 4844 vestrm
2531 4832 2546 4856 ,
2594 4794 2849 4852 mtmdum
2892 4801 3052 4857 istum
3084 4781 3347 4878 appellari
3381 4826 3661 4886 peccatores-

2219 4890 2385 4977 quare
2412 4891 2719 4948 peccatores
2741 4891 2958 4949 nomine
2986 4872 3171 4954 mundi
3188 4872 3662 4977 appellantur-iouia

2122 4963 2411 5068 dilectione
2436 4974 2615 5029 mundi
2657 4978 2956 5041 inhabitant
2985 4963 3277 5050 mundum.-
3295 4998 3394 5068 Qui
3423 4963 3549 5056 enim
3568 4963 3660 5055 itan

2121 5054 2348 5129 diligunt
2374 5063 2627 5120 mundum
2649 5110 2664 5133 ,
2697 5086 2804 5126 non
2835 5073 3072 5134 habitant
3102 5082 3154 5137 in
3183 5100 3252 5141 eo
3280 5054 3657 5159 qimddili-

2119 5150 2514 5256 gunrmNo'stra,
2546 5157 2737 5229 inquit,
2761 5175 3073 5227 conversatio
3098 5175 3151 5230 in
3182 5150 3323 5236 cretis
3349 5195 3420 5237 est
3441 5184 3656 5256 (Philipp.

2120 5252 2198 5305 ιη,
2227 5240 2343 5334 eo).
2376 5243 2430 5300 Si
2462 5261 2588 5318 ergo
2626 5254 2715 5320 qui
2760 5256 2929 5330 diligit
2975 5261 3176 5334 Deum,
3227 5272 3281 5327 in
3324 5240 3458 5331 οωιὸ
3492 5240 3659 5331 habitat

2117 5344 2237 5430 cum
2262 5331 2407 5435 Deo;
2440 5339 2528 5406 qui
2559 5340 2730 5435 diligit
2756 5350 3009 5408 mundum
3031 5397 3045 5421 ,
3076 5357 3127 5411 in
3155 5331 3357 5418 mundo
3389 5380 3499 5419 cum
3542 5367 3658 5435 prin-

2116 5420 2235 5522 cipe
2262 5421 2463 5480 habitat
2490 5434 2691 5487 mundi.
2720 5435 2918 5496 Omnes
2946 5443 3118 5518 itaque
3151 5448 3431 5511 dilectores
3454 5420 3612 5511 mundi
3634 5496 3647 5522 ,

2117 5510 2216 5581 ipsi
2264 5526 2389 5571 sunt
2436 5522 2665 5581 mundus
2695 5546 2707 5582 :
2742 5510 3065 5594 habitatores
3100 5545 3327 5612 mundi,
3359 5563 3457 5602 non
3484 5562 3648 5612 carne,
