3886 6188
159 296 260 353 929

158 412 296 483 quod
327 427 517 469 omnes
539 411 703 484 justi;
733 413 828 469 sed
854 415 1054 483 animo,
1085 416 1227 486 quod
1257 418 1356 473 soli
1387 430 1696 488 peccatores
1726 463 1741 488 ,

155 505 351 574 quibus
373 507 625 577 princeps
649 515 732 561 est
755 505 1018 563 diabolus.
1038 507 1318 575 Quomodo
1339 510 1532 565 dicitur
1553 510 1744 567 domus

154 597 486 652 habitatores
523 596 716 653 domus
749 615 759 648 :
792 599 1084 655 secundum
1112 615 1271 669 quam
1312 602 1629 656 sententiam
1664 602 1745 656 di—

151 688 330 743 cimus
370 689 570 744 malam
613 688 831 744 domum
859 705 980 746 esse
1005 699 1414 756 marmoratam,
1453 701 1508 748 et
1546 693 1743 748 b0nam

150 781 367 834 domum
409 796 533 837 esse
579 781 908 853 fumigatam.
939 782 1152 839 invenis
1177 783 1396 839 domum
1439 784 1696 841 fumosam
1720 824 1735 849 ,

148 888 307 942 quam
356 873 486 927 boni
530 873 792 938 habitant,
821 883 876 928 et
901 873 1058 942 dicis,
1092 875 1236 930 Bona
1274 874 1486 931 domus.
1528 875 1741 930 Iuvenis

149 964 367 1018 domum
402 974 787 1021 marmoratam
817 975 872 1020 et
914 966 1241 1036 laqueatam,
1279 982 1436 1036 quam
1469 967 1742 1036 possident

149 1057 310 1126 iniqui
331 1097 346 1120 ,
376 1065 435 1112 et
459 1057 627 1122 dicis,
658 1057 794 1113 Mala
822 1059 1014 1114 domus
1041 1076 1056 1112 :
1082 1059 1300 1115 domum
1331 1059 1604 1128 appellans
1630 1075 1738 1114 non

148 1147 378 1214 parietes
424 1156 480 1203 et
521 1149 857 1220 receptacula
885 1165 1204 1219 corporum,
1234 1149 1330 1206 sed
1359 1151 1503 1220 ipsos
1527 1149 1735 1205 habita-

148 1250 306 1294 tores.
347 1237 442 1295 Sic
479 1239 735 1294 mundum
770 1241 1056 1310 appellavit
1095 1241 1368 1310 Scriptum
1411 1241 1738 1296 habitatores

145 1329 328 1385 mundi
389 1345 490 1400 per
549 1332 1035 1399 concupiscentiam
1091 1331 1426 1399 dilectionis,
1482 1347 1585 1386 non
1639 1347 1736 1401 per

141 1422 612 1477 cornversatiouem
653 1422 914 1491 corporis.
958 1422 1120 1491 Ergo,
1167 1420 1317 1488 Ecce,
1360 1422 1551 1492 inquit,
1601 1423 1733 1476 venit

147 1513 384 1583 princeps
415 1513 619 1577 mundi,
651 1521 697 1566 et
735 1513 789 1565 in
827 1528 905 1566 me
945 1513 1073 1566 nihil
1109 1513 1314 1566 inuenit.
1360 1512 1418 1567 In
1461 1513 1576 1567 solo
1616 1513 1732 1587 ipso

144 1604 271 1657 nihil
306 1605 518 1659 invenit
545 1603 808 1660 diabolus.
826 1605 1152 1674 Ettanquam
1173 1605 1439 1660 diceretur
1461 1606 1532 1671 ei,
1555 1607 1731 1674 Quare

139 1710 264 1766 ergo
293 1697 560 1751 moreris?
589 1695 663 1751 ibi
701 1697 960 1766 sequitur,
993 1697 1100 1752 Sed
1137 1707 1194 1751 ut
1225 1699 1386 1753 sciant
1414 1716 1582 1754 omnes
1609 1702 1728 1770 quia
1770 1697 1774 1700 ”

138 1785 446 1839 uoluntatem
475 1784 648 1840 Patris
669 1787 769 1840 mei
794 1789 946 1858 facio,
973 1789 1180 1858 surgite,
1207 1805 1380 1843 eamus
1405 1790 1524 1843 hinc
1546 1789 1722 1860 (Joan.

139 1891 246 1941 xiv,
270 1876 364 1940 50,
397 1876 513 1946 31).
541 1876 740 1948 Surgit,
773 1885 829 1932 et
857 1878 898 1933 it
920 1878 986 1932 ad
1009 1880 1332 1948 passionem.
1361 1879 1569 1948 Quare?
1593 1881 1727 1947 Quia

137 1968 444 2022 voluntatem
471 1966 645 2022 Patris
669 1970 765 2022 mei
790 1970 941 2040 facio.
971 1969 1196 2039 Propter
1223 1970 1361 2026 hanc
1389 1987 1520 2041 ergo
1543 1973 1725 2043 singu-

137 2055 301 2110 larem
339 2057 696 2113 innocentiam
735 2059 809 2113 ait
835 2059 1115 2127 Psalmus,
1157 2060 1266 2115 Tibi
1289 2062 1384 2115 soli
1412 2063 1648 2132 peccavi,
1676 2073 1723 2117 et

137 2146 422 2216 ntalignum
456 2164 624 2203 coram
667 2159 713 2202 te
750 2150 876 2219 feci;
907 2161 961 2204 ut
986 2152 1284 2221 justiﬁceris
1320 2153 1373 2206 in
1411 2155 1722 2208 sermonibus

139 2240 252 2306 tuis,
281 2250 330 2293 et
355 2242 527 2294 vincas
555 2256 668 2294 cum
685 2242 935 2311 judicaris
960 2260 978 2298 :
1007 2244 1130 2313 quia
1159 2243 1287 2299 nihil
1319 2245 1442 2300 mali
1472 2246 1524 2298 in
1553 2254 1603 2300 te
1633 2246 1718 2300 iu-

134 2330 295 2382 venit.
322 2330 503 2398 Quare
525 2339 701 2386 autem
739 2333 792 2387 iu
824 2342 877 2387 te
905 2333 1124 2400 invenit,
1151 2350 1184 2389 ο
1203 2350 1370 2406 genus
1391 2335 1717 2392 humanum?

133 2421 257 2485 Quia
280 2422 527 2490 sequitur
545 2429 598 2477 et
617 2421 764 2486 dicit,
799 2421 908 2494 Ego
927 2425 1062 2478 enim
1085 2425 1140 2478 in
1158 2427 1421 2495 iniquitate
1448 2436 1718 2496 conceptus

131 2529 258 2578 sum,
294 2522 340 2565 et
379 2513 434 2565 in
471 2515 688 2581 peccatis
727 2517 950 2585 concepit
982 2517 997 2546 ¹
1025 2531 1104 2569 me
1133 2527 1291 2570 mater
1318 2533 1427 2570 mea
1459 2516 1629 2586 (Psal.
1662 2534 1714 2583 ι,

131 2606 175 2667 6,
207 2605 292 2674 7).
326 2604 465 2659 Dicit
503 2603 604 2660 hoc
631 2606 812 2662 David.
841 2609 1032 2675 Quaere
1057 2609 1198 2664 unde
1226 2619 1380 2664 natus
1408 2611 1477 2664 sit
1505 2610 1673 2667 David
1699 2629 1714 2679 ;

129 2694 366 2750 invenies
411 2695 480 2750 de
521 2695 752 2766 legitima
792 2713 964 2754 uxore
985 2739 1002 2765 ,
1037 2697 1108 2754 de
1135 2699 1281 2754 nullo
1307 2699 1586 2755 adulterio.
1617 2700 1716 2756 Se-

128 2785 358 2839 cundum
407 2800 567 2855 quam
599 2801 726 2856 ergo
769 2789 1111 2858 propaginem
1157 2790 1305 2858 dicit,
1351 2789 1418 2845 In
1455 2793 1714 2862 iniquitate

126 2887 399 2948 conceptus
424 2895 534 2932 sum
552 2896 574 2944 ;
615 2881 716 2934 nisi
757 2881 884 2951 quia
921 2882 989 2937 ibi
1039 2892 1122 2938 est
1153 2885 1400 2954 quiddam
1431 2887 1498 2942 de
1523 2889 1712 2948 mortis

126 2970 419 3040 propagine
441 3013 458 3038 ,
494 2971 635 3040 quod
673 2987 854 3030 secum
886 2974 1047 3030 trahit
1072 2979 1245 3033 omnis
1270 2979 1358 3048 qui
1384 2994 1452 3034 ex
1479 2981 1710 3051 conjun-

122 3061 300 3115 ctione
322 3061 423 3114 viri
451 3070 508 3116 et
535 3061 747 3118 femina:
770 3066 1044 3121 nascitur?

183 3149 424 3206 CAPUT
452 3151 514 3205 ν.
541 3182 613 3193 --
640 3154 692 3209 5.
723 3153 1043 3211 Conversatio
1069 3158 1181 3213 sine
1213 3161 1413 3230 querela
1434 3163 1709 3218 secundum

120 3244 302 3312 legem.
355 3241 570 3299 Habeas
618 3260 746 3316 ergo
787 3248 1155 3319 unusquisque
1181 3253 1703 3322 concupiscentiam,

119 3335 363 3390 attendat
417 3336 586 3407 legem
629 3338 930 3406 dicentem,
976 3339 1099 3395 Non
1145 3345 1463 3414 concupisces
1511 3345 1704 3416 (Exod.

122 3439 208 3491 xx,
238 3423 344 3496 16)
378 3443 391 3478 :
424 3426 626 3483 invenit
655 3428 709 3483 in
739 3445 797 3485 se
829 3431 968 3500 quod
997 3431 1087 3486 lex
1118 3433 1384 3502 prohibet,
1416 3446 1470 3492 et
1497 3437 1557 3491 ﬁt
1581 3454 1708 3494 reus

118 3515 271 3587 legis-
300 3516 583 3574 Invenietis
609 3528 784 3576 autem
813 3520 866 3576 in
902 3537 961 3577 se
986 3523 1069 3577 cui
1096 3523 1339 3580 subditus
1364 3534 1466 3592 est,
1491 3527 1708 3596 incipiat

115 3609 212 3677 iam
244 3609 460 3676 dicere,
491 3609 818 3666 Condelector
854 3613 952 3684 legi
988 3612 1085 3670 Dei
1113 3616 1390 3670 secundum
1421 3618 1704 3674 interiorem

117 3704 373 3757 hominem
405 3719 423 3756 :
449 3704 590 3758 uideo
628 3715 793 3759 autent
830 3707 984 3760 aliam
1014 3707 1172 3781 legem
1205 3711 1258 3763 in
1300 3711 1534 3766 membris
1560 3715 1697 3781 meis,

118 3803 484 3866 repugnantem
527 3795 623 3866 legi
674 3798 850 3851 mentis
901 3815 1051 3864 mete,
1101 3810 1146 3853 et
1183 3802 1518 3869 captivantem
1544 3818 1626 3855 me
1651 3805 1703 3858 in

119 3885 215 3953 lege
245 3885 474 3954 peccati,
518 3901 631 3954 qute
672 3896 743 3941 est
782 3888 834 3942 in
880 3889 1112 3946 membris
1157 3893 1300 3945 meis.
1349 3891 1610 3963 Cognovit
1643 3910 1703 3952 se

115 3986 400 4046 egrotum,
435 3977 682 4048 imploret
710 3979 972 4036 medicum
1001 3999 1013 4034 :
1043 3981 1238 4055 Infelix
1265 4002 1356 4055 ego
1382 3987 1552 4052 homo,
1592 3990 1706 4058 quis.

117 4083 185 4119 me
208 4067 448 4121 liberabit
484 4067 546 4120 de
571 4084 779 4138 corpore
805 4072 978 4126 mortis
1006 4073 1158 4142 hujus
1176 4075 1201 4127 ?
1219 4075 1562 4145 Respondeat
1590 4094 1701 4132 me-

114 4159 279 4226 dicus,
311 4157 500 4214 Gratia
525 4159 620 4214 Dei
660 4177 748 4230 per
779 4161 959 4217 Jesum
995 4163 1246 4218 Christum
1286 4167 1566 4221 Dominum
1610 4187 1704 4224 no-

114 4261 264 4305 strum
296 4251 483 4322 (Rom.
515 4267 606 4318 vu,
636 4250 856 4323 22-25).
889 4253 1066 4309 Gratia
1093 4255 1210 4323 Dei,
1240 4273 1345 4312 non
1371 4262 1559 4316 merita
1590 4271 1698 4317 tua.

111 4340 283 4408 Quare
317 4356 453 4411 ergo
483 4349 536 4396 te
563 4342 744 4398 dixisti
765 4343 816 4397 iu
837 4343 954 4414 lege
979 4360 1102 4400 cum
1120 4347 1321 4415 justitia
1349 4350 1464 4405 sine
1484 4353 1702 4421 querela

110 4435 526 4491 comet-satum?
570 4434 842 4490 Attendite
884 4455 897 4490 :
937 4437 1052 4493 sine
1099 4441 1312 4509 querela
1350 4442 1485 4498 dixit
1524 4445 1699 4499 homi-

110 4541 252 4582 nu.
285 4527 398 4582 Est
420 4527 565 4582 enim
591 4526 832 4597 quaedam
860 4527 1100 4598 justitia,
1131 4547 1286 4600 quam
1316 4543 1492 4604 potest
1540 4535 1704 4592 homo.

109 4623 378 4696 implere,
409 4631 469 4677 ut
514 4624 691 4678 nullus
735 4623 1010 4680 hominum
1055 4635 1309 4695 queratur
1352 4629 1420 4684 de
1461 4631 1695 4687 homine.

109 4716 241 4772 Dicit
270 4716 448 4784 enim,
473 4715 596 4772 Non
624 4718 946 4787 concupiscas
981 4719 1222 4774 alienum.
1251 4721 1332 4775 Tu
1367 4722 1414 4776 si
1457 4739 1566 4777 non
1613 4739 1702 4778 ra-

109 4810 288 4876 pueris
337 4807 599 4874 alienum,
650 4808 792 4863 nulla
837 4809 1054 4880 querela
1099 4811 1203 4866 erit
1235 4811 1528 4867 hominum.
1559 4815 1701 4884 Ergo

104 4897 400 4969 aliquando
447 4898 801 4969 concupiscis,
846 4907 902 4956 et
944 4916 1051 4956 non
1088 4902 1250 4971 rapis.
1291 4901 1395 4957 Sed
1435 4908 1698 4962 sententia

106 4992 194 5048 Dei
220 5006 392 5060 supra
417 4999 470 5046 te
497 5001 598 5058 est,
632 4992 755 5062 quia
782 4993 1116 5062 concupiscis
1141 5010 1155 5046 :
1185 5009 1308 5048 reus
1333 5009 1392 5050 es
1417 4994 1569 5066 legis,
1601 4999 1698 5053 sed

103 5082 154 5136 in
176 5083 362 5139 oculis
385 5082 722 5152 legislatoris.
754 5081 883 5138 Sine
921 5083 1136 5153 querela
1175 5085 1306 5140 vivis
1334 5101 1347 5137 :
1373 5101 1538 5154 quare
1570 5102 1700 5159 ergo

100 5176 201 5231 ista
228 5174 480 5231 damna?
506 5189 671 5244 quare
700 5174 799 5231 ista
830 5176 1100 5231 stercora?
1121 5175 1470 5233 Coustrictior
1493 5191 1575 5235 est
1600 5181 1698 5236 ali—

101 5275 312 5335 quanto
347 5265 522 5320 nodus
557 5265 658 5321 iste
686 5282 701 5320 :
730 5266 826 5321 sed
854 5267 1025 5323 solvet
1064 5268 1154 5338 qui
1197 5267 1352 5323 solet.
1381 5269 1492 5326 Hoc
1516 5280 1694 5327 autem

99 5372 207 5413 rion
238 5372 348 5428 ego
374 5357 523 5412 solus
543 5358 627 5427 pia
665 5357 996 5428 subjectione
1015 5398 1030 5422 ,
1067 5359 1160 5414 sed
1191 5375 1379 5415 omnes
1405 5364 1486 5431 pia
1517 5363 1696 5419 inten-

100 5447 254 5503 tione
287 5461 615 5502 mereamur.
637 5447 902 5518 Quidquid
934 5447 1197 5505 faciebant
1217 5449 1406 5515 Judtei,
1438 5452 1578 5508 unde
1601 5454 1698 5510 ho-
1732 5499 1736 5502 ι

99 5538 286 5594 mines
319 5554 426 5592 non
461 5547 831 5609 quererentur,
860 5550 916 5596 et
944 5550 1088 5596 esset
1112 5541 1239 5611 ipsis
1268 5545 1606 5600 conversatio
1640 5545 1692 5600 in

166 5672 184 5703 ⁸
215 5671 302 5721 Sic
332 5667 673 5722 inoolbertino
702 5677 787 5723 us.
813 5678 867 5722 At
890 5673 938 5721 in
963 5672 1122 5734 editis,
1148 5673 1345 5737 peperit.

1575 305 1803 361 SERMU
1841 308 2048 366 CLXX-

3336 336 3440 393 930

1856 421 1974 522 lege
2019 423 2133 483 sine
2174 439 2388 522 querela
2410 475 2423 500 ,
2458 436 2556 493 sibi
2588 437 2890 498 tribuebant
2915 486 2928 509 ,
2977 457 3027 502 et
3074 455 3240 517 ipsam
3272 451 3436 522 justi-

1853 512 1978 609 tiam
2023 520 2315 576 secundum
2361 524 2531 595 legem
2583 531 2781 589 viribus
2828 537 2938 590 suis
2990 512 3328 609 assignabaitt
3358 545 3423 599 ‘z

1849 602 2072 674 implere
2101 625 2206 665 non
2236 623 2496 684 poterant,
2541 621 2636 675 sed
2675 623 2728 678 in
2777 635 2977 681 tantum
3028 602 3330 699 faciebant,
3367 635 3420 689 in

1845 705 2100 794 quantum
2140 710 2424 774 poterant;
2462 711 2563 768 sibi
2595 714 2902 783 tribuendo,
2934 736 3032 776 nec
3062 721 3164 778 hoc
3195 725 3279 794 pie
3320 727 3412 780 im-

1846 787 2081 855 plebant.

1916 877 2141 938 CAPUT
2181 885 2265 940 Vl.
2282 918 2353 930 -—
2369 890 2420 945 6.
2453 891 2661 948 Iustitia
2689 897 2906 954 hominis
2929 902 3025 955 nisi
3048 921 3080 957 a
3104 904 3232 974 Deo,
3258 909 3422 966 nulla.

1842 969 1956 1026 Hoc
1985 988 2112 1044 ergo
2140 977 2268 1034 dicit
2298 981 2463 1051 legem
2503 985 2724 1055 implere
2745 1032 2758 1056 ,
2807 991 2909 1046 hoc
2943 1003 3051 1059 est,
3092 1011 3196 1052 non
3219 969 3423 1055 concu-

1841 1061 2068 1158 piscere.
2115 1067 2245 1134 Quis
2290 1070 2391 1128 hoc
2441 1077 2530 1146 qui
2579 1079 2746 1146 vivit,
2794 1086 3003 1152 potest?
3049 1089 3274 1158 Adjuvet
3321 1109 3421 1148 nos

1839 1151 2116 1221 Psalmus,
2146 1161 2236 1230 qui
2276 1165 2436 1220 modo
2473 1178 2714 1224 cantatus
2740 1151 2840 1240 est,
2867 1174 3076 1232 Exaudi
3118 1151 3196 1234 me
3240 1183 3291 1236 in
3330 1193 3416 1237 tua

1827 1243 2028 1334 justitia
2059 1265 2079 1303 :
2103 1249 2206 1307 hoc
2228 1262 2329 1319 est,
2369 1272 2474 1311 non
2507 1258 2560 1312 in
2585 1275 2725 1316 mea.
2755 1263 2808 1318 Si
2838 1265 3055 1334 diceret,
3085 1269 3286 1326 Exaudi
3332 1289 3418 1328 me

1837 1333 1890 1388 in
1933 1336 2138 1404 justitia
2185 1359 2301 1398 mea
2349 1356 2645 1418 :tanquam
2693 1356 2940 1412 meritum
2976 1372 3208 1417 vocaret.
3252 1363 3418 1419 Vocat

1835 1427 2046 1494 quidem
2078 1431 2130 1485 in
2159 1438 2426 1494 nonnullis
2452 1439 2582 1496 locis
2611 1452 2664 1498 et
2691 1460 2840 1500 suam
2861 1448 3119 1516 justitiam
3156 1471 3170 1508 :
3199 1455 3289 1509 sed
3328 1457 3414 1512 hic

1833 1516 2023 1606 melius
2048 1519 2321 1591 discernit,
2349 1528 2470 1596 quia
2510 1541 2564 1584 et
2604 1546 2752 1588 suam
2800 1542 3012 1606 quando
3057 1541 3204 1606 dicit,
3233 1544 3408 1599 datam

1830 1605 1990 1672 dicit;
2015 1613 2284 1679 quomodo
2309 1616 2554 1688 dicimus,
2586 1622 2779 1679 Panem
2805 1605 3030 1700 nostrum
3061 1635 3408 1700 quotidianum

1829 1696 1896 1749 da
1925 1700 2065 1796 nobis
2090 1703 2239 1796 hodie
2259 1706 2410 1775 (Luc.
2438 1727 2511 1778 XI,
2543 1711 2619 1785 5).
2650 1696 3240 1790 Quomodo,nostrum;
3269 1743 3404 1796 quo-
3488 1787 3496 1795 ,

1827 1788 2008 1880 modo,
2030 1792 2136 1846 da?
2165 1794 2306 1865 Ergo
2345 1798 2431 1854 hic
2473 1801 2774 1861 distinctius
2813 1810 3034 1879 loquens
3068 1815 3173 1880 ait,
3202 1788 3407 1870 Exaudi

1825 1892 1905 1930 me
1928 1879 1981 1932 in
2008 1889 2092 1934 tua
2117 1883 2338 1953 justitia.
2379 1889 2447 1944 Et
2484 1894 2738 1962 sequitur,
2771 1897 2834 1950 Et
2858 1917 2957 1952 non
2985 1901 3140 1956 intres
3160 1879 3229 1956 in
3261 1905 3409 1976 judi-

1824 1972 1956 2026 cium
1982 1990 2094 2029 cum
2121 1995 2262 2036 servo
2285 1991 2392 2037 tuo.
2430 1983 2570 2051 Quid
2597 1997 2679 2044 est
2697 2030 2712 2054 ,
2746 1989 2871 2046 Non
2897 1993 3050 2048 intres
3079 1995 3131 2048 in
3153 1972 3405 2067 judicium

1824 2081 1938 2120 cum
1960 2084 2100 2125 seruo
2130 2081 2216 2128 tuo
2235 2077 2261 2130 .9
2289 2076 2402 2133 Non
2433 2089 2544 2137 stes
2568 2098 2778 2139 mecum
2804 2086 2855 2142 iu
2881 2088 3082 2157 judicio
3101 2131 3116 2155 ,
3145 2093 3408 2162 exigendo

1821 2169 1853 2250 a
1898 2173 1984 2250 me
2028 2164 2204 2217 omnia
2253 2181 2370 2235 quae
2413 2173 2734 2242 praecepisti,
2767 2177 3026 2247 exigendo
3071 2181 3248 2236 cumis
3285 2199 3404 2250 quae

1817 2245 2042 2316 iussisti.
2070 2252 2200 2308 Nam
2232 2273 2380 2312 reum
2404 2276 2493 2316 me
2523 2263 2777 2330 invenies,
2807 2245 2932 2323 siin
2959 2269 3216 2338 judicium
3238 2272 3405 2327 intra-

1820 2343 1960 2397 veris
2001 2359 2232 2402 mecum.
2283 2350 2428 2421 Opus
2461 2364 2544 2408 est
2581 2371 2741 2426 ergo,
2774 2358 2980 2430 inquit,
3020 2362 3150 2416 mihi
3195 2365 3398 2421 miseri-

1820 2433 2003 2489 cordia
2053 2446 2140 2492 tua
2189 2441 2385 2509 potius,
2433 2459 2590 2513 quam
2647 2447 2996 2518 liquidissima
3039 2453 3238 2521 judicio
3290 2464 3398 2509 tuo.

1819 2521 1997 2590 Quare
2032 2543 2194 2599 ergo,
2237 2530 2322 2586 Ne
2357 2535 2512 2590 intres
2547 2538 2600 2590 in
2629 2539 2881 2609 judicium
2922 2559 3035 2595 cum
3081 2561 3223 2600 servo
3265 2556 3350 2601 tuo
3377 2551 3406 2601 ?

1818 2613 2088 2685 Sequitur,
2117 2629 2172 2674 et
2196 2621 2353 2689 dicit,
2387 2624 2521 2691 Quia
2549 2644 2649 2683 non
2668 2630 3030 2699 justiﬁcabitur
3052 2636 3106 2688 in
3134 2649 3401 2708 conspectu

1817 2714 1904 2760 tuo
1943 2710 2106 2764 omnis
2146 2712 2332 2768 vivens.
2371 2715 2568 2772 Servus
2597 2720 2739 2774 enim
2783 2736 2900 2776 sum
2935 2742 2949 2777 :
2981 2741 3147 2794 quare
3189 2744 3403 2784 mecum

1813 2805 1930 2853 stas
1955 2799 2010 2853 in
2033 2801 2277 2868 judicio?
2315 2805 2675 2864 Misericordia
2718 2811 2928 2868 Domini
2964 2823 3085 2869 utar
3108 2818 3148 2870 '.
3181 2818 3403 2884 Quare?

1817 2888 2073 2956 Quoniam
2105 2910 2208 2947 non
2234 2896 2598 2965 justi/imbitur
2632 2901 2686 2955 in
2721 2915 2988 2973 conspectu
3016 2916 3101 2962 tuo
3126 2911 3288 2964 omnis
3320 2912 3398 2964 vi-

1813 2995 1950 3034 vens.
1981 2982 2116 3049 Quid
2147 2983 2316 3039 dixit?
2342 2988 2604 3053 Quamdiu
2632 2991 2825 3047 vivitur
2855 2995 2908 3048 in
2943 2995 3042 3050 hac
3064 3000 3168 3051 vita
3193 3039 3207 3062 ,
3241 3015 3402 3054 nemo

1807 3069 2126 3139 justiﬂcatus
2151 3085 2252 3141 est,
2281 3077 2375 3132 sed
2397 3079 2450 3134 in
2470 3091 2759 3151 conspectu
2791 3083 2906 3140 Dei.
2937 3085 3054 3142 Non
3078 3086 3273 3143 frustra
3297 3090 3391 3144 ad.

1811 3161 1966 3228 didit,
1998 3165 2053 3220 in
2077 3177 2346 3236 conspectu
2375 3178 2460 3224 tuo
2505 3189 2524 3226 :
2567 3173 2668 3227 nisi
2707 3175 2828 3244 quia
2861 3187 3035 3245 potest
3196 3181 3395 3251 justiti-

1811 3259 1960 3308 catus
1998 3253 2188 3322 aliquis
2230 3257 2280 3310 in
2309 3269 2597 3328 conspectu
2625 3262 2896 3319 hominum
2919 3309 2932 3332 ,
2965 3277 3100 3322 utet
3129 3269 3254 3324 illud
3293 3271 3392 3326 im-

1812 3344 2036 3411 pleatur,
2057 3345 2350 3403 Secundum
2365 3353 2621 3420 justitiam
2639 3370 2752 3423 qua:
2777 3373 2838 3410 ex
2857 3358 2964 3428 lege
2987 3368 3078 3420 est,
3100 3363 3186 3430 qui
3206 3361 3390 3429 fuerim

1810 3435 1917 3488 sine
1961 3437 2199 3506 querela,
2245 3439 2299 3492 iu
2342 3453 2629 3510 conspectu
2656 3443 2948 3500 hominum.
2983 3447 3142 3501 Refer
3167 3451 3230 3503 ad
3262 3465 3390 3504 con-

1807 3537 2048 3594 spectum
2073 3529 2165 3586 Dei
2198 3547 2210 3583 :
2242 3529 2364 3584 Non
2378 3534 2746 3602 justiﬁcabitur
2768 3537 2820 3589 in
2842 3547 3108 3607 conspectu
3126 3549 3210 3592 tuo
3227 3541 3390 3593 omnis

1807 3632 1991 3672 1308118.

1877 3704 2103 3763 CAPUT
2143 3707 2253 3762 VII.
2280 3738 2351 3748 —
2380 3712 2432 3764 7.
2465 3710 2674 3766 Justitia
2712 3714 2863 3784 hujus
2898 3716 3010 3770 vita
3038 3718 3108 3771 ad
3139 3720 3401 3789 justitiam,

1807 3797 2036 3864 futuram
2059 3797 2279 3864 collata,
2309 3817 2463 3870 quam
2491 3802 2640 3856 nihili
2663 3803 2915 3872 facienda.
2957 3806 3092 3874 Quid
3139 3825 3266 3879 ergo
3295 3811 3386 3878 la—

1805 3889 1943 3945 cturi
1969 3889 2187 3946 sumus?
2231 3891 2562 3960 Clamemus,
2615 3895 2698 3950 Ne
2729 3897 2882 3950 intres
2913 3898 2965 3952 in
2990 3901 3243 3970 judicium
3272 3919 3389 3956 cum

1805 3997 1944 4035 servo
1989 3991 2094 4036 tuo.
2136 3982 2461 4050 Clamemus,
2495 3984 2687 4057 Infelix
2709 4003 2799 4057 ego
2827 3988 2995 4051 homo,
3019 3992 3131 4060 quis
3159 4008 3238 4046 me
3262 3993 3386 4047 libe-

1806 4073 1934 4127 rabit
1977 4074 2040 4127 de
2082 4089 2297 4144 corpore
2320 4077 2494 4130 mortis
2521 4077 2674 4147 hujus
2695 4078 2721 4131 ?
2749 4077 2926 4133 Gratia
2952 4080 3049 4135 Dei
3097 4099 3184 4151 per
3210 4083 3387 4138 Jesum

1806 4160 2062 4220 Christum
2091 4164 2364 4219 Dominum
2385 4176 2632 4221 nostrum.
2661 4168 2773 4223 Hoc
2793 4184 2920 4240 ergo
2942 4171 3209 4228 Psalmum
3237 4176 3387 4229 audi-

1807 4258 1998 4322 vimus,
2047 4259 2148 4314 hoe
2191 4259 2506 4328 Apostolum
2551 4261 2874 4327 audivimus;
2913 4265 3035 4334 quia
3067 4281 3188 4321 cum
3230 4265 3389 4322 fuerit

1807 4349 1894 4404 illa
1918 4350 2119 4419 justitia
2145 4349 2437 4405 secundum
2459 4367 2614 4421 quam
2644 4353 2826 4408 vivunt
2853 4355 3058 4425 Angeli,
3083 4371 3202 4410 cum
3229 4356 3387 4413 fuerit

1805 4441 1892 4494 illa
1919 4439 2124 4510 justitia
2149 4441 2237 4494 ubi
2265 4441 2407 4495 nulla
2432 4443 2534 4497 erit
2571 4445 3034 4514 concupiscentia,
3068 4447 3190 4504 inde
3223 4464 3385 4510 unus-

1804 4531 2027 4600 quisque
2053 4532 2304 4586 metiatur
2329 4545 2386 4586 se
2413 4533 2538 4603 quid
2562 4541 2646 4589 est
2670 4535 2850 4602 modo,
2869 4545 2924 4592 et
2949 4538 3076 4607 quid
3098 4539 3200 4594 erit
3219 4547 3382 4607 tunc;

1804 4630 1859 4675 et
1908 4621 2142 4676 inveniet
2192 4622 2244 4674 iu
2297 4624 2695 4693 comparatione
2747 4626 2887 4681 illius
2925 4627 3175 4697 justitice,
3228 4630 3385 4688 istam

1803 4709 1997 4766 damna
2045 4726 2165 4767 esse
2210 4720 2265 4767 et
2312 4720 2566 4769 stercora.
2615 4715 2864 4786 Quisquis
2907 4729 3086 4775 autem
3130 4729 3282 4790 putat
3321 4737 3382 4777 se

1805 4805 1964 4860 modo
2014 4819 2168 4874 posse
2221 4807 2443 4876 implere
2491 4808 2780 4876 justitiam,
2832 4827 2953 4864 cum
3004 4813 3196 4866 vixerit
3248 4813 3384 4868 bene

1803 4902 1962 4964 atque
1987 4895 2297 4951 innocenter
2323 4897 2617 4952 secundum
2655 4899 3078 4964 probabilitatem
3105 4901 3382 4954 existima-

1806 4985 1964 5040 tionis
2017 4984 2297 5051 humanze;
2362 4987 2414 5040 in
2464 4987 2548 5041 via
2595 4989 2847 5042 remansit
2899 5005 2912 5040 :
2962 5004 3066 5044 non
3115 4989 3387 5046 desiderat

1803 5077 2018 5141 melius,
2050 5079 2172 5147 quia
2214 5077 2465 5146 implesse
2493 5092 2550 5132 se
2575 5085 2756 5147 putat;
2798 5079 3130 5149 maximeque
3157 5079 3257 5134 sibi
3290 5081 3385 5136 tri-

1801 5168 1992 5233 buens,
2015 5168 2120 5222 erit
2141 5166 2422 5235 superbus.
2453 5168 2519 5222 Et
2545 5168 2736 5222 melior
2763 5177 2846 5223 est
2874 5178 3121 5238 peccator
3146 5171 3382 5236 humilis,

1803 5274 1961 5330 quam
1978 5259 2154 5328 justus
2174 5257 2455 5327 superbus.
2487 5257 2611 5313 Ideo
2641 5260 2736 5326 ait,
2762 5259 2829 5313 Et
2851 5261 3075 5315 inveniar
3091 5261 3145 5315 in
3169 5262 3261 5316 illo
3281 5279 3384 5316 non

1803 5350 1992 5406 habens
2018 5366 2178 5404 meum
2199 5350 2476 5420 justitiam,
2507 5366 2620 5422 qua!
2655 5367 2719 5406 ea:
2754 5351 2863 5423 tege
2908 5362 3001 5419 εει,
3045 5354 3180 5408 sicut
3211 5353 3382 5410 suum;

1806 5442 2094 5512 putabant;
2143 5439 2232 5495 sed
2275 5441 2520 5507 iustitiam
2553 5457 2667 5512 qua:
2693 5459 2758 5496 ex
2781 5442 2886 5513 ﬁde
2920 5452 2994 5499 est
3022 5442 3212 5502 Christi
3236 5444 3380 5496 Jesu.

1869 5621 1883 5650 ¹
1909 5617 2211 5669 Colbertiuus
2233 5624 2336 5676 Ms.,
2369 5617 2548 5669 viribus
2571 5617 2670 5668 suis
2688 5618 3006 5670 observabant.

1871 5684 1888 5712 ²
1912 5688 2034 5740 Mss,
2061 5677 2374 5731 Miscricordc
2392 5679 2590 5730 Bonane
2613 5687 2739 5730 utar.
