  <div class='ocr_page' id='page_1' title='image "/cluster/home/n/w/nwhite01/storage/ocr_20150623/38/hvd.32044096580600/471.png"; bbox 0 0 3886 6188; ppageno 0'>
   <div class='ocr_carea' id='block_1_1' title="bbox 517 312 618 368">
    <p class='ocr_par' dir='ltr' id='par_1_1' title="bbox 517 312 618 368">
     <span class='ocr_line' id='line_1_1' title="bbox 517 312 618 368; baseline 0.01 -1"><span class='ocrx_word' id='word_1_1' title='bbox 517 312 618 368; x_wconf 78' lang='grc'><strong>931</strong></span> 
     </span>
    </p>
   </div>
   <div class='ocr_carea' id='block_1_2' title="bbox 521 404 2089 484">
    <p class='ocr_par' dir='ltr' id='par_1_2' title="bbox 521 404 2089 484">
     <span class='ocr_line' id='line_1_2' title="bbox 521 404 2089 484; baseline -0.02 -1"><span class='ocrx_word' id='word_1_2' title='bbox 521 424 722 482; x_wconf 83' lang='lat' dir='ltr'><strong>Deinde</strong></span> <span class='ocrx_word' id='word_1_3' title='bbox 746 429 960 478; x_wconf 83' lang='lat' dir='ltr'><strong>secutus</strong></span> <span class='ocrx_word' id='word_1_4' title='bbox 985 418 1091 482; x_wconf 88' lang='lat' dir='ltr'><strong>ait,</strong></span> <span class='ocrx_word' id='word_1_5' title='bbox 1140 415 1198 469; x_wconf 88' lang='lat' dir='ltr'><strong>Si</strong></span> <span class='ocrx_word' id='word_1_6' title='bbox 1228 430 1324 484; x_wconf 86' lang='lat' dir='ltr'><strong>quo</strong></span> <span class='ocrx_word' id='word_1_7' title='bbox 1352 411 1500 466; x_wconf 84' lang='lat' dir='ltr'><strong>modo</strong></span> <span class='ocrx_word' id='word_1_8' title='bbox 1524 423 1784 465; x_wconf 82' lang='lat' dir='ltr'><strong>occurram</strong></span> <span class='ocrx_word' id='word_1_9' title='bbox 1821 404 1873 459; x_wconf 86' lang='lat' dir='ltr'><strong>in</strong></span> <span class='ocrx_word' id='word_1_10' title='bbox 1917 417 2089 458; x_wconf 79' lang='lat' dir='ltr'><strong>resur-</strong></span> 
     </span>
    </p>
   </div>
   <div class='ocr_carea' id='block_1_3' title="bbox 521 497 2092 571">
    <p class='ocr_par' dir='ltr' id='par_1_3' title="bbox 521 497 2092 571">
     <span class='ocr_line' id='line_1_3' title="bbox 521 497 2092 571; baseline -0.015 -3"><span class='ocrx_word' id='word_1_11' title='bbox 521 516 788 571; x_wconf 63' lang='lat' dir='ltr'><strong>rectionem</strong></span> <span class='ocrx_word' id='word_1_12' title='bbox 818 519 1148 564; x_wconf 84' lang='lat' dir='ltr'><strong>mortuorum.</strong></span> <span class='ocrx_word' id='word_1_13' title='bbox 1178 504 1255 560; x_wconf 91' lang='lat' dir='ltr'><strong>lbi</strong></span> <span class='ocrx_word' id='word_1_14' title='bbox 1282 519 1343 559; x_wconf 88' lang='lat' dir='ltr'><strong>se</strong></span> <span class='ocrx_word' id='word_1_15' title='bbox 1369 500 1592 557; x_wconf 76' lang='lat' dir='ltr'><strong>credidit</strong></span> <span class='ocrx_word' id='word_1_16' title='bbox 1617 497 1953 568; x_wconf 76' lang='lat' dir='ltr'><strong>impleturum</strong></span> <span class='ocrx_word' id='word_1_17' title='bbox 1975 506 2092 546; x_wconf 77' lang='lat' dir='ltr'><strong>esse</strong></span> 
     </span>
    </p>
   </div>
   <div class='ocr_carea' id='block_1_4' title="bbox 516 583 2094 676">
    <p class='ocr_par' dir='ltr' id='par_1_4' title="bbox 516 583 2094 676">
     <span class='ocr_line' id='line_1_4' title="bbox 516 583 2094 676; baseline -0.016 -15"><span class='ocrx_word' id='word_1_18' title='bbox 516 605 770 676; x_wconf 70' lang='lat' dir='ltr'><strong>justitiam</strong></span> <span class='ocrx_word' id='word_1_19' title='bbox 798 644 812 668; x_wconf 94' lang='lat'><strong>,</strong></span> <span class='ocrx_word' id='word_1_20' title='bbox 855 601 907 657; x_wconf 90' lang='lat' dir='ltr'><strong>id</strong></span> <span class='ocrx_word' id='word_1_21' title='bbox 936 610 1038 667; x_wconf 85' lang='lat' dir='ltr'><strong>est,</strong></span> <span class='ocrx_word' id='word_1_22' title='bbox 1069 599 1280 669; x_wconf 82' lang='lat' dir='ltr'><strong>plenam</strong></span> <span class='ocrx_word' id='word_1_23' title='bbox 1310 610 1370 651; x_wconf 93' lang='lat' dir='ltr'><strong>se</strong></span> <span class='ocrx_word' id='word_1_24' title='bbox 1397 593 1699 648; x_wconf 86' lang='lat' dir='ltr'><strong>habiturum</strong></span> <span class='ocrx_word' id='word_1_25' title='bbox 1726 586 2003 657; x_wconf 82' lang='lat' dir='ltr'><strong>juStitiam.</strong></span> <span class='ocrx_word' id='word_1_26' title='bbox 2037 583 2094 637; x_wconf 88' lang='lat' dir='ltr'><strong>In</strong></span> 
     </span>
    </p>
   </div>
   <div class='ocr_carea' id='block_1_5' title="bbox 516 683 2093 765">
    <p class='ocr_par' dir='ltr' id='par_1_5' title="bbox 516 683 2093 765">
     <span class='ocr_line' id='line_1_5' title="bbox 516 683 2093 765; baseline -0.015 -15"><span class='ocrx_word' id='word_1_27' title='bbox 516 694 914 765; x_wconf 80' lang='lat' dir='ltr'><strong>comparatione</strong></span> <span class='ocrx_word' id='word_1_28' title='bbox 954 688 1361 746; x_wconf 85' lang='lat' dir='ltr'><strong>resurrectionis</strong></span> <span class='ocrx_word' id='word_1_29' title='bbox 1397 686 1555 745; x_wconf 81' lang='lat' dir='ltr'><strong>illius.</strong></span> <span class='ocrx_word' id='word_1_30' title='bbox 1601 690 1807 736; x_wconf 89' lang='lat' dir='ltr'><strong>stercus</strong></span> <span class='ocrx_word' id='word_1_31' title='bbox 1857 686 1940 731; x_wconf 87' lang='lat' dir='ltr'><strong>est</strong></span> <span class='ocrx_word' id='word_1_32' title='bbox 1986 683 2093 728; x_wconf 87' lang='lat' dir='ltr'><strong>tota</strong></span> 
     </span>
    </p>
   </div>
   <div class='ocr_carea' id='block_1_6' title="bbox 521 766 2096 857">
    <p class='ocr_par' dir='ltr' id='par_1_6' title="bbox 521 766 2096 857">
     <span class='ocr_line' id='line_1_6' title="bbox 521 766 2096 857; baseline -0.015 -16"><span class='ocrx_word' id='word_1_33' title='bbox 521 790 623 841; x_wconf 88' lang='lat' dir='ltr'><strong>vita</strong></span> <span class='ocrx_word' id='word_1_34' title='bbox 652 801 809 857; x_wconf 90' lang='lat' dir='ltr'><strong>quam</strong></span> <span class='ocrx_word' id='word_1_35' title='bbox 838 784 1093 854; x_wconf 80' lang='lat' dir='ltr'><strong>gerimus.</strong></span> <span class='ocrx_word' id='word_1_36' title='bbox 1124 780 1311 835; x_wconf 85' lang='lat' dir='ltr'><strong>Adhuc</strong></span> <span class='ocrx_word' id='word_1_37' title='bbox 1343 774 1652 846; x_wconf 84' lang='lat' dir='ltr'><strong>Apostolum</strong></span> <span class='ocrx_word' id='word_1_38' title='bbox 1696 770 1819 824; x_wconf 88' lang='lat' dir='ltr'><strong>audi</strong></span> <span class='ocrx_word' id='word_1_39' title='bbox 1862 766 2096 836; x_wconf 83' lang='lat' dir='ltr'><strong>apertius</strong></span> 
     </span>
    </p>
   </div>
   <div class='ocr_carea' id='block_1_7' title="bbox 517 858 2099 945">
    <p class='ocr_par' dir='ltr' id='par_1_7' title="bbox 517 858 2099 945">
     <span class='ocr_line' id='line_1_7' title="bbox 517 858 2099 945; baseline -0.018 -9"><span class='ocrx_word' id='word_1_40' title='bbox 517 881 782 936; x_wconf 83' lang='lat' dir='ltr'><strong>dicentem</strong></span> <span class='ocrx_word' id='word_1_41' title='bbox 808 918 823 941; x_wconf 95' lang='lat'><strong>,</strong></span> <span class='ocrx_word' id='word_1_42' title='bbox 872 875 934 932; x_wconf 89' lang='lat' dir='ltr'><strong>Si</strong></span> <span class='ocrx_word' id='word_1_43' title='bbox 971 891 1069 945; x_wconf 87' lang='lat' dir='ltr'><strong>quo</strong></span> <span class='ocrx_word' id='word_1_44' title='bbox 1115 871 1264 926; x_wconf 90' lang='lat' dir='ltr'><strong>modo</strong></span> <span class='ocrx_word' id='word_1_45' title='bbox 1304 883 1564 923; x_wconf 84' lang='lat' dir='ltr'><strong>occurram</strong></span> <span class='ocrx_word' id='word_1_46' title='bbox 1597 865 1651 917; x_wconf 89' lang='lat' dir='ltr'><strong>in</strong></span> <span class='ocrx_word' id='word_1_47' title='bbox 1687 858 2099 915; x_wconf 75' lang='lat' dir='ltr'><strong>resurrectionem</strong></span> 
     </span>
    </p>
   </div>
   <div class='ocr_carea' id='block_1_8' title="bbox 529 953 2099 1041">
    <p class='ocr_par' dir='ltr' id='par_1_8' title="bbox 529 953 2099 1041">
     <span class='ocr_line' id='line_1_8' title="bbox 529 953 2099 1041; baseline -0.018 -14"><span class='ocrx_word' id='word_1_48' title='bbox 529 976 772 1038; x_wconf 80' lang='lat' dir='ltr'><strong>iustorum</strong></span> <span class='ocrx_word' id='word_1_49' title='bbox 802 968 876 1041; x_wconf 90' lang='lat' dir='ltr'><strong>(a)</strong></span> <span class='ocrx_word' id='word_1_50' title='bbox 907 984 925 1022; x_wconf 93' lang='lat'><strong><em>:</em></strong></span> <span class='ocrx_word' id='word_1_51' title='bbox 953 983 1050 1021; x_wconf 85' lang='lat' dir='ltr'><strong>non</strong></span> <span class='ocrx_word' id='word_1_52' title='bbox 1070 962 1317 1036; x_wconf 79' lang='lat' dir='ltr'><strong>quia&#39;iam</strong></span> <span class='ocrx_word' id='word_1_53' title='bbox 1330 958 1724 1028; x_wconf 81' lang='lat' dir='ltr'><strong>acceperint,aut</strong></span> <span class='ocrx_word' id='word_1_54' title='bbox 1725 954 1839 1024; x_wconf 85' lang='lat' dir='ltr'><strong>jam</strong></span> <span class='ocrx_word' id='word_1_55' title='bbox 1855 953 2099 1021; x_wconf 78' lang='lat' dir='ltr'><strong>perfectus</strong></span> 
     </span>
    </p>
   </div>
   <div class='ocr_carea' id='block_1_9' title="bbox 518 1040 2101 1119">
    <p class='ocr_par' dir='ltr' id='par_1_9' title="bbox 518 1040 2101 1119">
     <span class='ocr_line' id='line_1_9' title="bbox 518 1040 2101 1119; baseline -0.018 0"><span class='ocrx_word' id='word_1_56' title='bbox 518 1066 636 1119; x_wconf 82' lang='lat' dir='ltr'><strong>sim.</strong></span> <span class='ocrx_word' id='word_1_57' title='bbox 663 1063 718 1116; x_wconf 79' lang='lat' dir='ltr'><strong>Et</strong></span> <span class='ocrx_word' id='word_1_58' title='bbox 749 1060 980 1115; x_wconf 76' lang='lat' dir='ltr'><strong>contexit</strong></span> <span class='ocrx_word' id='word_1_59' title='bbox 1007 1057 1219 1119; x_wconf 85' lang='lat' dir='ltr'><strong>deinde,</strong></span> <span class='ocrx_word' id='word_1_60' title='bbox 1253 1052 1458 1107; x_wconf 81' lang='lat' dir='ltr'><strong>Fratres</strong></span> <span class='ocrx_word' id='word_1_61' title='bbox 1482 1092 1497 1113; x_wconf 92' lang='lat'><strong>,</strong></span> <span class='ocrx_word' id='word_1_62' title='bbox 1531 1065 1620 1118; x_wconf 89' lang='lat' dir='ltr'><strong>ego</strong></span> <span class='ocrx_word' id='word_1_63' title='bbox 1653 1062 1731 1099; x_wconf 90' lang='lat' dir='ltr'><strong>me</strong></span> <span class='ocrx_word' id='word_1_64' title='bbox 1756 1060 1854 1097; x_wconf 87' lang='lat' dir='ltr'><strong>non</strong></span> <span class='ocrx_word' id='word_1_65' title='bbox 1882 1040 2101 1094; x_wconf 82' lang='lat' dir='ltr'><strong>arbitror</strong></span> 
     </span>
    </p>
   </div>
   <div class='ocr_carea' id='block_1_10' title="bbox 522 1130 2096 1225">
    <p class='ocr_par' dir='ltr' id='par_1_10' title="bbox 522 1130 2096 1225">
     <span class='ocr_line' id='line_1_10' title="bbox 522 1130 2096 1225; baseline -0.018 -16"><span class='ocrx_word' id='word_1_66' title='bbox 522 1153 929 1225; x_wconf 79' lang='lat' dir='ltr'><strong>apprehendisse.</strong></span> <span class='ocrx_word' id='word_1_67' title='bbox 958 1146 1235 1217; x_wconf 83' lang='lat' dir='ltr'><strong>Quomodo</strong></span> <span class='ocrx_word' id='word_1_68' title='bbox 1274 1149 1546 1211; x_wconf 83' lang='lat' dir='ltr'><strong>comparat</strong></span> <span class='ocrx_word' id='word_1_69' title='bbox 1574 1136 1834 1209; x_wconf 87' lang='lat' dir='ltr'><strong>justitiam</strong></span> <span class='ocrx_word' id='word_1_70' title='bbox 1858 1130 2096 1201; x_wconf 69' lang='lat' dir='ltr'><strong>justitiaz,</strong></span> 
     </span>
    </p>
   </div>
   <div class='ocr_carea' id='block_1_11' title="bbox 521 1221 2098 1309">
    <p class='ocr_par' dir='ltr' id='par_1_11' title="bbox 521 1221 2098 1309">
     <span class='ocr_line' id='line_1_11' title="bbox 521 1221 2098 1309; baseline -0.018 -6"><span class='ocrx_word' id='word_1_71' title='bbox 521 1250 744 1303; x_wconf 86' lang='lat' dir='ltr'><strong>salutem</strong></span> <span class='ocrx_word' id='word_1_72' title='bbox 788 1244 975 1309; x_wconf 85' lang='lat' dir='ltr'><strong>saluti,</strong></span> <span class='ocrx_word' id='word_1_73' title='bbox 1024 1242 1178 1295; x_wconf 87' lang='lat' dir='ltr'><strong>fidem</strong></span> <span class='ocrx_word' id='word_1_74' title='bbox 1219 1236 1450 1308; x_wconf 80' lang='lat' dir='ltr'><strong>speciei,</strong></span> <span class='ocrx_word' id='word_1_75' title='bbox 1507 1226 1980 1302; x_wconf 79' lang='lat' dir='ltr'><strong>peregrinationem</strong></span> <span class='ocrx_word' id='word_1_76' title='bbox 2019 1221 2098 1276; x_wconf 90' lang='lat' dir='ltr'><strong>ci-</strong></span> 
     </span>
    </p>
   </div>
   <div class='ocr_carea' id='block_1_12' title="bbox 524 1336 725 1392">
    <p class='ocr_par' dir='ltr' id='par_1_12' title="bbox 524 1336 725 1392">
     <span class='ocr_line' id='line_1_12' title="bbox 524 1336 725 1392; baseline -0.015 0"><span class='ocrx_word' id='word_1_77' title='bbox 524 1340 673 1392; x_wconf 79' lang='lat' dir='ltr'><strong>vitati</strong></span> <span class='ocrx_word' id='word_1_78' title='bbox 702 1336 725 1389; x_wconf 81' lang='lat'><strong>?</strong></span> 
     </span>
    </p>
   </div>
   <div class='ocr_carea' id='block_1_13' title="bbox 595 1405 2103 1487">
    <p class='ocr_par' dir='ltr' id='par_1_13' title="bbox 595 1405 2103 1487">
     <span class='ocr_line' id='line_1_13' title="bbox 595 1405 2103 1487; baseline -0.021 -3"><span class='ocrx_word' id='word_1_79' title='bbox 595 1425 818 1484; x_wconf 81' lang='lat' dir='ltr'><strong>CAPUT</strong></span> <span class='ocrx_word' id='word_1_80' title='bbox 860 1422 993 1478; x_wconf 77' lang='lat' dir='ltr'><strong>Vill.</strong></span> <span class='ocrx_word' id='word_1_81' title='bbox 1025 1450 1093 1460; x_wconf 92' lang='lat'><strong>—</strong></span> <span class='ocrx_word' id='word_1_82' title='bbox 1122 1420 1174 1473; x_wconf 84' lang='lat'><strong>8.</strong></span> <span class='ocrx_word' id='word_1_83' title='bbox 1205 1417 1452 1487; x_wconf 73' lang='lat' dir='ltr'><strong>Perfecta:</strong></span> <span class='ocrx_word' id='word_1_84' title='bbox 1466 1411 1680 1483; x_wconf 80' lang='lat' dir='ltr'><strong>justitio:</strong></span> <span class='ocrx_word' id='word_1_85' title='bbox 1703 1405 1950 1461; x_wconf 81' lang='lat' dir='ltr'><strong>desiderio</strong></span> <span class='ocrx_word' id='word_1_86' title='bbox 1977 1418 2103 1456; x_wconf 80' lang='lat' dir='ltr'><strong>con-</strong></span> 
     </span>
    </p>
   </div>
   <div class='ocr_carea' id='block_1_14' title="bbox 526 1492 2105 1584">
    <p class='ocr_par' dir='ltr' id='par_1_14' title="bbox 526 1492 2105 1584">
     <span class='ocr_line' id='line_1_14' title="bbox 526 1492 2105 1584; baseline -0.019 -9"><span class='ocrx_word' id='word_1_87' title='bbox 526 1517 793 1575; x_wconf 88' lang='lat' dir='ltr'><strong>temnenda</strong></span> <span class='ocrx_word' id='word_1_88' title='bbox 832 1502 1065 1584; x_wconf 24' lang='lat' dir='ltr'><strong>’prtesens</strong></span> <span class='ocrx_word' id='word_1_89' title='bbox 1101 1508 1318 1581; x_wconf 79' lang='lat' dir='ltr'><strong>justitia.</strong></span> <span class='ocrx_word' id='word_1_90' title='bbox 1375 1502 1647 1559; x_wconf 83' lang='lat' dir='ltr'><strong>Attendite</strong></span> <span class='ocrx_word' id='word_1_91' title='bbox 1693 1494 1960 1567; x_wconf 89' lang='lat' dir='ltr'><strong>quomodo</strong></span> <span class='ocrx_word' id='word_1_92' title='bbox 2004 1492 2105 1546; x_wconf 89' lang='lat' dir='ltr'><strong>hoc</strong></span> 
     </span>
    </p>
   </div>
   <div class='ocr_carea' id='block_1_15' title="bbox 531 1582 2101 1678">
    <p class='ocr_par' dir='ltr' id='par_1_15' title="bbox 531 1582 2101 1678">
     <span class='ocr_line' id='line_1_15' title="bbox 531 1582 2101 1678; baseline -0.02 -14"><span class='ocrx_word' id='word_1_93' title='bbox 531 1610 751 1678; x_wconf 86' lang='lat' dir='ltr'><strong>impleat</strong></span> <span class='ocrx_word' id='word_1_94' title='bbox 782 1624 794 1659; x_wconf 90' lang='lat'><strong>:</strong></span> <span class='ocrx_word' id='word_1_95' title='bbox 828 1582 1051 1667; x_wconf 73' lang='lat' dir='ltr'><strong>Fratres,</strong></span> <span class='ocrx_word' id='word_1_96' title='bbox 1083 1616 1172 1670; x_wconf 85' lang='lat' dir='ltr'><strong>ego</strong></span> <span class='ocrx_word' id='word_1_97' title='bbox 1216 1613 1291 1650; x_wconf 86' lang='lat' dir='ltr'><strong>me</strong></span> <span class='ocrx_word' id='word_1_98' title='bbox 1320 1611 1417 1648; x_wconf 91' lang='lat' dir='ltr'><strong>non</strong></span> <span class='ocrx_word' id='word_1_99' title='bbox 1448 1592 1660 1645; x_wconf 81' lang='lat' dir='ltr'><strong>arbitror</strong></span> <span class='ocrx_word' id='word_1_100' title='bbox 1692 1582 2101 1658; x_wconf 83' lang='lat' dir='ltr'><strong>apprehendisse.</strong></span> 
     </span>
    </p>
   </div>
   <div class='ocr_carea' id='block_1_16' title="bbox 535 1680 2104 1762">
    <p class='ocr_par' dir='ltr' id='par_1_16' title="bbox 535 1680 2104 1762">
     <span class='ocr_line' id='line_1_16' title="bbox 535 1680 2104 1762; baseline -0.02 -6"><span class='ocrx_word' id='word_1_101' title='bbox 535 1701 705 1756; x_wconf 88' lang='lat' dir='ltr'><strong>Unum</strong></span> <span class='ocrx_word' id='word_1_102' title='bbox 730 1706 913 1751; x_wconf 86' lang='lat' dir='ltr'><strong>autem.</strong></span> <span class='ocrx_word' id='word_1_103' title='bbox 942 1692 1076 1762; x_wconf 83' lang='lat' dir='ltr'><strong>Quid</strong></span> <span class='ocrx_word' id='word_1_104' title='bbox 1103 1706 1276 1752; x_wconf 87' lang='lat' dir='ltr'><strong>unum,</strong></span> <span class='ocrx_word' id='word_1_105' title='bbox 1309 1685 1410 1741; x_wconf 89' lang='lat' dir='ltr'><strong>nisi</strong></span> <span class='ocrx_word' id='word_1_106' title='bbox 1439 1700 1502 1739; x_wconf 79' lang='lat' dir='ltr'><strong>ex</strong></span> <span class='ocrx_word' id='word_1_107' title='bbox 1545 1681 1645 1735; x_wconf 88' lang='lat' dir='ltr'><strong>fide</strong></span> <span class='ocrx_word' id='word_1_108' title='bbox 1670 1680 1864 1742; x_wconf 79' lang='lat' dir='ltr'><strong>vivere,</strong></span> <span class='ocrx_word' id='word_1_109' title='bbox 1898 1689 1993 1743; x_wconf 89' lang='lat' dir='ltr'><strong>spe</strong></span> <span class='ocrx_word' id='word_1_110' title='bbox 2022 1687 2104 1725; x_wconf 83' lang='lat' dir='ltr'><strong>sa-</strong></span> 
     </span>
    </p>
   </div>
   <div class='ocr_carea' id='block_1_17' title="bbox 530 1766 2106 1855">
    <p class='ocr_par' dir='ltr' id='par_1_17' title="bbox 530 1766 2106 1855">
     <span class='ocr_line' id='line_1_17' title="bbox 530 1766 2106 1855; baseline -0.018 -8"><span class='ocrx_word' id='word_1_111' title='bbox 530 1794 652 1847; x_wconf 90' lang='lat' dir='ltr'><strong>lutis</strong></span> <span class='ocrx_word' id='word_1_112' title='bbox 686 1800 899 1845; x_wconf 78' lang='lat' dir='ltr'><strong>a-ternae</strong></span> <span class='ocrx_word' id='word_1_113' title='bbox 924 1830 940 1855; x_wconf 94' lang='lat'><strong>,</strong></span> <span class='ocrx_word' id='word_1_114' title='bbox 985 1788 1075 1842; x_wconf 82' lang='lat' dir='ltr'><strong>ubi</strong></span> <span class='ocrx_word' id='word_1_115' title='bbox 1118 1787 1217 1840; x_wconf 91' lang='lat' dir='ltr'><strong>crit</strong></span> <span class='ocrx_word' id='word_1_116' title='bbox 1248 1784 1402 1852; x_wconf 88' lang='lat' dir='ltr'><strong>plena</strong></span> <span class='ocrx_word' id='word_1_117' title='bbox 1429 1789 1483 1834; x_wconf 92' lang='lat' dir='ltr'><strong>et</strong></span> <span class='ocrx_word' id='word_1_118' title='bbox 1525 1775 1754 1847; x_wconf 88' lang='lat' dir='ltr'><strong>perfecta</strong></span> <span class='ocrx_word' id='word_1_119' title='bbox 1788 1770 2011 1841; x_wconf 88' lang='lat' dir='ltr'><strong>justitia,</strong></span> <span class='ocrx_word' id='word_1_120' title='bbox 2054 1766 2106 1820; x_wconf 92' lang='lat' dir='ltr'><strong>in</strong></span> 
     </span>
    </p>
   </div>
   <div class='ocr_carea' id='block_1_18' title="bbox 529 1856 2104 1954">
    <p class='ocr_par' dir='ltr' id='par_1_18' title="bbox 529 1856 2104 1954">
     <span class='ocr_line' id='line_1_18' title="bbox 529 1856 2104 1954; baseline -0.018 -15"><span class='ocrx_word' id='word_1_121' title='bbox 529 1887 684 1954; x_wconf 86' lang='lat' dir='ltr'><strong>cujus</strong></span> <span class='ocrx_word' id='word_1_122' title='bbox 708 1880 1105 1950; x_wconf 86' lang='lat' dir='ltr'><strong>comparatione</strong></span> <span class='ocrx_word' id='word_1_123' title='bbox 1135 1878 1327 1930; x_wconf 89' lang='lat' dir='ltr'><strong>damna</strong></span> <span class='ocrx_word' id='word_1_124' title='bbox 1353 1881 1475 1927; x_wconf 91' lang='lat' dir='ltr'><strong>sunt</strong></span> <span class='ocrx_word' id='word_1_125' title='bbox 1501 1885 1619 1939; x_wconf 74' lang='lat' dir='ltr'><strong>quae</strong></span> <span class='ocrx_word' id='word_1_126' title='bbox 1647 1856 1930 1920; x_wconf 76' lang='lat' dir='ltr'><strong>transitura</strong></span> <span class='ocrx_word' id='word_1_127' title='bbox 1962 1867 2104 1923; x_wconf 89' lang='lat' dir='ltr'><strong>sunt,</strong></span> 
     </span>
    </p>
   </div>
   <div class='ocr_carea' id='block_1_19' title="bbox 533 1951 2110 2041">
    <p class='ocr_par' dir='ltr' id='par_1_19' title="bbox 533 1951 2110 2041">
     <span class='ocr_line' id='line_1_19' title="bbox 533 1951 2110 2041; baseline -0.018 -11"><span class='ocrx_word' id='word_1_128' title='bbox 533 1951 859 2030; x_wconf 25' lang='lat' dir='ltr'><strong>etvstercora</strong></span> <span class='ocrx_word' id='word_1_129' title='bbox 888 1986 1004 2041; x_wconf 73' lang='lat' dir='ltr'><strong>qua:</strong></span> <span class='ocrx_word' id='word_1_130' title='bbox 1034 1965 1362 2037; x_wconf 89' lang='lat' dir='ltr'><strong>reprobanda</strong></span> <span class='ocrx_word' id='word_1_131' title='bbox 1392 1961 1552 2017; x_wconf 91' lang='lat' dir='ltr'><strong>sunt?</strong></span> <span class='ocrx_word' id='word_1_132' title='bbox 1580 1957 1715 2027; x_wconf 87' lang='lat' dir='ltr'><strong>Quid</strong></span> <span class='ocrx_word' id='word_1_133' title='bbox 1744 1970 1892 2025; x_wconf 82' lang='lat' dir='ltr'><strong>ergo,</strong></span> <span class='ocrx_word' id='word_1_134' title='bbox 1941 1951 2110 2007; x_wconf 87' lang='lat' dir='ltr'><strong>Unum</strong></span> 
     </span>
    </p>
   </div>
   <div class='ocr_carea' id='block_1_20' title="bbox 535 2051 2106 2133">
    <p class='ocr_par' dir='ltr' id='par_1_20' title="bbox 535 2051 2106 2133">
     <span class='ocr_line' id='line_1_20' title="bbox 535 2051 2106 2133; baseline -0.017 -13"><span class='ocrx_word' id='word_1_135' title='bbox 535 2076 721 2130; x_wconf 87' lang='lat' dir='ltr'><strong>autem,</strong></span> <span class='ocrx_word' id='word_1_136' title='bbox 740 2080 854 2133; x_wconf 68' lang='lat' dir='ltr'><strong>quae</strong></span> <span class='ocrx_word' id='word_1_137' title='bbox 894 2072 1026 2117; x_wconf 89' lang='lat' dir='ltr'><strong>retro</strong></span> <span class='ocrx_word' id='word_1_138' title='bbox 1062 2059 1261 2123; x_wconf 76' lang='lat' dir='ltr'><strong>oblitus,</strong></span> <span class='ocrx_word' id='word_1_139' title='bbox 1288 2058 1341 2109; x_wconf 86' lang='lat' dir='ltr'><strong>in</strong></span> <span class='ocrx_word' id='word_1_140' title='bbox 1367 2071 1425 2108; x_wconf 86' lang='lat' dir='ltr'><strong>ea</strong></span> <span class='ocrx_word' id='word_1_141' title='bbox 1452 2068 1565 2124; x_wconf 73' lang='lat' dir='ltr'><strong>qua:</strong></span> <span class='ocrx_word' id='word_1_142' title='bbox 1588 2058 1703 2103; x_wconf 87' lang='lat' dir='ltr'><strong>ante</strong></span> <span class='ocrx_word' id='word_1_143' title='bbox 1725 2056 1839 2102; x_wconf 89' lang='lat' dir='ltr'><strong>sunt</strong></span> <span class='ocrx_word' id='word_1_144' title='bbox 1863 2051 2106 2107; x_wconf 77' lang='lat' dir='ltr'><strong>extentus,</strong></span> 
     </span>
    </p>
   </div>
   <div class='ocr_carea' id='block_1_21' title="bbox 529 2141 2109 2212">
    <p class='ocr_par' dir='ltr' id='par_1_21' title="bbox 529 2141 2109 2212">
     <span class='ocr_line' id='line_1_21' title="bbox 529 2141 2109 2212; baseline -0.015 -4"><span class='ocrx_word' id='word_1_145' title='bbox 529 2154 799 2210; x_wconf 85' lang='lat' dir='ltr'><strong>secundum</strong></span> <span class='ocrx_word' id='word_1_146' title='bbox 822 2151 1145 2205; x_wconf 89' lang='lat' dir='ltr'><strong>intentionem</strong></span> <span class='ocrx_word' id='word_1_147' title='bbox 1173 2161 1352 2212; x_wconf 88' lang='lat' dir='ltr'><strong>sequor</strong></span> <span class='ocrx_word' id='word_1_148' title='bbox 1388 2143 1456 2196; x_wconf 87' lang='lat' dir='ltr'><strong>ad</strong></span> <span class='ocrx_word' id='word_1_149' title='bbox 1499 2141 1719 2209; x_wconf 87' lang='lat' dir='ltr'><strong>palmam</strong></span> <span class='ocrx_word' id='word_1_150' title='bbox 1755 2150 1986 2206; x_wconf 82' lang='lat' dir='ltr'><strong>superna:</strong></span> <span class='ocrx_word' id='word_1_151' title='bbox 2019 2148 2109 2186; x_wconf 82' lang='lat' dir='ltr'><strong>vo-</strong></span> 
     </span>
    </p>
   </div>
   <div class='ocr_carea' id='block_1_22' title="bbox 530 2227 2110 2301">
    <p class='ocr_par' dir='ltr' id='par_1_22' title="bbox 530 2227 2110 2301">
     <span class='ocr_line' id='line_1_22' title="bbox 530 2227 2110 2301; baseline -0.016 0"><span class='ocrx_word' id='word_1_152' title='bbox 530 2246 743 2301; x_wconf 82' lang='lat' dir='ltr'><strong>cationis</strong></span> <span class='ocrx_word' id='word_1_153' title='bbox 769 2244 864 2299; x_wconf 88' lang='lat' dir='ltr'><strong>Dei</strong></span> <span class='ocrx_word' id='word_1_154' title='bbox 887 2243 941 2296; x_wconf 86' lang='lat' dir='ltr'><strong>in</strong></span> <span class='ocrx_word' id='word_1_155' title='bbox 962 2240 1159 2297; x_wconf 86' lang='lat' dir='ltr'><strong>Christo</strong></span> <span class='ocrx_word' id='word_1_156' title='bbox 1181 2237 1227 2291; x_wconf 79' lang='lat' dir='ltr'><strong><em>J</em></strong></span> <span class='ocrx_word' id='word_1_157' title='bbox 1232 2254 1334 2291; x_wconf 85' lang='lat' dir='ltr'><strong>esu.</strong></span> <span class='ocrx_word' id='word_1_158' title='bbox 1364 2235 1432 2289; x_wconf 88' lang='lat' dir='ltr'><strong>Et</strong></span> <span class='ocrx_word' id='word_1_159' title='bbox 1455 2233 1520 2287; x_wconf 91' lang='lat' dir='ltr'><strong>ad</strong></span> <span class='ocrx_word' id='word_1_160' title='bbox 1550 2246 1643 2286; x_wconf 89' lang='lat' dir='ltr'><strong>eos</strong></span> <span class='ocrx_word' id='word_1_161' title='bbox 1667 2230 1753 2299; x_wconf 85' lang='lat' dir='ltr'><strong>qui</strong></span> <span class='ocrx_word' id='word_1_162' title='bbox 1781 2227 1849 2281; x_wconf 90' lang='lat' dir='ltr'><strong>de</strong></span> <span class='ocrx_word' id='word_1_163' title='bbox 1873 2239 1967 2280; x_wconf 89' lang='lat' dir='ltr'><strong>sua</strong></span> <span class='ocrx_word' id='word_1_164' title='bbox 1993 2239 2110 2293; x_wconf 87' lang='lat' dir='ltr'><strong>per-</strong></span> 
     </span>
    </p>
   </div>
   <div class='ocr_carea' id='block_1_23' title="bbox 534 2315 2114 2408">
    <p class='ocr_par' dir='ltr' id='par_1_23' title="bbox 534 2315 2114 2408">
     <span class='ocr_line' id='line_1_23' title="bbox 534 2315 2114 2408; baseline -0.016 -15"><span class='ocrx_word' id='word_1_165' title='bbox 534 2339 764 2395; x_wconf 84' lang='lat' dir='ltr'><strong>fectione</strong></span> <span class='ocrx_word' id='word_1_166' title='bbox 790 2338 806 2368; x_wconf 84' lang='grc'>¹</span> <span class='ocrx_word' id='word_1_167' title='bbox 836 2343 1055 2408; x_wconf 58' lang='lat' dir='ltr'><strong>possent</strong></span> <span class='ocrx_word' id='word_1_168' title='bbox 1079 2343 1422 2402; x_wconf 70' lang='lat' dir='ltr'><strong>praesumere,</strong></span> <span class='ocrx_word' id='word_1_169' title='bbox 1459 2325 1710 2392; x_wconf 82' lang='lat' dir='ltr'><strong>Quotquot</strong></span> <span class='ocrx_word' id='word_1_170' title='bbox 1725 2330 1888 2373; x_wconf 89' lang='lat' dir='ltr'><strong>autem</strong></span> <span class='ocrx_word' id='word_1_171' title='bbox 1910 2315 2114 2389; x_wconf 75' lang='lat' dir='ltr'><strong>perfecti</strong></span> 
     </span>
    </p>
   </div>
   <div class='ocr_carea' id='block_1_24' title="bbox 532 2410 2113 2496">
    <p class='ocr_par' dir='ltr' id='par_1_24' title="bbox 532 2410 2113 2496">
     <span class='ocr_line' id='line_1_24' title="bbox 532 2410 2113 2496; baseline -0.015 -13"><span class='ocrx_word' id='word_1_172' title='bbox 532 2446 724 2490; x_wconf 85' lang='lat' dir='ltr'><strong>sumus,</strong></span> <span class='ocrx_word' id='word_1_173' title='bbox 756 2428 849 2481; x_wconf 77' lang='lat' dir='ltr'><strong>hoc</strong></span> <span class='ocrx_word' id='word_1_174' title='bbox 877 2426 1153 2496; x_wconf 74' lang='lat' dir='ltr'><strong>sapiamus.</strong></span> <span class='ocrx_word' id='word_1_175' title='bbox 1183 2422 1300 2476; x_wconf 88' lang='lat' dir='ltr'><strong>.lam</strong></span> <span class='ocrx_word' id='word_1_176' title='bbox 1342 2418 1541 2472; x_wconf 88' lang='lat' dir='ltr'><strong>dudum</strong></span> <span class='ocrx_word' id='word_1_177' title='bbox 1570 2414 1775 2487; x_wconf 80' lang='lat' dir='ltr'><strong>dixerat</strong></span> <span class='ocrx_word' id='word_1_178' title='bbox 1820 2426 1879 2464; x_wconf 90' lang='lat' dir='ltr'><strong>se</strong></span> <span class='ocrx_word' id='word_1_179' title='bbox 1919 2410 2113 2476; x_wconf 88' lang='lat' dir='ltr'><strong>imper-</strong></span> 
     </span>
    </p>
   </div>
   <div class='ocr_carea' id='block_1_25' title="bbox 535 2499 2113 2583">
    <p class='ocr_par' dir='ltr' id='par_1_25' title="bbox 535 2499 2113 2583">
     <span class='ocr_line' id='line_1_25' title="bbox 535 2499 2113 2583; baseline -0.015 -8"><span class='ocrx_word' id='word_1_180' title='bbox 535 2520 751 2583; x_wconf 88' lang='lat' dir='ltr'><strong>fectum,</strong></span> <span class='ocrx_word' id='word_1_181' title='bbox 783 2533 925 2572; x_wconf 88' lang='lat' dir='ltr'><strong>nunc</strong></span> <span class='ocrx_word' id='word_1_182' title='bbox 947 2523 1122 2570; x_wconf 88' lang='lat' dir='ltr'><strong>autem</strong></span> <span class='ocrx_word' id='word_1_183' title='bbox 1149 2510 1460 2582; x_wconf 67' lang='lat' dir='ltr'><strong>perfectum.</strong></span> <span class='ocrx_word' id='word_1_184' title='bbox 1491 2507 1686 2574; x_wconf 88' lang='lat' dir='ltr'><strong>Quare,</strong></span> <span class='ocrx_word' id='word_1_185' title='bbox 1717 2503 1818 2557; x_wconf 89' lang='lat' dir='ltr'><strong>nisi</strong></span> <span class='ocrx_word' id='word_1_186' title='bbox 1846 2501 1964 2570; x_wconf 85' lang='lat' dir='ltr'><strong>quia</strong></span> <span class='ocrx_word' id='word_1_187' title='bbox 2000 2499 2113 2567; x_wconf 82' lang='lat' dir='ltr'><strong>ipsa</strong></span> 
     </span>
    </p>
   </div>
   <div class='ocr_carea' id='block_1_26' title="bbox 534 2588 2118 2679">
    <p class='ocr_par' dir='ltr' id='par_1_26' title="bbox 534 2588 2118 2679">
     <span class='ocr_line' id='line_1_26' title="bbox 534 2588 2118 2679; baseline -0.012 -17"><span class='ocrx_word' id='word_1_188' title='bbox 534 2619 616 2663; x_wconf 79' lang='lat' dir='ltr'><strong>est</strong></span> <span class='ocrx_word' id='word_1_189' title='bbox 660 2608 913 2679; x_wconf 82' lang='lat' dir='ltr'><strong>perfectio</strong></span> <span class='ocrx_word' id='word_1_190' title='bbox 945 2603 1196 2668; x_wconf 86' lang='lat' dir='ltr'><strong>hominis,</strong></span> <span class='ocrx_word' id='word_1_191' title='bbox 1231 2599 1494 2656; x_wconf 89' lang='lat' dir='ltr'><strong>invenisse</strong></span> <span class='ocrx_word' id='word_1_192' title='bbox 1537 2612 1596 2650; x_wconf 87' lang='lat' dir='ltr'><strong>se</strong></span> <span class='ocrx_word' id='word_1_193' title='bbox 1640 2610 1743 2649; x_wconf 89' lang='lat' dir='ltr'><strong>non</strong></span> <span class='ocrx_word' id='word_1_194' title='bbox 1786 2607 1907 2648; x_wconf 87' lang='lat' dir='ltr'><strong>esse</strong></span> <span class='ocrx_word' id='word_1_195' title='bbox 1944 2588 2118 2660; x_wconf 88' lang='lat' dir='ltr'><strong>perfe-</strong></span> 
     </span>
    </p>
   </div>
   <div class='ocr_carea' id='block_1_27' title="bbox 534 2683 2112 2769">
    <p class='ocr_par' dir='ltr' id='par_1_27' title="bbox 534 2683 2112 2769">
     <span class='ocr_line' id='line_1_27' title="bbox 534 2683 2112 2769; baseline -0.014 -14"><span class='ocrx_word' id='word_1_196' title='bbox 534 2702 719 2755; x_wconf 82' lang='lat' dir='ltr'><strong>ctum?</strong></span> <span class='ocrx_word' id='word_1_197' title='bbox 751 2699 1006 2769; x_wconf 84' lang='lat' dir='ltr'><strong>Quotquot</strong></span> <span class='ocrx_word' id='word_1_198' title='bbox 1043 2707 1208 2749; x_wconf 81' lang='lat' dir='ltr'><strong>autent</strong></span> <span class='ocrx_word' id='word_1_199' title='bbox 1242 2690 1446 2765; x_wconf 81' lang='lat' dir='ltr'><strong>perfecti</strong></span> <span class='ocrx_word' id='word_1_200' title='bbox 1476 2704 1679 2752; x_wconf 84' lang='lat' dir='ltr'><strong>sumus,</strong></span> <span class='ocrx_word' id='word_1_201' title='bbox 1717 2687 1809 2739; x_wconf 82' lang='lat' dir='ltr'><strong>hoc</strong></span> <span class='ocrx_word' id='word_1_202' title='bbox 1837 2683 2112 2753; x_wconf 71' lang='lat' dir='ltr'><strong>sapiamus.</strong></span> 
     </span>
    </p>
   </div>
   <div class='ocr_carea' id='block_1_28' title="bbox 538 2773 2119 2862">
    <p class='ocr_par' dir='ltr' id='par_1_28' title="bbox 538 2773 2119 2862">
     <span class='ocr_line' id='line_1_28' title="bbox 538 2773 2119 2862; baseline -0.012 -17"><span class='ocrx_word' id='word_1_203' title='bbox 538 2792 604 2845; x_wconf 75' lang='lat' dir='ltr'><strong>Et</strong></span> <span class='ocrx_word' id='word_1_204' title='bbox 650 2792 692 2846; x_wconf 87' lang='lat' dir='ltr'><strong>si</strong></span> <span class='ocrx_word' id='word_1_205' title='bbox 741 2790 862 2862; x_wconf 84' lang='lat' dir='ltr'><strong>quid</strong></span> <span class='ocrx_word' id='word_1_206' title='bbox 907 2792 1035 2861; x_wconf 78' lang='lat' dir='ltr'><strong>forte</strong></span> <span class='ocrx_word' id='word_1_207' title='bbox 1076 2786 1224 2840; x_wconf 83' lang='lat' dir='ltr'><strong>aliter</strong></span> <span class='ocrx_word' id='word_1_208' title='bbox 1260 2783 1465 2854; x_wconf 86' lang='lat' dir='ltr'><strong>sapitis,</strong></span> <span class='ocrx_word' id='word_1_209' title='bbox 1505 2781 1558 2834; x_wconf 88' lang='lat' dir='ltr'><strong>id</strong></span> <span class='ocrx_word' id='word_1_210' title='bbox 1598 2793 1790 2850; x_wconf 76' lang='lat' dir='ltr'><strong>quoque</strong></span> <span class='ocrx_word' id='word_1_211' title='bbox 1815 2775 1951 2830; x_wconf 80' lang='lat' dir='ltr'><strong>vobis</strong></span> <span class='ocrx_word' id='word_1_212' title='bbox 1979 2773 2119 2827; x_wconf 81' lang='lat' dir='ltr'><strong>Deus</strong></span> 
     </span>
    </p>
   </div>
   <div class='ocr_carea' id='block_1_29' title="bbox 540 2866 2117 2941">
    <p class='ocr_par' dir='ltr' id='par_1_29' title="bbox 540 2866 2117 2941">
     <span class='ocr_line' id='line_1_29' title="bbox 540 2866 2117 2941; baseline -0.01 -5"><span class='ocrx_word' id='word_1_213' title='bbox 540 2883 776 2937; x_wconf 82' lang='lat' dir='ltr'><strong>reuelabit</strong></span> <span class='ocrx_word' id='word_1_214' title='bbox 809 2897 826 2935; x_wconf 90' lang='lat'><strong><em>:</em></strong></span> <span class='ocrx_word' id='word_1_215' title='bbox 857 2880 906 2935; x_wconf 88' lang='lat' dir='ltr'><strong>id</strong></span> <span class='ocrx_word' id='word_1_216' title='bbox 949 2889 1053 2941; x_wconf 87' lang='lat' dir='ltr'><strong>est,</strong></span> <span class='ocrx_word' id='word_1_217' title='bbox 1084 2888 1138 2932; x_wconf 91' lang='lat' dir='ltr'><strong>ut</strong></span> <span class='ocrx_word' id='word_1_218' title='bbox 1167 2878 1210 2931; x_wconf 91' lang='lat' dir='ltr'><strong>si</strong></span> <span class='ocrx_word' id='word_1_219' title='bbox 1242 2892 1334 2931; x_wconf 86' lang='lat' dir='ltr'><strong>vos</strong></span> <span class='ocrx_word' id='word_1_220' title='bbox 1364 2876 1414 2929; x_wconf 90' lang='lat' dir='ltr'><strong>in</strong></span> <span class='ocrx_word' id='word_1_221' title='bbox 1453 2874 1630 2941; x_wconf 90' lang='lat' dir='ltr'><strong>aliquo</strong></span> <span class='ocrx_word' id='word_1_222' title='bbox 1673 2869 1909 2939; x_wconf 89' lang='lat' dir='ltr'><strong>profectu</strong></span> <span class='ocrx_word' id='word_1_223' title='bbox 1955 2866 2117 2921; x_wconf 89' lang='lat' dir='ltr'><strong>animi</strong></span> 
     </span>
    </p>
   </div>
   <div class='ocr_carea' id='block_1_30' title="bbox 535 2958 2118 3043">
    <p class='ocr_par' dir='ltr' id='par_1_30' title="bbox 535 2958 2118 3043">
     <span class='ocr_line' id='line_1_30' title="bbox 535 2958 2118 3043; baseline -0.011 -15"><span class='ocrx_word' id='word_1_224' title='bbox 535 2975 850 3043; x_wconf 71' lang='lat' dir='ltr'><strong>iustificatos</strong></span> <span class='ocrx_word' id='word_1_225' title='bbox 896 2970 1169 3039; x_wconf 86' lang='lat' dir='ltr'><strong>probatis,</strong></span> <span class='ocrx_word' id='word_1_226' title='bbox 1217 2964 1441 3036; x_wconf 80' lang='lat' dir='ltr'><strong>legendo</strong></span> <span class='ocrx_word' id='word_1_227' title='bbox 1495 2962 1817 3031; x_wconf 81' lang='lat' dir='ltr'><strong>Scripturas,</strong></span> <span class='ocrx_word' id='word_1_228' title='bbox 1866 2966 1921 3013; x_wconf 84' lang='lat' dir='ltr'><strong>ct</strong></span> <span class='ocrx_word' id='word_1_229' title='bbox 1969 2958 2118 3011; x_wconf 83' lang='lat' dir='ltr'><strong>inve-</strong></span> 
     </span>
    </p>
   </div>
   <div class='ocr_carea' id='block_1_31' title="bbox 540 3041 2132 3132">
    <p class='ocr_par' dir='ltr' id='par_1_31' title="bbox 540 3041 2132 3132">
     <span class='ocr_line' id='line_1_31' title="bbox 540 3041 2132 3132; baseline -0.009 -14"><span class='ocrx_word' id='word_1_230' title='bbox 540 3041 735 3119; x_wconf 81' lang='lat' dir='ltr'><strong>niendo</strong></span> <span class='ocrx_word' id='word_1_231' title='bbox 789 3079 906 3132; x_wconf 73' lang='lat' dir='ltr'><strong>qua:</strong></span> <span class='ocrx_word' id='word_1_232' title='bbox 948 3061 1018 3115; x_wconf 90' lang='lat' dir='ltr'><strong>sit</strong></span> <span class='ocrx_word' id='word_1_233' title='bbox 1056 3075 1180 3113; x_wconf 84' lang='lat' dir='ltr'><strong>vera</strong></span> <span class='ocrx_word' id='word_1_234' title='bbox 1212 3067 1265 3112; x_wconf 90' lang='lat' dir='ltr'><strong>et</strong></span> <span class='ocrx_word' id='word_1_235' title='bbox 1303 3053 1530 3124; x_wconf 86' lang='lat' dir='ltr'><strong>perfecta</strong></span> <span class='ocrx_word' id='word_1_236' title='bbox 1568 3050 1788 3120; x_wconf 86' lang='lat' dir='ltr'><strong>jttstitia,</strong></span> <span class='ocrx_word' id='word_1_237' title='bbox 1836 3041 2132 3103; x_wconf 71' lang='lat' dir='ltr'><strong>inveniatis</strong></span> 
     </span>
    </p>
   </div>
   <div class='ocr_carea' id='block_1_32' title="bbox 539 3138 2114 3219">
    <p class='ocr_par' dir='ltr' id='par_1_32' title="bbox 539 3138 2114 3219">
     <span class='ocr_line' id='line_1_32' title="bbox 539 3138 2114 3219; baseline -0.011 -12"><span class='ocrx_word' id='word_1_238' title='bbox 539 3172 634 3209; x_wconf 77' lang='lat' dir='ltr'><strong>vos</strong></span> <span class='ocrx_word' id='word_1_239' title='bbox 659 3170 798 3219; x_wconf 86' lang='lat' dir='ltr'><strong>reos,</strong></span> <span class='ocrx_word' id='word_1_240' title='bbox 832 3162 887 3207; x_wconf 90' lang='lat' dir='ltr'><strong>et</strong></span> <span class='ocrx_word' id='word_1_241' title='bbox 912 3149 1176 3205; x_wconf 86' lang='lat' dir='ltr'><strong>desiderio</strong></span> <span class='ocrx_word' id='word_1_242' title='bbox 1197 3147 1493 3200; x_wconf 91' lang='lat' dir='ltr'><strong>futurorum</strong></span> <span class='ocrx_word' id='word_1_243' title='bbox 1523 3141 1783 3195; x_wconf 73' lang='lat' dir='ltr'><strong>damnatis</strong></span> <span class='ocrx_word' id='word_1_244' title='bbox 1811 3138 2114 3208; x_wconf 67' lang='lat' dir='ltr'><strong>praesentia,</strong></span> 
     </span>
    </p>
   </div>
   <div class='ocr_carea' id='block_1_33' title="bbox 541 3227 2120 3307">
    <p class='ocr_par' dir='ltr' id='par_1_33' title="bbox 541 3227 2120 3307">
     <span class='ocr_line' id='line_1_33' title="bbox 541 3227 2120 3307; baseline -0.009 -12"><span class='ocrx_word' id='word_1_245' title='bbox 541 3244 729 3298; x_wconf 80' lang='lat' dir='ltr'><strong>vivatis</strong></span> <span class='ocrx_word' id='word_1_246' title='bbox 756 3258 819 3297; x_wconf 82' lang='lat' dir='ltr'><strong>ex</strong></span> <span class='ocrx_word' id='word_1_247' title='bbox 853 3241 954 3295; x_wconf 85' lang='lat' dir='ltr'><strong>fide</strong></span> <span class='ocrx_word' id='word_1_248' title='bbox 980 3250 1034 3294; x_wconf 89' lang='lat' dir='ltr'><strong>et</strong></span> <span class='ocrx_word' id='word_1_249' title='bbox 1068 3253 1161 3307; x_wconf 85' lang='lat' dir='ltr'><strong>spe</strong></span> <span class='ocrx_word' id='word_1_250' title='bbox 1186 3248 1238 3291; x_wconf 91' lang='lat' dir='ltr'><strong>et</strong></span> <span class='ocrx_word' id='word_1_251' title='bbox 1275 3235 1564 3297; x_wconf 87' lang='lat' dir='ltr'><strong>cbaritate;</strong></span> <span class='ocrx_word' id='word_1_252' title='bbox 1592 3240 1646 3286; x_wconf 91' lang='lat' dir='ltr'><strong>et</strong></span> <span class='ocrx_word' id='word_1_253' title='bbox 1673 3229 1974 3298; x_wconf 82' lang='lat' dir='ltr'><strong>intelligatis</strong></span> <span class='ocrx_word' id='word_1_254' title='bbox 1997 3227 2120 3297; x_wconf 87' lang='lat' dir='ltr'><strong>quia</strong></span> 
     </span>
    </p>
   </div>
   <div class='ocr_carea' id='block_1_34' title="bbox 538 3317 2122 3402">
    <p class='ocr_par' dir='ltr' id='par_1_34' title="bbox 538 3317 2122 3402">
     <span class='ocr_line' id='line_1_34' title="bbox 538 3317 2122 3402; baseline -0.009 -16"><span class='ocrx_word' id='word_1_255' title='bbox 538 3333 678 3402; x_wconf 86' lang='lat' dir='ltr'><strong>quod</strong></span> <span class='ocrx_word' id='word_1_256' title='bbox 726 3331 899 3387; x_wconf 89' lang='lat' dir='ltr'><strong>adhuc</strong></span> <span class='ocrx_word' id='word_1_257' title='bbox 942 3329 1159 3384; x_wconf 85' lang='lat' dir='ltr'><strong>creditis</strong></span> <span class='ocrx_word' id='word_1_258' title='bbox 1183 3369 1198 3394; x_wconf 94' lang='lat'><strong>,</strong></span> <span class='ocrx_word' id='word_1_259' title='bbox 1246 3324 1476 3379; x_wconf 90' lang='lat' dir='ltr'><strong>nondum</strong></span> <span class='ocrx_word' id='word_1_260' title='bbox 1516 3321 1735 3383; x_wconf 81' lang='lat' dir='ltr'><strong>videtis;</strong></span> <span class='ocrx_word' id='word_1_261' title='bbox 1767 3317 1908 3389; x_wconf 90' lang='lat' dir='ltr'><strong>quod</strong></span> <span class='ocrx_word' id='word_1_262' title='bbox 1946 3317 2122 3372; x_wconf 86' lang='lat' dir='ltr'><strong>adhuc</strong></span> 
     </span>
    </p>
   </div>
   <div class='ocr_carea' id='block_1_35' title="bbox 542 3410 2124 3495">
    <p class='ocr_par' dir='ltr' id='par_1_35' title="bbox 542 3410 2124 3495">
     <span class='ocr_line' id='line_1_35' title="bbox 542 3410 2124 3495; baseline -0.011 -16"><span class='ocrx_word' id='word_1_263' title='bbox 542 3425 788 3495; x_wconf 86' lang='lat' dir='ltr'><strong>speratis,</strong></span> <span class='ocrx_word' id='word_1_264' title='bbox 813 3421 1047 3477; x_wconf 90' lang='lat' dir='ltr'><strong>nondum</strong></span> <span class='ocrx_word' id='word_1_265' title='bbox 1077 3419 1288 3483; x_wconf 88' lang='lat' dir='ltr'><strong>tenetis;</strong></span> <span class='ocrx_word' id='word_1_266' title='bbox 1307 3415 1444 3486; x_wconf 91' lang='lat' dir='ltr'><strong>quod</strong></span> <span class='ocrx_word' id='word_1_267' title='bbox 1462 3410 1977 3474; x_wconf 86' lang='lat' dir='ltr'><strong>adhucdesideratis,</strong></span> <span class='ocrx_word' id='word_1_268' title='bbox 1998 3424 2124 3462; x_wconf 87' lang='lat' dir='ltr'><strong>non-</strong></span> 
     </span>
    </p>
   </div>
   <div class='ocr_carea' id='block_1_36' title="bbox 541 3501 2117 3583">
    <p class='ocr_par' dir='ltr' id='par_1_36' title="bbox 541 3501 2117 3583">
     <span class='ocr_line' id='line_1_36' title="bbox 541 3501 2117 3583; baseline -0.01 -14"><span class='ocrx_word' id='word_1_269' title='bbox 541 3518 669 3571; x_wconf 88' lang='lat' dir='ltr'><strong>dum</strong></span> <span class='ocrx_word' id='word_1_270' title='bbox 698 3514 950 3583; x_wconf 86' lang='lat' dir='ltr'><strong>impletis.</strong></span> <span class='ocrx_word' id='word_1_271' title='bbox 976 3513 1041 3566; x_wconf 82' lang='lat' dir='ltr'><strong>Et</strong></span> <span class='ocrx_word' id='word_1_272' title='bbox 1068 3512 1111 3565; x_wconf 88' lang='lat' dir='ltr'><strong>si</strong></span> <span class='ocrx_word' id='word_1_273' title='bbox 1140 3510 1258 3564; x_wconf 67' lang='lat' dir='ltr'><strong>talis</strong></span> <span class='ocrx_word' id='word_1_274' title='bbox 1278 3515 1361 3562; x_wconf 87' lang='lat' dir='ltr'><strong>est</strong></span> <span class='ocrx_word' id='word_1_275' title='bbox 1388 3506 1620 3561; x_wconf 86' lang='lat' dir='ltr'><strong>charitas</strong></span> <span class='ocrx_word' id='word_1_276' title='bbox 1648 3501 2117 3572; x_wconf 75' lang='lat' dir='ltr'><strong>peregrinantium,</strong></span> 
     </span>
    </p>
   </div>
   <div class='ocr_carea' id='block_1_37' title="bbox 543 3593 2122 3678">
    <p class='ocr_par' dir='ltr' id='par_1_37' title="bbox 543 3593 2122 3678">
     <span class='ocr_line' id='line_1_37' title="bbox 543 3593 2122 3678; baseline -0.012 -15"><span class='ocrx_word' id='word_1_277' title='bbox 543 3609 713 3678; x_wconf 88' lang='lat' dir='ltr'><strong>qualis</strong></span> <span class='ocrx_word' id='word_1_278' title='bbox 734 3607 835 3661; x_wconf 90' lang='lat' dir='ltr'><strong>erit</strong></span> <span class='ocrx_word' id='word_1_279' title='bbox 863 3602 1196 3659; x_wconf 83' lang='lat' dir='ltr'><strong>videntium?</strong></span> <span class='ocrx_word' id='word_1_280' title='bbox 1224 3600 1366 3671; x_wconf 80' lang='lat' dir='ltr'><strong>Ergo</strong></span> <span class='ocrx_word' id='word_1_281' title='bbox 1393 3599 1482 3653; x_wconf 91' lang='lat' dir='ltr'><strong>ille</strong></span> <span class='ocrx_word' id='word_1_282' title='bbox 1502 3598 1589 3667; x_wconf 88' lang='lat' dir='ltr'><strong>qui</strong></span> <span class='ocrx_word' id='word_1_283' title='bbox 1620 3595 1845 3650; x_wconf 88' lang='lat' dir='ltr'><strong>docebat</strong></span> <span class='ocrx_word' id='word_1_284' title='bbox 1865 3593 2122 3663; x_wconf 76' lang='lat' dir='ltr'><strong>jusdtiam</strong></span> 
     </span>
    </p>
   </div>
   <div class='ocr_carea' id='block_1_38' title="bbox 539 3683 2119 3765">
    <p class='ocr_par' dir='ltr' id='par_1_38' title="bbox 539 3683 2119 3765">
     <span class='ocr_line' id='line_1_38' title="bbox 539 3683 2119 3765; baseline -0.013 -11"><span class='ocrx_word' id='word_1_285' title='bbox 539 3700 653 3765; x_wconf 85' lang='lat' dir='ltr'><strong>Dei,</strong></span> <span class='ocrx_word' id='word_1_286' title='bbox 681 3707 732 3752; x_wconf 91' lang='lat' dir='ltr'><strong>et</strong></span> <span class='ocrx_word' id='word_1_287' title='bbox 761 3711 864 3751; x_wconf 92' lang='lat' dir='ltr'><strong>non</strong></span> <span class='ocrx_word' id='word_1_288' title='bbox 892 3691 1252 3749; x_wconf 87' lang='lat' dir='ltr'><strong>constituebat</strong></span> <span class='ocrx_word' id='word_1_289' title='bbox 1279 3704 1426 3745; x_wconf 86' lang='lat' dir='ltr'><strong>suam</strong></span> <span class='ocrx_word' id='word_1_290' title='bbox 1448 3730 1464 3755; x_wconf 89' lang='lat'><strong>,</strong></span> <span class='ocrx_word' id='word_1_291' title='bbox 1492 3685 1755 3741; x_wconf 87' lang='lat' dir='ltr'><strong>clamabat</strong></span> <span class='ocrx_word' id='word_1_292' title='bbox 1778 3683 1845 3738; x_wconf 92' lang='lat' dir='ltr'><strong>de</strong></span> <span class='ocrx_word' id='word_1_293' title='bbox 1872 3683 2084 3737; x_wconf 84' lang='lat' dir='ltr'><strong>Psalmo</strong></span> <span class='ocrx_word' id='word_1_294' title='bbox 2104 3723 2119 3748; x_wconf 88' lang='lat'><strong>,</strong></span> 
     </span>
    </p>
   </div>
   <div class='ocr_carea' id='block_1_39' title="bbox 538 3774 2125 3855">
    <p class='ocr_par' dir='ltr' id='par_1_39' title="bbox 538 3774 2125 3855">
     <span class='ocr_line' id='line_1_39' title="bbox 538 3774 2125 3855; baseline -0.013 -8"><span class='ocrx_word' id='word_1_295' title='bbox 538 3790 746 3852; x_wconf 65' lang='lat' dir='ltr'><strong>Exaudi</strong></span> <span class='ocrx_word' id='word_1_296' title='bbox 787 3806 864 3843; x_wconf 85' lang='lat' dir='ltr'><strong>me</strong></span> <span class='ocrx_word' id='word_1_297' title='bbox 900 3789 954 3842; x_wconf 89' lang='lat' dir='ltr'><strong>in</strong></span> <span class='ocrx_word' id='word_1_298' title='bbox 1000 3797 1085 3840; x_wconf 88' lang='lat' dir='ltr'><strong>tua</strong></span> <span class='ocrx_word' id='word_1_299' title='bbox 1112 3783 1331 3855; x_wconf 86' lang='lat' dir='ltr'><strong>justitia.</strong></span> <span class='ocrx_word' id='word_1_300' title='bbox 1367 3782 1431 3835; x_wconf 84' lang='lat' dir='ltr'><strong>Et</strong></span> <span class='ocrx_word' id='word_1_301' title='bbox 1461 3797 1560 3833; x_wconf 87' lang='lat' dir='ltr'><strong>non</strong></span> <span class='ocrx_word' id='word_1_302' title='bbox 1588 3780 1743 3831; x_wconf 85' lang='lat' dir='ltr'><strong>intres</strong></span> <span class='ocrx_word' id='word_1_303' title='bbox 1785 3776 1839 3830; x_wconf 89' lang='lat' dir='ltr'><strong>in</strong></span> <span class='ocrx_word' id='word_1_304' title='bbox 1870 3774 2125 3847; x_wconf 86' lang='lat' dir='ltr'><strong>judicium</strong></span> 
     </span>
    </p>
   </div>
   <div class='ocr_carea' id='block_1_40' title="bbox 539 3867 2125 3948">
    <p class='ocr_par' dir='ltr' id='par_1_40' title="bbox 539 3867 2125 3948">
     <span class='ocr_line' id='line_1_40' title="bbox 539 3867 2125 3948; baseline -0.012 -12"><span class='ocrx_word' id='word_1_305' title='bbox 539 3899 654 3935; x_wconf 87' lang='lat' dir='ltr'><strong>cum</strong></span> <span class='ocrx_word' id='word_1_306' title='bbox 676 3896 816 3935; x_wconf 86' lang='lat' dir='ltr'><strong>servo</strong></span> <span class='ocrx_word' id='word_1_307' title='bbox 842 3888 960 3942; x_wconf 86' lang='lat' dir='ltr'><strong>tuo;</strong></span> <span class='ocrx_word' id='word_1_308' title='bbox 988 3876 1227 3948; x_wconf 85' lang='lat' dir='ltr'><strong>quoniam</strong></span> <span class='ocrx_word' id='word_1_309' title='bbox 1265 3889 1363 3926; x_wconf 87' lang='lat' dir='ltr'><strong>non</strong></span> <span class='ocrx_word' id='word_1_310' title='bbox 1394 3868 1757 3943; x_wconf 84' lang='lat' dir='ltr'><strong>justi/icabitur</strong></span> <span class='ocrx_word' id='word_1_311' title='bbox 1780 3867 1833 3921; x_wconf 86' lang='lat' dir='ltr'><strong>in</strong></span> <span class='ocrx_word' id='word_1_312' title='bbox 1856 3873 2125 3935; x_wconf 86' lang='lat' dir='ltr'><strong>conspectu</strong></span> 
     </span>
    </p>
   </div>
   <div class='ocr_carea' id='block_1_41' title="bbox 543 3968 1020 4024">
    <p class='ocr_par' dir='ltr' id='par_1_41' title="bbox 543 3968 1020 4024">
     <span class='ocr_line' id='line_1_41' title="bbox 543 3968 1020 4024; baseline -0.008 -2"><span class='ocrx_word' id='word_1_313' title='bbox 543 3981 627 4024; x_wconf 88' lang='lat' dir='ltr'><strong>tuo</strong></span> <span class='ocrx_word' id='word_1_314' title='bbox 648 3969 810 4022; x_wconf 86' lang='lat' dir='ltr'><strong>omnis</strong></span> <span class='ocrx_word' id='word_1_315' title='bbox 834 3968 1020 4021; x_wconf 77' lang='lat' dir='ltr'><strong>vivens.</strong></span> 
     </span>
    </p>
   </div>
   <div class='ocr_carea' id='block_1_42' title="bbox 610 4047 2127 4123">
    <p class='ocr_par' dir='ltr' id='par_1_42' title="bbox 610 4047 2127 4123">
     <span class='ocr_line' id='line_1_42' title="bbox 610 4047 2127 4123; baseline -0.011 -9"><span class='ocrx_word' id='word_1_316' title='bbox 610 4058 835 4114; x_wconf 77' lang='lat' dir='ltr'><strong>CAPUT</strong></span> <span class='ocrx_word' id='word_1_317' title='bbox 876 4056 966 4111; x_wconf 78' lang='lat' dir='ltr'><strong>IX.</strong></span> <span class='ocrx_word' id='word_1_318' title='bbox 994 4085 1065 4096; x_wconf 91' lang='lat'><strong>-—</strong></span> <span class='ocrx_word' id='word_1_319' title='bbox 1088 4054 1142 4110; x_wconf 89' lang='lat'><strong>9.</strong></span> <span class='ocrx_word' id='word_1_320' title='bbox 1176 4052 1409 4123; x_wconf 77' lang='lat' dir='ltr'><strong>Perfecta</strong></span> <span class='ocrx_word' id='word_1_321' title='bbox 1427 4049 1628 4122; x_wconf 87' lang='lat' dir='ltr'><strong>justitia</strong></span> <span class='ocrx_word' id='word_1_322' title='bbox 1669 4057 1715 4102; x_wconf 87' lang='lat' dir='ltr'><strong>et</strong></span> <span class='ocrx_word' id='word_1_323' title='bbox 1759 4047 1973 4119; x_wconf 76' lang='lat' dir='ltr'><strong>felicitas</strong></span> <span class='ocrx_word' id='word_1_324' title='bbox 2013 4059 2127 4098; x_wconf 86' lang='lat' dir='ltr'><strong>cum</strong></span> 
     </span>
    </p>
   </div>
   <div class='ocr_carea' id='block_1_43' title="bbox 538 4135 2124 4207">
    <p class='ocr_par' dir='ltr' id='par_1_43' title="bbox 538 4135 2124 4207">
     <span class='ocr_line' id='line_1_43' title="bbox 538 4135 2124 4207; baseline -0.01 -2"><span class='ocrx_word' id='word_1_325' title='bbox 538 4149 783 4205; x_wconf 79' lang='lat' dir='ltr'><strong>uidebitur</strong></span> <span class='ocrx_word' id='word_1_326' title='bbox 813 4148 965 4203; x_wconf 85' lang='lat' dir='ltr'><strong>Deus.</strong></span> <span class='ocrx_word' id='word_1_327' title='bbox 999 4145 1303 4202; x_wconf 88' lang='lat' dir='ltr'><strong>Secundum</strong></span> <span class='ocrx_word' id='word_1_328' title='bbox 1344 4143 1482 4197; x_wconf 89' lang='lat' dir='ltr'><strong>hanc</strong></span> <span class='ocrx_word' id='word_1_329' title='bbox 1515 4142 1676 4195; x_wconf 82' lang='lat' dir='ltr'><strong>vitam</strong></span> <span class='ocrx_word' id='word_1_330' title='bbox 1708 4139 1898 4194; x_wconf 90' lang='lat' dir='ltr'><strong>dicitur</strong></span> <span class='ocrx_word' id='word_1_331' title='bbox 1923 4135 2124 4207; x_wconf 81' lang='lat' dir='ltr'><strong>Moysi,</strong></span> 
     </span>
    </p>
   </div>
   <div class='ocr_carea' id='block_1_44' title="bbox 541 4226 2124 4313">
    <p class='ocr_par' dir='ltr' id='par_1_44' title="bbox 541 4226 2124 4313">
     <span class='ocr_line' id='line_1_44' title="bbox 541 4226 2124 4313; baseline -0.011 -15"><span class='ocrx_word' id='word_1_332' title='bbox 541 4243 707 4298; x_wconf 87' lang='lat' dir='ltr'><strong>Nemo</strong></span> <span class='ocrx_word' id='word_1_333' title='bbox 750 4241 930 4313; x_wconf 79' lang='lat' dir='ltr'><strong>facient</strong></span> <span class='ocrx_word' id='word_1_334' title='bbox 976 4237 1073 4292; x_wconf 89' lang='lat' dir='ltr'><strong>Dei</strong></span> <span class='ocrx_word' id='word_1_335' title='bbox 1123 4238 1246 4291; x_wconf 84' lang='lat' dir='ltr'><strong>vidit</strong></span> <span class='ocrx_word' id='word_1_336' title='bbox 1269 4278 1284 4302; x_wconf 95' lang='lat'><strong>,</strong></span> <span class='ocrx_word' id='word_1_337' title='bbox 1314 4246 1359 4290; x_wconf 88' lang='lat' dir='ltr'><strong>et</strong></span> <span class='ocrx_word' id='word_1_338' title='bbox 1390 4235 1511 4288; x_wconf 70' lang='lat' dir='ltr'><strong>vixit</strong></span> <span class='ocrx_word' id='word_1_339' title='bbox 1540 4230 1731 4305; x_wconf 75' lang='lat' dir='ltr'><strong>(Exod.</strong></span> <span class='ocrx_word' id='word_1_340' title='bbox 1764 4245 1929 4285; x_wconf 70' lang='lat' dir='ltr'><strong>XXXIII</strong></span> <span class='ocrx_word' id='word_1_341' title='bbox 1953 4270 1968 4295; x_wconf 88' lang='lat'><strong>,</strong></span> <span class='ocrx_word' id='word_1_342' title='bbox 2010 4226 2124 4299; x_wconf 76' lang='lat'><strong>20).</strong></span> 
     </span>
    </p>
   </div>
   <div class='ocr_carea' id='block_1_45' title="bbox 539 4320 2127 4390">
    <p class='ocr_par' dir='ltr' id='par_1_45' title="bbox 539 4320 2127 4390">
     <span class='ocr_line' id='line_1_45' title="bbox 539 4320 2127 4390; baseline -0.011 -1"><span class='ocrx_word' id='word_1_343' title='bbox 539 4333 655 4389; x_wconf 81' lang='lat' dir='ltr'><strong>Non</strong></span> <span class='ocrx_word' id='word_1_344' title='bbox 686 4333 828 4388; x_wconf 90' lang='lat' dir='ltr'><strong>enim</strong></span> <span class='ocrx_word' id='word_1_345' title='bbox 853 4324 1135 4384; x_wconf 80' lang='lat' dir='ltr'><strong>vivendum</strong></span> <span class='ocrx_word' id='word_1_346' title='bbox 1162 4337 1244 4382; x_wconf 93' lang='lat' dir='ltr'><strong>est</strong></span> <span class='ocrx_word' id='word_1_347' title='bbox 1270 4328 1323 4380; x_wconf 92' lang='lat' dir='ltr'><strong>in</strong></span> <span class='ocrx_word' id='word_1_348' title='bbox 1354 4325 1454 4380; x_wconf 89' lang='lat' dir='ltr'><strong>hac</strong></span> <span class='ocrx_word' id='word_1_349' title='bbox 1476 4326 1579 4378; x_wconf 82' lang='lat' dir='ltr'><strong>vita</strong></span> <span class='ocrx_word' id='word_1_350' title='bbox 1601 4364 1616 4390; x_wconf 92' lang='lat'><strong>,</strong></span> <span class='ocrx_word' id='word_1_351' title='bbox 1660 4331 1717 4377; x_wconf 94' lang='lat' dir='ltr'><strong>ut</strong></span> <span class='ocrx_word' id='word_1_352' title='bbox 1754 4322 1896 4376; x_wconf 89' lang='lat' dir='ltr'><strong>illam</strong></span> <span class='ocrx_word' id='word_1_353' title='bbox 1941 4320 2127 4374; x_wconf 80' lang='lat' dir='ltr'><strong>faciem</strong></span> 
     </span>
    </p>
   </div>
   <div class='ocr_carea' id='block_1_46' title="bbox 542 4410 2130 4485">
    <p class='ocr_par' dir='ltr' id='par_1_46' title="bbox 542 4410 2130 4485">
     <span class='ocr_line' id='line_1_46' title="bbox 542 4410 2130 4485; baseline -0.011 -6"><span class='ocrx_word' id='word_1_354' title='bbox 542 4424 833 4483; x_wconf 86' lang='lat' dir='ltr'><strong>videamus.</strong></span> <span class='ocrx_word' id='word_1_355' title='bbox 855 4418 1186 4485; x_wconf 82' lang='lat' dir='ltr'><strong>Moriendum</strong></span> <span class='ocrx_word' id='word_1_356' title='bbox 1214 4426 1297 4471; x_wconf 85' lang='lat' dir='ltr'><strong>est</strong></span> <span class='ocrx_word' id='word_1_357' title='bbox 1322 4414 1541 4479; x_wconf 88' lang='lat' dir='ltr'><strong>mundo,</strong></span> <span class='ocrx_word' id='word_1_358' title='bbox 1567 4424 1625 4467; x_wconf 94' lang='lat' dir='ltr'><strong>ut</strong></span> <span class='ocrx_word' id='word_1_359' title='bbox 1645 4414 1757 4468; x_wconf 89' lang='lat' dir='ltr'><strong>Deo</strong></span> <span class='ocrx_word' id='word_1_360' title='bbox 1778 4413 1829 4466; x_wconf 94' lang='lat' dir='ltr'><strong>in</strong></span> <span class='ocrx_word' id='word_1_361' title='bbox 1851 4410 2130 4479; x_wconf 87' lang='lat' dir='ltr'><strong>sempiter-</strong></span> 
     </span>
    </p>
   </div>
   <div class='ocr_carea' id='block_1_47' title="bbox 543 4500 2129 4576">
    <p class='ocr_par' dir='ltr' id='par_1_47' title="bbox 543 4500 2129 4576">
     <span class='ocr_line' id='line_1_47' title="bbox 543 4500 2129 4576; baseline -0.009 -7"><span class='ocrx_word' id='word_1_362' title='bbox 543 4529 668 4569; x_wconf 91' lang='lat' dir='ltr'><strong>num</strong></span> <span class='ocrx_word' id='word_1_363' title='bbox 694 4514 950 4567; x_wconf 86' lang='lat' dir='ltr'><strong>vivamus.</strong></span> <span class='ocrx_word' id='word_1_364' title='bbox 992 4509 1145 4564; x_wconf 89' lang='lat' dir='ltr'><strong>Tunc</strong></span> <span class='ocrx_word' id='word_1_365' title='bbox 1170 4523 1274 4561; x_wconf 91' lang='lat' dir='ltr'><strong>non</strong></span> <span class='ocrx_word' id='word_1_366' title='bbox 1308 4505 1641 4576; x_wconf 88' lang='lat' dir='ltr'><strong>peccabimus</strong></span> <span class='ocrx_word' id='word_1_367' title='bbox 1664 4546 1678 4570; x_wconf 92' lang='lat'><strong>,</strong></span> <span class='ocrx_word' id='word_1_368' title='bbox 1713 4519 1817 4558; x_wconf 91' lang='lat' dir='ltr'><strong>non</strong></span> <span class='ocrx_word' id='word_1_369' title='bbox 1846 4504 2017 4558; x_wconf 90' lang='lat' dir='ltr'><strong>solum</strong></span> <span class='ocrx_word' id='word_1_370' title='bbox 2048 4500 2129 4555; x_wconf 89' lang='lat' dir='ltr'><strong>fa-</strong></span> 
     </span>
    </p>
   </div>
   <div class='ocr_carea' id='block_1_48' title="bbox 542 4592 2129 4668">
    <p class='ocr_par' dir='ltr' id='par_1_48' title="bbox 542 4592 2129 4668">
     <span class='ocr_line' id='line_1_48' title="bbox 542 4592 2129 4668; baseline -0.006 -11"><span class='ocrx_word' id='word_1_371' title='bbox 542 4603 667 4668; x_wconf 86' lang='lat' dir='ltr'><strong>ctis,</strong></span> <span class='ocrx_word' id='word_1_372' title='bbox 695 4600 788 4656; x_wconf 90' lang='lat' dir='ltr'><strong>sed</strong></span> <span class='ocrx_word' id='word_1_373' title='bbox 816 4614 916 4656; x_wconf 90' lang='lat' dir='ltr'><strong>nec</strong></span> <span class='ocrx_word' id='word_1_374' title='bbox 939 4595 1383 4667; x_wconf 87' lang='lat' dir='ltr'><strong>concupiscentiis</strong></span> <span class='ocrx_word' id='word_1_375' title='bbox 1402 4636 1417 4661; x_wconf 92' lang='lat'><strong>,</strong></span> <span class='ocrx_word' id='word_1_376' title='bbox 1448 4604 1568 4648; x_wconf 88' lang='lat' dir='ltr'><strong>cum</strong></span> <span class='ocrx_word' id='word_1_377' title='bbox 1597 4594 1738 4648; x_wconf 87' lang='lat' dir='ltr'><strong>illam</strong></span> <span class='ocrx_word' id='word_1_378' title='bbox 1762 4595 1945 4647; x_wconf 81' lang='lat' dir='ltr'><strong>faciem</strong></span> <span class='ocrx_word' id='word_1_379' title='bbox 1976 4592 2129 4648; x_wconf 85' lang='lat' dir='ltr'><strong>vide-</strong></span> 
     </span>
    </p>
   </div>
   <div class='ocr_carea' id='block_1_49' title="bbox 541 4684 2128 4762">
    <p class='ocr_par' dir='ltr' id='par_1_49' title="bbox 541 4684 2128 4762">
     <span class='ocr_line' id='line_1_49' title="bbox 541 4684 2128 4762; baseline -0.007 -13"><span class='ocrx_word' id='word_1_380' title='bbox 541 4695 739 4760; x_wconf 81' lang='lat' dir='ltr'><strong>bimus,</strong></span> <span class='ocrx_word' id='word_1_381' title='bbox 767 4707 886 4762; x_wconf 71' lang='lat' dir='ltr'><strong>qnze</strong></span> <span class='ocrx_word' id='word_1_382' title='bbox 912 4691 1075 4744; x_wconf 90' lang='lat' dir='ltr'><strong>vincit</strong></span> <span class='ocrx_word' id='word_1_383' title='bbox 1104 4704 1290 4742; x_wconf 91' lang='lat' dir='ltr'><strong>omnes</strong></span> <span class='ocrx_word' id='word_1_384' title='bbox 1318 4686 1794 4754; x_wconf 86' lang='lat' dir='ltr'><strong>concupiscentias.</strong></span> <span class='ocrx_word' id='word_1_385' title='bbox 1826 4684 1956 4739; x_wconf 86' lang='lat' dir='ltr'><strong>Tam</strong></span> <span class='ocrx_word' id='word_1_386' title='bbox 1986 4686 2128 4740; x_wconf 91' lang='lat' dir='ltr'><strong>cnim</strong></span> 
     </span>
    </p>
   </div>
   <div class='ocr_carea' id='block_1_50' title="bbox 544 4775 2130 4848">
    <p class='ocr_par' dir='ltr' id='par_1_50' title="bbox 544 4775 2130 4848">
     <span class='ocr_line' id='line_1_50' title="bbox 544 4775 2130 4848; baseline -0.004 -12"><span class='ocrx_word' id='word_1_387' title='bbox 544 4781 715 4838; x_wconf 90' lang='lat' dir='ltr'><strong>dulcis</strong></span> <span class='ocrx_word' id='word_1_388' title='bbox 743 4791 843 4848; x_wconf 87' lang='lat' dir='ltr'><strong>est,</strong></span> <span class='ocrx_word' id='word_1_389' title='bbox 877 4780 1068 4835; x_wconf 85' lang='lat' dir='ltr'><strong>fratres</strong></span> <span class='ocrx_word' id='word_1_390' title='bbox 1089 4779 1190 4834; x_wconf 87' lang='lat' dir='ltr'><strong>tnei</strong></span> <span class='ocrx_word' id='word_1_391' title='bbox 1211 4819 1226 4845; x_wconf 93' lang='lat'><strong>,</strong></span> <span class='ocrx_word' id='word_1_392' title='bbox 1260 4786 1365 4832; x_wconf 89' lang='lat' dir='ltr'><strong>tam</strong></span> <span class='ocrx_word' id='word_1_393' title='bbox 1395 4775 1632 4847; x_wconf 87' lang='lat' dir='ltr'><strong>pulchra,</strong></span> <span class='ocrx_word' id='word_1_394' title='bbox 1665 4784 1722 4829; x_wconf 94' lang='lat' dir='ltr'><strong>ut</strong></span> <span class='ocrx_word' id='word_1_395' title='bbox 1747 4776 1832 4829; x_wconf 86' lang='lat' dir='ltr'><strong>illa</strong></span> <span class='ocrx_word' id='word_1_396' title='bbox 1859 4776 1970 4830; x_wconf 87' lang='lat' dir='ltr'><strong>visa</strong></span> <span class='ocrx_word' id='word_1_397' title='bbox 1998 4775 2130 4830; x_wconf 85' lang='lat' dir='ltr'><strong>nihil</strong></span> 
     </span>
    </p>
   </div>
   <div class='ocr_carea' id='block_1_51' title="bbox 544 4864 2129 4943">
    <p class='ocr_par' dir='ltr' id='par_1_51' title="bbox 544 4864 2129 4943">
     <span class='ocr_line' id='line_1_51' title="bbox 544 4864 2129 4943; baseline -0.004 -17"><span class='ocrx_word' id='word_1_398' title='bbox 544 4872 687 4928; x_wconf 85' lang='lat' dir='ltr'><strong>aliud</strong></span> <span class='ocrx_word' id='word_1_399' title='bbox 719 4872 887 4943; x_wconf 85' lang='lat' dir='ltr'><strong>possit</strong></span> <span class='ocrx_word' id='word_1_400' title='bbox 921 4871 1209 4927; x_wconf 87' lang='lat' dir='ltr'><strong>delectare.</strong></span> <span class='ocrx_word' id='word_1_401' title='bbox 1239 4867 1464 4924; x_wconf 85' lang='lat' dir='ltr'><strong>Satietas</strong></span> <span class='ocrx_word' id='word_1_402' title='bbox 1493 4866 1595 4920; x_wconf 88' lang='lat' dir='ltr'><strong>erit</strong></span> <span class='ocrx_word' id='word_1_403' title='bbox 1639 4864 1973 4932; x_wconf 89' lang='lat' dir='ltr'><strong>insatiabilis,</strong></span> <span class='ocrx_word' id='word_1_404' title='bbox 2006 4867 2129 4919; x_wconf 89' lang='lat' dir='ltr'><strong>nul-</strong></span> 
     </span>
    </p>
   </div>
   <div class='ocr_carea' id='block_1_52' title="bbox 543 4959 2132 5033">
    <p class='ocr_par' dir='ltr' id='par_1_52' title="bbox 543 4959 2132 5033">
     <span class='ocr_line' id='line_1_52' title="bbox 543 4959 2132 5033; baseline -0.004 -13"><span class='ocrx_word' id='word_1_405' title='bbox 543 4966 650 5021; x_wconf 90' lang='lat' dir='ltr'><strong>lum</strong></span> <span class='ocrx_word' id='word_1_406' title='bbox 678 4963 983 5027; x_wconf 85' lang='lat' dir='ltr'><strong>fastidium;</strong></span> <span class='ocrx_word' id='word_1_407' title='bbox 1012 4976 1225 5033; x_wconf 88' lang='lat' dir='ltr'><strong>semper</strong></span> <span class='ocrx_word' id='word_1_408' title='bbox 1250 4960 1564 5025; x_wconf 91' lang='lat' dir='ltr'><strong>esuriemus,</strong></span> <span class='ocrx_word' id='word_1_409' title='bbox 1597 4973 1808 5028; x_wconf 89' lang='lat' dir='ltr'><strong>semper</strong></span> <span class='ocrx_word' id='word_1_410' title='bbox 1831 4959 1996 5014; x_wconf 90' lang='lat' dir='ltr'><strong>saturi</strong></span> <span class='ocrx_word' id='word_1_411' title='bbox 2021 4960 2132 5014; x_wconf 89' lang='lat' dir='ltr'><strong>eri-</strong></span> 
     </span>
    </p>
   </div>
   <div class='ocr_carea' id='block_1_53' title="bbox 544 5047 2133 5122">
    <p class='ocr_par' dir='ltr' id='par_1_53' title="bbox 544 5047 2133 5122">
     <span class='ocr_line' id='line_1_53' title="bbox 544 5047 2133 5122; baseline -0.005 -12"><span class='ocrx_word' id='word_1_412' title='bbox 544 5070 682 5110; x_wconf 90' lang='lat' dir='ltr'><strong>mus.</strong></span> <span class='ocrx_word' id='word_1_413' title='bbox 724 5053 860 5109; x_wconf 82' lang='lat' dir='ltr'><strong>Audi</strong></span> <span class='ocrx_word' id='word_1_414' title='bbox 901 5054 1041 5122; x_wconf 89' lang='lat' dir='ltr'><strong>ipsas</strong></span> <span class='ocrx_word' id='word_1_415' title='bbox 1085 5052 1216 5106; x_wconf 91' lang='lat' dir='ltr'><strong>duas</strong></span> <span class='ocrx_word' id='word_1_416' title='bbox 1245 5050 1535 5105; x_wconf 88' lang='lat' dir='ltr'><strong>sententias</strong></span> <span class='ocrx_word' id='word_1_417' title='bbox 1578 5047 1645 5103; x_wconf 89' lang='lat' dir='ltr'><strong>de</strong></span> <span class='ocrx_word' id='word_1_418' title='bbox 1688 5048 1996 5118; x_wconf 87' lang='lat' dir='ltr'><strong>Scriptura:</strong></span> <span class='ocrx_word' id='word_1_419' title='bbox 2033 5048 2133 5115; x_wconf 84' lang='lat' dir='ltr'><strong>Qui</strong></span> 
     </span>
    </p>
   </div>
   <div class='ocr_carea' id='block_1_54' title="bbox 545 5140 2135 5215">
    <p class='ocr_par' dir='ltr' id='par_1_54' title="bbox 545 5140 2135 5215">
     <span class='ocr_line' id='line_1_54' title="bbox 545 5140 2135 5215; baseline -0.004 -14"><span class='ocrx_word' id='word_1_420' title='bbox 545 5149 716 5202; x_wconf 85' lang='lat' dir='ltr'><strong>bibunt</strong></span> <span class='ocrx_word' id='word_1_421' title='bbox 742 5163 820 5201; x_wconf 87' lang='lat' dir='ltr'><strong>me</strong></span> <span class='ocrx_word' id='word_1_422' title='bbox 837 5188 851 5209; x_wconf 92' lang='lat'><strong>,</strong></span> <span class='ocrx_word' id='word_1_423' title='bbox 885 5145 1011 5200; x_wconf 89' lang='lat' dir='ltr'><strong>dicit</strong></span> <span class='ocrx_word' id='word_1_424' title='bbox 1050 5144 1317 5215; x_wconf 87' lang='lat' dir='ltr'><strong>Sapientia</strong></span> <span class='ocrx_word' id='word_1_425' title='bbox 1335 5183 1349 5209; x_wconf 94' lang='lat'><strong>,</strong></span> <span class='ocrx_word' id='word_1_426' title='bbox 1380 5143 1547 5196; x_wconf 80' lang='lat' dir='ltr'><strong>adhuc</strong></span> <span class='ocrx_word' id='word_1_427' title='bbox 1572 5141 1738 5195; x_wconf 85' lang='lat' dir='ltr'><strong>sitient</strong></span> <span class='ocrx_word' id='word_1_428' title='bbox 1754 5159 1775 5208; x_wconf 88' lang='lat'><strong>;</strong></span> <span class='ocrx_word' id='word_1_429' title='bbox 1798 5150 1843 5194; x_wconf 88' lang='lat' dir='ltr'><strong>et</strong></span> <span class='ocrx_word' id='word_1_430' title='bbox 1871 5142 1954 5211; x_wconf 88' lang='lat' dir='ltr'><strong>qni</strong></span> <span class='ocrx_word' id='word_1_431' title='bbox 1980 5140 2135 5194; x_wconf 87' lang='lat' dir='ltr'><strong>edunt</strong></span> 
     </span>
    </p>
   </div>
   <div class='ocr_carea' id='block_1_55' title="bbox 545 5232 2134 5308">
    <p class='ocr_par' dir='ltr' id='par_1_55' title="bbox 545 5232 2134 5308">
     <span class='ocr_line' id='line_1_55' title="bbox 545 5232 2134 5308; baseline -0.005 -14"><span class='ocrx_word' id='word_1_432' title='bbox 545 5256 659 5306; x_wconf 85' lang='lat' dir='ltr'><strong>me,</strong></span> <span class='ocrx_word' id='word_1_433' title='bbox 705 5239 873 5292; x_wconf 82' lang='lat' dir='ltr'><strong>adhuc</strong></span> <span class='ocrx_word' id='word_1_434' title='bbox 917 5238 1130 5291; x_wconf 83' lang='lat' dir='ltr'><strong>esurient</strong></span> <span class='ocrx_word' id='word_1_435' title='bbox 1170 5234 1356 5308; x_wconf 86' lang='lat' dir='ltr'><strong>(Eccli.</strong></span> <span class='ocrx_word' id='word_1_436' title='bbox 1384 5249 1514 5289; x_wconf 78' lang='lat' dir='ltr'><strong>xxiv</strong></span> <span class='ocrx_word' id='word_1_437' title='bbox 1540 5275 1554 5301; x_wconf 91' lang='lat'><strong>,</strong></span> <span class='ocrx_word' id='word_1_438' title='bbox 1595 5232 1710 5305; x_wconf 77' lang='grc'><strong>29).</strong></span> <span class='ocrx_word' id='word_1_439' title='bbox 1755 5232 1860 5287; x_wconf 85' lang='lat' dir='ltr'><strong>Sed</strong></span> <span class='ocrx_word' id='word_1_440' title='bbox 1887 5247 1952 5286; x_wconf 89' lang='lat' dir='ltr'><strong>ne</strong></span> <span class='ocrx_word' id='word_1_441' title='bbox 1980 5240 2134 5301; x_wconf 84' lang='lat' dir='ltr'><strong>putes</strong></span> 
     </span>
    </p>
   </div>
   <div class='ocr_carea' id='block_1_56' title="bbox 543 5323 2129 5402">
    <p class='ocr_par' dir='ltr' id='par_1_56' title="bbox 543 5323 2129 5402">
     <span class='ocr_line' id='line_1_56' title="bbox 543 5323 2129 5402; baseline -0.003 -22"><span class='ocrx_word' id='word_1_442' title='bbox 543 5334 663 5402; x_wconf 81' lang='lat' dir='ltr'><strong>quia</strong></span> <span class='ocrx_word' id='word_1_443' title='bbox 696 5332 766 5385; x_wconf 89' lang='lat' dir='ltr'><strong>ibi</strong></span> <span class='ocrx_word' id='word_1_444' title='bbox 800 5330 905 5384; x_wconf 80' lang='lat' dir='ltr'><strong>erit</strong></span> <span class='ocrx_word' id='word_1_445' title='bbox 934 5328 1219 5399; x_wconf 79' lang='lat' dir='ltr'><strong>indigentia</strong></span> <span class='ocrx_word' id='word_1_446' title='bbox 1257 5334 1315 5381; x_wconf 90' lang='lat' dir='ltr'><strong>et</strong></span> <span class='ocrx_word' id='word_1_447' title='bbox 1357 5326 1524 5380; x_wconf 84' lang='lat' dir='ltr'><strong>fames</strong></span> <span class='ocrx_word' id='word_1_448' title='bbox 1548 5363 1563 5390; x_wconf 92' lang='lat'><strong>,</strong></span> <span class='ocrx_word' id='word_1_449' title='bbox 1611 5324 1734 5378; x_wconf 90' lang='lat' dir='ltr'><strong>audi</strong></span> <span class='ocrx_word' id='word_1_450' title='bbox 1787 5323 2071 5378; x_wconf 89' lang='lat' dir='ltr'><strong>Dominum</strong></span> <span class='ocrx_word' id='word_1_451' title='bbox 2115 5339 2129 5376; x_wconf 92' lang='lat'><strong>:</strong></span> 
     </span>
    </p>
   </div>
   <div class='ocr_carea' id='block_1_57' title="bbox 549 5414 2131 5491">
    <p class='ocr_par' dir='ltr' id='par_1_57' title="bbox 549 5414 2131 5491">
     <span class='ocr_line' id='line_1_57' title="bbox 549 5414 2131 5491; baseline -0.005 -14"><span class='ocrx_word' id='word_1_452' title='bbox 549 5426 649 5488; x_wconf 81' lang='lat' dir='ltr'><strong>Qui</strong></span> <span class='ocrx_word' id='word_1_453' title='bbox 677 5423 850 5477; x_wconf 83' lang='lat' dir='ltr'><strong>biberit</strong></span> <span class='ocrx_word' id='word_1_454' title='bbox 876 5437 939 5476; x_wconf 71' lang='lat' dir='ltr'><strong>ex</strong></span> <span class='ocrx_word' id='word_1_455' title='bbox 973 5438 1105 5491; x_wconf 86' lang='lat' dir='ltr'><strong>aqua</strong></span> <span class='ocrx_word' id='word_1_456' title='bbox 1133 5420 1228 5474; x_wconf 85' lang='lat' dir='ltr'><strong>hac</strong></span> <span class='ocrx_word' id='word_1_457' title='bbox 1252 5462 1267 5487; x_wconf 88' lang='lat'><strong>,</strong></span> <span class='ocrx_word' id='word_1_458' title='bbox 1299 5435 1399 5473; x_wconf 85' lang='lat' dir='ltr'><strong>non</strong></span> <span class='ocrx_word' id='word_1_459' title='bbox 1434 5419 1565 5472; x_wconf 86' lang='lat' dir='ltr'><strong>sitiet</strong></span> <span class='ocrx_word' id='word_1_460' title='bbox 1593 5417 1646 5470; x_wconf 88' lang='lat' dir='ltr'><strong>in</strong></span> <span class='ocrx_word' id='word_1_461' title='bbox 1682 5426 1924 5470; x_wconf 68' lang='lat' dir='ltr'><strong>internum</strong></span> <span class='ocrx_word' id='word_1_462' title='bbox 1954 5414 2131 5487; x_wconf 84' lang='lat' dir='ltr'><strong>(Joan.</strong></span> 
     </span>
    </p>
   </div>
   <div class='ocr_carea' id='block_1_58' title="bbox 546 5507 2131 5588">
    <p class='ocr_par' dir='ltr' id='par_1_58' title="bbox 546 5507 2131 5588">
     <span class='ocr_line' id='line_1_58' title="bbox 546 5507 2131 5588; baseline -0.006 -17"><span class='ocrx_word' id='word_1_463' title='bbox 546 5532 596 5572; x_wconf 86' lang='lat' dir='ltr'><strong>tv</strong></span> <span class='ocrx_word' id='word_1_464' title='bbox 617 5556 633 5583; x_wconf 94' lang='lat'><strong>,</strong></span> <span class='ocrx_word' id='word_1_465' title='bbox 659 5516 767 5588; x_wconf 77' lang='lat' dir='ltr'><strong>l3).</strong></span> <span class='ocrx_word' id='word_1_466' title='bbox 794 5514 898 5571; x_wconf 88' lang='lat' dir='ltr'><strong>Sed</strong></span> <span class='ocrx_word' id='word_1_467' title='bbox 918 5514 1051 5569; x_wconf 90' lang='lat' dir='ltr'><strong>dicis</strong></span> <span class='ocrx_word' id='word_1_468' title='bbox 1080 5531 1092 5567; x_wconf 90' lang='lat'><strong>:</strong></span> <span class='ocrx_word' id='word_1_469' title='bbox 1117 5511 1338 5581; x_wconf 86' lang='lat' dir='ltr'><strong>Quando</strong></span> <span class='ocrx_word' id='word_1_470' title='bbox 1365 5511 1468 5567; x_wconf 89' lang='lat' dir='ltr'><strong>erit</strong></span> <span class='ocrx_word' id='word_1_471' title='bbox 1485 5509 1509 5564; x_wconf 85' lang='lat'><strong>?</strong></span> <span class='ocrx_word' id='word_1_472' title='bbox 1527 5507 1980 5579; x_wconf 84' lang='lat' dir='ltr'><strong>Quandocumque</strong></span> <span class='ocrx_word' id='word_1_473' title='bbox 2008 5507 2131 5575; x_wconf 88' lang='lat' dir='ltr'><strong>erit,</strong></span> 
     </span>
    </p>
   </div>
   <div class='ocr_carea' id='block_1_59' title="bbox 615 5643 2066 5712">
    <p class='ocr_par' dir='ltr' id='par_1_59' title="bbox 615 5643 2066 5712">
     <span class='ocr_line' id='line_1_59' title="bbox 615 5643 2066 5712; baseline -0.002 -14"><span class='ocrx_word' id='word_1_474' title='bbox 615 5649 631 5712; x_wconf 54' lang='grc' dir='ltr'>ξ</span> <span class='ocrx_word' id='word_1_475' title='bbox 657 5644 1096 5712; x_wconf 76' lang='lat' dir='ltr'><strong>vox,per[ectione,</strong></span> <span class='ocrx_word' id='word_1_476' title='bbox 1121 5648 1264 5699; x_wconf 83' lang='lat' dir='ltr'><strong>abest</strong></span> <span class='ocrx_word' id='word_1_477' title='bbox 1284 5648 1346 5697; x_wconf 88' lang='lat' dir='ltr'><strong>ab</strong></span> <span class='ocrx_word' id='word_1_478' title='bbox 1365 5655 1462 5697; x_wconf 74' lang='lat' dir='ltr'><strong>Am.</strong></span> <span class='ocrx_word' id='word_1_479' title='bbox 1490 5652 1563 5696; x_wconf 82' lang='lat' dir='ltr'><strong>Er.</strong></span> <span class='ocrx_word' id='word_1_480' title='bbox 1593 5655 1644 5697; x_wconf 83' lang='lat' dir='ltr'><strong>et</strong></span> <span class='ocrx_word' id='word_1_481' title='bbox 1667 5660 1694 5697; x_wconf 64' lang='grc' dir='ltr'>θ</span> <span class='ocrx_word' id='word_1_482' title='bbox 1715 5643 2066 5709; x_wconf 75' lang='lat' dir='ltr'><strong>mnuscrlptls.</strong></span> 
     </span>
    </p>
   </div>
   <div class='ocr_carea' id='block_1_60' title="bbox 612 5710 1194 5771">
    <p class='ocr_par' dir='ltr' id='par_1_60' title="bbox 612 5710 1194 5771">
     <span class='ocr_line' id='line_1_60' title="bbox 612 5710 1194 5771; baseline -0.021 -1"><span class='ocrx_word' id='word_1_483' title='bbox 612 5710 686 5770; x_wconf 75' lang='grc' dir='ltr'><strong>(α)</strong></span> <span class='ocrx_word' id='word_1_484' title='bbox 709 5710 865 5771; x_wconf 72' lang='lat' dir='ltr'><strong>Forte.</strong></span> <span class='ocrx_word' id='word_1_485' title='bbox 883 5717 1194 5759; x_wconf 83' lang='lat' dir='ltr'><strong>mortuorum.</strong></span> 
     </span>
    </p>
   </div>
   <div class='ocr_carea' id='block_1_61' title="bbox 1709 282 3677 350">
    <p class='ocr_par' dir='ltr' id='par_1_61' title="bbox 1709 282 3677 350">
     <span class='ocr_line' id='line_1_61' title="bbox 1709 282 3677 350; baseline -0.017 -1"><span class='ocrx_word' id='word_1_486' title='bbox 1709 294 1765 350; x_wconf 92' lang='lat' dir='ltr'><strong>s.</strong></span> <span class='ocrx_word' id='word_1_487' title='bbox 1807 286 2169 347; x_wconf 77' lang='lat' dir='ltr'><strong>AUGUSTINI</strong></span> <span class='ocrx_word' id='word_1_488' title='bbox 2210 282 2504 340; x_wconf 69' lang='lat' dir='ltr'><strong>muscum</strong></span> <span class='ocrx_word' id='word_1_489' title='bbox 3595 287 3677 344; x_wconf 55' lang='grc' dir='ltr'><strong>θεέ</strong></span> 
     </span>
    </p>
   </div>
   <div class='ocr_carea' id='block_1_62' title="bbox 2199 395 3687 466">
    <p class='ocr_par' dir='ltr' id='par_1_62' title="bbox 2199 395 3687 466">
     <span class='ocr_line' id='line_1_62' title="bbox 2199 395 3687 466; baseline -0.006 -14"><span class='ocrx_word' id='word_1_490' title='bbox 2199 407 2370 452; x_wconf 83' lang='lat' dir='ltr'><strong>tamen</strong></span> <span class='ocrx_word' id='word_1_491' title='bbox 2399 404 2647 466; x_wconf 83' lang='lat' dir='ltr'><strong>exspecta</strong></span> <span class='ocrx_word' id='word_1_492' title='bbox 2677 396 2958 450; x_wconf 86' lang='lat' dir='ltr'><strong>Dominum</strong></span> <span class='ocrx_word' id='word_1_493' title='bbox 2985 435 2999 459; x_wconf 84' lang='lat'><strong>,</strong></span> <span class='ocrx_word' id='word_1_494' title='bbox 3032 395 3227 450; x_wconf 85' lang='lat' dir='ltr'><strong>sustine</strong></span> <span class='ocrx_word' id='word_1_495' title='bbox 3259 396 3506 452; x_wconf 85' lang='lat' dir='ltr'><strong>Dominum</strong></span> <span class='ocrx_word' id='word_1_496' title='bbox 3524 402 3687 463; x_wconf 78' lang='lat' dir='ltr'><strong>,virili.</strong></span> 
     </span>
    </p>
   </div>
   <div class='ocr_carea' id='block_1_63' title="bbox 2198 484 3685 557">
    <p class='ocr_par' dir='ltr' id='par_1_63' title="bbox 2198 484 3685 557">
     <span class='ocr_line' id='line_1_63' title="bbox 2198 484 3685 557; baseline 0.003 -14"><span class='ocrx_word' id='word_1_497' title='bbox 2198 496 2280 544; x_wconf 89' lang='lat' dir='ltr'><strong>ter</strong></span> <span class='ocrx_word' id='word_1_498' title='bbox 2305 502 2429 557; x_wconf 79' lang='lat' dir='ltr'><strong>age,</strong></span> <span class='ocrx_word' id='word_1_499' title='bbox 2462 497 2515 541; x_wconf 88' lang='lat' dir='ltr'><strong>et</strong></span> <span class='ocrx_word' id='word_1_500' title='bbox 2552 485 2879 540; x_wconf 87' lang='lat' dir='ltr'><strong>eonfortetur</strong></span> <span class='ocrx_word' id='word_1_501' title='bbox 2903 500 2997 539; x_wconf 86' lang='lat' dir='ltr'><strong>cor</strong></span> <span class='ocrx_word' id='word_1_502' title='bbox 3043 492 3183 540; x_wconf 90' lang='lat' dir='ltr'><strong>tuum</strong></span> <span class='ocrx_word' id='word_1_503' title='bbox 3226 484 3379 556; x_wconf 82' lang='lat' dir='ltr'><strong>(Psat.</strong></span> <span class='ocrx_word' id='word_1_504' title='bbox 3414 503 3564 553; x_wconf 75' lang='lat' dir='ltr'><strong>xxvi,</strong></span> <span class='ocrx_word' id='word_1_505' title='bbox 3601 493 3685 555; x_wconf 78' lang='lat' dir='ltr'><strong>ll).</strong></span> 
     </span>
    </p>
   </div>
   <div class='ocr_carea' id='block_1_64' title="bbox 2197 579 3691 650">
    <p class='ocr_par' dir='ltr' id='par_1_64' title="bbox 2197 579 3691 650">
     <span class='ocr_line' id='line_1_64' title="bbox 2197 579 3691 650; baseline 0.003 -15"><span class='ocrx_word' id='word_1_506' title='bbox 2197 579 2459 650; x_wconf 82' lang='lat' dir='ltr'><strong>Numquid</strong></span> <span class='ocrx_word' id='word_1_507' title='bbox 2484 589 2625 633; x_wconf 87' lang='lat' dir='ltr'><strong>tanta</strong></span> <span class='ocrx_word' id='word_1_508' title='bbox 2649 586 2882 645; x_wconf 85' lang='lat' dir='ltr'><strong>restant,</strong></span> <span class='ocrx_word' id='word_1_509' title='bbox 2918 585 3112 647; x_wconf 84' lang='lat' dir='ltr'><strong>quanta</strong></span> <span class='ocrx_word' id='word_1_510' title='bbox 3142 587 3336 647; x_wconf 81' lang='lat' dir='ltr'><strong>peracta</strong></span> <span class='ocrx_word' id='word_1_511' title='bbox 3360 582 3496 633; x_wconf 75' lang='lat' dir='ltr'><strong>sunt?</strong></span> <span class='ocrx_word' id='word_1_512' title='bbox 3518 581 3691 639; x_wconf 80' lang='lat' dir='ltr'><strong>Intende</strong></span> 
     </span>
    </p>
   </div>
   <div class='ocr_carea' id='block_1_65' title="bbox 2198 664 3689 739">
    <p class='ocr_par' dir='ltr' id='par_1_65' title="bbox 2198 664 3689 739">
     <span class='ocr_line' id='line_1_65' title="bbox 2198 664 3689 739; baseline -0.005 -13"><span class='ocrx_word' id='word_1_513' title='bbox 2198 671 2267 726; x_wconf 87' lang='lat' dir='ltr'><strong>ab</strong></span> <span class='ocrx_word' id='word_1_514' title='bbox 2283 671 2449 724; x_wconf 81' lang='lat' dir='ltr'><strong>Adam</strong></span> <span class='ocrx_word' id='word_1_515' title='bbox 2477 684 2642 739; x_wconf 88' lang='lat' dir='ltr'><strong>usque</strong></span> <span class='ocrx_word' id='word_1_516' title='bbox 2665 669 2732 723; x_wconf 90' lang='lat' dir='ltr'><strong>ad</strong></span> <span class='ocrx_word' id='word_1_517' title='bbox 2754 668 3067 722; x_wconf 88' lang='lat' dir='ltr'><strong>hodiernum</strong></span> <span class='ocrx_word' id='word_1_518' title='bbox 3092 668 3226 723; x_wconf 88' lang='lat' dir='ltr'><strong>diem</strong></span> <span class='ocrx_word' id='word_1_519' title='bbox 3241 710 3255 733; x_wconf 90' lang='lat'><strong>,</strong></span> <span class='ocrx_word' id='word_1_520' title='bbox 3275 679 3393 739; x_wconf 91' lang='lat' dir='ltr'><strong>quot</strong></span> <span class='ocrx_word' id='word_1_521' title='bbox 3408 664 3576 725; x_wconf 58' lang='lat' dir='ltr'><strong>sucula</strong></span> <span class='ocrx_word' id='word_1_522' title='bbox 3591 690 3689 729; x_wconf 88' lang='lat' dir='ltr'><strong>evo.</strong></span> 
     </span>
    </p>
   </div>
   <div class='ocr_carea' id='block_1_66' title="bbox 2202 759 3694 826">
    <p class='ocr_par' dir='ltr' id='par_1_66' title="bbox 2202 759 3694 826">
     <span class='ocr_line' id='line_1_66' title="bbox 2202 759 3694 826; baseline 0.002 -11"><span class='ocrx_word' id='word_1_523' title='bbox 2202 761 2311 815; x_wconf 90' lang='lat' dir='ltr'><strong>luta</strong></span> <span class='ocrx_word' id='word_1_524' title='bbox 2339 771 2483 826; x_wconf 87' lang='lat' dir='ltr'><strong>sunt,</strong></span> <span class='ocrx_word' id='word_1_525' title='bbox 2509 769 2566 815; x_wconf 89' lang='lat' dir='ltr'><strong>et</strong></span> <span class='ocrx_word' id='word_1_526' title='bbox 2589 773 2715 815; x_wconf 86' lang='lat' dir='ltr'><strong>ecce</strong></span> <span class='ocrx_word' id='word_1_527' title='bbox 2737 759 2844 826; x_wconf 89' lang='lat' dir='ltr'><strong>jam</strong></span> <span class='ocrx_word' id='word_1_528' title='bbox 2874 773 2977 813; x_wconf 90' lang='lat' dir='ltr'><strong>non</strong></span> <span class='ocrx_word' id='word_1_529' title='bbox 3005 767 3146 811; x_wconf 90' lang='lat' dir='ltr'><strong>sunt.</strong></span> <span class='ocrx_word' id='word_1_530' title='bbox 3173 759 3324 813; x_wconf 83' lang='lat' dir='ltr'><strong>Pauci</strong></span> <span class='ocrx_word' id='word_1_531' title='bbox 3345 759 3450 814; x_wconf 87' lang='lat' dir='ltr'><strong>dies</strong></span> <span class='ocrx_word' id='word_1_532' title='bbox 3473 777 3694 820; x_wconf 89' lang='lat' dir='ltr'><strong>remanent</strong></span> 
     </span>
    </p>
   </div>
   <div class='ocr_carea' id='block_1_67' title="bbox 2201 848 3692 921">
    <p class='ocr_par' dir='ltr' id='par_1_67' title="bbox 2201 848 3692 921">
     <span class='ocr_line' id='line_1_67' title="bbox 2201 848 3692 921; baseline 0.002 -16"><span class='ocrx_word' id='word_1_533' title='bbox 2201 852 2427 921; x_wconf 88' lang='lat' dir='ltr'><strong>quodam</strong></span> <span class='ocrx_word' id='word_1_534' title='bbox 2458 850 2618 905; x_wconf 88' lang='lat' dir='ltr'><strong>modo</strong></span> <span class='ocrx_word' id='word_1_535' title='bbox 2649 867 2659 902; x_wconf 88' lang='lat'><strong>:</strong></span> <span class='ocrx_word' id='word_1_536' title='bbox 2688 851 2767 904; x_wconf 90' lang='lat' dir='ltr'><strong>sic</strong></span> <span class='ocrx_word' id='word_1_537' title='bbox 2789 849 2929 903; x_wconf 87' lang='lat' dir='ltr'><strong>enim</strong></span> <span class='ocrx_word' id='word_1_538' title='bbox 2961 848 3239 903; x_wconf 88' lang='lat' dir='ltr'><strong>dicendum</strong></span> <span class='ocrx_word' id='word_1_539' title='bbox 3257 858 3336 904; x_wconf 87' lang='lat' dir='ltr'><strong>est</strong></span> <span class='ocrx_word' id='word_1_540' title='bbox 3358 849 3483 919; x_wconf 91' lang='lat' dir='ltr'><strong>quod</strong></span> <span class='ocrx_word' id='word_1_541' title='bbox 3507 865 3692 910; x_wconf 75' lang='lat' dir='ltr'><strong>remanet</strong></span> 
     </span>
    </p>
   </div>
   <div class='ocr_carea' id='block_1_68' title="bbox 2200 942 3694 1013">
    <p class='ocr_par' dir='ltr' id='par_1_68' title="bbox 2200 942 3694 1013">
     <span class='ocr_line' id='line_1_68' title="bbox 2200 942 3694 1013; baseline -0.005 -13"><span class='ocrx_word' id='word_1_542' title='bbox 2200 944 2255 1000; x_wconf 89' lang='lat' dir='ltr'><strong>in</strong></span> <span class='ocrx_word' id='word_1_543' title='bbox 2284 944 2679 1013; x_wconf 85' lang='lat' dir='ltr'><strong>comparatione</strong></span> <span class='ocrx_word' id='word_1_544' title='bbox 2724 953 3105 996; x_wconf 87' lang='lat' dir='ltr'><strong>transactorum</strong></span> <span class='ocrx_word' id='word_1_545' title='bbox 3146 942 3462 996; x_wconf 65' lang='lat' dir='ltr'><strong>saeculorum.</strong></span> <span class='ocrx_word' id='word_1_546' title='bbox 3485 943 3694 1001; x_wconf 73' lang='lat' dir='ltr'><strong>Exhortc-</strong></span> 
     </span>
    </p>
   </div>
   <div class='ocr_carea' id='block_1_69' title="bbox 2203 1032 3694 1102">
    <p class='ocr_par' dir='ltr' id='par_1_69' title="bbox 2203 1032 3694 1102">
     <span class='ocr_line' id='line_1_69' title="bbox 2203 1032 3694 1102; baseline -0.001 -11"><span class='ocrx_word' id='word_1_547' title='bbox 2203 1051 2324 1090; x_wconf 88' lang='lat' dir='ltr'><strong>mur</strong></span> <span class='ocrx_word' id='word_1_548' title='bbox 2371 1035 2591 1089; x_wconf 88' lang='lat' dir='ltr'><strong>invicem</strong></span> <span class='ocrx_word' id='word_1_549' title='bbox 2616 1073 2632 1099; x_wconf 90' lang='lat'><strong>,</strong></span> <span class='ocrx_word' id='word_1_550' title='bbox 2661 1034 2973 1088; x_wconf 72' lang='lat' dir='ltr'><strong>exhortatur</strong></span> <span class='ocrx_word' id='word_1_551' title='bbox 3001 1046 3096 1086; x_wconf 89' lang='lat' dir='ltr'><strong>nos</strong></span> <span class='ocrx_word' id='word_1_552' title='bbox 3120 1032 3206 1087; x_wconf 92' lang='lat' dir='ltr'><strong>ille</strong></span> <span class='ocrx_word' id='word_1_553' title='bbox 3235 1032 3320 1102; x_wconf 89' lang='lat' dir='ltr'><strong>qui</strong></span> <span class='ocrx_word' id='word_1_554' title='bbox 3349 1033 3477 1086; x_wconf 85' lang='lat' dir='ltr'><strong>venit</strong></span> <span class='ocrx_word' id='word_1_555' title='bbox 3502 1033 3556 1087; x_wconf 89' lang='lat' dir='ltr'><strong>ad</strong></span> <span class='ocrx_word' id='word_1_556' title='bbox 3594 1051 3694 1098; x_wconf 76' lang='lat' dir='ltr'><strong>nos.</strong></span> 
     </span>
    </p>
   </div>
   <div class='ocr_carea' id='block_1_70' title="bbox 2202 1120 3697 1198">
    <p class='ocr_par' dir='ltr' id='par_1_70' title="bbox 2202 1120 3697 1198">
     <span class='ocr_line' id='line_1_70' title="bbox 2202 1120 3697 1198; baseline -0.001 -16"><span class='ocrx_word' id='word_1_557' title='bbox 2202 1129 2293 1198; x_wconf 91' lang='lat' dir='ltr'><strong>qui</strong></span> <span class='ocrx_word' id='word_1_558' title='bbox 2320 1127 2549 1182; x_wconf 89' lang='lat' dir='ltr'><strong>cucurrit</strong></span> <span class='ocrx_word' id='word_1_559' title='bbox 2578 1125 2713 1178; x_wconf 88' lang='lat' dir='ltr'><strong>viam</strong></span> <span class='ocrx_word' id='word_1_560' title='bbox 2739 1166 2755 1189; x_wconf 87' lang='lat'><strong>,</strong></span> <span class='ocrx_word' id='word_1_561' title='bbox 2780 1132 2833 1178; x_wconf 91' lang='lat' dir='ltr'><strong>et</strong></span> <span class='ocrx_word' id='word_1_562' title='bbox 2852 1123 2986 1177; x_wconf 78' lang='lat' dir='ltr'><strong>dixit</strong></span> <span class='ocrx_word' id='word_1_563' title='bbox 3009 1162 3023 1185; x_wconf 85' lang='lat'><strong>,</strong></span> <span class='ocrx_word' id='word_1_564' title='bbox 3058 1120 3340 1191; x_wconf 86' lang='lat' dir='ltr'><strong>Sequimini</strong></span> <span class='ocrx_word' id='word_1_565' title='bbox 3367 1137 3381 1177; x_wconf 88' lang='lat'><strong>:</strong></span> <span class='ocrx_word' id='word_1_566' title='bbox 3410 1124 3488 1192; x_wconf 86' lang='lat' dir='ltr'><strong>qui</strong></span> <span class='ocrx_word' id='word_1_567' title='bbox 3517 1126 3697 1180; x_wconf 83' lang='lat' dir='ltr'><strong>ascendit</strong></span> 
     </span>
    </p>
   </div>
   <div class='ocr_carea' id='block_1_71' title="bbox 2204 1213 3699 1290">
    <p class='ocr_par' dir='ltr' id='par_1_71' title="bbox 2204 1213 3699 1290">
     <span class='ocr_line' id='line_1_71' title="bbox 2204 1213 3699 1290; baseline -0.003 -15"><span class='ocrx_word' id='word_1_568' title='bbox 2204 1222 2351 1290; x_wconf 89' lang='lat' dir='ltr'><strong>prior</strong></span> <span class='ocrx_word' id='word_1_569' title='bbox 2371 1221 2424 1274; x_wconf 89' lang='lat' dir='ltr'><strong>in</strong></span> <span class='ocrx_word' id='word_1_570' title='bbox 2450 1219 2641 1273; x_wconf 77' lang='lat' dir='ltr'><strong>etclam</strong></span> <span class='ocrx_word' id='word_1_571' title='bbox 2663 1256 2677 1282; x_wconf 84' lang='lat'><strong>,</strong></span> <span class='ocrx_word' id='word_1_572' title='bbox 2707 1226 2764 1269; x_wconf 90' lang='lat' dir='ltr'><strong>ut</strong></span> <span class='ocrx_word' id='word_1_573' title='bbox 2786 1225 2945 1285; x_wconf 88' lang='lat' dir='ltr'><strong>caput</strong></span> <span class='ocrx_word' id='word_1_574' title='bbox 2970 1215 3040 1269; x_wconf 89' lang='lat' dir='ltr'><strong>de</strong></span> <span class='ocrx_word' id='word_1_575' title='bbox 3079 1213 3454 1269; x_wconf 86' lang='lat' dir='ltr'><strong>sublimioribus</strong></span> <span class='ocrx_word' id='word_1_576' title='bbox 3483 1215 3699 1270; x_wconf 79' lang='lat' dir='ltr'><strong>subveniat</strong></span> 
     </span>
    </p>
   </div>
   <div class='ocr_carea' id='block_1_72' title="bbox 2205 1303 3699 1372">
    <p class='ocr_par' dir='ltr' id='par_1_72' title="bbox 2205 1303 3699 1372">
     <span class='ocr_line' id='line_1_72' title="bbox 2205 1303 3699 1372; baseline -0.003 -8"><span class='ocrx_word' id='word_1_577' title='bbox 2205 1310 2414 1365; x_wconf 70' lang='lat' dir='ltr'><strong>cmteris</strong></span> <span class='ocrx_word' id='word_1_578' title='bbox 2441 1308 2693 1362; x_wconf 89' lang='lat' dir='ltr'><strong>membris</strong></span> <span class='ocrx_word' id='word_1_579' title='bbox 2736 1307 2788 1360; x_wconf 89' lang='lat' dir='ltr'><strong>in</strong></span> <span class='ocrx_word' id='word_1_580' title='bbox 2817 1316 2954 1359; x_wconf 89' lang='lat' dir='ltr'><strong>terra</strong></span> <span class='ocrx_word' id='word_1_581' title='bbox 2996 1303 3379 1367; x_wconf 85' lang='lat' dir='ltr'><strong>laborantibus;</strong></span> <span class='ocrx_word' id='word_1_582' title='bbox 3414 1304 3493 1372; x_wconf 90' lang='lat' dir='ltr'><strong>qui</strong></span> <span class='ocrx_word' id='word_1_583' title='bbox 3523 1303 3629 1357; x_wconf 78' lang='lat' dir='ltr'><strong>dixit</strong></span> <span class='ocrx_word' id='word_1_584' title='bbox 3650 1305 3699 1359; x_wconf 80' lang='lat' dir='ltr'><strong>de</strong></span> 
     </span>
    </p>
   </div>
   <div class='ocr_carea' id='block_1_73' title="bbox 2207 1395 3701 1467">
    <p class='ocr_par' dir='ltr' id='par_1_73' title="bbox 2207 1395 3701 1467">
     <span class='ocr_line' id='line_1_73' title="bbox 2207 1395 3701 1467; baseline -0.007 -8"><span class='ocrx_word' id='word_1_585' title='bbox 2207 1404 2343 1459; x_wconf 76' lang='lat' dir='ltr'><strong>ccelo</strong></span> <span class='ocrx_word' id='word_1_586' title='bbox 2361 1442 2375 1467; x_wconf 91' lang='lat'><strong>,</strong></span> <span class='ocrx_word' id='word_1_587' title='bbox 2407 1401 2585 1467; x_wconf 83' lang='lat' dir='ltr'><strong>Saule,</strong></span> <span class='ocrx_word' id='word_1_588' title='bbox 2616 1399 2792 1461; x_wconf 84' lang='lat' dir='ltr'><strong>Saule,</strong></span> <span class='ocrx_word' id='word_1_589' title='bbox 2818 1398 2940 1467; x_wconf 87' lang='lat' dir='ltr'><strong>quid</strong></span> <span class='ocrx_word' id='word_1_590' title='bbox 2963 1413 3039 1450; x_wconf 89' lang='lat' dir='ltr'><strong>me</strong></span> <span class='ocrx_word' id='word_1_591' title='bbox 3064 1396 3361 1466; x_wconf 83' lang='lat' dir='ltr'><strong>persequeris</strong></span> <span class='ocrx_word' id='word_1_592' title='bbox 3390 1395 3511 1465; x_wconf 81' lang='lat' dir='ltr'><strong>(Act.</strong></span> <span class='ocrx_word' id='word_1_593' title='bbox 3534 1411 3579 1448; x_wconf 78' lang='lat' dir='ltr'><strong>ix</strong></span> <span class='ocrx_word' id='word_1_594' title='bbox 3597 1436 3611 1462; x_wconf 84' lang='lat'><strong>,</strong></span> <span class='ocrx_word' id='word_1_595' title='bbox 3631 1396 3701 1465; x_wconf 75' lang='lat' dir='ltr'><strong>t)?</strong></span> 
     </span>
    </p>
   </div>
   <div class='ocr_carea' id='block_1_74' title="bbox 2210 1486 3702 1564">
    <p class='ocr_par' dir='ltr' id='par_1_74' title="bbox 2210 1486 3702 1564">
     <span class='ocr_line' id='line_1_74' title="bbox 2210 1486 3702 1564; baseline -0.006 -15"><span class='ocrx_word' id='word_1_596' title='bbox 2210 1495 2350 1564; x_wconf 82' lang='lat' dir='ltr'><strong>Ergo</strong></span> <span class='ocrx_word' id='word_1_597' title='bbox 2398 1507 2555 1547; x_wconf 91' lang='lat' dir='ltr'><strong>nemo</strong></span> <span class='ocrx_word' id='word_1_598' title='bbox 2598 1490 2847 1559; x_wconf 88' lang='lat' dir='ltr'><strong>desperet</strong></span> <span class='ocrx_word' id='word_1_599' title='bbox 2876 1507 2890 1543; x_wconf 90' lang='lat'><strong>:</strong></span> <span class='ocrx_word' id='word_1_600' title='bbox 2917 1487 3166 1542; x_wconf 88' lang='lat' dir='ltr'><strong>reddetur</strong></span> <span class='ocrx_word' id='word_1_601' title='bbox 3208 1487 3356 1540; x_wconf 90' lang='lat' dir='ltr'><strong>nobis</strong></span> <span class='ocrx_word' id='word_1_602' title='bbox 3390 1486 3439 1540; x_wconf 91' lang='lat' dir='ltr'><strong>in</strong></span> <span class='ocrx_word' id='word_1_603' title='bbox 3480 1486 3569 1541; x_wconf 87' lang='lat' dir='ltr'><strong>line</strong></span> <span class='ocrx_word' id='word_1_604' title='bbox 3600 1487 3702 1556; x_wconf 87' lang='lat' dir='ltr'><strong>quod</strong></span> 
     </span>
    </p>
   </div>
   <div class='ocr_carea' id='block_1_75' title="bbox 2210 1576 3457 1655">
    <p class='ocr_par' dir='ltr' id='par_1_75' title="bbox 2210 1576 3457 1655">
     <span class='ocr_line' id='line_1_75' title="bbox 2210 1576 3457 1655; baseline -0.006 -17"><span class='ocrx_word' id='word_1_605' title='bbox 2210 1584 2527 1655; x_wconf 88' lang='lat' dir='ltr'><strong>promissum</strong></span> <span class='ocrx_word' id='word_1_606' title='bbox 2553 1590 2670 1648; x_wconf 87' lang='lat' dir='ltr'><strong>est;</strong></span> <span class='ocrx_word' id='word_1_607' title='bbox 2698 1580 2769 1635; x_wconf 89' lang='lat' dir='ltr'><strong>ibi</strong></span> <span class='ocrx_word' id='word_1_608' title='bbox 2799 1578 3210 1648; x_wconf 79' lang='lat' dir='ltr'><strong>implebiturilla</strong></span> <span class='ocrx_word' id='word_1_609' title='bbox 3246 1576 3457 1646; x_wconf 84' lang='lat' dir='ltr'><strong>juStitia.</strong></span> 
     </span>
    </p>
   </div>
   <div class='ocr_carea' id='block_1_76' title="bbox 2278 1666 3705 1734">
    <p class='ocr_par' dir='ltr' id='par_1_76' title="bbox 2278 1666 3705 1734">
     <span class='ocr_line' id='line_1_76' title="bbox 2278 1666 3705 1734; baseline -0.007 -4"><span class='ocrx_word' id='word_1_610' title='bbox 2278 1674 2505 1730; x_wconf 81' lang='lat' dir='ltr'><strong>CAPUT</strong></span> <span class='ocrx_word' id='word_1_611' title='bbox 2533 1673 2600 1727; x_wconf 79' lang='grc' dir='ltr'><strong>Χ.</strong></span> <span class='ocrx_word' id='word_1_612' title='bbox 2627 1702 2697 1713; x_wconf 89' lang='grc'><strong>--</strong></span> <span class='ocrx_word' id='word_1_613' title='bbox 2730 1671 2815 1725; x_wconf 81' lang='lat' dir='ltr'><strong>l0.</strong></span> <span class='ocrx_word' id='word_1_614' title='bbox 2842 1670 2962 1724; x_wconf 88' lang='lat' dir='ltr'><strong>Dies</strong></span> <span class='ocrx_word' id='word_1_615' title='bbox 2983 1678 3153 1723; x_wconf 88' lang='lat' dir='ltr'><strong>noster</strong></span> <span class='ocrx_word' id='word_1_616' title='bbox 3173 1710 3188 1734; x_wconf 89' lang='lat'><strong>,</strong></span> <span class='ocrx_word' id='word_1_617' title='bbox 3227 1666 3457 1722; x_wconf 83' lang='lat' dir='ltr'><strong>Christus.</strong></span> <span class='ocrx_word' id='word_1_618' title='bbox 3483 1666 3587 1721; x_wconf 85' lang='lat' dir='ltr'><strong>Toto</strong></span> <span class='ocrx_word' id='word_1_619' title='bbox 3612 1668 3705 1721; x_wconf 76' lang='lat' dir='ltr'><strong>desi-</strong></span> 
     </span>
    </p>
   </div>
   <div class='ocr_carea' id='block_1_77' title="bbox 2211 1759 3706 1827">
    <p class='ocr_par' dir='ltr' id='par_1_77' title="bbox 2211 1759 3706 1827">
     <span class='ocr_line' id='line_1_77' title="bbox 2211 1759 3706 1827; baseline -0.006 -7"><span class='ocrx_word' id='word_1_620' title='bbox 2211 1768 2349 1820; x_wconf 87' lang='lat' dir='ltr'><strong>derio</strong></span> <span class='ocrx_word' id='word_1_621' title='bbox 2374 1763 2677 1818; x_wconf 86' lang='lat' dir='ltr'><strong>tendendum</strong></span> <span class='ocrx_word' id='word_1_622' title='bbox 2702 1764 2755 1816; x_wconf 88' lang='lat' dir='ltr'><strong>in</strong></span> <span class='ocrx_word' id='word_1_623' title='bbox 2778 1762 2977 1815; x_wconf 73' lang='lat' dir='ltr'><strong>coelum.</strong></span> <span class='ocrx_word' id='word_1_624' title='bbox 3008 1759 3246 1815; x_wconf 79' lang='lat' dir='ltr'><strong>Audistis</strong></span> <span class='ocrx_word' id='word_1_625' title='bbox 3263 1766 3316 1814; x_wconf 87' lang='lat' dir='ltr'><strong>et</strong></span> <span class='ocrx_word' id='word_1_626' title='bbox 3339 1759 3631 1827; x_wconf 80' lang='lat' dir='ltr'><strong>Evangelinm</strong></span> <span class='ocrx_word' id='word_1_627' title='bbox 3651 1761 3706 1811; x_wconf 79' lang='lat' dir='ltr'><strong>his</strong></span> 
     </span>
    </p>
   </div>
   <div class='ocr_carea' id='block_1_78' title="bbox 2211 1848 3703 1919">
    <p class='ocr_par' dir='ltr' id='par_1_78' title="bbox 2211 1848 3703 1919">
     <span class='ocr_line' id='line_1_78' title="bbox 2211 1848 3703 1919; baseline -0.007 -8"><span class='ocrx_word' id='word_1_628' title='bbox 2211 1855 2548 1912; x_wconf 87' lang='lat' dir='ltr'><strong>sermonibus</strong></span> <span class='ocrx_word' id='word_1_629' title='bbox 2571 1853 2915 1910; x_wconf 87' lang='lat' dir='ltr'><strong>concordare.</strong></span> <span class='ocrx_word' id='word_1_630' title='bbox 2956 1850 3200 1905; x_wconf 82' lang='lat' dir='ltr'><strong>Voluntas</strong></span> <span class='ocrx_word' id='word_1_631' title='bbox 3219 1891 3233 1916; x_wconf 91' lang='lat'><strong>,</strong></span> <span class='ocrx_word' id='word_1_632' title='bbox 3274 1849 3455 1919; x_wconf 88' lang='lat' dir='ltr'><strong>inquit,</strong></span> <span class='ocrx_word' id='word_1_633' title='bbox 3482 1848 3621 1903; x_wconf 79' lang='lat' dir='ltr'><strong>Patris</strong></span> <span class='ocrx_word' id='word_1_634' title='bbox 3641 1861 3703 1909; x_wconf 77' lang='lat' dir='ltr'><strong>ut.</strong></span> 
     </span>
    </p>
   </div>
   <div class='ocr_carea' id='block_1_79' title="bbox 2212 1928 3707 2016">
    <p class='ocr_par' dir='ltr' id='par_1_79' title="bbox 2212 1928 3707 2016">
     <span class='ocr_line' id='line_1_79' title="bbox 2212 1928 3707 2016; baseline -0.005 -16"><span class='ocrx_word' id='word_1_635' title='bbox 2212 1958 2266 2000; x_wconf 88' lang='lat' dir='ltr'><strong>ut</strong></span> <span class='ocrx_word' id='word_1_636' title='bbox 2300 1946 2469 2000; x_wconf 88' lang='lat' dir='ltr'><strong>omnia</strong></span> <span class='ocrx_word' id='word_1_637' title='bbox 2494 1961 2607 2016; x_wconf 71' lang='lat' dir='ltr'><strong>qua:</strong></span> <span class='ocrx_word' id='word_1_638' title='bbox 2624 1944 2761 1999; x_wconf 86' lang='lat' dir='ltr'><strong>dedit</strong></span> <span class='ocrx_word' id='word_1_639' title='bbox 2789 1944 2912 1997; x_wconf 83' lang='lat' dir='ltr'><strong>mihi</strong></span> <span class='ocrx_word' id='word_1_640' title='bbox 2951 1959 3050 1995; x_wconf 88' lang='lat' dir='ltr'><strong>non</strong></span> <span class='ocrx_word' id='word_1_641' title='bbox 3078 1928 3281 2012; x_wconf 81' lang='lat' dir='ltr'><strong>pereant</strong></span> <span class='ocrx_word' id='word_1_642' title='bbox 3301 1980 3318 2007; x_wconf 89' lang='lat'><strong>,</strong></span> <span class='ocrx_word' id='word_1_643' title='bbox 3346 1940 3430 1994; x_wconf 85' lang='lat' dir='ltr'><strong>sed</strong></span> <span class='ocrx_word' id='word_1_644' title='bbox 3452 1940 3625 1994; x_wconf 82' lang='lat' dir='ltr'><strong>habeant</strong></span> <span class='ocrx_word' id='word_1_645' title='bbox 3655 1940 3707 1993; x_wconf 81' lang='lat' dir='ltr'><strong>vi-</strong></span> 
     </span>
    </p>
   </div>
   <div class='ocr_carea' id='block_1_80' title="bbox 2214 2030 3706 2106">
    <p class='ocr_par' dir='ltr' id='par_1_80' title="bbox 2214 2030 3706 2106">
     <span class='ocr_line' id='line_1_80' title="bbox 2214 2030 3706 2106; baseline -0.008 -13"><span class='ocrx_word' id='word_1_646' title='bbox 2214 2049 2317 2093; x_wconf 85' lang='lat' dir='ltr'><strong>tam</strong></span> <span class='ocrx_word' id='word_1_647' title='bbox 2340 2050 2578 2093; x_wconf 64' lang='lat' dir='ltr'><strong>(sternam</strong></span> <span class='ocrx_word' id='word_1_648' title='bbox 2602 2053 2620 2101; x_wconf 87' lang='lat'><strong>;</strong></span> <span class='ocrx_word' id='word_1_649' title='bbox 2658 2046 2704 2090; x_wconf 87' lang='lat' dir='ltr'><strong>et</strong></span> <span class='ocrx_word' id='word_1_650' title='bbox 2742 2053 2832 2106; x_wconf 83' lang='lat' dir='ltr'><strong>ego</strong></span> <span class='ocrx_word' id='word_1_651' title='bbox 2867 2032 3174 2089; x_wconf 80' lang='lat' dir='ltr'><strong>resuscitabo</strong></span> <span class='ocrx_word' id='word_1_652' title='bbox 3202 2050 3281 2087; x_wconf 88' lang='lat' dir='ltr'><strong>eos</strong></span> <span class='ocrx_word' id='word_1_653' title='bbox 3308 2033 3357 2085; x_wconf 88' lang='lat' dir='ltr'><strong>in</strong></span> <span class='ocrx_word' id='word_1_654' title='bbox 3385 2032 3612 2085; x_wconf 72' lang='lat' dir='ltr'><strong>novissimo</strong></span> <span class='ocrx_word' id='word_1_655' title='bbox 3638 2030 3706 2083; x_wconf 77' lang='lat' dir='ltr'><strong>die.</strong></span> 
     </span>
    </p>
   </div>
   <div class='ocr_carea' id='block_1_81' title="bbox 2213 2122 3707 2201">
    <p class='ocr_par' dir='ltr' id='par_1_81' title="bbox 2213 2122 3707 2201">
     <span class='ocr_line' id='line_1_81' title="bbox 2213 2122 3707 2201; baseline -0.006 -14"><span class='ocrx_word' id='word_1_656' title='bbox 2213 2131 2283 2187; x_wconf 89' lang='lat' dir='ltr'><strong>Se</strong></span> <span class='ocrx_word' id='word_1_657' title='bbox 2308 2132 2477 2201; x_wconf 89' lang='lat' dir='ltr'><strong>ipsum</strong></span> <span class='ocrx_word' id='word_1_658' title='bbox 2506 2130 2678 2199; x_wconf 87' lang='lat' dir='ltr'><strong>primo</strong></span> <span class='ocrx_word' id='word_1_659' title='bbox 2702 2128 2790 2183; x_wconf 90' lang='lat' dir='ltr'><strong>die</strong></span> <span class='ocrx_word' id='word_1_660' title='bbox 2810 2170 2824 2193; x_wconf 93' lang='lat'><strong>,</strong></span> <span class='ocrx_word' id='word_1_661' title='bbox 2858 2141 2954 2182; x_wconf 89' lang='lat' dir='ltr'><strong>nos</strong></span> <span class='ocrx_word' id='word_1_662' title='bbox 2980 2127 3276 2181; x_wconf 84' lang='lat' dir='ltr'><strong>novissimo</strong></span> <span class='ocrx_word' id='word_1_663' title='bbox 3303 2125 3402 2179; x_wconf 90' lang='lat' dir='ltr'><strong>die.</strong></span> <span class='ocrx_word' id='word_1_664' title='bbox 3440 2125 3614 2178; x_wconf 85' lang='lat' dir='ltr'><strong>Primus</strong></span> <span class='ocrx_word' id='word_1_665' title='bbox 3629 2122 3707 2178; x_wconf 80' lang='lat' dir='ltr'><strong>dies</strong></span> 
     </span>
    </p>
   </div>
   <div class='ocr_carea' id='block_1_82' title="bbox 2215 2214 3707 2292">
    <p class='ocr_par' dir='ltr' id='par_1_82' title="bbox 2215 2214 3707 2292">
     <span class='ocr_line' id='line_1_82' title="bbox 2215 2214 3707 2292; baseline -0.008 -14"><span class='ocrx_word' id='word_1_666' title='bbox 2215 2223 2281 2277; x_wconf 88' lang='lat' dir='ltr'><strong>ad</strong></span> <span class='ocrx_word' id='word_1_667' title='bbox 2320 2231 2478 2292; x_wconf 89' lang='lat' dir='ltr'><strong>caput</strong></span> <span class='ocrx_word' id='word_1_668' title='bbox 2503 2221 2775 2275; x_wconf 58' lang='lat' dir='ltr'><strong>Ecclesiae.</strong></span> <span class='ocrx_word' id='word_1_669' title='bbox 2810 2220 2934 2274; x_wconf 89' lang='lat' dir='ltr'><strong>Dies</strong></span> <span class='ocrx_word' id='word_1_670' title='bbox 2977 2219 3126 2273; x_wconf 87' lang='lat' dir='ltr'><strong>enim</strong></span> <span class='ocrx_word' id='word_1_671' title='bbox 3157 2226 3334 2271; x_wconf 89' lang='lat' dir='ltr'><strong>noster</strong></span> <span class='ocrx_word' id='word_1_672' title='bbox 3360 2216 3581 2270; x_wconf 84' lang='lat' dir='ltr'><strong>Dominus</strong></span> <span class='ocrx_word' id='word_1_673' title='bbox 3598 2214 3707 2267; x_wconf 82' lang='lat' dir='ltr'><strong>Clui-</strong></span> 
     </span>
    </p>
   </div>
   <div class='ocr_carea' id='block_1_83' title="bbox 2217 2304 3708 2376">
    <p class='ocr_par' dir='ltr' id='par_1_83' title="bbox 2217 2304 3708 2376">
     <span class='ocr_line' id='line_1_83' title="bbox 2217 2304 3708 2376; baseline -0.008 -8"><span class='ocrx_word' id='word_1_674' title='bbox 2217 2322 2361 2376; x_wconf 88' lang='lat' dir='ltr'><strong>stus,</strong></span> <span class='ocrx_word' id='word_1_675' title='bbox 2395 2326 2498 2366; x_wconf 90' lang='lat' dir='ltr'><strong>non</strong></span> <span class='ocrx_word' id='word_1_676' title='bbox 2536 2311 2658 2365; x_wconf 80' lang='lat' dir='ltr'><strong>facit</strong></span> <span class='ocrx_word' id='word_1_677' title='bbox 2686 2325 2954 2365; x_wconf 88' lang='lat' dir='ltr'><strong>occasum.</strong></span> <span class='ocrx_word' id='word_1_678' title='bbox 2983 2309 3314 2363; x_wconf 85' lang='lat' dir='ltr'><strong>Novissimus</strong></span> <span class='ocrx_word' id='word_1_679' title='bbox 3349 2306 3487 2371; x_wconf 87' lang='lat' dir='ltr'><strong>dies,</strong></span> <span class='ocrx_word' id='word_1_680' title='bbox 3521 2305 3603 2360; x_wconf 88' lang='lat' dir='ltr'><strong>erit</strong></span> <span class='ocrx_word' id='word_1_681' title='bbox 3631 2304 3708 2357; x_wconf 79' lang='lat' dir='ltr'><strong>linis</strong></span> 
     </span>
    </p>
   </div>
   <div class='ocr_carea' id='block_1_84' title="bbox 2216 2397 3711 2469">
    <p class='ocr_par' dir='ltr' id='par_1_84' title="bbox 2216 2397 3711 2469">
     <span class='ocr_line' id='line_1_84' title="bbox 2216 2397 3711 2469; baseline -0.009 -9"><span class='ocrx_word' id='word_1_682' title='bbox 2216 2406 2416 2460; x_wconf 75' lang='lat' dir='ltr'><strong>szeculi.</strong></span> <span class='ocrx_word' id='word_1_683' title='bbox 2440 2404 2576 2458; x_wconf 90' lang='lat' dir='ltr'><strong>Nolo</strong></span> <span class='ocrx_word' id='word_1_684' title='bbox 2598 2403 2745 2458; x_wconf 90' lang='lat' dir='ltr'><strong>dicas</strong></span> <span class='ocrx_word' id='word_1_685' title='bbox 2775 2421 2788 2457; x_wconf 91' lang='lat'>:</span> <span class='ocrx_word' id='word_1_686' title='bbox 2820 2401 3041 2469; x_wconf 89' lang='lat' dir='ltr'><strong>Quando</strong></span> <span class='ocrx_word' id='word_1_687' title='bbox 3068 2402 3175 2456; x_wconf 89' lang='lat' dir='ltr'><strong>iste</strong></span> <span class='ocrx_word' id='word_1_688' title='bbox 3198 2399 3333 2456; x_wconf 81' lang='lat' dir='ltr'><strong>erit?</strong></span> <span class='ocrx_word' id='word_1_689' title='bbox 3354 2399 3526 2455; x_wconf 87' lang='lat' dir='ltr'><strong>Generi</strong></span> <span class='ocrx_word' id='word_1_690' title='bbox 3545 2397 3711 2451; x_wconf 83' lang='lat' dir='ltr'><strong>humano</strong></span> 
     </span>
    </p>
   </div>
   <div class='ocr_carea' id='block_1_85' title="bbox 2218 2488 3713 2567">
    <p class='ocr_par' dir='ltr' id='par_1_85' title="bbox 2218 2488 3713 2567">
     <span class='ocr_line' id='line_1_85' title="bbox 2218 2488 3713 2567; baseline -0.009 -14"><span class='ocrx_word' id='word_1_691' title='bbox 2218 2499 2373 2567; x_wconf 64' lang='lat' dir='ltr'><strong>longe</strong></span> <span class='ocrx_word' id='word_1_692' title='bbox 2396 2499 2518 2565; x_wconf 89' lang='lat' dir='ltr'><strong>erit,</strong></span> <span class='ocrx_word' id='word_1_693' title='bbox 2546 2496 2827 2566; x_wconf 90' lang='lat' dir='ltr'><strong>unicuique</strong></span> <span class='ocrx_word' id='word_1_694' title='bbox 2849 2496 3129 2550; x_wconf 90' lang='lat' dir='ltr'><strong>hominum</strong></span> <span class='ocrx_word' id='word_1_695' title='bbox 3159 2508 3317 2564; x_wconf 85' lang='lat' dir='ltr'><strong>prope</strong></span> <span class='ocrx_word' id='word_1_696' title='bbox 3340 2493 3452 2555; x_wconf 83' lang='lat' dir='ltr'><strong>erit;</strong></span> <span class='ocrx_word' id='word_1_697' title='bbox 3471 2492 3571 2561; x_wconf 87' lang='lat' dir='ltr'><strong>quia</strong></span> <span class='ocrx_word' id='word_1_698' title='bbox 3590 2488 3713 2542; x_wconf 82' lang='lat' dir='ltr'><strong>nmis-</strong></span> 
     </span>
    </p>
   </div>
   <div class='ocr_carea' id='block_1_86' title="bbox 2221 2574 3714 2659">
    <p class='ocr_par' dir='ltr' id='par_1_86' title="bbox 2221 2574 3714 2659">
     <span class='ocr_line' id='line_1_86' title="bbox 2221 2574 3714 2659; baseline -0.011 -11"><span class='ocrx_word' id='word_1_699' title='bbox 2221 2574 2385 2648; x_wconf 67' lang='lat' dir='ltr'><strong>timns</strong></span> <span class='ocrx_word' id='word_1_700' title='bbox 2430 2576 2542 2645; x_wconf 88' lang='lat' dir='ltr'><strong>dies</strong></span> <span class='ocrx_word' id='word_1_701' title='bbox 2570 2598 2653 2645; x_wconf 91' lang='lat' dir='ltr'><strong>est</strong></span> <span class='ocrx_word' id='word_1_702' title='bbox 2699 2589 2957 2659; x_wconf 87' lang='lat' dir='ltr'><strong>cujusque</strong></span> <span class='ocrx_word' id='word_1_703' title='bbox 2991 2587 3118 2642; x_wconf 90' lang='lat' dir='ltr'><strong>dies</strong></span> <span class='ocrx_word' id='word_1_704' title='bbox 3160 2586 3359 2641; x_wconf 89' lang='lat' dir='ltr'><strong>mortis.</strong></span> <span class='ocrx_word' id='word_1_705' title='bbox 3405 2584 3598 2638; x_wconf 81' lang='lat' dir='ltr'><strong>Etenim</strong></span> <span class='ocrx_word' id='word_1_706' title='bbox 3630 2595 3714 2633; x_wconf 81' lang='lat' dir='ltr'><strong>rum</strong></span> 
     </span>
    </p>
   </div>
   <div class='ocr_carea' id='block_1_87' title="bbox 2219 2671 3716 2748">
    <p class='ocr_par' dir='ltr' id='par_1_87' title="bbox 2219 2671 3716 2748">
     <span class='ocr_line' id='line_1_87' title="bbox 2219 2671 3716 2748; baseline -0.008 -13"><span class='ocrx_word' id='word_1_707' title='bbox 2219 2679 2345 2735; x_wconf 85' lang='lat' dir='ltr'><strong>hinc</strong></span> <span class='ocrx_word' id='word_1_708' title='bbox 2368 2679 2583 2743; x_wconf 66' lang='lat' dir='ltr'><strong>etieris,</strong></span> <span class='ocrx_word' id='word_1_709' title='bbox 2608 2678 2879 2748; x_wconf 86' lang='lat' dir='ltr'><strong>recipieris</strong></span> <span class='ocrx_word' id='word_1_710' title='bbox 2904 2693 2999 2746; x_wconf 90' lang='lat' dir='ltr'><strong>pro</strong></span> <span class='ocrx_word' id='word_1_711' title='bbox 3021 2678 3233 2732; x_wconf 87' lang='lat' dir='ltr'><strong>meritis</strong></span> <span class='ocrx_word' id='word_1_712' title='bbox 3248 2719 3261 2742; x_wconf 88' lang='lat'><strong>,</strong></span> <span class='ocrx_word' id='word_1_713' title='bbox 3289 2686 3340 2731; x_wconf 91' lang='lat' dir='ltr'><strong>et</strong></span> <span class='ocrx_word' id='word_1_714' title='bbox 3360 2688 3573 2743; x_wconf 75' lang='lat' dir='ltr'><strong>resurges</strong></span> <span class='ocrx_word' id='word_1_715' title='bbox 3590 2671 3639 2725; x_wconf 86' lang='lat' dir='ltr'><strong>ad</strong></span> <span class='ocrx_word' id='word_1_716' title='bbox 3656 2684 3716 2723; x_wconf 83' lang='lat' dir='ltr'><strong>re-</strong></span> 
     </span>
    </p>
   </div>
   <div class='ocr_carea' id='block_1_88' title="bbox 2220 2768 3715 2842">
    <p class='ocr_par' dir='ltr' id='par_1_88' title="bbox 2220 2768 3715 2842">
     <span class='ocr_line' id='line_1_88' title="bbox 2220 2768 3715 2842; baseline -0.009 -16"><span class='ocrx_word' id='word_1_717' title='bbox 2220 2771 2461 2842; x_wconf 89' lang='lat' dir='ltr'><strong>cipienda</strong></span> <span class='ocrx_word' id='word_1_718' title='bbox 2483 2788 2601 2841; x_wconf 75' lang='lat' dir='ltr'><strong>qua:</strong></span> <span class='ocrx_word' id='word_1_719' title='bbox 2630 2771 2857 2840; x_wconf 77' lang='lat' dir='ltr'><strong>gessisti.</strong></span> <span class='ocrx_word' id='word_1_720' title='bbox 2884 2770 3035 2824; x_wconf 89' lang='lat' dir='ltr'><strong>Tunc</strong></span> <span class='ocrx_word' id='word_1_721' title='bbox 3069 2770 3218 2825; x_wconf 88' lang='lat' dir='ltr'><strong>Deus</strong></span> <span class='ocrx_word' id='word_1_722' title='bbox 3245 2768 3496 2823; x_wconf 87' lang='lat' dir='ltr'><strong>coronabit</strong></span> <span class='ocrx_word' id='word_1_723' title='bbox 3514 2809 3527 2831; x_wconf 84' lang='lat'><strong>,</strong></span> <span class='ocrx_word' id='word_1_724' title='bbox 3546 2773 3715 2817; x_wconf 85' lang='lat' dir='ltr'><strong>nontam</strong></span> 
     </span>
    </p>
   </div>
   <div class='ocr_carea' id='block_1_89' title="bbox 2222 2852 3715 2933">
    <p class='ocr_par' dir='ltr' id='par_1_89' title="bbox 2222 2852 3715 2933">
     <span class='ocr_line' id='line_1_89' title="bbox 2222 2852 3715 2933; baseline -0.005 -14"><span class='ocrx_word' id='word_1_725' title='bbox 2222 2865 2410 2919; x_wconf 89' lang='lat' dir='ltr'><strong>merita</strong></span> <span class='ocrx_word' id='word_1_726' title='bbox 2435 2872 2544 2929; x_wconf 90' lang='lat' dir='ltr'><strong>tua,</strong></span> <span class='ocrx_word' id='word_1_727' title='bbox 2569 2878 2725 2933; x_wconf 90' lang='lat' dir='ltr'><strong>quam</strong></span> <span class='ocrx_word' id='word_1_728' title='bbox 2751 2862 2886 2917; x_wconf 87' lang='lat' dir='ltr'><strong>dona</strong></span> <span class='ocrx_word' id='word_1_729' title='bbox 2918 2877 3032 2916; x_wconf 88' lang='lat' dir='ltr'><strong>sua.</strong></span> <span class='ocrx_word' id='word_1_730' title='bbox 3064 2860 3333 2931; x_wconf 87' lang='lat' dir='ltr'><strong>Quidquid</strong></span> <span class='ocrx_word' id='word_1_731' title='bbox 3361 2860 3445 2914; x_wconf 90' lang='lat' dir='ltr'><strong>tibi</strong></span> <span class='ocrx_word' id='word_1_732' title='bbox 3478 2852 3715 2916; x_wconf 79' lang='lat' dir='ltr'><strong>donavit.si</strong></span> 
     </span>
    </p>
   </div>
   <div class='ocr_carea' id='block_1_90' title="bbox 2223 2946 3719 3024">
    <p class='ocr_par' dir='ltr' id='par_1_90' title="bbox 2223 2946 3719 3024">
     <span class='ocr_line' id='line_1_90' title="bbox 2223 2946 3719 3024; baseline -0.009 -15"><span class='ocrx_word' id='word_1_733' title='bbox 2223 2954 2443 3010; x_wconf 84' lang='lat' dir='ltr'><strong>servasti</strong></span> <span class='ocrx_word' id='word_1_734' title='bbox 2467 2995 2481 3019; x_wconf 91' lang='lat'><strong>,</strong></span> <span class='ocrx_word' id='word_1_735' title='bbox 2522 2963 2824 3024; x_wconf 77' lang='lat' dir='ltr'><strong>cognoscet.</strong></span> <span class='ocrx_word' id='word_1_736' title='bbox 2856 2952 3010 3007; x_wconf 89' lang='lat' dir='ltr'><strong>Nunc</strong></span> <span class='ocrx_word' id='word_1_737' title='bbox 3036 2968 3172 3022; x_wconf 81' lang='lat' dir='ltr'><strong>ergo</strong></span> <span class='ocrx_word' id='word_1_738' title='bbox 3193 2994 3206 3017; x_wconf 94' lang='lat'><strong>,</strong></span> <span class='ocrx_word' id='word_1_739' title='bbox 3235 2952 3445 3015; x_wconf 84' lang='lat' dir='ltr'><strong>fratres,</strong></span> <span class='ocrx_word' id='word_1_740' title='bbox 3474 2946 3719 3004; x_wconf 84' lang='lat' dir='ltr'><strong>desiderium</strong></span> 
     </span>
    </p>
   </div>
   <div class='ocr_carea' id='block_1_91' title="bbox 2223 3037 3718 3109">
    <p class='ocr_par' dir='ltr' id='par_1_91' title="bbox 2223 3037 3718 3109">
     <span class='ocr_line' id='line_1_91' title="bbox 2223 3037 3718 3109; baseline -0.01 -9"><span class='ocrx_word' id='word_1_741' title='bbox 2223 3054 2462 3101; x_wconf 89' lang='lat' dir='ltr'><strong>nostrum</strong></span> <span class='ocrx_word' id='word_1_742' title='bbox 2484 3061 2589 3098; x_wconf 89' lang='lat' dir='ltr'><strong>non</strong></span> <span class='ocrx_word' id='word_1_743' title='bbox 2610 3045 2697 3109; x_wconf 89' lang='lat' dir='ltr'><strong>sit,</strong></span> <span class='ocrx_word' id='word_1_744' title='bbox 2722 3044 2820 3098; x_wconf 89' lang='lat' dir='ltr'><strong>nisi</strong></span> <span class='ocrx_word' id='word_1_745' title='bbox 2846 3045 2896 3097; x_wconf 92' lang='lat' dir='ltr'><strong>in</strong></span> <span class='ocrx_word' id='word_1_746' title='bbox 2922 3044 3158 3108; x_wconf 64' lang='lat' dir='ltr'><strong>caelum;</strong></span> <span class='ocrx_word' id='word_1_747' title='bbox 3189 3058 3291 3097; x_wconf 89' lang='lat' dir='ltr'><strong>non</strong></span> <span class='ocrx_word' id='word_1_748' title='bbox 3316 3043 3398 3108; x_wconf 92' lang='lat' dir='ltr'><strong>sit,</strong></span> <span class='ocrx_word' id='word_1_749' title='bbox 3428 3040 3514 3093; x_wconf 88' lang='lat' dir='ltr'><strong>nisi</strong></span> <span class='ocrx_word' id='word_1_750' title='bbox 3534 3037 3586 3091; x_wconf 87' lang='lat' dir='ltr'><strong>ad</strong></span> <span class='ocrx_word' id='word_1_751' title='bbox 3609 3037 3718 3089; x_wconf 82' lang='lat' dir='ltr'><strong>vitam</strong></span> 
     </span>
    </p>
   </div>
   <div class='ocr_carea' id='block_1_92' title="bbox 2225 3127 3721 3204">
    <p class='ocr_par' dir='ltr' id='par_1_92' title="bbox 2225 3127 3721 3204">
     <span class='ocr_line' id='line_1_92' title="bbox 2225 3127 3721 3204; baseline -0.009 -14"><span class='ocrx_word' id='word_1_752' title='bbox 2225 3144 2499 3191; x_wconf 65' lang='lat' dir='ltr'><strong>arternam.</strong></span> <span class='ocrx_word' id='word_1_753' title='bbox 2521 3133 2688 3189; x_wconf 89' lang='lat' dir='ltr'><strong>Nemo</strong></span> <span class='ocrx_word' id='word_1_754' title='bbox 2714 3134 2812 3189; x_wconf 89' lang='lat' dir='ltr'><strong>sibi</strong></span> <span class='ocrx_word' id='word_1_755' title='bbox 2844 3134 3073 3203; x_wconf 87' lang='lat' dir='ltr'><strong>placeat,</strong></span> <span class='ocrx_word' id='word_1_756' title='bbox 3111 3133 3263 3204; x_wconf 89' lang='lat' dir='ltr'><strong>quasi</strong></span> <span class='ocrx_word' id='word_1_757' title='bbox 3289 3134 3373 3203; x_wconf 87' lang='lat' dir='ltr'><strong>qui</strong></span> <span class='ocrx_word' id='word_1_758' title='bbox 3399 3132 3475 3185; x_wconf 90' lang='lat' dir='ltr'><strong>hic</strong></span> <span class='ocrx_word' id='word_1_759' title='bbox 3493 3130 3609 3200; x_wconf 87' lang='lat' dir='ltr'><strong>jnste</strong></span> <span class='ocrx_word' id='word_1_760' title='bbox 3624 3127 3721 3180; x_wconf 80' lang='lat' dir='ltr'><strong>vixe-</strong></span> 
     </span>
    </p>
   </div>
   <div class='ocr_carea' id='block_1_93' title="bbox 2223 3216 3720 3296">
    <p class='ocr_par' dir='ltr' id='par_1_93' title="bbox 2223 3216 3720 3296">
     <span class='ocr_line' id='line_1_93' title="bbox 2223 3216 3720 3296; baseline -0.009 -14"><span class='ocrx_word' id='word_1_761' title='bbox 2223 3228 2293 3282; x_wconf 90' lang='lat' dir='ltr'><strong>rit</strong></span> <span class='ocrx_word' id='word_1_762' title='bbox 2316 3268 2330 3291; x_wconf 85' lang='lat'><strong>,</strong></span> <span class='ocrx_word' id='word_1_763' title='bbox 2362 3237 2416 3281; x_wconf 90' lang='lat' dir='ltr'><strong>et</strong></span> <span class='ocrx_word' id='word_1_764' title='bbox 2441 3235 2715 3296; x_wconf 89' lang='lat' dir='ltr'><strong>comparet</strong></span> <span class='ocrx_word' id='word_1_765' title='bbox 2743 3241 2802 3281; x_wconf 87' lang='lat' dir='ltr'><strong>se</strong></span> <span class='ocrx_word' id='word_1_766' title='bbox 2844 3226 2946 3279; x_wconf 91' lang='lat' dir='ltr'><strong>illis</strong></span> <span class='ocrx_word' id='word_1_767' title='bbox 2979 3226 3070 3296; x_wconf 88' lang='lat' dir='ltr'><strong>qui</strong></span> <span class='ocrx_word' id='word_1_768' title='bbox 3121 3226 3257 3280; x_wconf 90' lang='lat' dir='ltr'><strong>male</strong></span> <span class='ocrx_word' id='word_1_769' title='bbox 3279 3229 3483 3285; x_wconf 82' lang='lat' dir='ltr'><strong>vivunt,</strong></span> <span class='ocrx_word' id='word_1_770' title='bbox 3507 3216 3720 3276; x_wconf 82' lang='lat' dir='ltr'><strong>secundum</strong></span> 
     </span>
    </p>
   </div>
   <div class='ocr_carea' id='block_1_94' title="bbox 2225 3308 3722 3387">
    <p class='ocr_par' dir='ltr' id='par_1_94' title="bbox 2225 3308 3722 3387">
     <span class='ocr_line' id='line_1_94' title="bbox 2225 3308 3722 3387; baseline -0.006 -14"><span class='ocrx_word' id='word_1_771' title='bbox 2225 3316 2550 3373; x_wconf 71' lang='lat' dir='ltr'><strong>Phariszeum</strong></span> <span class='ocrx_word' id='word_1_772' title='bbox 2577 3318 2663 3387; x_wconf 90' lang='lat' dir='ltr'><strong>qui</strong></span> <span class='ocrx_word' id='word_1_773' title='bbox 2703 3332 2762 3371; x_wconf 89' lang='lat' dir='ltr'><strong>se</strong></span> <span class='ocrx_word' id='word_1_774' title='bbox 2796 3317 3131 3385; x_wconf 84' lang='lat' dir='ltr'><strong>justiticahat</strong></span> <span class='ocrx_word' id='word_1_775' title='bbox 3176 3316 3325 3387; x_wconf 87' lang='lat' dir='ltr'><strong>(Luc.</strong></span> <span class='ocrx_word' id='word_1_776' title='bbox 3353 3331 3502 3381; x_wconf 79' lang='lat' dir='ltr'><strong>xvtn,</strong></span> <span class='ocrx_word' id='word_1_777' title='bbox 3533 3313 3631 3381; x_wconf 81' lang='lat' dir='ltr'><strong>ll),</strong></span> <span class='ocrx_word' id='word_1_778' title='bbox 3665 3308 3722 3376; x_wconf 75' lang='lat' dir='ltr'><strong>qui</strong></span> 
     </span>
    </p>
   </div>
   <div class='ocr_carea' id='block_1_95' title="bbox 2225 3404 3723 3479">
    <p class='ocr_par' dir='ltr' id='par_1_95' title="bbox 2225 3404 3723 3479">
     <span class='ocr_line' id='line_1_95' title="bbox 2225 3404 3723 3479; baseline -0.004 -18"><span class='ocrx_word' id='word_1_779' title='bbox 2225 3423 2330 3462; x_wconf 89' lang='lat' dir='ltr'><strong>non</strong></span> <span class='ocrx_word' id='word_1_780' title='bbox 2358 3407 2597 3462; x_wconf 88' lang='lat' dir='ltr'><strong>audierat</strong></span> <span class='ocrx_word' id='word_1_781' title='bbox 2620 3408 2932 3476; x_wconf 82' lang='lat' dir='ltr'><strong>Apostolum</strong></span> <span class='ocrx_word' id='word_1_782' title='bbox 2951 3448 2967 3473; x_wconf 97' lang='lat'><strong>,</strong></span> <span class='ocrx_word' id='word_1_783' title='bbox 2998 3406 3126 3462; x_wconf 86' lang='lat' dir='ltr'><strong>Non</strong></span> <span class='ocrx_word' id='word_1_784' title='bbox 3152 3410 3272 3476; x_wconf 89' lang='lat' dir='ltr'><strong>quia</strong></span> <span class='ocrx_word' id='word_1_785' title='bbox 3281 3409 3388 3479; x_wconf 82' lang='lat' dir='ltr'><strong>jam</strong></span> <span class='ocrx_word' id='word_1_786' title='bbox 3407 3404 3652 3474; x_wconf 79' lang='lat' dir='ltr'><strong>acceperint,</strong></span> <span class='ocrx_word' id='word_1_787' title='bbox 3666 3406 3723 3450; x_wconf 66' lang='lat' dir='ltr'><strong>aut</strong></span> 
     </span>
    </p>
   </div>
   <div class='ocr_carea' id='block_1_96' title="bbox 2216 3489 3725 3568">
    <p class='ocr_par' dir='ltr' id='par_1_96' title="bbox 2216 3489 3725 3568">
     <span class='ocr_line' id='line_1_96' title="bbox 2216 3489 3725 3568; baseline -0.007 -17"><span class='ocrx_word' id='word_1_788' title='bbox 2216 3498 2332 3568; x_wconf 84' lang='lat' dir='ltr'><strong>jam</strong></span> <span class='ocrx_word' id='word_1_789' title='bbox 2376 3497 2623 3567; x_wconf 81' lang='lat' dir='ltr'><strong>perfectus</strong></span> <span class='ocrx_word' id='word_1_790' title='bbox 2662 3499 2778 3551; x_wconf 79' lang='lat' dir='ltr'><strong>sint.</strong></span> <span class='ocrx_word' id='word_1_791' title='bbox 2830 3500 2969 3568; x_wconf 84' lang='lat' dir='ltr'><strong>Ergo</strong></span> <span class='ocrx_word' id='word_1_792' title='bbox 3023 3514 3136 3554; x_wconf 87' lang='lat' dir='ltr'><strong>non</strong></span> <span class='ocrx_word' id='word_1_793' title='bbox 3184 3506 3452 3567; x_wconf 84' lang='lat' dir='ltr'><strong>acceperat</strong></span> <span class='ocrx_word' id='word_1_794' title='bbox 3492 3493 3632 3549; x_wconf 85' lang='lat' dir='ltr'><strong>adhuc</strong></span> <span class='ocrx_word' id='word_1_795' title='bbox 3659 3489 3725 3543; x_wconf 75' lang='lat' dir='ltr'><strong>hoc</strong></span> 
     </span>
    </p>
   </div>
   <div class='ocr_carea' id='block_1_97' title="bbox 2227 3580 3725 3659">
    <p class='ocr_par' dir='ltr' id='par_1_97' title="bbox 2227 3580 3725 3659">
     <span class='ocr_line' id='line_1_97' title="bbox 2227 3580 3725 3659; baseline -0.009 -17"><span class='ocrx_word' id='word_1_796' title='bbox 2227 3588 2368 3658; x_wconf 90' lang='lat' dir='ltr'><strong>qttod</strong></span> <span class='ocrx_word' id='word_1_797' title='bbox 2402 3588 2753 3644; x_wconf 88' lang='lat' dir='ltr'><strong>desiderabat.</strong></span> <span class='ocrx_word' id='word_1_798' title='bbox 2776 3589 2969 3658; x_wconf 81' lang='lat' dir='ltr'><strong>Pignus</strong></span> <span class='ocrx_word' id='word_1_799' title='bbox 2994 3599 3300 3659; x_wconf 84' lang='lat' dir='ltr'><strong>acceperat,</strong></span> <span class='ocrx_word' id='word_1_800' title='bbox 3324 3589 3395 3642; x_wconf 89' lang='lat' dir='ltr'><strong>sic</strong></span> <span class='ocrx_word' id='word_1_801' title='bbox 3413 3587 3556 3641; x_wconf 77' lang='lat' dir='ltr'><strong>dixit:</strong></span> <span class='ocrx_word' id='word_1_802' title='bbox 3574 3580 3725 3649; x_wconf 69' lang='lat' dir='ltr'><strong>Quid:-</strong></span> 
     </span>
    </p>
   </div>
   <div class='ocr_carea' id='block_1_98' title="bbox 2229 3668 3726 3752">
    <p class='ocr_par' dir='ltr' id='par_1_98' title="bbox 2229 3668 3726 3752">
     <span class='ocr_line' id='line_1_98' title="bbox 2229 3668 3726 3752; baseline -0.003 -20"><span class='ocrx_word' id='word_1_803' title='bbox 2229 3680 2304 3733; x_wconf 85' lang='lat' dir='ltr'><strong>dit</strong></span> <span class='ocrx_word' id='word_1_804' title='bbox 2324 3679 2465 3734; x_wconf 86' lang='lat' dir='ltr'><strong>nobis</strong></span> <span class='ocrx_word' id='word_1_805' title='bbox 2486 3681 2667 3751; x_wconf 84' lang='lat' dir='ltr'><strong>pignus</strong></span> <span class='ocrx_word' id='word_1_806' title='bbox 2695 3679 2945 3749; x_wconf 82' lang='lat' dir='ltr'><strong>Spiritum</strong></span> <span class='ocrx_word' id='word_1_807' title='bbox 2991 3678 3058 3752; x_wconf 89' lang='lat' dir='ltr'><strong>(ll</strong></span> <span class='ocrx_word' id='word_1_808' title='bbox 3101 3681 3221 3735; x_wconf 88' lang='lat' dir='ltr'><strong>Cor.</strong></span> <span class='ocrx_word' id='word_1_809' title='bbox 3251 3697 3306 3747; x_wconf 87' lang='lat' dir='ltr'><strong>v,</strong></span> <span class='ocrx_word' id='word_1_810' title='bbox 3336 3680 3411 3750; x_wconf 83' lang='grc'><strong>5).</strong></span> <span class='ocrx_word' id='word_1_811' title='bbox 3436 3676 3578 3746; x_wconf 86' lang='lat' dir='ltr'><strong>Cujus</strong></span> <span class='ocrx_word' id='word_1_812' title='bbox 3592 3673 3651 3727; x_wconf 86' lang='lat' dir='ltr'><strong>rei</strong></span> <span class='ocrx_word' id='word_1_813' title='bbox 3671 3668 3726 3739; x_wconf 65' lang='lat' dir='ltr'><strong>pi-</strong></span> 
     </span>
    </p>
   </div>
   <div class='ocr_carea' id='block_1_99' title="bbox 2227 3760 3729 3842">
    <p class='ocr_par' dir='ltr' id='par_1_99' title="bbox 2227 3760 3729 3842">
     <span class='ocr_line' id='line_1_99' title="bbox 2227 3760 3729 3842; baseline -0.005 -17"><span class='ocrx_word' id='word_1_814' title='bbox 2227 3786 2364 3841; x_wconf 79' lang='lat' dir='ltr'><strong>gnus</strong></span> <span class='ocrx_word' id='word_1_815' title='bbox 2408 3782 2554 3837; x_wconf 89' lang='lat' dir='ltr'><strong>erat,</strong></span> <span class='ocrx_word' id='word_1_816' title='bbox 2602 3772 2669 3825; x_wconf 89' lang='lat' dir='ltr'><strong>ad</strong></span> <span class='ocrx_word' id='word_1_817' title='bbox 2713 3772 2815 3826; x_wconf 90' lang='lat' dir='ltr'><strong>hoc</strong></span> <span class='ocrx_word' id='word_1_818' title='bbox 2856 3773 3137 3841; x_wconf 85' lang='lat' dir='ltr'><strong>pervenire</strong></span> <span class='ocrx_word' id='word_1_819' title='bbox 3174 3772 3417 3842; x_wconf 87' lang='lat' dir='ltr'><strong>cupiebat</strong></span> <span class='ocrx_word' id='word_1_820' title='bbox 3443 3789 3454 3823; x_wconf 90' lang='lat'>:</span> <span class='ocrx_word' id='word_1_821' title='bbox 3480 3760 3729 3839; x_wconf 75' lang='lat' dir='ltr'><strong>participatio</strong></span> 
     </span>
    </p>
   </div>
   <div class='ocr_carea' id='block_1_100' title="bbox 2229 3853 3793 3934">
    <p class='ocr_par' dir='ltr' id='par_1_100' title="bbox 2229 3853 3793 3934">
     <span class='ocr_line' id='line_1_100' title="bbox 2229 3853 3793 3934; baseline -0.011 -16"><span class='ocrx_word' id='word_1_822' title='bbox 2229 3862 2491 3932; x_wconf 57' lang='lat' dir='ltr'><strong>quaedam,</strong></span> <span class='ocrx_word' id='word_1_823' title='bbox 2520 3863 2612 3917; x_wconf 89' lang='lat' dir='ltr'><strong>sed</strong></span> <span class='ocrx_word' id='word_1_824' title='bbox 2640 3863 2818 3917; x_wconf 90' lang='lat' dir='ltr'><strong>distat.</strong></span> <span class='ocrx_word' id='word_1_825' title='bbox 2847 3862 3015 3917; x_wconf 87' lang='lat' dir='ltr'><strong>Aliter</strong></span> <span class='ocrx_word' id='word_1_826' title='bbox 3044 3864 3210 3919; x_wconf 91' lang='lat' dir='ltr'><strong>modo</strong></span> <span class='ocrx_word' id='word_1_827' title='bbox 3236 3862 3605 3934; x_wconf 82' lang='lat' dir='ltr'><strong>participamus.</strong></span> <span class='ocrx_word' id='word_1_828' title='bbox 3625 3853 3730 3907; x_wconf 79' lang='lat' dir='ltr'><strong>aliter</strong></span> <span class='ocrx_word' id='word_1_829' title='bbox 3792 3890 3793 3893; x_wconf 55' lang='grc' dir='ltr'><strong>η</strong></span> 
     </span>
    </p>
   </div>
   <div class='ocr_carea' id='block_1_101' title="bbox 2231 3944 3729 4025">
    <p class='ocr_par' dir='ltr' id='par_1_101' title="bbox 2231 3944 3729 4025">
     <span class='ocr_line' id='line_1_101' title="bbox 2231 3944 3729 4025; baseline -0.006 -16"><span class='ocrx_word' id='word_1_830' title='bbox 2231 3964 2355 4009; x_wconf 90' lang='lat' dir='ltr'><strong>tunc</strong></span> <span class='ocrx_word' id='word_1_831' title='bbox 2395 3954 2848 4025; x_wconf 87' lang='lat' dir='ltr'><strong>participabimus.</strong></span> <span class='ocrx_word' id='word_1_832' title='bbox 2892 3954 3045 4009; x_wconf 79' lang='lat' dir='ltr'><strong>Modo</strong></span> <span class='ocrx_word' id='word_1_833' title='bbox 3072 3971 3174 4025; x_wconf 88' lang='lat' dir='ltr'><strong>per</strong></span> <span class='ocrx_word' id='word_1_834' title='bbox 3213 3956 3369 4010; x_wconf 87' lang='lat' dir='ltr'><strong>fidem</strong></span> <span class='ocrx_word' id='word_1_835' title='bbox 3390 3996 3404 4019; x_wconf 89' lang='lat'><strong>,</strong></span> <span class='ocrx_word' id='word_1_836' title='bbox 3428 3969 3515 4022; x_wconf 87' lang='lat' dir='ltr'><strong>per</strong></span> <span class='ocrx_word' id='word_1_837' title='bbox 3535 3962 3676 4019; x_wconf 85' lang='lat' dir='ltr'><strong>spem,</strong></span> <span class='ocrx_word' id='word_1_838' title='bbox 3696 3944 3729 3995; x_wconf 81' lang='lat' dir='ltr'><strong>in</strong></span> 
     </span>
    </p>
   </div>
   <div class='ocr_carea' id='block_1_102' title="bbox 2230 4033 3730 4116">
    <p class='ocr_par' dir='ltr' id='par_1_102' title="bbox 2230 4033 3730 4116">
     <span class='ocr_line' id='line_1_102' title="bbox 2230 4033 3730 4116; baseline -0.006 -16"><span class='ocrx_word' id='word_1_839' title='bbox 2230 4045 2418 4101; x_wconf 90' lang='lat' dir='ltr'><strong>eodem</strong></span> <span class='ocrx_word' id='word_1_840' title='bbox 2464 4045 2660 4115; x_wconf 90' lang='lat' dir='ltr'><strong>Spiritu</strong></span> <span class='ocrx_word' id='word_1_841' title='bbox 2692 4062 2705 4100; x_wconf 90' lang='lat'><strong>:</strong></span> <span class='ocrx_word' id='word_1_842' title='bbox 2748 4053 2874 4099; x_wconf 88' lang='lat' dir='ltr'><strong>tunc</strong></span> <span class='ocrx_word' id='word_1_843' title='bbox 2906 4054 3085 4099; x_wconf 86' lang='lat' dir='ltr'><strong>autem</strong></span> <span class='ocrx_word' id='word_1_844' title='bbox 3136 4046 3346 4116; x_wconf 84' lang='lat' dir='ltr'><strong>species</strong></span> <span class='ocrx_word' id='word_1_845' title='bbox 3371 4045 3497 4107; x_wconf 87' lang='lat' dir='ltr'><strong>erit,</strong></span> <span class='ocrx_word' id='word_1_846' title='bbox 3536 4053 3607 4093; x_wconf 87' lang='lat' dir='ltr'><strong>res</strong></span> <span class='ocrx_word' id='word_1_847' title='bbox 3637 4033 3730 4088; x_wconf 75' lang='lat' dir='ltr'><strong>erit:</strong></span> 
     </span>
    </p>
   </div>
   <div class='ocr_carea' id='block_1_103' title="bbox 2232 4122 3731 4205">
    <p class='ocr_par' dir='ltr' id='par_1_103' title="bbox 2232 4122 3731 4205">
     <span class='ocr_line' id='line_1_103' title="bbox 2232 4122 3731 4205; baseline -0.011 -14"><span class='ocrx_word' id='word_1_848' title='bbox 2232 4135 2374 4191; x_wconf 88' lang='lat' dir='ltr'><strong>idem</strong></span> <span class='ocrx_word' id='word_1_849' title='bbox 2418 4145 2593 4191; x_wconf 90' lang='lat' dir='ltr'><strong>autem</strong></span> <span class='ocrx_word' id='word_1_850' title='bbox 2619 4136 2896 4205; x_wconf 77' lang='lat' dir='ltr'><strong>Spiritus,</strong></span> <span class='ocrx_word' id='word_1_851' title='bbox 2927 4135 3069 4190; x_wconf 85' lang='lat' dir='ltr'><strong>idem</strong></span> <span class='ocrx_word' id='word_1_852' title='bbox 3114 4136 3287 4202; x_wconf 87' lang='lat' dir='ltr'><strong>Deus,</strong></span> <span class='ocrx_word' id='word_1_853' title='bbox 3319 4134 3493 4189; x_wconf 89' lang='lat' dir='ltr'><strong>eadem</strong></span> <span class='ocrx_word' id='word_1_854' title='bbox 3517 4122 3731 4199; x_wconf 67' lang='lat' dir='ltr'><strong>plenitudo.</strong></span> 
     </span>
    </p>
   </div>
   <div class='ocr_carea' id='block_1_104' title="bbox 2232 4208 3735 4296">
    <p class='ocr_par' dir='ltr' id='par_1_104' title="bbox 2232 4208 3735 4296">
     <span class='ocr_line' id='line_1_104' title="bbox 2232 4208 3735 4296; baseline -0.006 -15"><span class='ocrx_word' id='word_1_855' title='bbox 2232 4226 2332 4294; x_wconf 91' lang='lat' dir='ltr'><strong>Qui</strong></span> <span class='ocrx_word' id='word_1_856' title='bbox 2359 4227 2554 4281; x_wconf 86' lang='lat' dir='ltr'><strong>clamat</strong></span> <span class='ocrx_word' id='word_1_857' title='bbox 2597 4225 2939 4293; x_wconf 83' lang='lat' dir='ltr'><strong>absentibus,</strong></span> <span class='ocrx_word' id='word_1_858' title='bbox 2959 4224 3248 4281; x_wconf 71' lang='lat' dir='ltr'><strong>exhibebit</strong></span> <span class='ocrx_word' id='word_1_859' title='bbox 3283 4222 3599 4296; x_wconf 71' lang='lat' dir='ltr'><strong>prmsentibus</strong></span> <span class='ocrx_word' id='word_1_860' title='bbox 3632 4233 3643 4268; x_wconf 86' lang='lat'><strong>:</strong></span> <span class='ocrx_word' id='word_1_861' title='bbox 3673 4208 3735 4280; x_wconf 76' lang='lat' dir='ltr'><strong>qui</strong></span> 
     </span>
    </p>
   </div>
   <div class='ocr_carea' id='block_1_105' title="bbox 2232 4317 3466 4388">
    <p class='ocr_par' dir='ltr' id='par_1_105' title="bbox 2232 4317 3466 4388">
     <span class='ocr_line' id='line_1_105' title="bbox 2232 4317 3466 4388; baseline -0.005 -14"><span class='ocrx_word' id='word_1_862' title='bbox 2232 4327 2386 4374; x_wconf 85' lang='lat' dir='ltr'><strong>vocat</strong></span> <span class='ocrx_word' id='word_1_863' title='bbox 2412 4319 2737 4388; x_wconf 83' lang='lat' dir='ltr'><strong>peregrinos,</strong></span> <span class='ocrx_word' id='word_1_864' title='bbox 2765 4317 2962 4373; x_wconf 89' lang='lat' dir='ltr'><strong>nutriet</strong></span> <span class='ocrx_word' id='word_1_865' title='bbox 2989 4326 3044 4372; x_wconf 90' lang='lat' dir='ltr'><strong>et</strong></span> <span class='ocrx_word' id='word_1_866' title='bbox 3065 4318 3175 4372; x_wconf 86' lang='lat' dir='ltr'><strong>alet</strong></span> <span class='ocrx_word' id='word_1_867' title='bbox 3203 4318 3257 4373; x_wconf 91' lang='lat' dir='ltr'><strong>in</strong></span> <span class='ocrx_word' id='word_1_868' title='bbox 3281 4317 3466 4387; x_wconf 84' lang='lat' dir='ltr'><strong>patria.</strong></span> 
     </span>
    </p>
   </div>
   <div class='ocr_carea' id='block_1_106' title="bbox 2304 4390 3737 4474">
    <p class='ocr_par' dir='ltr' id='par_1_106' title="bbox 2304 4390 3737 4474">
     <span class='ocr_line' id='line_1_106' title="bbox 2304 4390 3737 4474; baseline -0.012 -9"><span class='ocrx_word' id='word_1_869' title='bbox 2304 4409 2530 4465; x_wconf 85' lang='lat' dir='ltr'><strong>CAPUT</strong></span> <span class='ocrx_word' id='word_1_870' title='bbox 2556 4408 2646 4463; x_wconf 79' lang='lat' dir='ltr'><strong>XI.</strong></span> <span class='ocrx_word' id='word_1_871' title='bbox 2692 4438 2768 4450; x_wconf 95' lang='lat'><strong>—</strong></span> <span class='ocrx_word' id='word_1_872' title='bbox 2791 4409 2878 4464; x_wconf 83' lang='lat' dir='ltr'><strong>ll.</strong></span> <span class='ocrx_word' id='word_1_873' title='bbox 2912 4407 3008 4462; x_wconf 85' lang='lat' dir='ltr'><strong>Via</strong></span> <span class='ocrx_word' id='word_1_874' title='bbox 3045 4420 3240 4474; x_wconf 87' lang='lat' dir='ltr'><strong>nostra,</strong></span> <span class='ocrx_word' id='word_1_875' title='bbox 3271 4408 3508 4463; x_wconf 73' lang='lat' dir='ltr'><strong>Christus.</strong></span> <span class='ocrx_word' id='word_1_876' title='bbox 3535 4401 3611 4454; x_wconf 70' lang='lat' dir='ltr'><strong>Via</strong></span> <span class='ocrx_word' id='word_1_877' title='bbox 3632 4390 3737 4450; x_wconf 71' lang='lat' dir='ltr'><strong>nobis</strong></span> 
     </span>
    </p>
   </div>
   <div class='ocr_carea' id='block_1_107' title="bbox 2234 4478 3739 4570">
    <p class='ocr_par' dir='ltr' id='par_1_107' title="bbox 2234 4478 3739 4570">
     <span class='ocr_line' id='line_1_107' title="bbox 2234 4478 3739 4570; baseline -0.013 -15"><span class='ocrx_word' id='word_1_878' title='bbox 2234 4500 2403 4557; x_wconf 86' lang='lat' dir='ltr'><strong>factus</strong></span> <span class='ocrx_word' id='word_1_879' title='bbox 2422 4511 2505 4555; x_wconf 91' lang='lat' dir='ltr'><strong>est</strong></span> <span class='ocrx_word' id='word_1_880' title='bbox 2527 4498 2804 4565; x_wconf 88' lang='lat' dir='ltr'><strong>Christus,</strong></span> <span class='ocrx_word' id='word_1_881' title='bbox 2833 4509 2887 4555; x_wconf 91' lang='lat' dir='ltr'><strong>et</strong></span> <span class='ocrx_word' id='word_1_882' title='bbox 2924 4500 3274 4570; x_wconf 81' lang='lat' dir='ltr'><strong>desperamus</strong></span> <span class='ocrx_word' id='word_1_883' title='bbox 3298 4514 3396 4554; x_wconf 91' lang='lat' dir='ltr'><strong>nos</strong></span> <span class='ocrx_word' id='word_1_884' title='bbox 3435 4478 3739 4567; x_wconf 79' lang='lat' dir='ltr'><strong>perventuros?</strong></span> 
     </span>
    </p>
   </div>
   <div class='ocr_carea' id='block_1_108' title="bbox 2235 4588 3737 4663">
    <p class='ocr_par' dir='ltr' id='par_1_108' title="bbox 2235 4588 3737 4663">
     <span class='ocr_line' id='line_1_108' title="bbox 2235 4588 3737 4663; baseline -0.004 -17"><span class='ocrx_word' id='word_1_885' title='bbox 2235 4592 2332 4647; x_wconf 83' lang='lat' dir='ltr'><strong>Via</strong></span> <span class='ocrx_word' id='word_1_886' title='bbox 2353 4593 2451 4647; x_wconf 86' lang='lat' dir='ltr'><strong>ista</strong></span> <span class='ocrx_word' id='word_1_887' title='bbox 2496 4592 2638 4647; x_wconf 83' lang='lat' dir='ltr'><strong>finiri</strong></span> <span class='ocrx_word' id='word_1_888' title='bbox 2663 4607 2766 4647; x_wconf 89' lang='lat' dir='ltr'><strong>non</strong></span> <span class='ocrx_word' id='word_1_889' title='bbox 2788 4596 3005 4663; x_wconf 76' lang='lat' dir='ltr'><strong>potest,</strong></span> <span class='ocrx_word' id='word_1_890' title='bbox 3039 4592 3259 4662; x_wconf 68' lang='lat' dir='ltr'><strong>praecidi</strong></span> <span class='ocrx_word' id='word_1_891' title='bbox 3305 4606 3409 4646; x_wconf 88' lang='lat' dir='ltr'><strong>non</strong></span> <span class='ocrx_word' id='word_1_892' title='bbox 3454 4588 3737 4659; x_wconf 61' lang='lat' dir='ltr'><strong>poteshwl&quot;</strong></span> 
     </span>
    </p>
   </div>
   <div class='ocr_carea' id='block_1_109' title="bbox 2236 4665 3737 4753">
    <p class='ocr_par' dir='ltr' id='par_1_109' title="bbox 2236 4665 3737 4753">
     <span class='ocr_line' id='line_1_109' title="bbox 2236 4665 3737 4753; baseline -0.006 -16"><span class='ocrx_word' id='word_1_893' title='bbox 2236 4684 2408 4753; x_wconf 87' lang='lat' dir='ltr'><strong>rumpi</strong></span> <span class='ocrx_word' id='word_1_894' title='bbox 2438 4698 2541 4737; x_wconf 92' lang='lat' dir='ltr'><strong>non</strong></span> <span class='ocrx_word' id='word_1_895' title='bbox 2570 4692 2775 4753; x_wconf 89' lang='lat' dir='ltr'><strong>potest,</strong></span> <span class='ocrx_word' id='word_1_896' title='bbox 2799 4698 2899 4738; x_wconf 88' lang='lat' dir='ltr'><strong>nec</strong></span> <span class='ocrx_word' id='word_1_897' title='bbox 2925 4683 3107 4753; x_wconf 88' lang='lat' dir='ltr'><strong>pluvia</strong></span> <span class='ocrx_word' id='word_1_898' title='bbox 3131 4725 3149 4750; x_wconf 89' lang='lat'><strong>,</strong></span> <span class='ocrx_word' id='word_1_899' title='bbox 3174 4698 3280 4738; x_wconf 91' lang='lat' dir='ltr'><strong>nec</strong></span> <span class='ocrx_word' id='word_1_900' title='bbox 3297 4679 3499 4736; x_wconf 80' lang='lat' dir='ltr'><strong>diluviis</strong></span> <span class='ocrx_word' id='word_1_901' title='bbox 3516 4719 3529 4741; x_wconf 86' lang='lat'><strong>,</strong></span> <span class='ocrx_word' id='word_1_902' title='bbox 3555 4687 3635 4730; x_wconf 88' lang='lat' dir='ltr'><strong>nec</strong></span> <span class='ocrx_word' id='word_1_903' title='bbox 3658 4683 3679 4720; x_wconf 72' lang='lat' dir='ltr'><strong>a</strong></span> <span class='ocrx_word' id='word_1_904' title='bbox 3695 4665 3737 4717; x_wconf 59' lang='grc' dir='ltr'><strong>ίθθ</strong></span> 
     </span>
    </p>
   </div>
   <div class='ocr_carea' id='block_1_110' title="bbox 2237 4769 3734 4834">
    <p class='ocr_par' dir='ltr' id='par_1_110' title="bbox 2237 4769 3734 4834">
     <span class='ocr_line' id='line_1_110' title="bbox 2237 4769 3734 4834; baseline -0.008 -2"><span class='ocrx_word' id='word_1_905' title='bbox 2237 4778 2479 4834; x_wconf 90' lang='lat' dir='ltr'><strong>trouibus</strong></span> <span class='ocrx_word' id='word_1_906' title='bbox 2522 4778 2776 4832; x_wconf 89' lang='lat' dir='ltr'><strong>obsideri.</strong></span> <span class='ocrx_word' id='word_1_907' title='bbox 2806 4769 3034 4833; x_wconf 81' lang='lat' dir='ltr'><strong>Ambula</strong></span> <span class='ocrx_word' id='word_1_908' title='bbox 3074 4791 3300 4832; x_wconf 89' lang='lat' dir='ltr'><strong>securus</strong></span> <span class='ocrx_word' id='word_1_909' title='bbox 3338 4777 3388 4829; x_wconf 90' lang='lat' dir='ltr'><strong>in</strong></span> <span class='ocrx_word' id='word_1_910' title='bbox 3417 4770 3631 4829; x_wconf 83' lang='lat' dir='ltr'><strong>Christo,</strong></span> <span class='ocrx_word' id='word_1_911' title='bbox 3663 4772 3734 4811; x_wconf 63' lang='lat' dir='ltr'><strong>3m-</strong></span> 
     </span>
    </p>
   </div>
   <div class='ocr_carea' id='block_1_111' title="bbox 2236 4848 3741 4936">
    <p class='ocr_par' dir='ltr' id='par_1_111' title="bbox 2236 4848 3741 4936">
     <span class='ocr_line' id='line_1_111' title="bbox 2236 4848 3741 4936; baseline -0.011 -10"><span class='ocrx_word' id='word_1_912' title='bbox 2236 4870 2399 4935; x_wconf 88' lang='lat' dir='ltr'><strong>bula;</strong></span> <span class='ocrx_word' id='word_1_913' title='bbox 2432 4885 2499 4924; x_wconf 90' lang='lat' dir='ltr'><strong>ne</strong></span> <span class='ocrx_word' id='word_1_914' title='bbox 2527 4868 2787 4936; x_wconf 77' lang='lat' dir='ltr'><strong>offendas,</strong></span> <span class='ocrx_word' id='word_1_915' title='bbox 2816 4883 2885 4924; x_wconf 91' lang='lat' dir='ltr'><strong>ne</strong></span> <span class='ocrx_word' id='word_1_916' title='bbox 2909 4868 3089 4931; x_wconf 85' lang='lat' dir='ltr'><strong>cadas,</strong></span> <span class='ocrx_word' id='word_1_917' title='bbox 3119 4884 3190 4923; x_wconf 91' lang='lat' dir='ltr'><strong>ne</strong></span> <span class='ocrx_word' id='word_1_918' title='bbox 3214 4875 3359 4922; x_wconf 89' lang='lat' dir='ltr'><strong>retro</strong></span> <span class='ocrx_word' id='word_1_919' title='bbox 3383 4861 3623 4932; x_wconf 84' lang='lat' dir='ltr'><strong>respicias,</strong></span> <span class='ocrx_word' id='word_1_920' title='bbox 3645 4848 3741 4905; x_wconf 75' lang='lat' dir='ltr'><strong>neiﬂ</strong></span> 
     </span>
    </p>
   </div>
   <div class='ocr_carea' id='block_1_112' title="bbox 2223 4949 3741 5026">
    <p class='ocr_par' dir='ltr' id='par_1_112' title="bbox 2223 4949 3741 5026">
     <span class='ocr_line' id='line_1_112' title="bbox 2223 4949 3741 5026; baseline -0.012 -11"><span class='ocrx_word' id='word_1_921' title='bbox 2223 4961 2322 5015; x_wconf 73' lang='lat' dir='ltr'><strong>&#39;via</strong></span> <span class='ocrx_word' id='word_1_922' title='bbox 2354 4975 2633 5016; x_wconf 89' lang='lat' dir='ltr'><strong>remaneas</strong></span> <span class='ocrx_word' id='word_1_923' title='bbox 2655 5002 2670 5026; x_wconf 88' lang='lat'><strong>,</strong></span> <span class='ocrx_word' id='word_1_924' title='bbox 2710 4976 2776 5014; x_wconf 89' lang='lat' dir='ltr'><strong>ne</strong></span> <span class='ocrx_word' id='word_1_925' title='bbox 2799 4975 2831 5014; x_wconf 87' lang='lat' dir='ltr'><strong>a</strong></span> <span class='ocrx_word' id='word_1_926' title='bbox 2858 4960 2939 5013; x_wconf 92' lang='lat' dir='ltr'><strong>via</strong></span> <span class='ocrx_word' id='word_1_927' title='bbox 2971 4959 3211 5014; x_wconf 88' lang='lat' dir='ltr'><strong>recedas.</strong></span> <span class='ocrx_word' id='word_1_928' title='bbox 3239 4958 3341 5011; x_wconf 87' lang='lat' dir='ltr'><strong>ista</strong></span> <span class='ocrx_word' id='word_1_929' title='bbox 3366 4954 3529 5010; x_wconf 83' lang='lat' dir='ltr'><strong>omnia</strong></span> <span class='ocrx_word' id='word_1_930' title='bbox 3571 4949 3741 5016; x_wconf 63' lang='lat' dir='ltr'><strong>parem</strong></span> 
     </span>
    </p>
   </div>
   <div class='ocr_carea' id='block_1_113' title="bbox 2237 5028 3747 5120">
    <p class='ocr_par' dir='ltr' id='par_1_113' title="bbox 2237 5028 3747 5120">
     <span class='ocr_line' id='line_1_113' title="bbox 2237 5028 3747 5120; baseline -0.004 -15"><span class='ocrx_word' id='word_1_931' title='bbox 2237 5060 2472 5113; x_wconf 84' lang='lat' dir='ltr'><strong>tantum.</strong></span> <span class='ocrx_word' id='word_1_932' title='bbox 2500 5059 2555 5105; x_wconf 90' lang='lat' dir='ltr'><strong>et</strong></span> <span class='ocrx_word' id='word_1_933' title='bbox 2577 5050 2879 5120; x_wconf 82' lang='lat' dir='ltr'><strong>pervenisti.</strong></span> <span class='ocrx_word' id='word_1_934' title='bbox 2908 5048 3040 5105; x_wconf 90' lang='lat' dir='ltr'><strong>Cum</strong></span> <span class='ocrx_word' id='word_1_935' title='bbox 3065 5048 3371 5118; x_wconf 88' lang='lat' dir='ltr'><strong>perveneris</strong></span> <span class='ocrx_word' id='word_1_936' title='bbox 3390 5086 3406 5112; x_wconf 91' lang='lat'><strong>,</strong></span> <span class='ocrx_word' id='word_1_937' title='bbox 3434 5055 3543 5098; x_wconf 91' lang='lat' dir='ltr'><strong>tunc</strong></span> <span class='ocrx_word' id='word_1_938' title='bbox 3562 5038 3649 5109; x_wconf 71' lang='lat' dir='ltr'><strong>jam</strong></span> <span class='ocrx_word' id='word_1_939' title='bbox 3668 5028 3747 5099; x_wconf 63' lang='lat'><strong>8&#39;0&#39;</strong></span> 
     </span>
    </p>
   </div>
   <div class='ocr_carea' id='block_1_114' title="bbox 2239 5125 3747 5207">
    <p class='ocr_par' dir='ltr' id='par_1_114' title="bbox 2239 5125 3747 5207">
     <span class='ocr_line' id='line_1_114' title="bbox 2239 5125 3747 5207; baseline -0.01 -11"><span class='ocrx_word' id='word_1_940' title='bbox 2239 5142 2381 5197; x_wconf 85' lang='lat' dir='ltr'><strong>riare</strong></span> <span class='ocrx_word' id='word_1_941' title='bbox 2403 5157 2471 5197; x_wconf 77' lang='lat' dir='ltr'><strong>ex</strong></span> <span class='ocrx_word' id='word_1_942' title='bbox 2508 5141 2612 5196; x_wconf 89' lang='lat' dir='ltr'><strong>hoc</strong></span> <span class='ocrx_word' id='word_1_943' title='bbox 2650 5158 2663 5194; x_wconf 88' lang='lat'>:</span> <span class='ocrx_word' id='word_1_944' title='bbox 2694 5140 2803 5195; x_wconf 89' lang='lat' dir='ltr'><strong>noli</strong></span> <span class='ocrx_word' id='word_1_945' title='bbox 2847 5141 2899 5194; x_wconf 90' lang='lat' dir='ltr'><strong>in</strong></span> <span class='ocrx_word' id='word_1_946' title='bbox 2936 5150 3007 5195; x_wconf 91' lang='lat' dir='ltr'><strong>te.</strong></span> <span class='ocrx_word' id='word_1_947' title='bbox 3037 5139 3168 5194; x_wconf 83' lang='lat' dir='ltr'><strong>Nam</strong></span> <span class='ocrx_word' id='word_1_948' title='bbox 3200 5139 3288 5207; x_wconf 91' lang='lat' dir='ltr'><strong>qui</strong></span> <span class='ocrx_word' id='word_1_949' title='bbox 3327 5152 3387 5191; x_wconf 87' lang='lat' dir='ltr'><strong>se</strong></span> <span class='ocrx_word' id='word_1_950' title='bbox 3412 5132 3601 5191; x_wconf 75' lang='lat' dir='ltr'><strong>laudat,</strong></span> 
     </span>
    </p>
   </div>
   <div class='ocr_carea' id='block_1_115' title="bbox 2239 5205 3748 5299">
    <p class='ocr_par' dir='ltr' id='par_1_115' title="bbox 2239 5205 3748 5299">
     <span class='ocr_line' id='line_1_115' title="bbox 2239 5205 3748 5299; baseline -0.019 -10"><span class='ocrx_word' id='word_1_951' title='bbox 2239 5250 2346 5289; x_wconf 87' lang='lat' dir='ltr'><strong>non</strong></span> <span class='ocrx_word' id='word_1_952' title='bbox 2378 5233 2591 5299; x_wconf 85' lang='lat' dir='ltr'><strong>laudat;</strong></span> <span class='ocrx_word' id='word_1_953' title='bbox 2620 5233 2715 5287; x_wconf 90' lang='lat' dir='ltr'><strong>sed</strong></span> <span class='ocrx_word' id='word_1_954' title='bbox 2745 5248 2806 5289; x_wconf 86' lang='lat' dir='ltr'><strong>se</strong></span> <span class='ocrx_word' id='word_1_955' title='bbox 2845 5248 2875 5287; x_wconf 87' lang='lat' dir='ltr'><strong>a</strong></span> <span class='ocrx_word' id='word_1_956' title='bbox 2905 5234 3012 5287; x_wconf 85' lang='lat' dir='ltr'><strong>Deo</strong></span> <span class='ocrx_word' id='word_1_957' title='bbox 3040 5205 3232 5285; x_wconf 80' lang='lat' dir='ltr'><strong>avertit</strong></span> <span class='ocrx_word' id='word_1_958' title='bbox 3259 5246 3273 5283; x_wconf 91' lang='lat'><strong>:</strong></span> <span class='ocrx_word' id='word_1_959' title='bbox 3306 5222 3555 5298; x_wconf 90' lang='lat' dir='ltr'><strong>quomodo</strong></span> <span class='ocrx_word' id='word_1_960' title='bbox 3577 5212 3649 5286; x_wconf 90' lang='lat' dir='ltr'><strong>qui</strong></span> <span class='ocrx_word' id='word_1_961' title='bbox 3671 5205 3748 5261; x_wconf 79' lang='lat' dir='ltr'><strong>vull</strong></span> 
     </span>
    </p>
   </div>
   <div class='ocr_carea' id='block_1_116' title="bbox 2241 5299 3749 5396">
    <p class='ocr_par' dir='ltr' id='par_1_116' title="bbox 2241 5299 3749 5396">
     <span class='ocr_line' id='line_1_116' title="bbox 2241 5299 3749 5396; baseline -0.02 -14"><span class='ocrx_word' id='word_1_962' title='bbox 2241 5328 2493 5382; x_wconf 87' lang='lat' dir='ltr'><strong>recedere</strong></span> <span class='ocrx_word' id='word_1_963' title='bbox 2510 5327 2578 5380; x_wconf 90' lang='lat' dir='ltr'><strong>ab</strong></span> <span class='ocrx_word' id='word_1_964' title='bbox 2602 5326 2726 5395; x_wconf 81' lang='lat' dir='ltr'><strong>igne</strong></span> <span class='ocrx_word' id='word_1_965' title='bbox 2751 5367 2765 5389; x_wconf 94' lang='lat'><strong>,</strong></span> <span class='ocrx_word' id='word_1_966' title='bbox 2790 5325 2927 5396; x_wconf 74' lang='lat' dir='ltr'><strong>ignis</strong></span> <span class='ocrx_word' id='word_1_967' title='bbox 2944 5324 3146 5379; x_wconf 85' lang='lat' dir='ltr'><strong>calidus</strong></span> <span class='ocrx_word' id='word_1_968' title='bbox 3178 5328 3412 5376; x_wconf 83' lang='lat' dir='ltr'><strong>remanet</strong></span> <span class='ocrx_word' id='word_1_969' title='bbox 3432 5358 3444 5380; x_wconf 86' lang='lat'><strong>.</strong></span> <span class='ocrx_word' id='word_1_970' title='bbox 3472 5313 3553 5368; x_wconf 87' lang='lat' dir='ltr'><strong>sed</strong></span> <span class='ocrx_word' id='word_1_971' title='bbox 3586 5307 3659 5362; x_wconf 83' lang='lat' dir='ltr'><strong>ille</strong></span> <span class='ocrx_word' id='word_1_972' title='bbox 3681 5299 3749 5352; x_wconf 87' lang='lat' dir='ltr'><strong>tri-</strong></span> 
     </span>
    </p>
   </div>
   <div class='ocr_carea' id='block_1_117' title="bbox 2238 5394 3750 5487">
    <p class='ocr_par' dir='ltr' id='par_1_117' title="bbox 2238 5394 3750 5487">
     <span class='ocr_line' id='line_1_117' title="bbox 2238 5394 3750 5487; baseline -0.022 -14"><span class='ocrx_word' id='word_1_973' title='bbox 2238 5419 2408 5487; x_wconf 79' lang='lat' dir='ltr'><strong>geseit</strong></span> <span class='ocrx_word' id='word_1_974' title='bbox 2448 5436 2462 5472; x_wconf 90' lang='lat'><strong>:</strong></span> <span class='ocrx_word' id='word_1_975' title='bbox 2501 5416 2767 5487; x_wconf 87' lang='lat' dir='ltr'><strong>quomodo</strong></span> <span class='ocrx_word' id='word_1_976' title='bbox 2802 5394 2894 5485; x_wconf 85' lang='lat' dir='ltr'><strong>qui</strong></span> <span class='ocrx_word' id='word_1_977' title='bbox 2923 5416 3035 5469; x_wconf 82' lang='lat' dir='ltr'><strong>vult</strong></span> <span class='ocrx_word' id='word_1_978' title='bbox 3062 5411 3310 5468; x_wconf 88' lang='lat' dir='ltr'><strong>recedere</strong></span> <span class='ocrx_word' id='word_1_979' title='bbox 3337 5425 3367 5463; x_wconf 87' lang='lat' dir='ltr'><strong>a</strong></span> <span class='ocrx_word' id='word_1_980' title='bbox 3396 5404 3600 5462; x_wconf 88' lang='lat' dir='ltr'><strong>lumine.</strong></span> <span class='ocrx_word' id='word_1_981' title='bbox 3629 5394 3664 5447; x_wconf 90' lang='lat' dir='ltr'><strong>si</strong></span> <span class='ocrx_word' id='word_1_982' title='bbox 3685 5403 3750 5443; x_wconf 84' lang='lat' dir='ltr'><strong>rc-</strong></span> 
     </span>
    </p>
   </div>
   <div class='ocr_carea' id='block_1_118' title="bbox 2241 5491 3747 5581">
    <p class='ocr_par' dir='ltr' id='par_1_118' title="bbox 2241 5491 3747 5581">
     <span class='ocr_line' id='line_1_118' title="bbox 2241 5491 3747 5581; baseline -0.018 -16"><span class='ocrx_word' id='word_1_983' title='bbox 2241 5510 2483 5581; x_wconf 76' lang='lat' dir='ltr'><strong>cesserit,</strong></span> <span class='ocrx_word' id='word_1_984' title='bbox 2509 5509 2687 5564; x_wconf 89' lang='lat' dir='ltr'><strong>lumen</strong></span> <span class='ocrx_word' id='word_1_985' title='bbox 2719 5508 2771 5562; x_wconf 92' lang='lat' dir='ltr'><strong>in</strong></span> <span class='ocrx_word' id='word_1_986' title='bbox 2792 5522 2851 5562; x_wconf 86' lang='lat' dir='ltr'><strong>se</strong></span> <span class='ocrx_word' id='word_1_987' title='bbox 2878 5506 3104 5562; x_wconf 90' lang='lat' dir='ltr'><strong>lucidum</strong></span> <span class='ocrx_word' id='word_1_988' title='bbox 3131 5513 3372 5559; x_wconf 87' lang='lat' dir='ltr'><strong>remanet</strong></span> <span class='ocrx_word' id='word_1_989' title='bbox 3392 5541 3407 5565; x_wconf 87' lang='lat'><strong>,</strong></span> <span class='ocrx_word' id='word_1_990' title='bbox 3429 5496 3511 5551; x_wconf 81' lang='lat' dir='ltr'><strong>sed</strong></span> <span class='ocrx_word' id='word_1_991' title='bbox 3540 5491 3614 5547; x_wconf 84' lang='lat' dir='ltr'><strong>ille</strong></span> <span class='ocrx_word' id='word_1_992' title='bbox 3635 5494 3747 5581; x_wconf 70' lang='lat' dir='ltr'><strong>teac-</strong></span> 
     </span>
    </p>
   </div>
   <div class='ocr_carea' id='block_1_119' title="bbox 2241 5571 3750 5664">
    <p class='ocr_par' dir='ltr' id='par_1_119' title="bbox 2241 5571 3750 5664">
     <span class='ocr_line' id='line_1_119' title="bbox 2241 5571 3750 5664; baseline -0.019 -8"><span class='ocrx_word' id='word_1_993' title='bbox 2241 5601 2443 5656; x_wconf 88' lang='lat' dir='ltr'><strong>hratur.</strong></span> <span class='ocrx_word' id='word_1_994' title='bbox 2480 5599 2596 5655; x_wconf 86' lang='lat' dir='ltr'><strong>Non</strong></span> <span class='ocrx_word' id='word_1_995' title='bbox 2640 5599 2955 5655; x_wconf 87' lang='lat' dir='ltr'><strong>recedamus</strong></span> <span class='ocrx_word' id='word_1_996' title='bbox 2981 5616 3012 5655; x_wconf 86' lang='lat' dir='ltr'><strong>a</strong></span> <span class='ocrx_word' id='word_1_997' title='bbox 3054 5599 3227 5653; x_wconf 89' lang='lat' dir='ltr'><strong>calore</strong></span> <span class='ocrx_word' id='word_1_998' title='bbox 3274 5591 3519 5664; x_wconf 83' lang='lat' dir='ltr'><strong>Spiritus,</strong></span> <span class='ocrx_word' id='word_1_999' title='bbox 3543 5596 3567 5636; x_wconf 75' lang='grc' dir='ltr'><strong>ιι</strong></span> <span class='ocrx_word' id='word_1_1000' title='bbox 3593 5571 3750 5664; x_wconf 55' lang='lat' dir='ltr'><strong>tantine</strong></span> 
     </span>
    </p>
   </div>
   <div class='ocr_carea' id='block_1_120' title="bbox 2243 5661 3744 5759">
    <p class='ocr_par' dir='ltr' id='par_1_120' title="bbox 2243 5661 3744 5759">
     <span class='ocr_line' id='line_1_120' title="bbox 2243 5661 3744 5759; baseline -0.017 -9"><span class='ocrx_word' id='word_1_1001' title='bbox 2243 5694 2501 5752; x_wconf 88' lang='lat' dir='ltr'><strong>veritatis.</strong></span> <span class='ocrx_word' id='word_1_1002' title='bbox 2533 5693 2728 5751; x_wconf 79' lang='lat' dir='ltr'><strong>Vocem</strong></span> <span class='ocrx_word' id='word_1_1003' title='bbox 2753 5693 2911 5751; x_wconf 90' lang='lat' dir='ltr'><strong>modo</strong></span> <span class='ocrx_word' id='word_1_1004' title='bbox 2935 5693 3245 5759; x_wconf 82' lang='lat' dir='ltr'><strong>audivimus,</strong></span> <span class='ocrx_word' id='word_1_1005' title='bbox 3270 5661 3387 5744; x_wconf 87' lang='lat' dir='ltr'><strong>tunc</strong></span> <span class='ocrx_word' id='word_1_1006' title='bbox 3404 5692 3557 5739; x_wconf 82' lang='lat' dir='ltr'><strong>autem</strong></span> <span class='ocrx_word' id='word_1_1007' title='bbox 3577 5661 3744 5729; x_wconf 62' lang='lat' dir='ltr'><strong>faciem]</strong></span> 
     </span>
    </p>
   </div>
  </div>
