3934 6188
232 280 335 336 953

229 392 422 446 {aciem
454 382 770 440 videbimus.
801 378 967 433 Nemo
994 375 1093 430 sibi
1116 373 1339 444 placeat,
1364 384 1519 425 nemo
1539 367 1625 420 alii
1647 362 1812 419 insul-

230 490 323 535 tct.
352 477 552 534 Omnes
589 472 665 526 sic
693 470 916 531 velimus
944 464 1201 536 proﬁcere
1220 504 1235 527 ,
1275 471 1331 516 ut
1358 476 1459 514 non
1490 455 1817 511 invideamus

230 566 632 641 proﬁcientibus
657 564 698 630 ί,
727 577 831 615 non
862 558 1177 613 insultemus
1201 550 1567 608 deﬁcientibus
1595 565 1607 600 :
1635 556 1689 602 et
1715 544 1817 600 erit

229 637 281 714 in
311 659 466 713 nobis
491 670 613 710 cum
634 652 826 722 gaudio
852 650 1127 719 impletum
1148 644 1288 715 quod
1316 644 1634 714 promissum
1662 646 1743 693 est
1763 637 1816 691 in

230 748 523 818 tivangclio
542 786 558 813 ,
580 742 648 797 Et
672 759 762 815 ego
789 741 1092 796 resuscitabo
1111 754 1194 792 eos
1214 736 1266 791 in
1286 734 1552 790 novissimo
1576 732 1674 785 die.

700 840 933 898 SERMO
967 837 1175 894 CLXXI
1212 841 1228 861 -
1261 834 1360 907 (a).
1777 894 1786 901 ,

228 942 305 996 De
347 939 511 996 verbis
534 936 763 1009 Apostoli
785 975 802 1003 ,
841 932 1078 989 Gaudete
1102 931 1157 985 in
1184 929 1409 983 Domino
1426 940 1638 995 semper
1662 965 1676 991 ,
1722 931 1814 975 etc.

589 1028 850 1098 Philipp.,
886 1041 1002 1095 cap.
1037 1023 1170 1091 ινδ
1194 1060 1207 1073 .
1242 1021 1357 1076 4-6.
1388 1018 1468 1091 (b)

314 1142 544 1202 CAPUT
602 1138 887 1197 PRIMUM.
941 1166 1011 1178 ——
1074 1137 1125 1189 l.
1180 1133 1432 1188 Gaudium
1480 1132 1545 1185 sit
1607 1131 1663 1184 in
1717 1128 1822 1183 Do-

229 1240 370 1292 mino
394 1277 409 1302 ,
438 1251 540 1289 non
578 1234 630 1286 in
656 1232 863 1285 steculo.
904 1228 1149 1282 Dominus
1190 1224 1331 1279 uobis
1373 1223 1648 1294 proximus.
1680 1220 1822 1277 Gau-

228 1330 364 1382 dere
392 1340 490 1380 nos
514 1322 801 1390 Apostolus
830 1316 1099 1388 praecipit,
1134 1314 1227 1370 sed
1255 1314 1307 1368 in
1337 1313 1591 1377 Domino,
1629 1326 1732 1364 non
1769 1310 1821 1363 iu

228 1418 453 1473 saeculo.
501 1414 813 1482 Quicumque
856 1410 996 1464 enim
1043 1404 1256 1461 voluerit
1301 1406 1492 1457 amicus
1531 1418 1635 1456 esse
1671 1401 1822 1469 hujus

228 1508 410 1563 mundi
434 1547 449 1572 ,
491 1506 626 1559 sicut
652 1502 922 1570 Scriptura
946 1497 1111 1564 dicit,
1142 1496 1372 1549 inimicus
1400 1493 1490 1546 Dei
1516 1492 1824 1563 reputabitur

230 1598 443 1670 (Jacobi
489 1612 565 1662 tv,
592 1595 672 1664 4).
704 1593 852 1649 Sicut
880 1598 1058 1645 autem
1093 1604 1200 1642 non
1237 1592 1412 1655 potest
1435 1584 1593 1637 homo
1616 1583 1823 1639 duobus

229 1692 467 1747 dominis
486 1690 689 1744 servire
713 1686 924 1759 (Matth.
948 1700 1033 1749 vt,
1052 1682 1178 1754 24);
1210 1682 1287 1736 sic
1313 1695 1472 1735 nemo
1495 1685 1670 1748 potest
1691 1691 1821 1746 gau-

230 1785 365 1840 dere
383 1792 439 1837 et
462 1782 514 1836 iu
541 1779 772 1844 smculo,
803 1786 857 1832 et
882 1776 933 1830 in
960 1775 1204 1830 Domino.
1227 1772 1443 1826 Multum
1469 1771 1606 1824 inter
1633 1782 1690 1822 se
1714 1767 1826 1821 [nec

231 1877 345 1931 duo
393 1872 588 1942 gaudia
638 1870 927 1935 ditleruut,
980 1875 1207 1937 suntque
1262 1865 1479 1918 omnino
1538 1860 1822 1916 contraria.

232 1964 463 2036 Quando
502 1961 761 2031 gaudetur
800 1960 853 2013 in
898 1957 1125 2021 saeculo,
1180 1969 1283 2009 non
1328 1953 1587 2023 gaudetur
1625 1951 1677 2004 in
1719 1950 1825 2002 Do-

236 2061 388 2114 mino
415 2056 663 2128 :quando
689 2053 946 2125 gaudetur
973 2052 1024 2105 in
1058 2050 1280 2105 Domino
1299 2090 1315 2114 ,
1342 2063 1446 2101 non
1475 2045 1733 2116 gaudetur
1772 2043 1823 2096 in

236 2150 462 2206 saeculo.
491 2147 683 2202 Vincat
716 2144 967 2215 gaudium
1012 2142 1064 2196 in
1110 2140 1366 2203 Domino,
1406 2138 1575 2192 donec
1617 2135 1827 2189 ﬁniatur

236 2239 494 2310 gaudium
538 2238 591 2291 in
630 2234 843 2291 smculo.
875 2232 1132 2289 Gaudium
1164 2231 1217 2284 in
1248 2230 1471 2284 Domino
1498 2242 1709 2296 semper
1734 2241 1827 2279 au-

238 2340 433 2401 geatur
459 2345 472 2382 :
506 2326 751 2397 gaudium
779 2326 831 2379 in
862 2324 1058 2379 saeculo
1096 2336 1308 2391 semper
1334 2320 1631 2382 minuatur,
1658 2317 1829 2372 donec

238 2422 479 2475 ﬁniatur.
507 2417 621 2473 Non
648 2416 769 2471 ideo
798 2416 896 2470 ista
924 2415 1171 2470 dicuntur
1193 2453 1207 2476 ,
1236 2412 1484 2480 quoniam
1513 2411 1565 2463 in
1600 2409 1701 2463 hoc
1729 2424 1830 2461 sae-

238 2513 365 2568 culo
390 2525 512 2566 cum
541 2523 741 2573 sumus,
767 2507 998 2578 gaudere
1026 2520 1134 2560 non
1160 2504 1448 2568 debemus;
1471 2501 1563 2556 sed
1586 2510 1642 2555 ut
1670 2502 1828 2554 etiam

240 2608 294 2661 in
325 2606 433 2660 hoc
455 2602 653 2658 sarculo
681 2600 985 2664 constituti,
1011 2599 1118 2667 jam
1148 2597 1200 2651 in
1234 2595 1458 2650 Domino
1486 2592 1826 2663 gaudeamus.

240 2694 347 2751 Sed
370 2694 448 2748 ait
473 2692 662 2762 aliquis
688 2708 703 2742 :
728 2689 783 2743 lu
808 2689 1004 2743 saeculo
1029 2702 1176 2752 sum;
1206 2686 1387 2755 utique
1415 2684 1458 2739 si
1487 2683 1690 2753 gaudeo
1712 2725 1725 2747 ,
1757 2681 1829 2736 ibi

242 2784 456 2857 gaudeo
482 2782 571 2837 ubi
606 2796 744 2836 sum.
777 2779 913 2847 Quid
942 2778 1127 2833 enim?
1158 2778 1280 2848 quia
1314 2791 1374 2831 es
1403 2777 1454 2829 in
1500 2776 1731 2837 smculo,
1777 2773 1830 2828 in

244 2877 477 2933 Domino
516 2888 622 2929 non
664 2872 765 2928 es?
789 2871 925 2926 Audi
953 2870 1197 2925 eumdem
1240 2868 1537 2939 apostolum
1568 2867 1633 2921 ad
1665 2867 1830 2921 Athe-

244 2967 469 3021 nienses
494 2964 797 3033 loquentem
818 3003 832 3026 ,
865 2961 992 3017 etin
1018 2960 1236 3015 Actibus
1264 2959 1621 3028 apostolorum
1651 2957 1834 3012 dicen-

250 3069 357 3112 tem
379 3056 448 3110 de
471 3055 582 3109 Deo
606 3053 752 3109 etde
779 3053 1004 3107 Domino
1029 3051 1281 3105 Creatore
1310 3059 1493 3104 nostro
1512 3090 1527 3114 ,
1559 3047 1622 3101 In
1644 3049 1732 3102 illo
1760 3049 1833 3100 vi-

247 3149 433 3211 vimus,
461 3156 510 3200 et
536 3161 807 3208 movemur,
837 3153 881 3198 et
902 3161 1076 3197 sumus
1105 3143 1238 3215 (Act.
1259 3158 1366 3197 xvu
1390 3183 1404 3209 ,
1424 3141 1540 3209 28).
1563 3142 1662 3207 Qtti
1693 3141 1834 3196 enim

249 3240 448 3309 ubique
470 3247 553 3292 est
575 3278 589 3303 ,
615 3238 704 3291 ubi
734 3253 840 3290 non
884 3235 1003 3291 est?
1028 3235 1215 3290 Nonne
1239 3234 1305 3289 ad
1338 3234 1435 3287 ltoc
1466 3249 1562 3288 nos
1587 3234 1836 3289 exhorta-

249 3331 447 3386 batur?
474 3329 718 3383 Dominus
738 3330 791 3382 in
831 3330 1059 3399 proximo
1083 3337 1155 3381 est
1177 3369 1191 3393 ,
1232 3327 1360 3381 nihil
1400 3327 1601 3380 solliciti
1621 3328 1834 3397 fueritis.

252 3422 501 3492 Magnum
522 3428 603 3475 est
624 3420 745 3485 hoc,
768 3418 907 3489 quod
928 3417 1164 3472 ascendit
1187 3433 1348 3487 super
1365 3432 1550 3472 omnes
1579 3418 1764 3481 caelos,
1787 3426 1839 3471 et

253 3513 534 3581 proximus
555 3519 634 3565 est
665 3510 744 3564 eis
769 3509 855 3578 qui
879 3516 1155 3563 versantur
1193 3509 1243 3561 in
1276 3509 1452 3564 terris.
1481 3509 1609 3576 Quis
1637 3518 1716 3563 est
1743 3510 1841 3563 iste

255 3602 577 3672 longinquus
601 3609 655 3654 et
681 3600 983 3668 proximus,
1033 3599 1133 3653 nisi
1160 3598 1249 3669 qui
1280 3598 1434 3654 nobis
1479 3599 1840 3654 misericordia

255 3692 430 3747 factus
448 3699 532 3747 est
553 3688 857 3759 proximus?

328 3780 558 3838 CAPUT
582 3780 644 3833 ll.
667 3809 733 3821 —
754 3781 809 3833 ‘2.
840 3779 1194 3835 Samaritanus
1218 3779 1408 3832 homini
1431 3780 1656 3833 sauciata
1672 3779 1845 3832 subve-

259 3874 434 3939 niens,
466 3872 711 3926 Christus.
735 3871 926 3926 Totum
957 3871 1096 3925 enim
1125 3886 1293 3941 genus
1322 3871 1608 3926 lmmanum
1634 3880 1716 3926 est
1744 3872 1843 3924 bo-

259 3981 351 4020 mo
375 3965 469 4020 ille
497 3965 584 4035 qui
609 3964 819 4034 jacebat
854 3964 907 4018 in
933 3964 1015 4018 via
1060 3963 1347 4019 semivivus
1386 3979 1415 4017 a
1443 3964 1731 4018 latronibus
1762 3981 1846 4017 rc-

258 4057 456 4118 lictus,
494 4070 653 4125 quem
680 4054 999 4124 contempsit
1025 4055 1290 4111 transiens
1327 4053 1575 4109 sacerdos
1607 4064 1659 4107 et
1687 4054 1844 4109 Levi-

259 4153 342 4201 tes
360 4186 376 4211 ,
413 4153 469 4199 et
490 4144 715 4200 accessit
732 4144 796 4198 ad
819 4159 939 4198 eum
968 4143 1258 4198 curandum
1285 4132 1440 4213 eique
1480 4144 1843 4213 opitulandum

259 4237 530 4294 transiens
560 4237 943 4293 Samaritanus.
974 4236 1046 4292 Ut
1068 4244 1244 4290 autem
1275 4245 1514 4290 narraret
1542 4236 1674 4297 hoc.
1707 4236 1847 4292 unde

257 4344 423 4385 causa
442 4328 754 4384 descendit?
774 4327 1066 4396 Quemdam
1095 4336 1418 4397 quaerentem
1444 4343 1561 4397 qua:
1582 4327 1686 4382 sint
1711 4329 1849 4397 opti-

259 4435 357 4487 ma,
375 4426 640 4490 praecepta
661 4427 716 4474 et
741 4434 947 4473 summa
985 4418 1036 4472 in
1062 4418 1232 4487 Lege,
1265 4416 1541 4472 admonuit
1565 4416 1667 4472 duo
1686 4433 1805 4473 esse
1829 4436 1843 4472 :

260 4509 459 4582 Diliges
486 4507 762 4564 Dominum
792 4508 957 4563 Deum
979 4517 1121 4561 tuum
1146 4524 1209 4562 ea:
1243 4517 1344 4561 toto
1373 4510 1522 4562 corde
1546 4496 1646 4562 'tuo
1670 4550 1684 4575 ,
1714 4518 1762 4562 et
1787 4526 1849 4563 ea:

259 4609 369 4654 tota
395 4599 568 4653 anima
597 4606 685 4652 tua
707 4640 722 4663 ,
762 4607 810 4653 et
848 4614 911 4653 ea:
935 4607 1038 4652 tota
1066 4605 1228 4652 mente
1255 4606 1382 4662 tua;
1407 4606 1451 4652 et
1477 4598 1652 4666 diliges
1678 4599 1845 4669 proxi-

258 4707 399 4745 mum
431 4700 574 4744 tuum
611 4701 850 4761 tanquam
871 4699 919 4744 te
957 4691 1142 4760 ipsum.
1182 4690 1274 4745 llle
1300 4698 1475 4745 autem
1509 4709 1522 4745 :
1556 4690 1620 4743 Et
1642 4692 1754 4761 quis
1777 4700 1848 4745 est

256 4784 388 4837 mihi
421 4784 681 4854 proximus
701 4782 728 4836 ?
763 4782 831 4838 Et
855 4773 1086 4836 narravit
1118 4780 1405 4847 Dominus,
1439 4780 1610 4834 llomo
1635 4781 1846 4850 quidam

257 4873 623 4928 descendebat
656 4872 724 4928 ab
748 4872 1044 4928 Jerusalem
1083 4872 1135 4926 in
1175 4860 1408 4927 Jericho'.
1435 4872 1678 4927 Ostendit
1704 4873 1848 4926 illum

260 4965 493 5037 quodam
521 4965 679 5020 modo
705 4964 1021 5021 lsraelitam.
1045 4965 1109 5019 Et
1129 4964 1314 5019 incidit
1356 4964 1407 5018 in
1436 4964 1687 5020 latrones.
1716 4966 1849 5021 Cum

259 5058 652 5128 exspoliassent
669 5101 686 5127 ,
716 5068 774 5115 et
799 5061 982 5131 plagas
1005 5059 1053 5115 ei
1087 5072 1276 5130 graves
1304 5058 1629 5128 irrogassent
1648 5100 1663 5126 ,
1689 5058 1849 5113 dimi-

258 5159 448 5206 serunt
480 5164 604 5205 eum
630 5151 683 5205 in
706 5151 787 5205 via
817 5150 1149 5207 semivivum.
1181 5149 1413 5204 Transiit
1438 5149 1717 5216 sacerdos,
1745 5151 1850 5205 uti-

257 5256 367 5311 que
407 5256 604 5311 genere
642 5241 918 5311 proximus
941 5282 958 5307 ,
1004 5241 1257 5311 praeteriit
1292 5240 1578 5311 iacentem.
1620 5240 1853 5296 Transiit

327 5356 350 5386 ε
366 5353 673 5405 Colbertinus
694 5362 795 5415 ωε..
820 5352 863 5406 si
885 5353 1098 5406 volumus
1133 5352 1386 5420 proﬁcere,
1423 5368 1518 5407 non
1552 5354 1851 5407 invideamus

262 5412 645 5479 proﬁcientibus.
823 5477 834 5479 Α
984 5478 991 5479 ί
1152 5478 1159 5479 ί
1440 5477 1450 5479 Α
1556 5478 1561 5479 ί
1619 5477 1628 5479 _
1714 5477 1728 5479 _
1798 5477 1811 5479 _
1830 5411 1843 5423 ’

332 5477 662 5542 "timendatus
684 5484 762 5528 est
779 5477 839 5542 ad
862 5478 1077 5542 tresgbn.
1103 5478 1164 5542 ad
1184 5486 1388 5542 quatuor
1410 5477 1472 5528 cl.
1509 5478 1568 5528 ad
1591 5477 1667 5528 ch.
1707 5477 1740 5526 f.
1791 5477 1848 5528 is.

262 5552 347 5601 gr.
370 5537 437 5588 lr.‘
457 5549 521 5601 ιιι.
542 5551 614 5601 jr.
640 5552 728 5588 rm.
744 5539 822 5588 vd.
845 5547 898 5590 et
918 5540 978 5590 a’l
1005 5537 1242 5591 editiones
1262 5550 1362 5589 Am.
1387 5547 1577 5590 Er.Par.
1593 5547 1702 5590 Lor.

330 5600 405 5725 (ag
428 5597 569 5655 alias,
588 5600 652 5650 de
676 5601 842 5651 verbis
863 5602 1043 5653 Domini
1065 5602 1142 5651 37.

331 5661 382 5712 ω
426 5662 604 5710 (ritatur
630 5662 677 5711 lu
705 5661 824 5712 t-‘lori
855 5663 1160 5724 collectione,
1186 5662 1245 5713 ad
1275 5663 1385 5714 Phili

331 5661 403 5725 ω)
426 5662 604 5710 (ςιωιω-
630 5662 677 5711 In
705 5661 824 5712 l-‘lori
855 5663 1160 5724 collectione,
1186 5662 1245 5713 ad
1275 5663 1470 5727 Philipp.
1496 5682 1559 5717 tv.

1606 247 1834 307 SliRSll)
1874 245 2102 300 CLXXI.

3394 248 3498 304 9M

1925 361 2152 428 Levites,
2185 371 2238 417 et
2263 363 2347 418 hic
2373 378 2566 433 genere
2595 364 2885 432 proximus,
2912 364 3172 431 jacentcm
3200 364 3356 421 etiam
3387 368 3501 435 ipse

1920 454 2260 524 contempsit.
2280 454 2509 509 Transiit
2529 453 2908 518 Samaritanus,
2935 469 3132 523 genere
3164 456 3498 525 longinquus,

1922 544 2281 601 misericordia
2307 546 2574 615 proximus
2596 586 2611 610 ,
2642 545 2867 614 fecitque
2892 543 3031 614 quod
3063 548 3230 598 nostis
3250 543 3398 612 (Luc.
3434 561 3498 613 ιι,

1920 633 2137 707 25-57).
2163 636 2218 691 ἰιι
2240 650 2346 706 quo
2371 637 2700 692 Samaritana
2720 653 2778 691 se
2809 636 2971 689 voluit
2999 636 3218 705 intelligi
3248 636 3503 694 Dominus

1920 727 2074 784 Jesus
2099 729 2359 782 Christus.
2403 729 2765 783 Samaritanus
2792 728 2934 781 enim
2959 729 3147 781 Custos
3191 727 3501 795 interprets.

1924 826 2027 871 tur.
2051 815 2174 872 Ideo
2197 835 2405 889 surgens
2429 835 2460 870 a
2486 819 2723 882 mortuis,
2756 819 2866 887 jam
2896 833 2995 871 non
3023 818 3234 871 moritur
3251 858 3265 881 ,
3297 828 3342 870 et
3370 833 3509 871 mors

1922 909 1969 961 ei
2007 908 2141 962 ultra
2165 926 2264 963 non
2293 910 2629 963 dominabitur
2666 910 2838 979 (Rom.
2869 926 2916 963 VI
2937 952 2951 975 ,
2983 908 3036 978 9)
3075 927 3089 962 :
3115 910 3234 978 quia
3262 926 3359 961 non
3386 909 3505 961 dor-

1923 1002 2043 1067 mit,
2076 1018 2231 1071 neque
2259 1003 2494 1055 dormitat
2526 1002 2610 1072 qui
2635 1002 2848 1055 custodit
2874 999 3037 1054 Israel
3064 1000 3233 1070 (Psal.
3265 1015 3368 1054 cxx
3387 1041 3401 1062 ,
3424 1001 3501 1069 4).

1925 1091 2161 1162 Denique
2197 1093 2408 1163 quando
2436 1093 2688 1147 conviciis
2728 1093 2888 1149 tantis
2927 1091 3365 1160 blasphemabant
3406 1090 3503 1146 Ju-

1923 1179 2023 1236 daei
2044 1221 2060 1247 ,
2090 1181 2336 1236 dixerunt
2357 1183 2430 1235 illi
2466 1200 2481 1236 :
2514 1180 2701 1235 Nonne
2724 1197 2892 1234 verum
2914 1182 3146 1242 dicimus,
3170 1182 3288 1250 quia
3320 1176 3504 1234 Sama-

1924 1272 2119 1325 ritanus
2147 1288 2198 1325 es
2220 1313 2235 1338 ,
2278 1282 2323 1326 et
2352 1272 2653 1325 dannonium
2682 1272 2873 1325 habes?
2899 1269 3028 1324 Cum
3050 1285 3177 1340 ergo
3199 1271 3303 1325 duo
3326 1281 3507 1325 essent

1925 1363 2084 1418 verba
2105 1364 2402 1419 conviciosa
2421 1364 2624 1433 objecta
2648 1364 2893 1428 Domino,
2917 1364 3222 1434 dictumque
3242 1364 3315 1418 illi
3336 1375 3501 1428 esset,

1928 1452 2111 1507 Nonne
2125 1470 2292 1507 verum
2306 1455 2537 1519 dicimus,
2550 1455 2669 1523 quia
2690 1454 3042 1509 Samaritanus
3054 1470 3125 1519 es,
3144 1465 3188 1508 et
3204 1454 3506 1509 demonium

1927 1545 2114 1599 habes?
2136 1555 2340 1614 poterat
2366 1547 2706 1615 reSpondere,
2727 1547 2832 1601 Nec
2852 1546 3214 1601 Samaritanus
3235 1562 3351 1601 sum
3367 1589 3381 1611 ,
3406 1562 3507 1603 nec

1925 1636 2244 1692 daemonium
2292 1638 2459 1692 habeo
2486 1652 2507 1694 :
2538 1638 2808 1706 respondit
2834 1646 3042 1704 autem,
3073 1638 3182 1709 Ego
3202 1640 3507 1693 darmonium

1927 1745 2026 1781 non
2050 1729 2205 1783 habeo
2232 1727 2406 1800 (Joan.
2438 1744 2552 1792 vnt,
2571 1728 2656 1792 48,
2682 1729 2797 1796 49).
2820 1728 2971 1794 Quod
2991 1728 3282 1797 respondit,
3308 1729 3505 1782 refuta-

1928 1819 2003 1872 vit
2045 1836 2057 1873 :
2095 1820 2234 1887 quod
2269 1820 2447 1881 tacuit,
2470 1818 2821 1871 conﬁrmavit.
2844 1817 3060 1886 Negavit
3091 1832 3151 1872 se
3180 1818 3374 1871 habere
3395 1817 3504 1870 dm-

1929 1911 2164 1963 monintn
2184 1949 2199 1973 ,
2231 1909 2320 1978 qui
2357 1923 2416 1963 se
2461 1916 2681 1962 noverat
2723 1908 3105 1961 daemoniorum
3132 1907 3459 1962 exclusorcm
3488 1925 3503 1960 :

1929 2018 2033 2056 non
2082 2017 2140 2057 se
2181 2003 2389 2072 negavit
2424 2001 2617 2056 inﬁrmi
2658 2001 2951 2055 custodem.
2983 1999 3122 2070 Ergo
3163 1999 3410 2054 Dominus
3454 2002 3508 2053 in

1930 2096 2158 2166 proximo
2181 2105 2274 2156 est;
2290 2098 2411 2164 quia
2437 2094 2690 2148 Dominus
2706 2094 2859 2148 nobis
2875 2092 3045 2149 factus
3067 2102 3148 2149 est
3164 2094 3214 2146 in
3244 2094 3505 2162 proximo.

2000 2184 2223 2240 CAPUT
2265 2185 2347 2238 Ill.
2382 2214 2455 2224 —
2480 2185 2533 2239 ’5.
2565 2182 2921 2237 Incarnatione
2956 2182 3094 2237 Deus
3127 2184 3318 2237 homini
3345 2184 3511 2252 facta

1930 2283 2003 2328 est
2032 2274 2309 2345 proximus.
2340 2272 2476 2339 Quid
2506 2283 2609 2326 tam
2637 2272 3015 2343 longinquum,
3045 2271 3169 2342 quid
3202 2281 3306 2326 tam
3334 2287 3511 2326 remo.

1929 2374 2040 2418 tum
2061 2406 2076 2428 ,
2108 2379 2263 2433 quam
2291 2364 2428 2418 Deus
2457 2362 2525 2417 ab
2551 2363 2849 2416 hominibus
2868 2403 2882 2427 ,
2913 2362 3225 2415 immortalis
3255 2377 3283 2416 a
3311 2373 3512 2416 morta-

1934 2456 2106 2521 libus,
2147 2455 2323 2524 justus
2367 2470 2395 2508 a
2436 2452 2836 2523 peccatoribus?
2879 2452 2992 2506 Non
3040 2453 3157 2507 loco
3202 2452 3387 2521 longe,
3418 2451 3511 2508 sed

1932 2545 2376 2601 dissimilitudine.
2403 2544 2533 2599 Nam
2563 2544 2795 2598 solemus
2823 2543 2979 2597 etiam
3008 2543 3075 2595 ita
3102 2543 3273 2613 loqui,
3302 2558 3423 2598 cum
3447 2543 3516 2597 de

1932 2638 2139 2693 duobus
2165 2636 2463 2691 hominibus
2491 2636 2749 2702 dicimus,
2781 2635 2991 2703 quando
3026 2635 3221 2689 diversi
3247 2644 3373 2689 sunt
3394 2652 3516 2690 rno-

1933 2742 2021 2782 res
2051 2744 2063 2779 :
2094 2727 2196 2781 Iste
2224 2726 2380 2802 longe
2420 2735 2502 2779 cst
2535 2725 2601 2778 ab
2645 2725 2752 2777 illo.
2798 2724 3016 2777 Etiamsi
3058 2724 3205 2792 juxta
3248 2725 3513 2790 steterint,

1935 2820 2142 2876 etiamsi
2168 2821 2391 2875 vicinius
2420 2818 2711 2872 inhabitcut
2730 2859 2743 2880 ,
2774 2817 2982 2872 etiamsi
3022 2832 3122 2870 una
3151 2826 3335 2871 catena
3366 2819 3518 2871 Colli—

1935 2919 2159 2985 gentnr;
2192 2910 2346 2979 longe
2380 2919 2461 2963 est
2495 2909 2611 2977 pius
2639 2907 2705 2962 ab
2734 2908 2895 2975 impio
2915 2948 2929 2972 ,
2969 2906 3124 2977 longe
3153 2915 3233 2961 est
3263 2906 3518 2959 innocens

1937 3020 1966 3056 a
1993 3017 2118 3066 reo,
2149 3003 2302 3070 longe
2330 3009 2409 3055 est
2443 3001 2619 3068 justus
2656 3000 2723 3053 ab
2762 2998 2977 3068 injuste.
3009 2998 3062 3053 Si
3094 2997 3194 3051 hoc
3221 2997 3286 3051 de
3316 2996 3520 3051 duobus

1940 3093 2240 3148 hominibus
2267 3093 2490 3155 dicitur,
2521 3090 2645 3161 quid
2676 3090 2742 3145 de
2773 3090 2881 3144 Deo
2914 3100 2966 3145 et
3005 3089 3347 3144 hominibus?
3385 3086 3520 3144 Cum

1938 3199 2065 3254 ergo
2085 3184 2239 3253 longe
2259 3198 2288 3237 a
2310 3183 2461 3237 nobis
2483 3191 2625 3236 esset
2644 3180 2955 3234 immortalis
2980 3189 3034 3234 et
3047 3181 3243 3249 justus,
3273 3187 3523 3248 tanquam

1940 3289 1970 3329 ιι
2000 3274 2309 3328 mortalibus
2352 3283 2405 3327 et
2441 3271 2844 3341 peccatoribus,
2890 3270 3162 3324 descendit
3199 3269 3263 3322 ad
3303 3284 3435 3334 nos,
3465 3277 3523 3321 ut

1944 3364 2094 3417 ﬁeret
2123 3363 2273 3417 nobis
2313 3363 2584 3432 proximus
2619 3361 2706 3415 ille
2746 3359 3083 3429 longinquus.
3117 3358 3184 3411 Et
3211 3358 3335 3427 quid
3366 3357 3526 3410 fecit?

1941 3454 2073 3510 Cum
2097 3454 2317 3509 haberet
2338 3453 2451 3521 ipse
2472 3453 2576 3506 duo
2595 3451 2754 3516 bona,
2784 3461 2835 3505 et
2863 3466 2957 3503 nos
2983 3448 3089 3503 duo
3111 3449 3280 3512 mala;
3310 3448 3399 3502 ille
3419 3447 3524 3502 duo

1944 3547 2118 3611 bona,
2158 3524 2414 3614 justitiam
2462 3550 2517 3596 et
2560 3541 3040 3604 immortalitatem;
3084 3554 3180 3593 nos
3221 3539 3326 3593 duo
3364 3540 3522 3605 mala,

1944 3635 2272 3705 iniquitatem
2300 3641 2355 3686 et
2382 3632 2756 3686 mortalitatcm
2785 3648 2797 3685 :
2827 3631 2870 3685 si
2904 3640 3183 3699 tttrttmque
3208 3631 3402 3684 tnalum
3432 3646 3526 3683 no-

1944 3735 2112 3779 strum
2144 3723 2492 3791 suscepisset,
2528 3737 2620 3790 par
2647 3729 2828 3776 noster
2857 3720 3025 3775 lactus
3052 3717 3225 3785 esset,
3257 3729 3310 3774 et
3336 3721 3527 3775 libera-

1949 3827 2062 3871 tore
2092 3816 2362 3870 nobiscnm
2391 3830 2523 3884 Opus
2553 3814 2788 3868 haberet.
2815 3812 2950 3879 Quid
2978 3827 3104 3882 ergo
3130 3812 3273 3878 fecit,
3305 3821 3361 3866 ut
3387 3820 3530 3866 esset

1948 3908 2218 3978 proximus
2261 3906 2453 3962 nobis?
2483 3905 2761 3960 Proximus
2805 3920 2909 3959 non
2954 3902 3058 3958 hoc
3093 3904 3231 3974 quod
3273 3920 3402 3970 nos,
3434 3905 3528 3960 sed

1950 4014 2113 4069 prope
2141 4013 2257 4052 nos.
2302 3997 2415 4052 Duo
2443 3996 2655 4050 attende
2684 4013 2697 4049 :
2726 3995 2908 4051 Justus
2944 4005 3055 4061 est,
3087 3995 3399 4050 immortalis
3425 4004 3526 4049 est.

1950 4090 2006 4144 ln
2036 4088 2237 4143 duobus
2265 4088 2366 4142 tuis
2392 4087 2562 4152 malis,
2594 4102 2697 4140 una
2726 4096 2809 4141 est
2831 4086 3005 4156 culpa,
3037 4085 3204 4140 altera
3230 4094 3311 4140 est
3339 4102 3526 4155 poma:

1948 4181 2103 4252 culpa
2124 4189 2205 4237 est
2224 4181 2364 4250 quod
2386 4179 2608 4249 injuslus
2629 4194 2706 4243 es,
2730 4192 2884 4248 poena
2907 4186 2989 4232 est
3017 4178 3137 4247 quia
3173 4180 3411 4233 mortalis
3446 4193 3526 4234 es.

1948 4269 2043 4327 Ille
2085 4280 2143 4325 ut
2181 4279 2323 4326 esset
2351 4270 2653 4340 proximus,
2693 4270 2925 4338 suscepit
2967 4285 3175 4339 pinnam
3213 4278 3390 4336 tuam,
3424 4285 3529 4324 ιιοει

1949 4362 2184 4431 suscepit
2209 4361 2418 4431 culpam
2447 4370 2586 4413 tuam
2620 4377 2634 4412 :
2664 4369 2717 4415 et
2743 4360 2787 4414 si
2816 4361 3076 4430 suscepit,
3108 4360 3382 4416 delendam
3414 4376 3529 4415 sus.

1951 4454 2112 4524 cepit,
2139 4469 2245 4507 non
2298 4450 2611 4506 faciendam.
2640 4450 2822 4506 Justus
2845 4459 2901 4506 et
2923 4451 3257 4515 immortalis,
3290 4453 3444 4522 longe
3468 4452 3534 4507 ab

1952 4546 2161 4615 injustis
2193 4555 2247 4600 et
2283 4544 2614 4599 mortalibus.
2647 4542 2901 4600 Peccator
2928 4544 3168 4600 mortalis
3189 4587 3202 4610 ,
3229 4545 3385 4615 longe
3414 4561 3535 4601 eras

1951 4653 1981 4692 a
2009 4637 2154 4708 justo
2182 4638 2485 4693 immortali.
2516 4637 2631 4693 Non
2661 4648 2744 4694 est
2770 4636 2939 4692 factus
2968 4637 3057 4692 ille
3086 4645 3361 4706 peccator,
3393 4636 3533 4706 quod

1952 4738 2010 4784 tu
2040 4747 2054 4784 :
2082 4728 2177 4784 sed
2203 4728 2371 4783 lactus
2394 4738 2475 4783 est
2502 4729 2770 4794 mortalis,
2798 4728 2938 4799 quod
2978 4736 3054 4781 tu.
3095 4727 3315 4782 Manens
3336 4727 3524 4796 justus,

1953 4821 2122 4877 factus
2145 4832 2229 4878 est
2252 4821 2506 4875 mortalis.
2540 4819 2889 4884 Suscipiendo
2915 4833 3124 4886 poenam
3154 4827 3209 4872 et
3234 4833 3337 4873 non
3368 4818 3536 4871 susci-

1955 4913 2149 4983 piendo
2173 4913 2402 4983 culpam,
2430 4919 2484 4965 ct
2507 4910 2715 4978 culpam
2740 4908 2935 4963 delevit
2955 4916 3009 4962 et
3026 4922 3259 4977 poenam.
3288 4907 3537 4961 Dominus

1954 5019 2082 5072 ergo
2109 5004 2163 5057 in
2191 5002 2421 5073 proximo
2448 5011 2546 5065 est,
2579 4999 2707 5053 nihil
2746 4998 2949 5052 solliciti
2987 4998 3203 5068 fueritis.
3236 4998 3346 5052 Etsi
3377 5011 3537 5065 super

1954 5107 2142 5147 omnes
2163 5092 2329 5147 oculos
2346 5089 2583 5144 ascendit
2604 5103 2848 5156 corpore,
2874 5103 2975 5141 non
3000 5086 3219 5143 recessit
3239 5086 3534 5156 majestate.

1960 5183 2161 5252 Ubique
2188 5197 2422 5251 prtcsens
2445 5189 2546 5246 est,
2575 5179 2662 5249 qui
2693 5176 2818 5233 fecit
2842 5179 3039 5233 omnia.

2028 5272 2251 5329 CAPUT
2296 5271 2381 5326 IV.
2419 5302 2490 5314 —
2523 5273 2578 5326 4.
2607 5269 2861 5326 Gaudium
2902 5272 2952 5324 in
2995 5270 3199 5324 sarculo.
3236 5267 3460 5324 Gaudete
3485 5267 3537 5320 in

1958 5366 2176 5422 Domino
2214 5382 2427 5437 semper.
2470 5366 2526 5420 In
2555 5363 2751 5420 smculo
2777 5364 3025 5434 gaudium
3065 5363 3205 5432 quod
3245 5361 3365 5418 est?
3393 5360 3536 5417 Gau-

1956 5460 2086 5515 dere
2111 5458 2178 5513 de
2205 5458 2497 5528 iniquitate,
2519 5456 2752 5527 gaudere
2770 5457 2836 5511 de
2860 5455 3199 5524 turpitudine,
3221 5454 3453 5525 gaudere
3472 5452 3539 5506 de

1958 5551 2239 5612 dcdecnre,
2268 5549 2334 5604 de
2358 5549 2711 5604 deformitate.
2743 5548 2815 5602 De
2843 5546 2924 5601 his
2951 5546 3195 5602 omnibus
3218 5546 3415 5617 gaudet
3439 5561 3539 5599 εω-

1964 5648 2157 5703 culum.
2174 5645 2302 5712 Qua:
2318 5644 2495 5701 omnia
2513 5658 2619 5699 non
2637 5650 2835 5711 essent,
2856 5640 2952 5698 nisi
2972 5640 3215 5709 homines
3232 5639 3538 5696 voluissent.
