  <div class='ocr_page' id='page_1' title='image "/cluster/home/n/w/nwhite01/storage/ocr_20150623/38/hvd.32044096580600/473.png"; bbox 0 0 3886 6188; ppageno 0'>
   <div class='ocr_carea' id='block_1_1' title="bbox 493 310 596 363">
    <p class='ocr_par' dir='ltr' id='par_1_1' title="bbox 493 310 596 363">
     <span class='ocr_line' id='line_1_1' title="bbox 493 310 596 363; baseline 0 0"><span class='ocrx_word' id='word_1_1' title='bbox 493 310 596 363; x_wconf 70' lang='lat'><strong>935</strong></span> 
     </span>
    </p>
   </div>
   <div class='ocr_carea' id='block_1_2' title="bbox 495 414 2071 488">
    <p class='ocr_par' dir='ltr' id='par_1_2' title="bbox 495 414 2071 488">
     <span class='ocr_line' id='line_1_2' title="bbox 495 414 2071 488; baseline -0.004 -13"><span class='ocrx_word' id='word_1_2' title='bbox 495 422 608 475; x_wconf 85' lang='lat' dir='ltr'><strong>Alia</strong></span> <span class='ocrx_word' id='word_1_3' title='bbox 639 431 759 475; x_wconf 91' lang='lat' dir='ltr'><strong>sunt</strong></span> <span class='ocrx_word' id='word_1_4' title='bbox 795 434 913 488; x_wconf 73' lang='lat' dir='ltr'><strong>qua:</strong></span> <span class='ocrx_word' id='word_1_5' title='bbox 954 414 1152 472; x_wconf 88' lang='lat' dir='ltr'><strong>faciunt</strong></span> <span class='ocrx_word' id='word_1_6' title='bbox 1194 414 1433 469; x_wconf 82' lang='lat' dir='ltr'><strong>homines</strong></span> <span class='ocrx_word' id='word_1_7' title='bbox 1455 458 1467 480; x_wconf 94' lang='lat'><strong>,</strong></span> <span class='ocrx_word' id='word_1_8' title='bbox 1506 416 1604 468; x_wconf 87' lang='lat' dir='ltr'><strong>alia</strong></span> <span class='ocrx_word' id='word_1_9' title='bbox 1635 430 1753 485; x_wconf 71' lang='lat' dir='ltr'><strong>qua:</strong></span> <span class='ocrx_word' id='word_1_10' title='bbox 1785 416 2071 484; x_wconf 88' lang='lat' dir='ltr'><strong>patiuntur,</strong></span> 
     </span>
    </p>
   </div>
   <div class='ocr_carea' id='block_1_3' title="bbox 493 507 2079 579">
    <p class='ocr_par' dir='ltr' id='par_1_3' title="bbox 493 507 2079 579">
     <span class='ocr_line' id='line_1_3' title="bbox 493 507 2079 579; baseline -0.004 -12"><span class='ocrx_word' id='word_1_11' title='bbox 493 512 591 567; x_wconf 78' lang='lat' dir='ltr'><strong>etsi</strong></span> <span class='ocrx_word' id='word_1_12' title='bbox 619 510 835 571; x_wconf 75' lang='lat' dir='ltr'><strong>nolunt,</strong></span> <span class='ocrx_word' id='word_1_13' title='bbox 870 513 1061 563; x_wconf 81' lang='lat' dir='ltr'><strong>terunt.</strong></span> <span class='ocrx_word' id='word_1_14' title='bbox 1092 508 1228 575; x_wconf 87' lang='lat' dir='ltr'><strong>Quid</strong></span> <span class='ocrx_word' id='word_1_15' title='bbox 1268 524 1395 579; x_wconf 82' lang='lat' dir='ltr'><strong>ergo</strong></span> <span class='ocrx_word' id='word_1_16' title='bbox 1436 517 1517 562; x_wconf 82' lang='lat' dir='ltr'><strong>est</strong></span> <span class='ocrx_word' id='word_1_17' title='bbox 1556 507 1656 561; x_wconf 91' lang='lat' dir='ltr'><strong>hoc</strong></span> <span class='ocrx_word' id='word_1_18' title='bbox 1699 508 1983 574; x_wconf 72' lang='lat' dir='ltr'><strong>smculum,</strong></span> <span class='ocrx_word' id='word_1_19' title='bbox 2024 516 2079 560; x_wconf 92' lang='lat' dir='ltr'><strong>et</strong></span> 
     </span>
    </p>
   </div>
   <div class='ocr_carea' id='block_1_4' title="bbox 490 597 2077 677">
    <p class='ocr_par' dir='ltr' id='par_1_4' title="bbox 490 597 2077 677">
     <span class='ocr_line' id='line_1_4' title="bbox 490 597 2077 677; baseline -0.004 -16"><span class='ocrx_word' id='word_1_20' title='bbox 490 606 630 677; x_wconf 88' lang='lat' dir='ltr'><strong>quod</strong></span> <span class='ocrx_word' id='word_1_21' title='bbox 675 614 757 660; x_wconf 87' lang='lat' dir='ltr'><strong>est</strong></span> <span class='ocrx_word' id='word_1_22' title='bbox 800 603 1048 675; x_wconf 80' lang='lat' dir='ltr'><strong>gaudium</strong></span> <span class='ocrx_word' id='word_1_23' title='bbox 1096 603 1321 658; x_wconf 57' lang='lat' dir='ltr'><strong>saeculi?</strong></span> <span class='ocrx_word' id='word_1_24' title='bbox 1368 602 1522 667; x_wconf 88' lang='lat' dir='ltr'><strong>Dico,</strong></span> <span class='ocrx_word' id='word_1_25' title='bbox 1566 599 1793 665; x_wconf 75' lang='lat' dir='ltr'><strong>fratres,</strong></span> <span class='ocrx_word' id='word_1_26' title='bbox 1847 597 2077 655; x_wconf 83' lang='lat' dir='ltr'><strong>breviter</strong></span> 
     </span>
    </p>
   </div>
   <div class='ocr_carea' id='block_1_5' title="bbox 490 692 2071 767">
    <p class='ocr_par' dir='ltr' id='par_1_5' title="bbox 490 692 2071 767">
     <span class='ocr_line' id='line_1_5' title="bbox 490 692 2071 767; baseline -0.004 -15"><span class='ocrx_word' id='word_1_27' title='bbox 490 707 741 767; x_wconf 86' lang='lat' dir='ltr'><strong>quantum</strong></span> <span class='ocrx_word' id='word_1_28' title='bbox 764 712 1001 766; x_wconf 89' lang='lat' dir='ltr'><strong>possum,</strong></span> <span class='ocrx_word' id='word_1_29' title='bbox 1029 707 1283 766; x_wconf 91' lang='lat' dir='ltr'><strong>quantum</strong></span> <span class='ocrx_word' id='word_1_30' title='bbox 1308 696 1445 749; x_wconf 90' lang='lat' dir='ltr'><strong>Deus</strong></span> <span class='ocrx_word' id='word_1_31' title='bbox 1465 694 1708 763; x_wconf 90' lang='lat' dir='ltr'><strong>adjuvat;</strong></span> <span class='ocrx_word' id='word_1_32' title='bbox 1739 692 2071 758; x_wconf 78' lang='lat' dir='ltr'><strong>festinanter,</strong></span> 
     </span>
    </p>
   </div>
   <div class='ocr_carea' id='block_1_6' title="bbox 494 783 2071 857">
    <p class='ocr_par' dir='ltr' id='par_1_6' title="bbox 494 783 2071 857">
     <span class='ocr_line' id='line_1_6' title="bbox 494 783 2071 857; baseline -0.005 -12"><span class='ocrx_word' id='word_1_33' title='bbox 494 790 724 845; x_wconf 86' lang='lat' dir='ltr'><strong>hreviter</strong></span> <span class='ocrx_word' id='word_1_34' title='bbox 766 791 903 844; x_wconf 89' lang='lat' dir='ltr'><strong>dico.</strong></span> <span class='ocrx_word' id='word_1_35' title='bbox 948 786 1141 844; x_wconf 69' lang='lat' dir='ltr'><strong>S‘JBCtlli</strong></span> <span class='ocrx_word' id='word_1_36' title='bbox 1167 789 1364 857; x_wconf 64' lang='lat' dir='ltr'><strong>laetitia</strong></span> <span class='ocrx_word' id='word_1_37' title='bbox 1400 794 1483 841; x_wconf 83' lang='lat' dir='ltr'><strong>est</strong></span> <span class='ocrx_word' id='word_1_38' title='bbox 1520 786 1775 855; x_wconf 79' lang='lat' dir='ltr'><strong>impunita</strong></span> <span class='ocrx_word' id='word_1_39' title='bbox 1818 783 2071 856; x_wconf 87' lang='lat' dir='ltr'><strong>nequitia.</strong></span> 
     </span>
    </p>
   </div>
   <div class='ocr_carea' id='block_1_7' title="bbox 496 878 2072 948">
    <p class='ocr_par' dir='ltr' id='par_1_7' title="bbox 496 878 2072 948">
     <span class='ocr_line' id='line_1_7' title="bbox 496 878 2072 948; baseline -0.003 -11"><span class='ocrx_word' id='word_1_40' title='bbox 496 880 846 937; x_wconf 77' lang='lat' dir='ltr'><strong>Luxurientur</strong></span> <span class='ocrx_word' id='word_1_41' title='bbox 870 881 1114 935; x_wconf 89' lang='lat' dir='ltr'><strong>homines</strong></span> <span class='ocrx_word' id='word_1_42' title='bbox 1138 924 1153 947; x_wconf 97' lang='lat'><strong>,</strong></span> <span class='ocrx_word' id='word_1_43' title='bbox 1186 879 1526 946; x_wconf 88' lang='lat' dir='ltr'><strong>foruicentur,</strong></span> <span class='ocrx_word' id='word_1_44' title='bbox 1557 879 1606 932; x_wconf 90' lang='lat' dir='ltr'><strong>in</strong></span> <span class='ocrx_word' id='word_1_45' title='bbox 1634 878 1945 948; x_wconf 77' lang='lat' dir='ltr'><strong>spectaculis</strong></span> <span class='ocrx_word' id='word_1_46' title='bbox 1972 894 2072 932; x_wconf 87' lang='lat' dir='ltr'><strong>nu-</strong></span> 
     </span>
    </p>
   </div>
   <div class='ocr_carea' id='block_1_8' title="bbox 487 969 2073 1043">
    <p class='ocr_par' dir='ltr' id='par_1_8' title="bbox 487 969 2073 1043">
     <span class='ocr_line' id='line_1_8' title="bbox 487 969 2073 1043; baseline -0.002 -16"><span class='ocrx_word' id='word_1_47' title='bbox 487 982 710 1043; x_wconf 89' lang='lat' dir='ltr'><strong>geutur,</strong></span> <span class='ocrx_word' id='word_1_48' title='bbox 742 973 1047 1029; x_wconf 90' lang='lat' dir='ltr'><strong>ebriositate</strong></span> <span class='ocrx_word' id='word_1_49' title='bbox 1071 972 1485 1043; x_wconf 86' lang='lat' dir='ltr'><strong>iugurgitentur,</strong></span> <span class='ocrx_word' id='word_1_50' title='bbox 1516 970 1838 1040; x_wconf 89' lang='lat' dir='ltr'><strong>turpitudine</strong></span> <span class='ocrx_word' id='word_1_51' title='bbox 1868 969 2073 1025; x_wconf 68' lang='lat' dir='ltr'><strong>finden-</strong></span> 
     </span>
    </p>
   </div>
   <div class='ocr_carea' id='block_1_9' title="bbox 489 1056 2069 1134">
    <p class='ocr_par' dir='ltr' id='par_1_9' title="bbox 489 1056 2069 1134">
     <span class='ocr_line' id='line_1_9' title="bbox 489 1056 2069 1134; baseline 0 -19"><span class='ocrx_word' id='word_1_52' title='bbox 489 1073 607 1127; x_wconf 90' lang='lat' dir='ltr'><strong>tur,</strong></span> <span class='ocrx_word' id='word_1_53' title='bbox 639 1062 768 1117; x_wconf 87' lang='lat' dir='ltr'><strong>nihil</strong></span> <span class='ocrx_word' id='word_1_54' title='bbox 810 1063 932 1117; x_wconf 88' lang='lat' dir='ltr'><strong>mali</strong></span> <span class='ocrx_word' id='word_1_55' title='bbox 964 1064 1227 1134; x_wconf 88' lang='lat' dir='ltr'><strong>patiantur</strong></span> <span class='ocrx_word' id='word_1_56' title='bbox 1256 1081 1269 1115; x_wconf 90' lang='lat'><strong>:</strong></span> <span class='ocrx_word' id='word_1_57' title='bbox 1302 1073 1355 1118; x_wconf 91' lang='lat' dir='ltr'><strong>et</strong></span> <span class='ocrx_word' id='word_1_58' title='bbox 1385 1056 1560 1117; x_wconf 88' lang='lat' dir='ltr'><strong>videte</strong></span> <span class='ocrx_word' id='word_1_59' title='bbox 1590 1061 1766 1116; x_wconf 72' lang='lat' dir='ltr'><strong>surculi</strong></span> <span class='ocrx_word' id='word_1_60' title='bbox 1797 1061 2069 1132; x_wconf 81' lang='lat' dir='ltr'><strong>gaudium.</strong></span> 
     </span>
    </p>
   </div>
   <div class='ocr_carea' id='block_1_10' title="bbox 489 1151 2071 1223">
    <p class='ocr_par' dir='ltr' id='par_1_10' title="bbox 489 1151 2071 1223">
     <span class='ocr_line' id='line_1_10' title="bbox 489 1151 2071 1223; baseline 0.001 -18"><span class='ocrx_word' id='word_1_61' title='bbox 489 1153 588 1206; x_wconf 80' lang='lat' dir='ltr'><strong>Ista</strong></span> <span class='ocrx_word' id='word_1_62' title='bbox 613 1154 748 1207; x_wconf 87' lang='lat' dir='ltr'><strong>mala</strong></span> <span class='ocrx_word' id='word_1_63' title='bbox 770 1169 888 1223; x_wconf 68' lang='lat' dir='ltr'><strong>qua:</strong></span> <span class='ocrx_word' id='word_1_64' title='bbox 908 1153 1343 1219; x_wconf 87' lang='lat' dir='ltr'><strong>commemoravi,</strong></span> <span class='ocrx_word' id='word_1_65' title='bbox 1373 1169 1477 1207; x_wconf 91' lang='lat' dir='ltr'><strong>non</strong></span> <span class='ocrx_word' id='word_1_66' title='bbox 1502 1153 1722 1221; x_wconf 84' lang='lat' dir='ltr'><strong>castiget</strong></span> <span class='ocrx_word' id='word_1_67' title='bbox 1746 1151 1935 1218; x_wconf 83' lang='lat' dir='ltr'><strong>fames,</strong></span> <span class='ocrx_word' id='word_1_68' title='bbox 1964 1166 2071 1207; x_wconf 86' lang='lat' dir='ltr'><strong>non</strong></span> 
     </span>
    </p>
   </div>
   <div class='ocr_carea' id='block_1_11' title="bbox 484 1241 2067 1313">
    <p class='ocr_par' dir='ltr' id='par_1_11' title="bbox 484 1241 2067 1313">
     <span class='ocr_line' id='line_1_11' title="bbox 484 1241 2067 1313; baseline -0.001 -17"><span class='ocrx_word' id='word_1_69' title='bbox 484 1242 610 1296; x_wconf 92' lang='lat' dir='ltr'><strong>belli</strong></span> <span class='ocrx_word' id='word_1_70' title='bbox 643 1245 834 1309; x_wconf 83' lang='lat' dir='ltr'><strong>timor,</strong></span> <span class='ocrx_word' id='word_1_71' title='bbox 864 1258 968 1297; x_wconf 90' lang='lat' dir='ltr'><strong>non</strong></span> <span class='ocrx_word' id='word_1_72' title='bbox 996 1244 1186 1313; x_wconf 86' lang='lat' dir='ltr'><strong>aliquis</strong></span> <span class='ocrx_word' id='word_1_73' title='bbox 1216 1245 1409 1310; x_wconf 88' lang='lat' dir='ltr'><strong>timor,</strong></span> <span class='ocrx_word' id='word_1_74' title='bbox 1455 1258 1561 1297; x_wconf 90' lang='lat' dir='ltr'><strong>non</strong></span> <span class='ocrx_word' id='word_1_75' title='bbox 1600 1241 1791 1311; x_wconf 83' lang='lat' dir='ltr'><strong>aliquis</strong></span> <span class='ocrx_word' id='word_1_76' title='bbox 1828 1241 2067 1310; x_wconf 86' lang='lat' dir='ltr'><strong>morbus,</strong></span> 
     </span>
    </p>
   </div>
   <div class='ocr_carea' id='block_1_12' title="bbox 483 1332 2068 1403">
    <p class='ocr_par' dir='ltr' id='par_1_12' title="bbox 483 1332 2068 1403">
     <span class='ocr_line' id='line_1_12' title="bbox 483 1332 2068 1403; baseline 0.001 -17"><span class='ocrx_word' id='word_1_77' title='bbox 483 1348 590 1387; x_wconf 92' lang='lat' dir='ltr'><strong>non</strong></span> <span class='ocrx_word' id='word_1_78' title='bbox 626 1334 816 1403; x_wconf 82' lang='lat' dir='ltr'><strong>aliquae</strong></span> <span class='ocrx_word' id='word_1_79' title='bbox 855 1333 1240 1399; x_wconf 88' lang='lat' dir='ltr'><strong>adversitates;</strong></span> <span class='ocrx_word' id='word_1_80' title='bbox 1286 1333 1380 1388; x_wconf 84' lang='lat' dir='ltr'><strong>sed</strong></span> <span class='ocrx_word' id='word_1_81' title='bbox 1424 1333 1527 1387; x_wconf 89' lang='lat' dir='ltr'><strong>sint</strong></span> <span class='ocrx_word' id='word_1_82' title='bbox 1570 1332 1747 1387; x_wconf 86' lang='lat' dir='ltr'><strong>omnia</strong></span> <span class='ocrx_word' id='word_1_83' title='bbox 1793 1334 1845 1388; x_wconf 92' lang='lat' dir='ltr'><strong>in</strong></span> <span class='ocrx_word' id='word_1_84' title='bbox 1889 1347 2068 1389; x_wconf 89' lang='lat' dir='ltr'><strong>rerum</strong></span> 
     </span>
    </p>
   </div>
   <div class='ocr_carea' id='block_1_13' title="bbox 483 1424 2068 1495">
    <p class='ocr_par' dir='ltr' id='par_1_13' title="bbox 483 1424 2068 1495">
     <span class='ocr_line' id='line_1_13' title="bbox 483 1424 2068 1495; baseline 0.003 -18"><span class='ocrx_word' id='word_1_85' title='bbox 483 1424 805 1479; x_wconf 84' lang='lat' dir='ltr'><strong>abundantia</strong></span> <span class='ocrx_word' id='word_1_86' title='bbox 825 1467 838 1489; x_wconf 91' lang='lat'><strong>,</strong></span> <span class='ocrx_word' id='word_1_87' title='bbox 869 1426 921 1479; x_wconf 93' lang='lat' dir='ltr'><strong>in</strong></span> <span class='ocrx_word' id='word_1_88' title='bbox 950 1440 1077 1495; x_wconf 88' lang='lat' dir='ltr'><strong>pace</strong></span> <span class='ocrx_word' id='word_1_89' title='bbox 1101 1426 1309 1490; x_wconf 86' lang='lat' dir='ltr'><strong>carnis,</strong></span> <span class='ocrx_word' id='word_1_90' title='bbox 1342 1425 1392 1478; x_wconf 93' lang='lat' dir='ltr'><strong>in</strong></span> <span class='ocrx_word' id='word_1_91' title='bbox 1423 1424 1706 1479; x_wconf 88' lang='lat' dir='ltr'><strong>securitate</strong></span> <span class='ocrx_word' id='word_1_92' title='bbox 1738 1424 2068 1481; x_wconf 71' lang='lat' dir='ltr'><strong>malmmen-</strong></span> 
     </span>
    </p>
   </div>
   <div class='ocr_carea' id='block_1_14' title="bbox 487 1516 2068 1587">
    <p class='ocr_par' dir='ltr' id='par_1_14' title="bbox 487 1516 2068 1587">
     <span class='ocr_line' id='line_1_14' title="bbox 487 1516 2068 1587; baseline 0.001 -17"><span class='ocrx_word' id='word_1_93' title='bbox 487 1517 555 1571; x_wconf 89' lang='lat' dir='ltr'><strong>tis</strong></span> <span class='ocrx_word' id='word_1_94' title='bbox 579 1535 594 1572; x_wconf 90' lang='lat'><strong>:</strong></span> <span class='ocrx_word' id='word_1_95' title='bbox 622 1532 747 1572; x_wconf 90' lang='lat' dir='ltr'><strong>ecce</strong></span> <span class='ocrx_word' id='word_1_96' title='bbox 772 1517 945 1572; x_wconf 90' lang='lat' dir='ltr'><strong>videte</strong></span> <span class='ocrx_word' id='word_1_97' title='bbox 969 1518 1144 1572; x_wconf 71' lang='lat' dir='ltr'><strong>smculi</strong></span> <span class='ocrx_word' id='word_1_98' title='bbox 1165 1517 1433 1587; x_wconf 82' lang='lat' dir='ltr'><strong>gaudium.</strong></span> <span class='ocrx_word' id='word_1_99' title='bbox 1457 1516 1563 1571; x_wconf 89' lang='lat' dir='ltr'><strong>Sed</strong></span> <span class='ocrx_word' id='word_1_100' title='bbox 1586 1530 1691 1570; x_wconf 92' lang='lat' dir='ltr'><strong>non</strong></span> <span class='ocrx_word' id='word_1_101' title='bbox 1711 1516 1908 1586; x_wconf 89' lang='lat' dir='ltr'><strong>cogitat</strong></span> <span class='ocrx_word' id='word_1_102' title='bbox 1928 1516 2068 1571; x_wconf 83' lang='lat' dir='ltr'><strong>Deus</strong></span> 
     </span>
    </p>
   </div>
   <div class='ocr_carea' id='block_1_15' title="bbox 485 1606 2065 1677">
    <p class='ocr_par' dir='ltr' id='par_1_15' title="bbox 485 1606 2065 1677">
     <span class='ocr_line' id='line_1_15' title="bbox 485 1606 2065 1677; baseline 0.001 -17"><span class='ocrx_word' id='word_1_103' title='bbox 485 1607 621 1661; x_wconf 87' lang='lat' dir='ltr'><strong>sicut</strong></span> <span class='ocrx_word' id='word_1_104' title='bbox 649 1606 810 1662; x_wconf 89' lang='lat' dir='ltr'><strong>homo</strong></span> <span class='ocrx_word' id='word_1_105' title='bbox 836 1626 851 1662; x_wconf 88' lang='lat'><strong>:</strong></span> <span class='ocrx_word' id='word_1_106' title='bbox 878 1607 979 1662; x_wconf 88' lang='lat' dir='ltr'><strong>alia</strong></span> <span class='ocrx_word' id='word_1_107' title='bbox 1006 1615 1087 1662; x_wconf 91' lang='lat' dir='ltr'><strong>est</strong></span> <span class='ocrx_word' id='word_1_108' title='bbox 1115 1608 1207 1662; x_wconf 90' lang='lat' dir='ltr'><strong>Dei</strong></span> <span class='ocrx_word' id='word_1_109' title='bbox 1234 1607 1481 1677; x_wconf 89' lang='lat' dir='ltr'><strong>cogitatio</strong></span> <span class='ocrx_word' id='word_1_110' title='bbox 1500 1648 1515 1671; x_wconf 90' lang='lat'><strong>,</strong></span> <span class='ocrx_word' id='word_1_111' title='bbox 1543 1607 1645 1661; x_wconf 91' lang='lat' dir='ltr'><strong>alia</strong></span> <span class='ocrx_word' id='word_1_112' title='bbox 1675 1606 1923 1661; x_wconf 85' lang='lat' dir='ltr'><strong>hominis.</strong></span> <span class='ocrx_word' id='word_1_113' title='bbox 1954 1606 2065 1661; x_wconf 82' lang='lat' dir='ltr'><strong>Ma-</strong></span> 
     </span>
    </p>
   </div>
   <div class='ocr_carea' id='block_1_16' title="bbox 480 1698 2064 1769">
    <p class='ocr_par' dir='ltr' id='par_1_16' title="bbox 480 1698 2064 1769">
     <span class='ocr_line' id='line_1_16' title="bbox 480 1698 2064 1769; baseline 0.001 -19"><span class='ocrx_word' id='word_1_114' title='bbox 480 1713 600 1767; x_wconf 75' lang='lat' dir='ltr'><strong>guze</strong></span> <span class='ocrx_word' id='word_1_115' title='bbox 658 1699 1033 1753; x_wconf 75' lang='lat' dir='ltr'><strong>misericordia:</strong></span> <span class='ocrx_word' id='word_1_116' title='bbox 1087 1707 1202 1765; x_wconf 88' lang='lat' dir='ltr'><strong>est,</strong></span> <span class='ocrx_word' id='word_1_117' title='bbox 1259 1699 1545 1769; x_wconf 89' lang='lat' dir='ltr'><strong>nequitiam</strong></span> <span class='ocrx_word' id='word_1_118' title='bbox 1592 1698 1904 1769; x_wconf 88' lang='lat' dir='ltr'><strong>impunitam</strong></span> <span class='ocrx_word' id='word_1_119' title='bbox 1958 1713 2064 1752; x_wconf 84' lang='lat' dir='ltr'><strong>non</strong></span> 
     </span>
    </p>
   </div>
   <div class='ocr_carea' id='block_1_17' title="bbox 483 1786 2064 1859">
    <p class='ocr_par' dir='ltr' id='par_1_17' title="bbox 483 1786 2064 1859">
     <span class='ocr_line' id='line_1_17' title="bbox 483 1786 2064 1859; baseline 0.001 -19"><span class='ocrx_word' id='word_1_120' title='bbox 483 1787 784 1857; x_wconf 89' lang='lat' dir='ltr'><strong>relinquere</strong></span> <span class='ocrx_word' id='word_1_121' title='bbox 807 1790 823 1819; x_wconf 88' lang='grc'>¹</span> <span class='ocrx_word' id='word_1_122' title='bbox 850 1807 864 1842; x_wconf 93' lang='lat'><strong>:</strong></span> <span class='ocrx_word' id='word_1_123' title='bbox 893 1797 947 1843; x_wconf 89' lang='lat' dir='ltr'><strong>et</strong></span> <span class='ocrx_word' id='word_1_124' title='bbox 975 1804 1042 1843; x_wconf 92' lang='lat' dir='ltr'><strong>ne</strong></span> <span class='ocrx_word' id='word_1_125' title='bbox 1080 1797 1298 1858; x_wconf 87' lang='lat' dir='ltr'><strong>cogatur</strong></span> <span class='ocrx_word' id='word_1_126' title='bbox 1324 1790 1375 1842; x_wconf 90' lang='lat' dir='ltr'><strong>in</strong></span> <span class='ocrx_word' id='word_1_127' title='bbox 1419 1797 1657 1843; x_wconf 85' lang='lat' dir='ltr'><strong>extremo</strong></span> <span class='ocrx_word' id='word_1_128' title='bbox 1681 1788 1938 1859; x_wconf 74' lang='lat' dir='ltr'><strong>gehenna:</strong></span> <span class='ocrx_word' id='word_1_129' title='bbox 1970 1786 2064 1842; x_wconf 87' lang='lat' dir='ltr'><strong>da-</strong></span> 
     </span>
    </p>
   </div>
   <div class='ocr_carea' id='block_1_18' title="bbox 484 1878 1695 1949">
    <p class='ocr_par' dir='ltr' id='par_1_18' title="bbox 484 1878 1695 1949">
     <span class='ocr_line' id='line_1_18' title="bbox 484 1878 1695 1949; baseline 0.003 -18"><span class='ocrx_word' id='word_1_130' title='bbox 484 1893 688 1945; x_wconf 86' lang='lat' dir='ltr'><strong>mnare,</strong></span> <span class='ocrx_word' id='word_1_131' title='bbox 721 1879 880 1933; x_wconf 84' lang='lat' dir='ltr'><strong>modo</strong></span> <span class='ocrx_word' id='word_1_132' title='bbox 907 1878 1114 1948; x_wconf 80' lang='lat' dir='ltr'><strong>ﬂagello</strong></span> <span class='ocrx_word' id='word_1_133' title='bbox 1140 1879 1387 1949; x_wconf 88' lang='lat' dir='ltr'><strong>dignatur</strong></span> <span class='ocrx_word' id='word_1_134' title='bbox 1413 1880 1695 1949; x_wconf 87' lang='lat' dir='ltr'><strong>castigare.</strong></span> 
     </span>
    </p>
   </div>
   <div class='ocr_carea' id='block_1_19' title="bbox 550 1966 2057 2040">
    <p class='ocr_par' dir='ltr' id='par_1_19' title="bbox 550 1966 2057 2040">
     <span class='ocr_line' id='line_1_19' title="bbox 550 1966 2057 2040; baseline 0.001 -17"><span class='ocrx_word' id='word_1_135' title='bbox 550 1968 776 2024; x_wconf 86' lang='lat' dir='ltr'><strong>CAPUT</strong></span> <span class='ocrx_word' id='word_1_136' title='bbox 808 1969 869 2023; x_wconf 74' lang='grc' dir='ltr'><strong>γ.</strong></span> <span class='ocrx_word' id='word_1_137' title='bbox 898 1998 969 2009; x_wconf 91' lang='lat'><strong>--</strong></span> <span class='ocrx_word' id='word_1_138' title='bbox 997 1969 1049 2024; x_wconf 83' lang='lat'><strong>5.</strong></span> <span class='ocrx_word' id='word_1_139' title='bbox 1077 1966 1399 2040; x_wconf 87' lang='lat' dir='ltr'><strong>Impunitas,</strong></span> <span class='ocrx_word' id='word_1_140' title='bbox 1440 1969 1663 2023; x_wconf 70' lang='lat' dir='ltr'><strong>maxima</strong></span> <span class='ocrx_word' id='word_1_141' title='bbox 1694 1967 1787 2023; x_wconf 85' lang='lat' dir='ltr'><strong>Dei</strong></span> <span class='ocrx_word' id='word_1_142' title='bbox 1819 1969 2057 2025; x_wconf 82' lang='lat' dir='ltr'><strong>vindicta.</strong></span> 
     </span>
    </p>
   </div>
   <div class='ocr_carea' id='block_1_20' title="bbox 480 2060 2057 2133">
    <p class='ocr_par' dir='ltr' id='par_1_20' title="bbox 480 2060 2057 2133">
     <span class='ocr_line' id='line_1_20' title="bbox 480 2060 2057 2133; baseline -0.001 -16"><span class='ocrx_word' id='word_1_143' title='bbox 480 2061 752 2117; x_wconf 82' lang='lat' dir='ltr'><strong>Severilas.</strong></span> <span class='ocrx_word' id='word_1_144' title='bbox 780 2060 910 2115; x_wconf 85' lang='lat' dir='ltr'><strong>Nam</strong></span> <span class='ocrx_word' id='word_1_145' title='bbox 934 2061 1011 2115; x_wconf 90' lang='lat' dir='ltr'><strong>vis</strong></span> <span class='ocrx_word' id='word_1_146' title='bbox 1032 2075 1211 2129; x_wconf 91' lang='lat' dir='ltr'><strong>nosse,</strong></span> <span class='ocrx_word' id='word_1_147' title='bbox 1236 2061 1376 2115; x_wconf 91' lang='lat' dir='ltr'><strong>nulla</strong></span> <span class='ocrx_word' id='word_1_148' title='bbox 1399 2076 1555 2133; x_wconf 70' lang='lat' dir='ltr'><strong>paena</strong></span> <span class='ocrx_word' id='word_1_149' title='bbox 1576 2071 1771 2132; x_wconf 86' lang='lat' dir='ltr'><strong>quanta</strong></span> <span class='ocrx_word' id='word_1_150' title='bbox 1790 2062 1860 2115; x_wconf 93' lang='lat' dir='ltr'><strong>sit</strong></span> <span class='ocrx_word' id='word_1_151' title='bbox 1882 2076 2057 2130; x_wconf 71' lang='lat' dir='ltr'><strong>pruna,</strong></span> 
     </span>
    </p>
   </div>
   <div class='ocr_carea' id='block_1_21' title="bbox 477 2150 2061 2222">
    <p class='ocr_par' dir='ltr' id='par_1_21' title="bbox 477 2150 2061 2222">
     <span class='ocr_line' id='line_1_21' title="bbox 477 2150 2061 2222; baseline -0.001 -16"><span class='ocrx_word' id='word_1_152' title='bbox 477 2167 585 2206; x_wconf 91' lang='lat' dir='ltr'><strong>non</strong></span> <span class='ocrx_word' id='word_1_153' title='bbox 631 2160 804 2206; x_wconf 54' lang='lat' dir='ltr'><strong>tarmen</strong></span> <span class='ocrx_word' id='word_1_154' title='bbox 842 2150 987 2220; x_wconf 87' lang='lat' dir='ltr'><strong>justo</strong></span> <span class='ocrx_word' id='word_1_155' title='bbox 1010 2192 1023 2216; x_wconf 93' lang='lat'><strong>,</strong></span> <span class='ocrx_word' id='word_1_156' title='bbox 1068 2150 1163 2206; x_wconf 89' lang='lat' dir='ltr'><strong>sed</strong></span> <span class='ocrx_word' id='word_1_157' title='bbox 1205 2150 1501 2220; x_wconf 86' lang='lat' dir='ltr'><strong>peccaturi,</strong></span> <span class='ocrx_word' id='word_1_158' title='bbox 1534 2151 1617 2205; x_wconf 89' lang='lat' dir='ltr'><strong>cui</strong></span> <span class='ocrx_word' id='word_1_159' title='bbox 1647 2159 1729 2205; x_wconf 89' lang='lat' dir='ltr'><strong>cst</strong></span> <span class='ocrx_word' id='word_1_160' title='bbox 1758 2150 2061 2222; x_wconf 81' lang='lat' dir='ltr'><strong>temporalis</strong></span> 
     </span>
    </p>
   </div>
   <div class='ocr_carea' id='block_1_22' title="bbox 477 2241 2059 2313">
    <p class='ocr_par' dir='ltr' id='par_1_22' title="bbox 477 2241 2059 2313">
     <span class='ocr_line' id='line_1_22' title="bbox 477 2241 2059 2313; baseline -0.001 -15"><span class='ocrx_word' id='word_1_161' title='bbox 477 2257 667 2311; x_wconf 66' lang='lat' dir='ltr'><strong>pinna,</strong></span> <span class='ocrx_word' id='word_1_162' title='bbox 713 2258 781 2297; x_wconf 92' lang='lat' dir='ltr'><strong>ne</strong></span> <span class='ocrx_word' id='word_1_163' title='bbox 824 2243 1075 2297; x_wconf 88' lang='lat' dir='ltr'><strong>succedat</strong></span> <span class='ocrx_word' id='word_1_164' title='bbox 1121 2242 1358 2297; x_wconf 76' lang='lat' dir='ltr'><strong>aeterna?</strong></span> <span class='ocrx_word' id='word_1_165' title='bbox 1390 2241 1481 2298; x_wconf 78' lang='lat' dir='ltr'><strong>Vis</strong></span> <span class='ocrx_word' id='word_1_166' title='bbox 1521 2258 1650 2313; x_wconf 86' lang='lat' dir='ltr'><strong>ergo</strong></span> <span class='ocrx_word' id='word_1_167' title='bbox 1692 2256 1881 2305; x_wconf 83' lang='lat' dir='ltr'><strong>nosse,</strong></span> <span class='ocrx_word' id='word_1_168' title='bbox 1915 2242 2059 2296; x_wconf 88' lang='lat' dir='ltr'><strong>nulla</strong></span> 
     </span>
    </p>
   </div>
   <div class='ocr_carea' id='block_1_23' title="bbox 479 2330 2060 2404">
    <p class='ocr_par' dir='ltr' id='par_1_23' title="bbox 479 2330 2060 2404">
     <span class='ocr_line' id='line_1_23' title="bbox 479 2330 2060 2404; baseline -0.001 -17"><span class='ocrx_word' id='word_1_169' title='bbox 479 2347 631 2402; x_wconf 69' lang='lat' dir='ltr'><strong>pretia</strong></span> <span class='ocrx_word' id='word_1_170' title='bbox 661 2342 854 2404; x_wconf 89' lang='lat' dir='ltr'><strong>quanta</strong></span> <span class='ocrx_word' id='word_1_171' title='bbox 883 2333 952 2388; x_wconf 92' lang='lat' dir='ltr'><strong>sit</strong></span> <span class='ocrx_word' id='word_1_172' title='bbox 977 2332 1174 2403; x_wconf 71' lang='lat' dir='ltr'><strong>poena?</strong></span> <span class='ocrx_word' id='word_1_173' title='bbox 1204 2333 1470 2388; x_wconf 87' lang='lat' dir='ltr'><strong>Psalmum</strong></span> <span class='ocrx_word' id='word_1_174' title='bbox 1495 2334 1759 2403; x_wconf 86' lang='lat' dir='ltr'><strong>interroga</strong></span> <span class='ocrx_word' id='word_1_175' title='bbox 1788 2349 1803 2387; x_wconf 89' lang='lat'><strong>:</strong></span> <span class='ocrx_word' id='word_1_176' title='bbox 1832 2330 2060 2386; x_wconf 75' lang='lat' dir='ltr'><strong>[tritavit</strong></span> 
     </span>
    </p>
   </div>
   <div class='ocr_carea' id='block_1_24' title="bbox 478 2423 2055 2497">
    <p class='ocr_par' dir='ltr' id='par_1_24' title="bbox 478 2423 2055 2497">
     <span class='ocr_line' id='line_1_24' title="bbox 478 2423 2055 2497; baseline 0.001 -20"><span class='ocrx_word' id='word_1_177' title='bbox 478 2423 755 2478; x_wconf 87' lang='lat' dir='ltr'><strong>Dominum</strong></span> <span class='ocrx_word' id='word_1_178' title='bbox 783 2435 1033 2497; x_wconf 79' lang='lat' dir='ltr'><strong>peccator.</strong></span> <span class='ocrx_word' id='word_1_179' title='bbox 1065 2425 1396 2480; x_wconf 78' lang='lat' dir='ltr'><strong>Exclamavit</strong></span> <span class='ocrx_word' id='word_1_180' title='bbox 1423 2424 1780 2489; x_wconf 82' lang='lat' dir='ltr'><strong>vehementer,</strong></span> <span class='ocrx_word' id='word_1_181' title='bbox 1811 2424 2055 2492; x_wconf 88' lang='lat' dir='ltr'><strong>attendit,</strong></span> 
     </span>
    </p>
   </div>
   <div class='ocr_carea' id='block_1_25' title="bbox 476 2513 2054 2586">
    <p class='ocr_par' dir='ltr' id='par_1_25' title="bbox 476 2513 2054 2586">
     <span class='ocr_line' id='line_1_25' title="bbox 476 2513 2054 2586; baseline 0.001 -20"><span class='ocrx_word' id='word_1_182' title='bbox 476 2515 850 2580; x_wconf 86' lang='lat' dir='ltr'><strong>consideravit,</strong></span> <span class='ocrx_word' id='word_1_183' title='bbox 872 2516 1191 2570; x_wconf 79' lang='lat' dir='ltr'><strong>exclamavit</strong></span> <span class='ocrx_word' id='word_1_184' title='bbox 1216 2531 1230 2569; x_wconf 89' lang='lat'><strong>:</strong></span> <span class='ocrx_word' id='word_1_185' title='bbox 1261 2513 1488 2568; x_wconf 82' lang='lat' dir='ltr'><strong>Irritavit</strong></span> <span class='ocrx_word' id='word_1_186' title='bbox 1511 2513 1786 2569; x_wconf 86' lang='lat' dir='ltr'><strong>Dominum</strong></span> <span class='ocrx_word' id='word_1_187' title='bbox 1806 2525 2054 2586; x_wconf 75' lang='lat' dir='ltr'><strong>peccator.</strong></span> 
     </span>
    </p>
   </div>
   <div class='ocr_carea' id='block_1_26' title="bbox 474 2602 2058 2673">
    <p class='ocr_par' dir='ltr' id='par_1_26' title="bbox 474 2602 2058 2673">
     <span class='ocr_line' id='line_1_26' title="bbox 474 2602 2058 2673; baseline 0.003 -17"><span class='ocrx_word' id='word_1_188' title='bbox 474 2605 684 2671; x_wconf 81' lang='lat' dir='ltr'><strong>Quare,</strong></span> <span class='ocrx_word' id='word_1_189' title='bbox 713 2602 976 2658; x_wconf 81' lang='lat' dir='ltr'><strong>obsecro?</strong></span> <span class='ocrx_word' id='word_1_190' title='bbox 1003 2604 1128 2673; x_wconf 86' lang='lat' dir='ltr'><strong>quid</strong></span> <span class='ocrx_word' id='word_1_191' title='bbox 1168 2604 1384 2659; x_wconf 80' lang='lat' dir='ltr'><strong>vidisti?</strong></span> <span class='ocrx_word' id='word_1_192' title='bbox 1410 2604 1509 2673; x_wconf 92' lang='lat' dir='ltr'><strong>Qui</strong></span> <span class='ocrx_word' id='word_1_193' title='bbox 1550 2613 1726 2660; x_wconf 89' lang='lat' dir='ltr'><strong>autem</strong></span> <span class='ocrx_word' id='word_1_194' title='bbox 1757 2605 1857 2661; x_wconf 88' lang='lat' dir='ltr'><strong>hoc</strong></span> <span class='ocrx_word' id='word_1_195' title='bbox 1881 2606 2058 2661; x_wconf 88' lang='lat' dir='ltr'><strong>excla-</strong></span> 
     </span>
    </p>
   </div>
   <div class='ocr_carea' id='block_1_27' title="bbox 475 2693 2057 2766">
    <p class='ocr_par' dir='ltr' id='par_1_27' title="bbox 475 2693 2057 2766">
     <span class='ocr_line' id='line_1_27' title="bbox 475 2693 2057 2766; baseline 0.003 -17"><span class='ocrx_word' id='word_1_196' title='bbox 475 2695 669 2760; x_wconf 83' lang='lat' dir='ltr'><strong>mavit,</strong></span> <span class='ocrx_word' id='word_1_197' title='bbox 702 2693 830 2749; x_wconf 83' lang='lat' dir='ltr'><strong>vidit</strong></span> <span class='ocrx_word' id='word_1_198' title='bbox 869 2703 1203 2764; x_wconf 82' lang='lat' dir='ltr'><strong>peccatorem</strong></span> <span class='ocrx_word' id='word_1_199' title='bbox 1246 2697 1462 2766; x_wconf 88' lang='lat' dir='ltr'><strong>impune</strong></span> <span class='ocrx_word' id='word_1_200' title='bbox 1505 2696 1890 2765; x_wconf 80' lang='lat' dir='ltr'><strong>luxuriantem,</strong></span> <span class='ocrx_word' id='word_1_201' title='bbox 1918 2697 2057 2753; x_wconf 84' lang='lat' dir='ltr'><strong>male</strong></span> 
     </span>
    </p>
   </div>
   <div class='ocr_carea' id='block_1_28' title="bbox 471 2785 2057 2856">
    <p class='ocr_par' dir='ltr' id='par_1_28' title="bbox 471 2785 2057 2856">
     <span class='ocr_line' id='line_1_28' title="bbox 471 2785 2057 2856; baseline 0.002 -18"><span class='ocrx_word' id='word_1_202' title='bbox 471 2786 773 2856; x_wconf 80' lang='lat' dir='ltr'><strong>iacientem,</strong></span> <span class='ocrx_word' id='word_1_203' title='bbox 795 2785 950 2840; x_wconf 84' lang='lat' dir='ltr'><strong>bonis</strong></span> <span class='ocrx_word' id='word_1_204' title='bbox 973 2785 1350 2853; x_wconf 85' lang='lat' dir='ltr'><strong>abundantem,</strong></span> <span class='ocrx_word' id='word_1_205' title='bbox 1377 2795 1429 2841; x_wconf 90' lang='lat' dir='ltr'><strong>et</strong></span> <span class='ocrx_word' id='word_1_206' title='bbox 1452 2787 1768 2841; x_wconf 80' lang='lat' dir='ltr'><strong>exclamavit</strong></span> <span class='ocrx_word' id='word_1_207' title='bbox 1791 2806 1803 2841; x_wconf 92' lang='lat'>:</span> <span class='ocrx_word' id='word_1_208' title='bbox 1828 2786 2057 2842; x_wconf 76' lang='lat' dir='ltr'><strong>Irritavit</strong></span> 
     </span>
    </p>
   </div>
   <div class='ocr_carea' id='block_1_29' title="bbox 471 2874 2055 2947">
    <p class='ocr_par' dir='ltr' id='par_1_29' title="bbox 471 2874 2055 2947">
     <span class='ocr_line' id='line_1_29' title="bbox 471 2874 2055 2947; baseline 0.003 -18"><span class='ocrx_word' id='word_1_209' title='bbox 471 2874 747 2931; x_wconf 83' lang='lat' dir='ltr'><strong>Dominam</strong></span> <span class='ocrx_word' id='word_1_210' title='bbox 774 2886 1024 2947; x_wconf 79' lang='lat' dir='ltr'><strong>peccator.</strong></span> <span class='ocrx_word' id='word_1_211' title='bbox 1064 2877 1238 2944; x_wconf 85' lang='lat' dir='ltr'><strong>Quare</strong></span> <span class='ocrx_word' id='word_1_212' title='bbox 1266 2876 1369 2931; x_wconf 90' lang='lat' dir='ltr'><strong>hoc</strong></span> <span class='ocrx_word' id='word_1_213' title='bbox 1395 2877 1615 2933; x_wconf 79' lang='lat' dir='ltr'><strong>dixisti?</strong></span> <span class='ocrx_word' id='word_1_214' title='bbox 1638 2877 1775 2945; x_wconf 89' lang='lat' dir='ltr'><strong>Quid</strong></span> <span class='ocrx_word' id='word_1_215' title='bbox 1803 2880 1943 2933; x_wconf 90' lang='lat' dir='ltr'><strong>enim</strong></span> <span class='ocrx_word' id='word_1_216' title='bbox 1972 2879 2055 2934; x_wconf 85' lang='lat' dir='ltr'><strong>vi-</strong></span> 
     </span>
    </p>
   </div>
   <div class='ocr_carea' id='block_1_30' title="bbox 471 2967 2053 3041">
    <p class='ocr_par' dir='ltr' id='par_1_30' title="bbox 471 2967 2053 3041">
     <span class='ocr_line' id='line_1_30' title="bbox 471 2967 2053 3041; baseline 0.001 -17"><span class='ocrx_word' id='word_1_217' title='bbox 471 2968 633 3024; x_wconf 81' lang='lat' dir='ltr'><strong>disti?</strong></span> <span class='ocrx_word' id='word_1_218' title='bbox 671 2967 793 3023; x_wconf 66' lang='lat' dir='ltr'><strong>Prae</strong></span> <span class='ocrx_word' id='word_1_219' title='bbox 826 2970 1172 3041; x_wconf 78' lang='lat' dir='ltr'><strong>magnitudine</strong></span> <span class='ocrx_word' id='word_1_220' title='bbox 1210 2970 1302 3024; x_wconf 69' lang='lat' dir='ltr'><strong>ira</strong></span> <span class='ocrx_word' id='word_1_221' title='bbox 1342 2984 1449 3024; x_wconf 66' lang='lat' dir='ltr'><strong>sua:</strong></span> <span class='ocrx_word' id='word_1_222' title='bbox 1491 2986 1593 3023; x_wconf 88' lang='lat' dir='ltr'><strong>non</strong></span> <span class='ocrx_word' id='word_1_223' title='bbox 1634 2970 1844 3040; x_wconf 84' lang='lat' dir='ltr'><strong>requirit</strong></span> <span class='ocrx_word' id='word_1_224' title='bbox 1884 2970 2053 3040; x_wconf 85' lang='lat' dir='ltr'><strong>(Psal.</strong></span> 
     </span>
    </p>
   </div>
   <div class='ocr_carea' id='block_1_31' title="bbox 472 3059 2055 3132">
    <p class='ocr_par' dir='ltr' id='par_1_31' title="bbox 472 3059 2055 3132">
     <span class='ocr_line' id='line_1_31' title="bbox 472 3059 2055 3132; baseline 0.001 -16"><span class='ocrx_word' id='word_1_225' title='bbox 472 3077 562 3127; x_wconf 79' lang='lat' dir='ltr'><strong>ix,</strong></span> <span class='ocrx_word' id='word_1_226' title='bbox 589 3061 667 3132; x_wconf 75' lang='grc' dir='ltr'><strong>ι).</strong></span> <span class='ocrx_word' id='word_1_227' title='bbox 709 3059 1024 3131; x_wconf 86' lang='lat' dir='ltr'><strong>lutelligite,</strong></span> <span class='ocrx_word' id='word_1_228' title='bbox 1065 3059 1256 3116; x_wconf 81' lang='lat' dir='ltr'><strong>fratres</strong></span> <span class='ocrx_word' id='word_1_229' title='bbox 1295 3060 1601 3128; x_wconf 89' lang='lat' dir='ltr'><strong>christiani,</strong></span> <span class='ocrx_word' id='word_1_230' title='bbox 1635 3061 2055 3118; x_wconf 88' lang='lat' dir='ltr'><strong>misericordiam</strong></span> 
     </span>
    </p>
   </div>
   <div class='ocr_carea' id='block_1_32' title="bbox 474 3151 2056 3222">
    <p class='ocr_par' dir='ltr' id='par_1_32' title="bbox 474 3151 2056 3222">
     <span class='ocr_line' id='line_1_32' title="bbox 474 3151 2056 3222; baseline 0.001 -14"><span class='ocrx_word' id='word_1_231' title='bbox 474 3152 586 3208; x_wconf 90' lang='lat' dir='ltr'><strong>Dei.</strong></span> <span class='ocrx_word' id='word_1_232' title='bbox 626 3152 848 3219; x_wconf 90' lang='lat' dir='ltr'><strong>Quando</strong></span> <span class='ocrx_word' id='word_1_233' title='bbox 890 3152 1112 3222; x_wconf 87' lang='lat' dir='ltr'><strong>castigat</strong></span> <span class='ocrx_word' id='word_1_234' title='bbox 1158 3152 1449 3218; x_wconf 90' lang='lat' dir='ltr'><strong>mundum,</strong></span> <span class='ocrx_word' id='word_1_235' title='bbox 1499 3167 1603 3206; x_wconf 93' lang='lat' dir='ltr'><strong>non</strong></span> <span class='ocrx_word' id='word_1_236' title='bbox 1646 3151 1759 3207; x_wconf 89' lang='lat' dir='ltr'><strong>vult</strong></span> <span class='ocrx_word' id='word_1_237' title='bbox 1800 3153 2056 3210; x_wconf 89' lang='lat' dir='ltr'><strong>damnare</strong></span> 
     </span>
    </p>
   </div>
   <div class='ocr_carea' id='block_1_33' title="bbox 472 3243 2049 3315">
    <p class='ocr_par' dir='ltr' id='par_1_33' title="bbox 472 3243 2049 3315">
     <span class='ocr_line' id='line_1_33' title="bbox 472 3243 2049 3315; baseline 0 -16"><span class='ocrx_word' id='word_1_238' title='bbox 472 3245 744 3300; x_wconf 90' lang='lat' dir='ltr'><strong>mundum.</strong></span> <span class='ocrx_word' id='word_1_239' title='bbox 808 3243 928 3299; x_wconf 72' lang='lat' dir='ltr'><strong>Prw</strong></span> <span class='ocrx_word' id='word_1_240' title='bbox 976 3243 1322 3315; x_wconf 84' lang='lat' dir='ltr'><strong>magnitudine</strong></span> <span class='ocrx_word' id='word_1_241' title='bbox 1370 3244 1462 3298; x_wconf 73' lang='lat' dir='ltr'><strong>ira:</strong></span> <span class='ocrx_word' id='word_1_242' title='bbox 1511 3258 1618 3297; x_wconf 78' lang='lat' dir='ltr'><strong>sua:</strong></span> <span class='ocrx_word' id='word_1_243' title='bbox 1665 3260 1765 3298; x_wconf 87' lang='lat' dir='ltr'><strong>non</strong></span> <span class='ocrx_word' id='word_1_244' title='bbox 1814 3245 2049 3313; x_wconf 71' lang='lat' dir='ltr'><strong>exquirit.</strong></span> 
     </span>
    </p>
   </div>
   <div class='ocr_carea' id='block_1_34' title="bbox 471 3325 2052 3406">
    <p class='ocr_par' dir='ltr' id='par_1_34' title="bbox 471 3325 2052 3406">
     <span class='ocr_line' id='line_1_34' title="bbox 471 3325 2052 3406; baseline -0.001 -15"><span class='ocrx_word' id='word_1_245' title='bbox 471 3337 594 3393; x_wconf 87' lang='lat' dir='ltr'><strong>ldeo</strong></span> <span class='ocrx_word' id='word_1_246' title='bbox 641 3352 744 3390; x_wconf 93' lang='lat' dir='ltr'><strong>non</strong></span> <span class='ocrx_word' id='word_1_247' title='bbox 793 3335 1057 3405; x_wconf 79' lang='lat' dir='ltr'><strong>exquirit,</strong></span> <span class='ocrx_word' id='word_1_248' title='bbox 1111 3335 1233 3405; x_wconf 83' lang='lat' dir='ltr'><strong>quia</strong></span> <span class='ocrx_word' id='word_1_249' title='bbox 1280 3335 1504 3390; x_wconf 90' lang='lat' dir='ltr'><strong>multum</strong></span> <span class='ocrx_word' id='word_1_250' title='bbox 1553 3325 1815 3390; x_wconf 74' lang='lat' dir='ltr'><strong>irascitur.</strong></span> <span class='ocrx_word' id='word_1_251' title='bbox 1867 3336 2052 3406; x_wconf 82' lang='lat' dir='ltr'><strong>Magna</strong></span> 
     </span>
    </p>
   </div>
   <div class='ocr_carea' id='block_1_35' title="bbox 469 3424 2054 3496">
    <p class='ocr_par' dir='ltr' id='par_1_35' title="bbox 469 3424 2054 3496">
     <span class='ocr_line' id='line_1_35' title="bbox 469 3424 2054 3496; baseline 0 -14"><span class='ocrx_word' id='word_1_252' title='bbox 469 3437 552 3482; x_wconf 92' lang='lat' dir='ltr'><strong>est</strong></span> <span class='ocrx_word' id='word_1_253' title='bbox 582 3427 656 3481; x_wconf 89' lang='lat' dir='ltr'><strong>ira</strong></span> <span class='ocrx_word' id='word_1_254' title='bbox 696 3427 830 3496; x_wconf 90' lang='lat' dir='ltr'><strong>ejus.</strong></span> <span class='ocrx_word' id='word_1_255' title='bbox 875 3424 1152 3481; x_wconf 88' lang='lat' dir='ltr'><strong>Parcendo</strong></span> <span class='ocrx_word' id='word_1_256' title='bbox 1193 3426 1377 3492; x_wconf 68' lang='lat' dir='ltr'><strong>saevit,</strong></span> <span class='ocrx_word' id='word_1_257' title='bbox 1422 3425 1514 3481; x_wconf 90' lang='lat' dir='ltr'><strong>sed</strong></span> <span class='ocrx_word' id='word_1_258' title='bbox 1556 3425 1699 3495; x_wconf 90' lang='lat' dir='ltr'><strong>juste</strong></span> <span class='ocrx_word' id='word_1_259' title='bbox 1740 3427 1911 3480; x_wconf 67' lang='lat' dir='ltr'><strong>saevit.</strong></span> <span class='ocrx_word' id='word_1_260' title='bbox 1960 3427 2054 3482; x_wconf 86' lang='lat' dir='ltr'><strong>Est</strong></span> 
     </span>
    </p>
   </div>
   <div class='ocr_carea' id='block_1_36' title="bbox 470 3516 2053 3588">
    <p class='ocr_par' dir='ltr' id='par_1_36' title="bbox 470 3516 2053 3588">
     <span class='ocr_line' id='line_1_36' title="bbox 470 3516 2053 3588; baseline 0 -15"><span class='ocrx_word' id='word_1_261' title='bbox 470 3519 610 3573; x_wconf 89' lang='lat' dir='ltr'><strong>enim</strong></span> <span class='ocrx_word' id='word_1_262' title='bbox 638 3518 913 3583; x_wconf 87' lang='lat' dir='ltr'><strong>severitas,</strong></span> <span class='ocrx_word' id='word_1_263' title='bbox 945 3518 1091 3587; x_wconf 91' lang='lat' dir='ltr'><strong>quasi</strong></span> <span class='ocrx_word' id='word_1_264' title='bbox 1120 3531 1258 3571; x_wconf 62' lang='lat' dir='ltr'><strong>saiva</strong></span> <span class='ocrx_word' id='word_1_265' title='bbox 1288 3517 1506 3571; x_wconf 86' lang='lat' dir='ltr'><strong>veritas.</strong></span> <span class='ocrx_word' id='word_1_266' title='bbox 1534 3516 1591 3572; x_wconf 91' lang='lat' dir='ltr'><strong>Si</strong></span> <span class='ocrx_word' id='word_1_267' title='bbox 1614 3531 1740 3588; x_wconf 89' lang='lat' dir='ltr'><strong>ergo</strong></span> <span class='ocrx_word' id='word_1_268' title='bbox 1766 3517 2053 3588; x_wconf 87' lang='lat' dir='ltr'><strong>aliquando</strong></span> 
     </span>
    </p>
   </div>
   <div class='ocr_carea' id='block_1_37' title="bbox 468 3606 2052 3678">
    <p class='ocr_par' dir='ltr' id='par_1_37' title="bbox 468 3606 2052 3678">
     <span class='ocr_line' id='line_1_37' title="bbox 468 3606 2052 3678; baseline 0 -17"><span class='ocrx_word' id='word_1_269' title='bbox 468 3609 624 3663; x_wconf 71' lang='lat' dir='ltr'><strong>szevit</strong></span> <span class='ocrx_word' id='word_1_270' title='bbox 661 3607 957 3678; x_wconf 90' lang='lat' dir='ltr'><strong>parcendo,</strong></span> <span class='ocrx_word' id='word_1_271' title='bbox 990 3606 1185 3662; x_wconf 89' lang='lat' dir='ltr'><strong>bonum</strong></span> <span class='ocrx_word' id='word_1_272' title='bbox 1217 3615 1298 3662; x_wconf 91' lang='lat' dir='ltr'><strong>est</strong></span> <span class='ocrx_word' id='word_1_273' title='bbox 1327 3607 1480 3661; x_wconf 88' lang='lat' dir='ltr'><strong>nobis</strong></span> <span class='ocrx_word' id='word_1_274' title='bbox 1506 3619 1561 3661; x_wconf 90' lang='lat' dir='ltr'><strong>ut</strong></span> <span class='ocrx_word' id='word_1_275' title='bbox 1590 3608 1865 3661; x_wconf 87' lang='lat' dir='ltr'><strong>subveniat</strong></span> <span class='ocrx_word' id='word_1_276' title='bbox 1888 3608 2052 3661; x_wconf 86' lang='lat' dir='ltr'><strong>casti-</strong></span> 
     </span>
    </p>
   </div>
   <div class='ocr_carea' id='block_1_38' title="bbox 467 3696 2049 3768">
    <p class='ocr_par' dir='ltr' id='par_1_38' title="bbox 467 3696 2049 3768">
     <span class='ocr_line' id='line_1_38' title="bbox 467 3696 2049 3768; baseline -0.001 -16"><span class='ocrx_word' id='word_1_277' title='bbox 467 3698 658 3768; x_wconf 83' lang='lat' dir='ltr'><strong>gando.</strong></span> <span class='ocrx_word' id='word_1_278' title='bbox 695 3699 757 3752; x_wconf 86' lang='lat' dir='ltr'><strong>Et</strong></span> <span class='ocrx_word' id='word_1_279' title='bbox 787 3706 962 3753; x_wconf 92' lang='lat' dir='ltr'><strong>tamen</strong></span> <span class='ocrx_word' id='word_1_280' title='bbox 994 3697 1037 3752; x_wconf 90' lang='lat' dir='ltr'><strong>si</strong></span> <span class='ocrx_word' id='word_1_281' title='bbox 1081 3697 1214 3751; x_wconf 88' lang='lat' dir='ltr'><strong>facta</strong></span> <span class='ocrx_word' id='word_1_282' title='bbox 1251 3696 1463 3767; x_wconf 88' lang='lat' dir='ltr'><strong>generis</strong></span> <span class='ocrx_word' id='word_1_283' title='bbox 1494 3696 1709 3750; x_wconf 86' lang='lat' dir='ltr'><strong>humani</strong></span> <span class='ocrx_word' id='word_1_284' title='bbox 1742 3696 2049 3751; x_wconf 88' lang='lat' dir='ltr'><strong>considere-</strong></span> 
     </span>
    </p>
   </div>
   <div class='ocr_carea' id='block_1_39' title="bbox 468 3784 2049 3857">
    <p class='ocr_par' dir='ltr' id='par_1_39' title="bbox 468 3784 2049 3857">
     <span class='ocr_line' id='line_1_39' title="bbox 468 3784 2049 3857; baseline -0.001 -15"><span class='ocrx_word' id='word_1_285' title='bbox 468 3803 617 3852; x_wconf 86' lang='lat' dir='ltr'><strong>mus,</strong></span> <span class='ocrx_word' id='word_1_286' title='bbox 647 3786 771 3857; x_wconf 82' lang='lat' dir='ltr'><strong>qnid</strong></span> <span class='ocrx_word' id='word_1_287' title='bbox 813 3785 1077 3855; x_wconf 77' lang='lat' dir='ltr'><strong>patimur?</strong></span> <span class='ocrx_word' id='word_1_288' title='bbox 1113 3786 1227 3840; x_wconf 86' lang='lat' dir='ltr'><strong>Non</strong></span> <span class='ocrx_word' id='word_1_289' title='bbox 1271 3784 1564 3840; x_wconf 89' lang='lat' dir='ltr'><strong>secundum</strong></span> <span class='ocrx_word' id='word_1_290' title='bbox 1613 3795 1825 3854; x_wconf 89' lang='lat' dir='ltr'><strong>peccata</strong></span> <span class='ocrx_word' id='word_1_291' title='bbox 1869 3795 2049 3840; x_wconf 89' lang='lat' dir='ltr'><strong>nostra</strong></span> 
     </span>
    </p>
   </div>
   <div class='ocr_carea' id='block_1_40' title="bbox 468 3874 2051 3950">
    <p class='ocr_par' dir='ltr' id='par_1_40' title="bbox 468 3874 2051 3950">
     <span class='ocr_line' id='line_1_40' title="bbox 468 3874 2051 3950; baseline 0 -19"><span class='ocrx_word' id='word_1_292' title='bbox 468 3877 595 3933; x_wconf 88' lang='lat' dir='ltr'><strong>fecit</strong></span> <span class='ocrx_word' id='word_1_293' title='bbox 620 3878 770 3931; x_wconf 87' lang='lat' dir='ltr'><strong>nobis</strong></span> <span class='ocrx_word' id='word_1_294' title='bbox 794 3874 963 3950; x_wconf 84' lang='lat' dir='ltr'><strong>(Psal.</strong></span> <span class='ocrx_word' id='word_1_295' title='bbox 987 3892 1076 3940; x_wconf 88' lang='lat' dir='ltr'><strong>cu,</strong></span> <span class='ocrx_word' id='word_1_296' title='bbox 1101 3876 1212 3947; x_wconf 78' lang='grc'><strong>10).</strong></span> <span class='ocrx_word' id='word_1_297' title='bbox 1242 3874 1356 3929; x_wconf 82' lang='lat' dir='ltr'><strong>Filii</strong></span> <span class='ocrx_word' id='word_1_298' title='bbox 1378 3876 1519 3930; x_wconf 88' lang='lat' dir='ltr'><strong>enim</strong></span> <span class='ocrx_word' id='word_1_299' title='bbox 1544 3889 1750 3930; x_wconf 86' lang='lat' dir='ltr'><strong>sumus.</strong></span> <span class='ocrx_word' id='word_1_300' title='bbox 1775 3875 1928 3931; x_wconf 85' lang='lat' dir='ltr'><strong>Unde</strong></span> <span class='ocrx_word' id='word_1_301' title='bbox 1946 3875 2051 3931; x_wconf 81' lang='lat' dir='ltr'><strong>hoc</strong></span> 
     </span>
    </p>
   </div>
   <div class='ocr_carea' id='block_1_41' title="bbox 469 3965 2046 4038">
    <p class='ocr_par' dir='ltr' id='par_1_41' title="bbox 469 3965 2046 4038">
     <span class='ocr_line' id='line_1_41' title="bbox 469 3965 2046 4038; baseline 0.001 -18"><span class='ocrx_word' id='word_1_302' title='bbox 469 3968 792 4038; x_wconf 78' lang='lat' dir='ltr'><strong>probamus?</strong></span> <span class='ocrx_word' id='word_1_303' title='bbox 818 3968 1051 4022; x_wconf 83' lang='lat' dir='ltr'><strong>Mortuus</strong></span> <span class='ocrx_word' id='word_1_304' title='bbox 1080 3976 1162 4022; x_wconf 90' lang='lat' dir='ltr'><strong>est</strong></span> <span class='ocrx_word' id='word_1_305' title='bbox 1200 3982 1295 4037; x_wconf 91' lang='lat' dir='ltr'><strong>pro</strong></span> <span class='ocrx_word' id='word_1_306' title='bbox 1334 3967 1487 4021; x_wconf 89' lang='lat' dir='ltr'><strong>nobis</strong></span> <span class='ocrx_word' id='word_1_307' title='bbox 1512 3965 1712 4022; x_wconf 87' lang='lat' dir='ltr'><strong>Unicus</strong></span> <span class='ocrx_word' id='word_1_308' title='bbox 1730 4008 1744 4033; x_wconf 93' lang='lat'><strong>,</strong></span> <span class='ocrx_word' id='word_1_309' title='bbox 1777 3981 1845 4022; x_wconf 89' lang='lat' dir='ltr'><strong>ne</strong></span> <span class='ocrx_word' id='word_1_310' title='bbox 1871 3982 2046 4023; x_wconf 86' lang='lat' dir='ltr'><strong>rema-</strong></span> 
     </span>
    </p>
   </div>
   <div class='ocr_carea' id='block_1_42' title="bbox 467 4058 2044 4127">
    <p class='ocr_par' dir='ltr' id='par_1_42' title="bbox 467 4058 2044 4127">
     <span class='ocr_line' id='line_1_42' title="bbox 467 4058 2044 4127; baseline -0.002 -13"><span class='ocrx_word' id='word_1_311' title='bbox 467 4069 618 4114; x_wconf 89' lang='lat' dir='ltr'><strong>neret</strong></span> <span class='ocrx_word' id='word_1_312' title='bbox 648 4075 801 4114; x_wconf 92' lang='lat' dir='ltr'><strong>unus.</strong></span> <span class='ocrx_word' id='word_1_313' title='bbox 833 4059 1013 4115; x_wconf 79' lang='lat' dir='ltr'><strong>Noluit</strong></span> <span class='ocrx_word' id='word_1_314' title='bbox 1038 4072 1158 4114; x_wconf 88' lang='lat' dir='ltr'><strong>esse</strong></span> <span class='ocrx_word' id='word_1_315' title='bbox 1186 4073 1353 4120; x_wconf 88' lang='lat' dir='ltr'><strong>unus,</strong></span> <span class='ocrx_word' id='word_1_316' title='bbox 1391 4058 1479 4127; x_wconf 90' lang='lat' dir='ltr'><strong>qui</strong></span> <span class='ocrx_word' id='word_1_317' title='bbox 1511 4069 1751 4113; x_wconf 89' lang='lat' dir='ltr'><strong>mortuus</strong></span> <span class='ocrx_word' id='word_1_318' title='bbox 1777 4066 1861 4112; x_wconf 92' lang='lat' dir='ltr'><strong>est</strong></span> <span class='ocrx_word' id='word_1_319' title='bbox 1889 4073 2044 4112; x_wconf 91' lang='lat' dir='ltr'><strong>unus.</strong></span> 
     </span>
    </p>
   </div>
   <div class='ocr_carea' id='block_1_43' title="bbox 468 4146 2049 4208">
    <p class='ocr_par' dir='ltr' id='par_1_43' title="bbox 468 4146 2049 4208">
     <span class='ocr_line' id='line_1_43' title="bbox 468 4146 2049 4208; baseline -0.001 -3"><span class='ocrx_word' id='word_1_320' title='bbox 468 4152 657 4207; x_wconf 75' lang='lat' dir='ltr'><strong>Multos</strong></span> <span class='ocrx_word' id='word_1_321' title='bbox 698 4152 839 4208; x_wconf 91' lang='lat' dir='ltr'><strong>enim</strong></span> <span class='ocrx_word' id='word_1_322' title='bbox 881 4150 1018 4206; x_wconf 82' lang='lat' dir='ltr'><strong>ﬁlios</strong></span> <span class='ocrx_word' id='word_1_323' title='bbox 1061 4150 1154 4206; x_wconf 91' lang='lat' dir='ltr'><strong>Dei</strong></span> <span class='ocrx_word' id='word_1_324' title='bbox 1193 4150 1315 4205; x_wconf 84' lang='lat' dir='ltr'><strong>fecit</strong></span> <span class='ocrx_word' id='word_1_325' title='bbox 1351 4150 1539 4204; x_wconf 91' lang='lat' dir='ltr'><strong>unicus</strong></span> <span class='ocrx_word' id='word_1_326' title='bbox 1566 4146 1733 4204; x_wconf 83' lang='lat' dir='ltr'><strong>Filius</strong></span> <span class='ocrx_word' id='word_1_327' title='bbox 1762 4148 1874 4203; x_wconf 90' lang='lat' dir='ltr'><strong>Dei.</strong></span> <span class='ocrx_word' id='word_1_328' title='bbox 1905 4148 2049 4204; x_wconf 89' lang='lat' dir='ltr'><strong>Emit</strong></span> 
     </span>
    </p>
   </div>
   <div class='ocr_carea' id='block_1_44' title="bbox 467 4240 2049 4314">
    <p class='ocr_par' dir='ltr' id='par_1_44' title="bbox 467 4240 2049 4314">
     <span class='ocr_line' id='line_1_44' title="bbox 467 4240 2049 4314; baseline -0.001 -15"><span class='ocrx_word' id='word_1_329' title='bbox 467 4243 565 4299; x_wconf 92' lang='lat' dir='ltr'><strong>sibi</strong></span> <span class='ocrx_word' id='word_1_330' title='bbox 588 4243 778 4299; x_wconf 90' lang='lat' dir='ltr'><strong>fratres</strong></span> <span class='ocrx_word' id='word_1_331' title='bbox 798 4243 1053 4314; x_wconf 85' lang='lat' dir='ltr'><strong>sanguine</strong></span> <span class='ocrx_word' id='word_1_332' title='bbox 1075 4257 1191 4305; x_wconf 91' lang='lat' dir='ltr'><strong>suo,</strong></span> <span class='ocrx_word' id='word_1_333' title='bbox 1212 4241 1451 4312; x_wconf 88' lang='lat' dir='ltr'><strong>probavit</strong></span> <span class='ocrx_word' id='word_1_334' title='bbox 1471 4241 1803 4311; x_wconf 86' lang='lat' dir='ltr'><strong>reprobatus,</strong></span> <span class='ocrx_word' id='word_1_335' title='bbox 1820 4240 2049 4297; x_wconf 88' lang='lat' dir='ltr'><strong>redemit</strong></span> 
     </span>
    </p>
   </div>
   <div class='ocr_carea' id='block_1_45' title="bbox 465 4332 2049 4402">
    <p class='ocr_par' dir='ltr' id='par_1_45' title="bbox 465 4332 2049 4402">
     <span class='ocr_line' id='line_1_45' title="bbox 465 4332 2049 4402; baseline -0.003 -11"><span class='ocrx_word' id='word_1_336' title='bbox 465 4334 731 4400; x_wconf 86' lang='lat' dir='ltr'><strong>venditus,</strong></span> <span class='ocrx_word' id='word_1_337' title='bbox 755 4334 1033 4388; x_wconf 82' lang='lat' dir='ltr'><strong>honoravit</strong></span> <span class='ocrx_word' id='word_1_338' title='bbox 1058 4333 1352 4402; x_wconf 86' lang='lat' dir='ltr'><strong>injuriatus,</strong></span> <span class='ocrx_word' id='word_1_339' title='bbox 1383 4332 1666 4387; x_wconf 79' lang='lat' dir='ltr'><strong>viviticavit</strong></span> <span class='ocrx_word' id='word_1_340' title='bbox 1690 4332 1917 4387; x_wconf 89' lang='lat' dir='ltr'><strong>occisus.</strong></span> <span class='ocrx_word' id='word_1_341' title='bbox 1943 4332 2049 4386; x_wconf 88' lang='lat' dir='ltr'><strong>Du-</strong></span> 
     </span>
    </p>
   </div>
   <div class='ocr_carea' id='block_1_46' title="bbox 465 4421 2048 4495">
    <p class='ocr_par' dir='ltr' id='par_1_46' title="bbox 465 4421 2048 4495">
     <span class='ocr_line' id='line_1_46' title="bbox 465 4421 2048 4495; baseline -0.003 -13"><span class='ocrx_word' id='word_1_342' title='bbox 465 4426 603 4482; x_wconf 86' lang='lat' dir='ltr'><strong>bitas</strong></span> <span class='ocrx_word' id='word_1_343' title='bbox 628 4424 770 4495; x_wconf 91' lang='lat' dir='ltr'><strong>quod</strong></span> <span class='ocrx_word' id='word_1_344' title='bbox 791 4423 937 4478; x_wconf 87' lang='lat' dir='ltr'><strong>dabit</strong></span> <span class='ocrx_word' id='word_1_345' title='bbox 964 4422 1059 4476; x_wconf 87' lang='lat' dir='ltr'><strong>tibi</strong></span> <span class='ocrx_word' id='word_1_346' title='bbox 1088 4422 1223 4477; x_wconf 92' lang='lat' dir='ltr'><strong>bona</strong></span> <span class='ocrx_word' id='word_1_347' title='bbox 1250 4436 1366 4487; x_wconf 89' lang='lat' dir='ltr'><strong>sua,</strong></span> <span class='ocrx_word' id='word_1_348' title='bbox 1389 4422 1477 4491; x_wconf 88' lang='lat' dir='ltr'><strong>qui</strong></span> <span class='ocrx_word' id='word_1_349' title='bbox 1504 4437 1609 4476; x_wconf 93' lang='lat' dir='ltr'><strong>non</strong></span> <span class='ocrx_word' id='word_1_350' title='bbox 1632 4421 1946 4493; x_wconf 86' lang='lat' dir='ltr'><strong>dedignatus</strong></span> <span class='ocrx_word' id='word_1_351' title='bbox 1965 4431 2048 4477; x_wconf 88' lang='lat' dir='ltr'><strong>est</strong></span> 
     </span>
    </p>
   </div>
   <div class='ocr_carea' id='block_1_47' title="bbox 465 4513 2042 4588">
    <p class='ocr_par' dir='ltr' id='par_1_47' title="bbox 465 4513 2042 4588">
     <span class='ocr_line' id='line_1_47' title="bbox 465 4513 2042 4588; baseline -0.005 -14"><span class='ocrx_word' id='word_1_352' title='bbox 465 4518 735 4588; x_wconf 82' lang='lat' dir='ltr'><strong>suscipere</strong></span> <span class='ocrx_word' id='word_1_353' title='bbox 760 4516 896 4569; x_wconf 89' lang='lat' dir='ltr'><strong>mala</strong></span> <span class='ocrx_word' id='word_1_354' title='bbox 920 4514 1045 4568; x_wconf 81' lang='lat' dir='ltr'><strong>tua?</strong></span> <span class='ocrx_word' id='word_1_355' title='bbox 1071 4513 1229 4583; x_wconf 87' lang='lat' dir='ltr'><strong>Ergo,</strong></span> <span class='ocrx_word' id='word_1_356' title='bbox 1259 4513 1466 4580; x_wconf 87' lang='lat' dir='ltr'><strong>fratres,</strong></span> <span class='ocrx_word' id='word_1_357' title='bbox 1495 4515 1706 4585; x_wconf 85' lang='lat' dir='ltr'><strong>gaudete</strong></span> <span class='ocrx_word' id='word_1_358' title='bbox 1728 4515 1780 4568; x_wconf 90' lang='lat' dir='ltr'><strong>in</strong></span> <span class='ocrx_word' id='word_1_359' title='bbox 1801 4513 2042 4581; x_wconf 88' lang='lat' dir='ltr'><strong>Domino,</strong></span> 
     </span>
    </p>
   </div>
   <div class='ocr_carea' id='block_1_48' title="bbox 464 4603 2043 4676">
    <p class='ocr_par' dir='ltr' id='par_1_48' title="bbox 464 4603 2043 4676">
     <span class='ocr_line' id='line_1_48' title="bbox 464 4603 2043 4676; baseline -0.003 -12"><span class='ocrx_word' id='word_1_360' title='bbox 464 4624 571 4664; x_wconf 91' lang='lat' dir='ltr'><strong>non</strong></span> <span class='ocrx_word' id='word_1_361' title='bbox 614 4607 666 4662; x_wconf 92' lang='lat' dir='ltr'><strong>in</strong></span> <span class='ocrx_word' id='word_1_362' title='bbox 712 4606 907 4662; x_wconf 61' lang='lat' dir='ltr'><strong>sarculo</strong></span> <span class='ocrx_word' id='word_1_363' title='bbox 941 4622 954 4660; x_wconf 87' lang='lat'><strong>:</strong></span> <span class='ocrx_word' id='word_1_364' title='bbox 985 4604 1037 4660; x_wconf 92' lang='lat' dir='ltr'><strong>id</strong></span> <span class='ocrx_word' id='word_1_365' title='bbox 1067 4613 1176 4672; x_wconf 90' lang='lat' dir='ltr'><strong>est,</strong></span> <span class='ocrx_word' id='word_1_366' title='bbox 1207 4603 1433 4676; x_wconf 85' lang='lat' dir='ltr'><strong>gaudete</strong></span> <span class='ocrx_word' id='word_1_367' title='bbox 1467 4604 1519 4658; x_wconf 90' lang='lat' dir='ltr'><strong>in</strong></span> <span class='ocrx_word' id='word_1_368' title='bbox 1552 4606 1805 4674; x_wconf 91' lang='lat' dir='ltr'><strong>veritate,</strong></span> <span class='ocrx_word' id='word_1_369' title='bbox 1850 4620 1955 4660; x_wconf 91' lang='lat' dir='ltr'><strong>non</strong></span> <span class='ocrx_word' id='word_1_370' title='bbox 1991 4606 2043 4660; x_wconf 90' lang='lat' dir='ltr'><strong>in</strong></span> 
     </span>
    </p>
   </div>
   <div class='ocr_carea' id='block_1_49' title="bbox 465 4696 2044 4770">
    <p class='ocr_par' dir='ltr' id='par_1_49' title="bbox 465 4696 2044 4770">
     <span class='ocr_line' id='line_1_49' title="bbox 465 4696 2044 4770; baseline -0.003 -14"><span class='ocrx_word' id='word_1_371' title='bbox 465 4700 775 4770; x_wconf 79' lang='lat' dir='ltr'><strong>Iniquitate;</strong></span> <span class='ocrx_word' id='word_1_372' title='bbox 817 4697 1043 4769; x_wconf 84' lang='lat' dir='ltr'><strong>gaudete</strong></span> <span class='ocrx_word' id='word_1_373' title='bbox 1088 4697 1140 4752; x_wconf 91' lang='lat' dir='ltr'><strong>in</strong></span> <span class='ocrx_word' id='word_1_374' title='bbox 1182 4711 1279 4766; x_wconf 86' lang='lat' dir='ltr'><strong>spe</strong></span> <span class='ocrx_word' id='word_1_375' title='bbox 1324 4696 1670 4762; x_wconf 76' lang='lat' dir='ltr'><strong>:eternitatis,</strong></span> <span class='ocrx_word' id='word_1_376' title='bbox 1700 4713 1803 4753; x_wconf 90' lang='lat' dir='ltr'><strong>non</strong></span> <span class='ocrx_word' id='word_1_377' title='bbox 1836 4700 1887 4753; x_wconf 91' lang='lat' dir='ltr'><strong>in</strong></span> <span class='ocrx_word' id='word_1_378' title='bbox 1913 4698 2044 4754; x_wconf 80' lang='lat' dir='ltr'><strong>ﬂore</strong></span> 
     </span>
    </p>
   </div>
   <div class='ocr_carea' id='block_1_50' title="bbox 462 4789 2045 4861">
    <p class='ocr_par' dir='ltr' id='par_1_50' title="bbox 462 4789 2045 4861">
     <span class='ocr_line' id='line_1_50' title="bbox 462 4789 2045 4861; baseline -0.001 -14"><span class='ocrx_word' id='word_1_379' title='bbox 462 4792 728 4847; x_wconf 86' lang='lat' dir='ltr'><strong>vanitatis.</strong></span> <span class='ocrx_word' id='word_1_380' title='bbox 742 4790 816 4846; x_wconf 83' lang='lat' dir='ltr'><strong>Ita</strong></span> <span class='ocrx_word' id='word_1_381' title='bbox 840 4789 1063 4861; x_wconf 79' lang='lat' dir='ltr'><strong>gaudete</strong></span> <span class='ocrx_word' id='word_1_382' title='bbox 1092 4806 1106 4843; x_wconf 92' lang='lat'><strong>:</strong></span> <span class='ocrx_word' id='word_1_383' title='bbox 1134 4799 1187 4845; x_wconf 92' lang='lat' dir='ltr'><strong>et</strong></span> <span class='ocrx_word' id='word_1_384' title='bbox 1212 4790 1547 4859; x_wconf 88' lang='lat' dir='ltr'><strong>ubicumque,</strong></span> <span class='ocrx_word' id='word_1_385' title='bbox 1569 4798 1623 4844; x_wconf 94' lang='lat' dir='ltr'><strong>et</strong></span> <span class='ocrx_word' id='word_1_386' title='bbox 1645 4789 2045 4859; x_wconf 84' lang='lat' dir='ltr'><strong>quamdiucum-</strong></span> 
     </span>
    </p>
   </div>
   <div class='ocr_carea' id='block_1_51' title="bbox 460 4879 2045 4955">
    <p class='ocr_par' dir='ltr' id='par_1_51' title="bbox 460 4879 2045 4955">
     <span class='ocr_line' id='line_1_51' title="bbox 460 4879 2045 4955; baseline -0.001 -17"><span class='ocrx_word' id='word_1_387' title='bbox 460 4898 566 4955; x_wconf 89' lang='lat' dir='ltr'><strong>que</strong></span> <span class='ocrx_word' id='word_1_388' title='bbox 594 4882 680 4938; x_wconf 88' lang='lat' dir='ltr'><strong>hic</strong></span> <span class='ocrx_word' id='word_1_389' title='bbox 703 4882 931 4946; x_wconf 89' lang='lat' dir='ltr'><strong>fueritis,</strong></span> <span class='ocrx_word' id='word_1_390' title='bbox 959 4879 1208 4935; x_wconf 79' lang='lat' dir='ltr'><strong>Dominus</strong></span> <span class='ocrx_word' id='word_1_391' title='bbox 1234 4880 1286 4934; x_wconf 85' lang='lat' dir='ltr'><strong>in</strong></span> <span class='ocrx_word' id='word_1_392' title='bbox 1316 4880 1544 4951; x_wconf 78' lang='lat' dir='ltr'><strong>proximo</strong></span> <span class='ocrx_word' id='word_1_393' title='bbox 1569 4889 1660 4947; x_wconf 83' lang='lat' dir='ltr'><strong>est,</strong></span> <span class='ocrx_word' id='word_1_394' title='bbox 1689 4879 1819 4935; x_wconf 84' lang='lat' dir='ltr'><strong>nihil</strong></span> <span class='ocrx_word' id='word_1_395' title='bbox 1843 4880 2045 4936; x_wconf 76' lang='lat' dir='ltr'><strong>solliciti</strong></span> 
     </span>
    </p>
   </div>
   <div class='ocr_carea' id='block_1_52' title="bbox 458 4975 675 5045">
    <p class='ocr_par' dir='ltr' id='par_1_52' title="bbox 458 4975 675 5045">
     <span class='ocr_line' id='line_1_52' title="bbox 458 4975 675 5045; baseline 0 -15"><span class='ocrx_word' id='word_1_396' title='bbox 458 4975 675 5045; x_wconf 83' lang='lat' dir='ltr'><strong>fueritis.</strong></span> 
     </span>
    </p>
   </div>
   <div class='ocr_carea' id='block_1_53' title="bbox 916 5087 1578 5161">
    <p class='ocr_par' dir='ltr' id='par_1_53' title="bbox 916 5087 1578 5161">
     <span class='ocr_line' id='line_1_53' title="bbox 916 5087 1578 5161; baseline -0.002 -17"><span class='ocrx_word' id='word_1_397' title='bbox 916 5088 1145 5145; x_wconf 84' lang='lat' dir='ltr'><strong>SERth</strong></span> <span class='ocrx_word' id='word_1_398' title='bbox 1180 5087 1410 5145; x_wconf 73' lang='lat' dir='ltr'><strong>CLXXII</strong></span> <span class='ocrx_word' id='word_1_399' title='bbox 1437 5094 1455 5113; x_wconf 75' lang='grc' dir='ltr'><strong>ο</strong></span> <span class='ocrx_word' id='word_1_400' title='bbox 1486 5089 1578 5161; x_wconf 89' lang='grc' dir='ltr'><strong>(α).</strong></span> 
     </span>
    </p>
   </div>
   <div class='ocr_carea' id='block_1_54' title="bbox 458 5232 2040 5306">
    <p class='ocr_par' dir='ltr' id='par_1_54' title="bbox 458 5232 2040 5306">
     <span class='ocr_line' id='line_1_54' title="bbox 458 5232 2040 5306; baseline 0.003 -18"><span class='ocrx_word' id='word_1_401' title='bbox 458 5233 537 5289; x_wconf 83' lang='lat' dir='ltr'><strong>De</strong></span> <span class='ocrx_word' id='word_1_402' title='bbox 560 5234 720 5290; x_wconf 78' lang='lat' dir='ltr'><strong>verbis</strong></span> <span class='ocrx_word' id='word_1_403' title='bbox 745 5234 994 5306; x_wconf 80' lang='lat' dir='ltr'><strong>Apostoli,</strong></span> <span class='ocrx_word' id='word_1_404' title='bbox 1026 5234 1044 5288; x_wconf 88' lang='lat' dir='ltr'><strong>l</strong></span> <span class='ocrx_word' id='word_1_405' title='bbox 1078 5232 1250 5287; x_wconf 76' lang='lat' dir='ltr'><strong>Thess.</strong></span> <span class='ocrx_word' id='word_1_406' title='bbox 1284 5250 1397 5304; x_wconf 87' lang='lat' dir='ltr'><strong>cap.</strong></span> <span class='ocrx_word' id='word_1_407' title='bbox 1425 5251 1497 5303; x_wconf 79' lang='lat' dir='ltr'><strong>iv,</strong></span> <span class='ocrx_word' id='word_1_408' title='bbox 1526 5235 1621 5302; x_wconf 75' lang='grc'><strong>12,</strong></span> <span class='ocrx_word' id='word_1_409' title='bbox 1652 5235 1906 5292; x_wconf 81' lang='lat' dir='ltr'><strong>Nolumus</strong></span> <span class='ocrx_word' id='word_1_410' title='bbox 1942 5252 2040 5293; x_wconf 87' lang='lat' dir='ltr'><strong>au-</strong></span> 
     </span>
    </p>
   </div>
   <div class='ocr_carea' id='block_1_55' title="bbox 456 5405 2044 5532">
    <p class='ocr_par' dir='ltr' id='par_1_55' title="bbox 456 5405 2044 5532">
     <span class='ocr_line' id='line_1_55' title="bbox 456 5405 2044 5532; baseline 0.004 -76"><span class='ocrx_word' id='word_1_411' title='bbox 456 5405 848 5532; x_wconf 50' lang='lat' dir='ltr'><strong>wgtggt</strong></span> <span class='ocrx_word' id='word_1_412' title='bbox 865 5406 1191 5469; x_wconf 73' lang='lat' dir='ltr'><strong>manuscripti.</strong></span> <span class='ocrx_word' id='word_1_413' title='bbox 1216 5413 1275 5456; x_wconf 77' lang='lat' dir='ltr'><strong>At</strong></span> <span class='ocrx_word' id='word_1_414' title='bbox 1303 5405 1447 5470; x_wconf 84' lang='lat' dir='ltr'><strong>editi,</strong></span> <span class='ocrx_word' id='word_1_415' title='bbox 1468 5406 1695 5472; x_wconf 68' lang='lat' dir='ltr'><strong>nequitia</strong></span> <span class='ocrx_word' id='word_1_416' title='bbox 1713 5407 2044 5474; x_wconf 64' lang='lat' dir='ltr'><strong>ttan</strong></span> 
     </span>
    </p>
   </div>
   <div class='ocr_carea' id='block_1_56' title="bbox 460 5549 2036 5662">
    <p class='ocr_par' dir='ltr' id='par_1_56' title="bbox 460 5549 2036 5662">
     <span class='ocr_line' id='line_1_56' title="bbox 460 5549 2036 5662; baseline 0.01 -72"><span class='ocrx_word' id='word_1_417' title='bbox 460 5551 539 5661; x_wconf 54' lang='grc' dir='ltr'><strong>νά*</strong></span> <span class='ocrx_word' id='word_1_418' title='bbox 560 5549 1013 5662; x_wconf 41' lang='grc' dir='ltr'><strong>πεηὲιῖιῶθὰ</strong></span> <span class='ocrx_word' id='word_1_419' title='bbox 1036 5550 1119 5599; x_wconf 86' lang='lat' dir='ltr'><strong>hu.</strong></span> <span class='ocrx_word' id='word_1_420' title='bbox 1144 5550 1205 5602; x_wconf 91' lang='lat' dir='ltr'><strong>cl.</strong></span> <span class='ocrx_word' id='word_1_421' title='bbox 1226 5550 1302 5602; x_wconf 90' lang='lat' dir='ltr'><strong>ch.</strong></span> <span class='ocrx_word' id='word_1_422' title='bbox 1327 5550 1359 5600; x_wconf 86' lang='lat' dir='ltr'><strong>f.</strong></span> <span class='ocrx_word' id='word_1_423' title='bbox 1379 5550 1436 5603; x_wconf 86' lang='lat' dir='ltr'><strong>fs.</strong></span> <span class='ocrx_word' id='word_1_424' title='bbox 1454 5565 1504 5618; x_wconf 84' lang='lat' dir='ltr'><strong>g.</strong></span> <span class='ocrx_word' id='word_1_425' title='bbox 1525 5551 1558 5603; x_wconf 92' lang='lat' dir='ltr'><strong>l.</strong></span> <span class='ocrx_word' id='word_1_426' title='bbox 1578 5561 1637 5604; x_wconf 88' lang='lat' dir='ltr'><strong>tr.</strong></span> <span class='ocrx_word' id='word_1_427' title='bbox 1671 5567 1738 5605; x_wconf 85' lang='lat' dir='ltr'><strong>in.</strong></span> <span class='ocrx_word' id='word_1_428' title='bbox 1778 5568 1851 5619; x_wconf 82' lang='lat' dir='ltr'><strong>pr.</strong></span> <span class='ocrx_word' id='word_1_429' title='bbox 1876 5568 1920 5607; x_wconf 88' lang='lat' dir='ltr'><strong>r.</strong></span> <span class='ocrx_word' id='word_1_430' title='bbox 1945 5569 2036 5606; x_wconf 90' lang='lat' dir='ltr'><strong>rm.</strong></span> 
     </span>
    </p>
   </div>
   <div class='ocr_carea' id='block_1_57' title="bbox 520 5688 1351 5755">
    <p class='ocr_par' dir='ltr' id='par_1_57' title="bbox 520 5688 1351 5755">
     <span class='ocr_line' id='line_1_57' title="bbox 520 5688 1351 5755; baseline 0.006 -17"><span class='ocrx_word' id='word_1_431' title='bbox 520 5688 594 5753; x_wconf 79' lang='grc' dir='ltr'><strong>(α)</strong></span> <span class='ocrx_word' id='word_1_432' title='bbox 617 5688 754 5755; x_wconf 61' lang='lat' dir='ltr'><strong>stus,</strong></span> <span class='ocrx_word' id='word_1_433' title='bbox 778 5691 843 5742; x_wconf 86' lang='lat' dir='ltr'><strong>de</strong></span> <span class='ocrx_word' id='word_1_434' title='bbox 859 5692 1029 5747; x_wconf 75' lang='lat' dir='ltr'><strong>Verbis</strong></span> <span class='ocrx_word' id='word_1_435' title='bbox 1050 5692 1255 5755; x_wconf 76' lang='lat' dir='ltr'><strong>Apostoli</strong></span> <span class='ocrx_word' id='word_1_436' title='bbox 1274 5693 1351 5744; x_wconf 69' lang='lat' dir='ltr'><strong>se.</strong></span> 
     </span>
    </p>
   </div>
   <div class='ocr_carea' id='block_1_58' title="bbox 1730 301 3671 386">
    <p class='ocr_par' dir='ltr' id='par_1_58' title="bbox 1730 301 3671 386">
     <span class='ocr_line' id='line_1_58' title="bbox 1730 301 3671 386; baseline -0.005 -28"><span class='ocrx_word' id='word_1_437' title='bbox 1730 302 1786 358; x_wconf 85' lang='lat' dir='ltr'><strong>S.</strong></span> <span class='ocrx_word' id='word_1_438' title='bbox 1829 301 2193 357; x_wconf 72' lang='lat' dir='ltr'><strong>AUGUSTINI</strong></span> <span class='ocrx_word' id='word_1_439' title='bbox 2238 301 2532 359; x_wconf 75' lang='lat' dir='ltr'><strong>EPISCOPI</strong></span> <span class='ocrx_word' id='word_1_440' title='bbox 3589 322 3671 386; x_wconf 66' lang='lat'><strong>936</strong></span> 
     </span>
    </p>
   </div>
   <div class='ocr_carea' id='block_1_59' title="bbox 2256 415 3675 496">
    <p class='ocr_par' dir='ltr' id='par_1_59' title="bbox 2256 415 3675 496">
     <span class='ocr_line' id='line_1_59' title="bbox 2256 415 3675 496; baseline 0.017 -27"><span class='ocrx_word' id='word_1_441' title='bbox 2256 425 2361 470; x_wconf 88' lang='lat' dir='ltr'><strong>tem</strong></span> <span class='ocrx_word' id='word_1_442' title='bbox 2390 431 2484 470; x_wconf 88' lang='lat' dir='ltr'><strong>vos</strong></span> <span class='ocrx_word' id='word_1_443' title='bbox 2513 415 2777 485; x_wconf 69' lang='lat' dir='ltr'><strong>ignorare,</strong></span> <span class='ocrx_word' id='word_1_444' title='bbox 2809 416 3018 483; x_wconf 77' lang='lat' dir='ltr'><strong>fratres,</strong></span> <span class='ocrx_word' id='word_1_445' title='bbox 3046 420 3110 475; x_wconf 83' lang='lat' dir='ltr'><strong>de</strong></span> <span class='ocrx_word' id='word_1_446' title='bbox 3137 422 3499 496; x_wconf 79' lang='lat' dir='ltr'><strong>dormientibus,</strong></span> <span class='ocrx_word' id='word_1_447' title='bbox 3524 445 3675 495; x_wconf 81' lang='lat' dir='ltr'><strong>utnon</strong></span> 
     </span>
    </p>
   </div>
   <div class='ocr_carea' id='block_1_60' title="bbox 2254 511 3674 589">
    <p class='ocr_par' dir='ltr' id='par_1_60' title="bbox 2254 511 3674 589">
     <span class='ocr_line' id='line_1_60' title="bbox 2254 511 3674 589; baseline 0.011 -25"><span class='ocrx_word' id='word_1_448' title='bbox 2254 511 2663 573; x_wconf 83' lang='lat' dir='ltr'><strong>euittristemini,</strong></span> <span class='ocrx_word' id='word_1_449' title='bbox 2687 513 2822 566; x_wconf 90' lang='lat' dir='ltr'><strong>sicut</strong></span> <span class='ocrx_word' id='word_1_450' title='bbox 2842 522 2897 567; x_wconf 90' lang='lat' dir='ltr'><strong>et</strong></span> <span class='ocrx_word' id='word_1_451' title='bbox 2921 517 3094 570; x_wconf 65' lang='lat' dir='ltr'><strong>caueri</strong></span> <span class='ocrx_word' id='word_1_452' title='bbox 3122 518 3205 586; x_wconf 85' lang='lat' dir='ltr'><strong>qui</strong></span> <span class='ocrx_word' id='word_1_453' title='bbox 3234 534 3367 588; x_wconf 69' lang='lat' dir='ltr'><strong>spem</strong></span> <span class='ocrx_word' id='word_1_454' title='bbox 3392 513 3481 578; x_wconf 77' lang='lat' dir='ltr'><strong>non</strong></span> <span class='ocrx_word' id='word_1_455' title='bbox 3501 526 3674 589; x_wconf 69' lang='lat' dir='ltr'><strong>habent,</strong></span> 
     </span>
    </p>
   </div>
   <div class='ocr_carea' id='block_1_61' title="bbox 2254 602 3677 689">
    <p class='ocr_par' dir='ltr' id='par_1_61' title="bbox 2254 602 3677 689">
     <span class='ocr_line' id='line_1_61' title="bbox 2254 602 3677 689; baseline 0.01 -34"><span class='ocrx_word' id='word_1_456' title='bbox 2254 602 2321 656; x_wconf 81' lang='lat' dir='ltr'><strong>Et</strong></span> <span class='ocrx_word' id='word_1_457' title='bbox 2362 603 2427 657; x_wconf 84' lang='lat' dir='ltr'><strong>de</strong></span> <span class='ocrx_word' id='word_1_458' title='bbox 2466 604 2698 674; x_wconf 84' lang='lat' dir='ltr'><strong>operibus</strong></span> <span class='ocrx_word' id='word_1_459' title='bbox 2739 604 3119 675; x_wconf 75' lang='lat' dir='ltr'><strong>miscricordice,</strong></span> <span class='ocrx_word' id='word_1_460' title='bbox 3164 610 3328 678; x_wconf 76' lang='lat' dir='ltr'><strong>quibus</strong></span> <span class='ocrx_word' id='word_1_461' title='bbox 3364 620 3525 671; x_wconf 85' lang='lat' dir='ltr'><strong>mortui</strong></span> <span class='ocrx_word' id='word_1_462' title='bbox 3557 623 3677 689; x_wconf 75' lang='lat' dir='ltr'><strong>aditi.</strong></span> 
     </span>
    </p>
   </div>
   <div class='ocr_carea' id='block_1_62' title="bbox 2252 693 3242 777">
    <p class='ocr_par' dir='ltr' id='par_1_62' title="bbox 2252 693 3242 777">
     <span class='ocr_line' id='line_1_62' title="bbox 2252 693 3242 777; baseline 0.001 -33"><span class='ocrx_word' id='word_1_463' title='bbox 2252 702 2435 745; x_wconf 72' lang='lat' dir='ltr'><strong>cantur</strong></span> <span class='ocrx_word' id='word_1_464' title='bbox 2454 693 2553 763; x_wconf 91' lang='lat' dir='ltr'><strong>(a).</strong></span> <span class='ocrx_word' id='word_1_465' title='bbox 3229 756 3242 777; x_wconf 46' lang='lat'><strong><em>‘</em></strong></span> 
     </span>
    </p>
   </div>
   <div class='ocr_carea' id='block_1_63' title="bbox 2250 784 3678 871">
    <p class='ocr_par' dir='ltr' id='par_1_63' title="bbox 2250 784 3678 871">
     <span class='ocr_line' id='line_1_63' title="bbox 2250 784 3678 871; baseline 0.013 -31"><span class='ocrx_word' id='word_1_466' title='bbox 2250 784 2475 841; x_wconf 80' lang='lat' dir='ltr'><strong>CAPUT</strong></span> <span class='ocrx_word' id='word_1_467' title='bbox 2511 785 2795 842; x_wconf 77' lang='lat' dir='ltr'><strong>PRIMUM.</strong></span> <span class='ocrx_word' id='word_1_468' title='bbox 2823 818 2893 828; x_wconf 96' lang='lat'><strong>—</strong></span> <span class='ocrx_word' id='word_1_469' title='bbox 2917 789 2966 844; x_wconf 74' lang='grc'><strong>1.</strong></span> <span class='ocrx_word' id='word_1_470' title='bbox 2995 787 3216 844; x_wconf 80' lang='lat' dir='ltr'><strong>Tristitia</strong></span> <span class='ocrx_word' id='word_1_471' title='bbox 3240 792 3299 847; x_wconf 86' lang='lat' dir='ltr'><strong>de</strong></span> <span class='ocrx_word' id='word_1_472' title='bbox 3322 799 3529 865; x_wconf 81' lang='lat' dir='ltr'><strong>mortuis,</strong></span> <span class='ocrx_word' id='word_1_473' title='bbox 3553 806 3678 871; x_wconf 80' lang='lat' dir='ltr'><strong>qualis</strong></span> 
     </span>
    </p>
   </div>
   <div class='ocr_carea' id='block_1_64' title="bbox 2180 877 3677 953">
    <p class='ocr_par' dir='ltr' id='par_1_64' title="bbox 2180 877 3677 953">
     <span class='ocr_line' id='line_1_64' title="bbox 2180 877 3677 953; baseline 0.013 -24"><span class='ocrx_word' id='word_1_474' title='bbox 2180 877 2484 947; x_wconf 84' lang='lat' dir='ltr'><strong>prohibetur.</strong></span> <span class='ocrx_word' id='word_1_475' title='bbox 2517 878 2779 934; x_wconf 82' lang='lat' dir='ltr'><strong>Admonet</strong></span> <span class='ocrx_word' id='word_1_476' title='bbox 2806 894 2902 934; x_wconf 86' lang='lat' dir='ltr'><strong>nos</strong></span> <span class='ocrx_word' id='word_1_477' title='bbox 2929 881 3110 936; x_wconf 83' lang='lat' dir='ltr'><strong>beatus</strong></span> <span class='ocrx_word' id='word_1_478' title='bbox 3131 886 3416 953; x_wconf 77' lang='lat' dir='ltr'><strong>Apostolus,</strong></span> <span class='ocrx_word' id='word_1_479' title='bbox 3443 900 3492 943; x_wconf 90' lang='lat' dir='ltr'><strong>ut</strong></span> <span class='ocrx_word' id='word_1_480' title='bbox 3511 891 3565 945; x_wconf 92' lang='lat' dir='ltr'><strong>de</strong></span> <span class='ocrx_word' id='word_1_481' title='bbox 3584 894 3677 951; x_wconf 82' lang='lat' dir='ltr'><strong>dor-</strong></span> 
     </span>
    </p>
   </div>
   <div class='ocr_carea' id='block_1_65' title="bbox 2177 968 3675 1044">
    <p class='ocr_par' dir='ltr' id='par_1_65' title="bbox 2177 968 3675 1044">
     <span class='ocr_line' id='line_1_65' title="bbox 2177 968 3675 1044; baseline 0.009 -22"><span class='ocrx_word' id='word_1_482' title='bbox 2177 968 2465 1043; x_wconf 84' lang='lat' dir='ltr'><strong>mientibus</strong></span> <span class='ocrx_word' id='word_1_483' title='bbox 2480 1011 2496 1034; x_wconf 96' lang='lat'><strong>,</strong></span> <span class='ocrx_word' id='word_1_484' title='bbox 2527 968 2628 1025; x_wconf 89' lang='lat' dir='ltr'><strong>hoc</strong></span> <span class='ocrx_word' id='word_1_485' title='bbox 2652 983 2736 1025; x_wconf 91' lang='lat' dir='ltr'><strong>est</strong></span> <span class='ocrx_word' id='word_1_486' title='bbox 2754 1013 2768 1035; x_wconf 91' lang='lat'><strong>,</strong></span> <span class='ocrx_word' id='word_1_487' title='bbox 2800 972 3021 1026; x_wconf 86' lang='lat' dir='ltr'><strong>mortuis</strong></span> <span class='ocrx_word' id='word_1_488' title='bbox 3042 972 3355 1029; x_wconf 83' lang='lat' dir='ltr'><strong>charissimis</strong></span> <span class='ocrx_word' id='word_1_489' title='bbox 3379 982 3547 1034; x_wconf 85' lang='lat' dir='ltr'><strong>nostris</strong></span> <span class='ocrx_word' id='word_1_490' title='bbox 3562 1023 3574 1044; x_wconf 91' lang='lat'><strong>,</strong></span> <span class='ocrx_word' id='word_1_491' title='bbox 3598 1001 3675 1041; x_wconf 82' lang='lat' dir='ltr'><strong>non</strong></span> 
     </span>
    </p>
   </div>
   <div class='ocr_carea' id='block_1_66' title="bbox 2176 1058 3673 1141">
    <p class='ocr_par' dir='ltr' id='par_1_66' title="bbox 2176 1058 3673 1141">
     <span class='ocr_line' id='line_1_66' title="bbox 2176 1058 3673 1141; baseline 0.009 -29"><span class='ocrx_word' id='word_1_492' title='bbox 2176 1058 2589 1125; x_wconf 89' lang='lat' dir='ltr'><strong>contristemur,</strong></span> <span class='ocrx_word' id='word_1_493' title='bbox 2628 1059 2767 1113; x_wconf 78' lang='lat' dir='ltr'><strong>sicut</strong></span> <span class='ocrx_word' id='word_1_494' title='bbox 2800 1069 2855 1114; x_wconf 91' lang='lat' dir='ltr'><strong>ct</strong></span> <span class='ocrx_word' id='word_1_495' title='bbox 2891 1062 3067 1115; x_wconf 68' lang='lat' dir='ltr'><strong>caeteri</strong></span> <span class='ocrx_word' id='word_1_496' title='bbox 3106 1062 3193 1129; x_wconf 85' lang='lat' dir='ltr'><strong>qui</strong></span> <span class='ocrx_word' id='word_1_497' title='bbox 3221 1077 3363 1132; x_wconf 75' lang='lat' dir='ltr'><strong>Spem</strong></span> <span class='ocrx_word' id='word_1_498' title='bbox 3389 1083 3481 1120; x_wconf 91' lang='lat' dir='ltr'><strong>non</strong></span> <span class='ocrx_word' id='word_1_499' title='bbox 3508 1068 3673 1141; x_wconf 81' lang='lat' dir='ltr'><strong>habent,</strong></span> 
     </span>
    </p>
   </div>
   <div class='ocr_carea' id='block_1_67' title="bbox 2174 1151 3672 1224">
    <p class='ocr_par' dir='ltr' id='par_1_67' title="bbox 2174 1151 3672 1224">
     <span class='ocr_line' id='line_1_67' title="bbox 2174 1151 3672 1224; baseline 0.011 -21"><span class='ocrx_word' id='word_1_500' title='bbox 2174 1163 2329 1218; x_wconf 87' lang='lat' dir='ltr'><strong>spem</strong></span> <span class='ocrx_word' id='word_1_501' title='bbox 2351 1151 2555 1205; x_wconf 81' lang='lat' dir='ltr'><strong>scilicet</strong></span> <span class='ocrx_word' id='word_1_502' title='bbox 2576 1153 2980 1207; x_wconf 84' lang='lat' dir='ltr'><strong>resurrectionis</strong></span> <span class='ocrx_word' id='word_1_503' title='bbox 3004 1163 3057 1207; x_wconf 89' lang='lat' dir='ltr'><strong>et</strong></span> <span class='ocrx_word' id='word_1_504' title='bbox 3083 1154 3467 1224; x_wconf 83' lang='lat' dir='ltr'><strong>incorruptionis</strong></span> <span class='ocrx_word' id='word_1_505' title='bbox 3490 1172 3672 1219; x_wconf 60' lang='lat' dir='ltr'><strong>uterum.</strong></span> 
     </span>
    </p>
   </div>
   <div class='ocr_carea' id='block_1_68' title="bbox 2172 1237 3674 1317">
    <p class='ocr_par' dir='ltr' id='par_1_68' title="bbox 2172 1237 3674 1317">
     <span class='ocr_line' id='line_1_68' title="bbox 2172 1237 3674 1317; baseline 0.011 -25"><span class='ocrx_word' id='word_1_506' title='bbox 2172 1237 2305 1293; x_wconf 81' lang='lat' dir='ltr'><strong>Nam</strong></span> <span class='ocrx_word' id='word_1_507' title='bbox 2349 1238 2470 1312; x_wconf 83' lang='lat' dir='ltr'><strong>ideo</strong></span> <span class='ocrx_word' id='word_1_508' title='bbox 2505 1251 2560 1294; x_wconf 87' lang='lat' dir='ltr'><strong>et</strong></span> <span class='ocrx_word' id='word_1_509' title='bbox 2594 1240 2921 1296; x_wconf 83' lang='lat' dir='ltr'><strong>dormientes</strong></span> <span class='ocrx_word' id='word_1_510' title='bbox 2961 1257 3054 1296; x_wconf 89' lang='lat' dir='ltr'><strong>eos</strong></span> <span class='ocrx_word' id='word_1_511' title='bbox 3093 1243 3318 1312; x_wconf 80' lang='lat' dir='ltr'><strong>appellat</strong></span> <span class='ocrx_word' id='word_1_512' title='bbox 3340 1246 3587 1317; x_wconf 69' lang='lat' dir='ltr'><strong>Scriptura</strong></span> <span class='ocrx_word' id='word_1_513' title='bbox 3608 1269 3674 1308; x_wconf 79' lang='lat' dir='ltr'><strong>vc-</strong></span> 
     </span>
    </p>
   </div>
   <div class='ocr_carea' id='block_1_69' title="bbox 2172 1329 3673 1403">
    <p class='ocr_par' dir='ltr' id='par_1_69' title="bbox 2172 1329 3673 1403">
     <span class='ocr_line' id='line_1_69' title="bbox 2172 1329 3673 1403; baseline 0.008 -19"><span class='ocrx_word' id='word_1_514' title='bbox 2172 1329 2449 1385; x_wconf 85' lang='lat' dir='ltr'><strong>racissima</strong></span> <span class='ocrx_word' id='word_1_515' title='bbox 2490 1330 2853 1395; x_wconf 70' lang='lat' dir='ltr'><strong>conuuetudo,</strong></span> <span class='ocrx_word' id='word_1_516' title='bbox 2895 1339 2952 1385; x_wconf 86' lang='lat' dir='ltr'><strong>ut</strong></span> <span class='ocrx_word' id='word_1_517' title='bbox 2987 1345 3109 1386; x_wconf 86' lang='lat' dir='ltr'><strong>cum</strong></span> <span class='ocrx_word' id='word_1_518' title='bbox 3140 1333 3446 1391; x_wconf 84' lang='lat' dir='ltr'><strong>dormientes</strong></span> <span class='ocrx_word' id='word_1_519' title='bbox 3467 1340 3673 1403; x_wconf 81' lang='lat' dir='ltr'><strong>audimus,</strong></span> 
     </span>
    </p>
   </div>
   <div class='ocr_carea' id='block_1_70' title="bbox 2170 1421 3674 1491">
    <p class='ocr_par' dir='ltr' id='par_1_70' title="bbox 2170 1421 3674 1491">
     <span class='ocr_line' id='line_1_70' title="bbox 2170 1421 3674 1491; baseline 0.009 -17"><span class='ocrx_word' id='word_1_520' title='bbox 2170 1421 2514 1489; x_wconf 82' lang='lat' dir='ltr'><strong>evigilaturos</strong></span> <span class='ocrx_word' id='word_1_521' title='bbox 2535 1422 2752 1477; x_wconf 85' lang='lat' dir='ltr'><strong>minime</strong></span> <span class='ocrx_word' id='word_1_522' title='bbox 2771 1421 3135 1491; x_wconf 85' lang='lat' dir='ltr'><strong>desperemus.</strong></span> <span class='ocrx_word' id='word_1_523' title='bbox 3163 1423 3310 1481; x_wconf 90' lang='lat' dir='ltr'><strong>Unde</strong></span> <span class='ocrx_word' id='word_1_524' title='bbox 3328 1427 3470 1482; x_wconf 85' lang='lat' dir='ltr'><strong>etiam</strong></span> <span class='ocrx_word' id='word_1_525' title='bbox 3488 1442 3674 1488; x_wconf 80' lang='lat' dir='ltr'><strong>caatatm</strong></span> 
     </span>
    </p>
   </div>
   <div class='ocr_carea' id='block_1_71' title="bbox 2171 1510 3674 1589">
    <p class='ocr_par' dir='ltr' id='par_1_71' title="bbox 2171 1510 3674 1589">
     <span class='ocr_line' id='line_1_71' title="bbox 2171 1510 3674 1589; baseline 0.007 -21"><span class='ocrx_word' id='word_1_526' title='bbox 2171 1512 2223 1567; x_wconf 87' lang='lat' dir='ltr'><strong>in</strong></span> <span class='ocrx_word' id='word_1_527' title='bbox 2247 1512 2458 1568; x_wconf 85' lang='lat' dir='ltr'><strong>Psalmo</strong></span> <span class='ocrx_word' id='word_1_528' title='bbox 2483 1531 2496 1565; x_wconf 90' lang='lat'><strong>:</strong></span> <span class='ocrx_word' id='word_1_529' title='bbox 2526 1510 2791 1582; x_wconf 82' lang='lat' dir='ltr'><strong>Numquid</strong></span> <span class='ocrx_word' id='word_1_530' title='bbox 2815 1516 2902 1582; x_wconf 81' lang='lat' dir='ltr'><strong>qui</strong></span> <span class='ocrx_word' id='word_1_531' title='bbox 2928 1513 3133 1580; x_wconf 80' lang='lat' dir='ltr'><strong>dormit,</strong></span> <span class='ocrx_word' id='word_1_532' title='bbox 3163 1533 3259 1571; x_wconf 88' lang='lat' dir='ltr'><strong>non</strong></span> <span class='ocrx_word' id='word_1_533' title='bbox 3283 1518 3467 1589; x_wconf 82' lang='lat' dir='ltr'><strong>adjicict</strong></span> <span class='ocrx_word' id='word_1_534' title='bbox 3488 1532 3533 1576; x_wconf 85' lang='lat' dir='ltr'><strong>ut</strong></span> <span class='ocrx_word' id='word_1_535' title='bbox 3551 1539 3674 1578; x_wconf 76' lang='lat' dir='ltr'><strong>resar-</strong></span> 
     </span>
    </p>
   </div>
   <div class='ocr_carea' id='block_1_72' title="bbox 2168 1602 3673 1682">
    <p class='ocr_par' dir='ltr' id='par_1_72' title="bbox 2168 1602 3673 1682">
     <span class='ocr_line' id='line_1_72' title="bbox 2168 1602 3673 1682; baseline 0.009 -26"><span class='ocrx_word' id='word_1_536' title='bbox 2168 1613 2255 1673; x_wconf 78' lang='lat' dir='ltr'><strong>gat</strong></span> <span class='ocrx_word' id='word_1_537' title='bbox 2299 1602 2471 1676; x_wconf 85' lang='lat' dir='ltr'><strong>(Psal.</strong></span> <span class='ocrx_word' id='word_1_538' title='bbox 2505 1620 2594 1669; x_wconf 68' lang='lat' dir='ltr'><strong>sn,</strong></span> <span class='ocrx_word' id='word_1_539' title='bbox 2624 1605 2720 1675; x_wconf 86' lang='lat'><strong>9)?</strong></span> <span class='ocrx_word' id='word_1_540' title='bbox 2749 1604 2847 1659; x_wconf 87' lang='lat' dir='ltr'><strong>Est</strong></span> <span class='ocrx_word' id='word_1_541' title='bbox 2883 1621 3012 1675; x_wconf 82' lang='lat' dir='ltr'><strong>ergo</strong></span> <span class='ocrx_word' id='word_1_542' title='bbox 3053 1606 3121 1662; x_wconf 87' lang='lat' dir='ltr'><strong>de</strong></span> <span class='ocrx_word' id='word_1_543' title='bbox 3161 1611 3372 1666; x_wconf 81' lang='lat' dir='ltr'><strong>mortuis</strong></span> <span class='ocrx_word' id='word_1_544' title='bbox 3395 1613 3466 1667; x_wconf 88' lang='lat' dir='ltr'><strong>eis</strong></span> <span class='ocrx_word' id='word_1_545' title='bbox 3488 1615 3562 1682; x_wconf 85' lang='lat' dir='ltr'><strong>qui</strong></span> <span class='ocrx_word' id='word_1_546' title='bbox 3583 1616 3673 1671; x_wconf 85' lang='lat' dir='ltr'><strong>dili-</strong></span> 
     </span>
    </p>
   </div>
   <div class='ocr_carea' id='block_1_73' title="bbox 2166 1696 3674 1766">
    <p class='ocr_par' dir='ltr' id='par_1_73' title="bbox 2166 1696 3674 1766">
     <span class='ocr_line' id='line_1_73' title="bbox 2166 1696 3674 1766; baseline 0.009 -19"><span class='ocrx_word' id='word_1_547' title='bbox 2166 1704 2297 1763; x_wconf 87' lang='lat' dir='ltr'><strong>gunt</strong></span> <span class='ocrx_word' id='word_1_548' title='bbox 2321 1696 2360 1760; x_wconf 74' lang='grc' dir='ltr'><strong>ι,</strong></span> <span class='ocrx_word' id='word_1_549' title='bbox 2386 1696 2629 1764; x_wconf 71' lang='lat' dir='ltr'><strong>quaedam</strong></span> <span class='ocrx_word' id='word_1_550' title='bbox 2655 1696 2865 1751; x_wconf 86' lang='lat' dir='ltr'><strong>tristitia</strong></span> <span class='ocrx_word' id='word_1_551' title='bbox 2888 1697 3119 1766; x_wconf 73' lang='lat' dir='ltr'><strong>quodam</strong></span> <span class='ocrx_word' id='word_1_552' title='bbox 3146 1699 3303 1755; x_wconf 87' lang='lat' dir='ltr'><strong>modo</strong></span> <span class='ocrx_word' id='word_1_553' title='bbox 3319 1704 3557 1758; x_wconf 81' lang='lat' dir='ltr'><strong>naturalis.</strong></span> <span class='ocrx_word' id='word_1_554' title='bbox 3574 1706 3674 1761; x_wconf 79' lang='lat' dir='ltr'><strong>Ilur-</strong></span> 
     </span>
    </p>
   </div>
   <div class='ocr_carea' id='block_1_74' title="bbox 2168 1785 3673 1857">
    <p class='ocr_par' dir='ltr' id='par_1_74' title="bbox 2168 1785 3673 1857">
     <span class='ocr_line' id='line_1_74' title="bbox 2168 1785 3673 1857; baseline 0.009 -19"><span class='ocrx_word' id='word_1_555' title='bbox 2168 1792 2274 1838; x_wconf 86' lang='lat' dir='ltr'><strong>tem</strong></span> <span class='ocrx_word' id='word_1_556' title='bbox 2299 1785 2495 1854; x_wconf 85' lang='lat' dir='ltr'><strong>quippe</strong></span> <span class='ocrx_word' id='word_1_557' title='bbox 2523 1785 2723 1851; x_wconf 88' lang='lat' dir='ltr'><strong>horret,</strong></span> <span class='ocrx_word' id='word_1_558' title='bbox 2755 1800 2863 1842; x_wconf 88' lang='lat' dir='ltr'><strong>non</strong></span> <span class='ocrx_word' id='word_1_559' title='bbox 2888 1788 3096 1857; x_wconf 80' lang='lat' dir='ltr'><strong>Opinio,</strong></span> <span class='ocrx_word' id='word_1_560' title='bbox 3127 1788 3219 1843; x_wconf 86' lang='lat' dir='ltr'><strong>sed</strong></span> <span class='ocrx_word' id='word_1_561' title='bbox 3246 1801 3436 1845; x_wconf 88' lang='lat' dir='ltr'><strong>natura.</strong></span> <span class='ocrx_word' id='word_1_562' title='bbox 3459 1792 3550 1849; x_wconf 87' lang='lat' dir='ltr'><strong>Nec</strong></span> <span class='ocrx_word' id='word_1_563' title='bbox 3569 1812 3673 1852; x_wconf 78' lang='lat' dir='ltr'><strong>tuon</strong></span> 
     </span>
    </p>
   </div>
   <div class='ocr_carea' id='block_1_75' title="bbox 2168 1876 3674 1952">
    <p class='ocr_par' dir='ltr' id='par_1_75' title="bbox 2168 1876 3674 1952">
     <span class='ocr_line' id='line_1_75' title="bbox 2168 1876 3674 1952; baseline 0.007 -21"><span class='ocrx_word' id='word_1_564' title='bbox 2168 1876 2368 1931; x_wconf 85' lang='lat' dir='ltr'><strong>homini</strong></span> <span class='ocrx_word' id='word_1_565' title='bbox 2408 1876 2707 1943; x_wconf 85' lang='lat' dir='ltr'><strong>accideret,</strong></span> <span class='ocrx_word' id='word_1_566' title='bbox 2754 1878 2856 1932; x_wconf 80' lang='lat' dir='ltr'><strong>nisi</strong></span> <span class='ocrx_word' id='word_1_567' title='bbox 2898 1894 2964 1934; x_wconf 75' lang='lat' dir='ltr'><strong>ex</strong></span> <span class='ocrx_word' id='word_1_568' title='bbox 3010 1895 3171 1948; x_wconf 65' lang='lat' dir='ltr'><strong>paena</strong></span> <span class='ocrx_word' id='word_1_569' title='bbox 3210 1896 3360 1951; x_wconf 87' lang='lat' dir='ltr'><strong>quam</strong></span> <span class='ocrx_word' id='word_1_570' title='bbox 3399 1896 3674 1952; x_wconf 61' lang='lat' dir='ltr'><strong>praeessent</strong></span> 
     </span>
    </p>
   </div>
   <div class='ocr_carea' id='block_1_76' title="bbox 2165 1966 3673 2040">
    <p class='ocr_par' dir='ltr' id='par_1_76' title="bbox 2165 1966 3673 2040">
     <span class='ocr_line' id='line_1_76' title="bbox 2165 1966 3673 2040; baseline 0.007 -22"><span class='ocrx_word' id='word_1_571' title='bbox 2165 1966 2337 2035; x_wconf 89' lang='lat' dir='ltr'><strong>culpa.</strong></span> <span class='ocrx_word' id='word_1_572' title='bbox 2369 1967 2703 2035; x_wconf 74' lang='lat' dir='ltr'><strong>Quapropter</strong></span> <span class='ocrx_word' id='word_1_573' title='bbox 2730 1968 2774 2022; x_wconf 86' lang='lat' dir='ltr'><strong>si</strong></span> <span class='ocrx_word' id='word_1_574' title='bbox 2800 1968 3048 2025; x_wconf 79' lang='lat' dir='ltr'><strong>animalia</strong></span> <span class='ocrx_word' id='word_1_575' title='bbox 3077 1984 3196 2039; x_wconf 63' lang='lat' dir='ltr'><strong>qua</strong></span> <span class='ocrx_word' id='word_1_576' title='bbox 3222 1970 3288 2025; x_wconf 89' lang='lat' dir='ltr'><strong>ita</strong></span> <span class='ocrx_word' id='word_1_577' title='bbox 3312 1982 3470 2028; x_wconf 88' lang='lat' dir='ltr'><strong>creata</strong></span> <span class='ocrx_word' id='word_1_578' title='bbox 3492 1985 3613 2040; x_wconf 89' lang='lat' dir='ltr'><strong>sunt,</strong></span> <span class='ocrx_word' id='word_1_579' title='bbox 3635 1986 3673 2030; x_wconf 77' lang='lat' dir='ltr'><strong>ut</strong></span> 
     </span>
    </p>
   </div>
   <div class='ocr_carea' id='block_1_77' title="bbox 2165 2058 3671 2133">
    <p class='ocr_par' dir='ltr' id='par_1_77' title="bbox 2165 2058 3671 2133">
     <span class='ocr_line' id='line_1_77' title="bbox 2165 2058 3671 2133; baseline 0.005 -22"><span class='ocrx_word' id='word_1_580' title='bbox 2165 2070 2263 2111; x_wconf 89' lang='lat' dir='ltr'><strong>suo</strong></span> <span class='ocrx_word' id='word_1_581' title='bbox 2286 2072 2510 2127; x_wconf 59' lang='lat' dir='ltr'><strong>quaeque</strong></span> <span class='ocrx_word' id='word_1_582' title='bbox 2537 2065 2776 2127; x_wconf 90' lang='lat' dir='ltr'><strong>tempore</strong></span> <span class='ocrx_word' id='word_1_583' title='bbox 2804 2058 3131 2126; x_wconf 84' lang='lat' dir='ltr'><strong>moriantur,</strong></span> <span class='ocrx_word' id='word_1_584' title='bbox 3159 2071 3374 2116; x_wconf 81' lang='lat' dir='ltr'><strong>mortem</strong></span> <span class='ocrx_word' id='word_1_585' title='bbox 3399 2062 3593 2133; x_wconf 76' lang='lat' dir='ltr'><strong>fugiunt,</strong></span> <span class='ocrx_word' id='word_1_586' title='bbox 3611 2065 3671 2119; x_wconf 84' lang='lat' dir='ltr'><strong>di-</strong></span> 
     </span>
    </p>
   </div>
   <div class='ocr_carea' id='block_1_78' title="bbox 2165 2148 3672 2221">
    <p class='ocr_par' dir='ltr' id='par_1_78' title="bbox 2165 2148 3672 2221">
     <span class='ocr_line' id='line_1_78' title="bbox 2165 2148 3672 2221; baseline 0.003 -19"><span class='ocrx_word' id='word_1_587' title='bbox 2165 2148 2331 2218; x_wconf 86' lang='lat' dir='ltr'><strong>ligunt</strong></span> <span class='ocrx_word' id='word_1_588' title='bbox 2355 2149 2550 2213; x_wconf 86' lang='lat' dir='ltr'><strong>vitam;</strong></span> <span class='ocrx_word' id='word_1_589' title='bbox 2580 2157 2779 2218; x_wconf 88' lang='lat' dir='ltr'><strong>quanto</strong></span> <span class='ocrx_word' id='word_1_590' title='bbox 2802 2149 2971 2218; x_wconf 85' lang='lat' dir='ltr'><strong>magis</strong></span> <span class='ocrx_word' id='word_1_591' title='bbox 2993 2148 3178 2212; x_wconf 85' lang='lat' dir='ltr'><strong>homo,</strong></span> <span class='ocrx_word' id='word_1_592' title='bbox 3200 2151 3284 2221; x_wconf 77' lang='lat' dir='ltr'><strong>qui</strong></span> <span class='ocrx_word' id='word_1_593' title='bbox 3311 2153 3383 2206; x_wconf 81' lang='lat' dir='ltr'><strong>sic</strong></span> <span class='ocrx_word' id='word_1_594' title='bbox 3406 2152 3548 2208; x_wconf 84' lang='lat' dir='ltr'><strong>fuerat</strong></span> <span class='ocrx_word' id='word_1_595' title='bbox 3566 2170 3672 2209; x_wconf 78' lang='lat' dir='ltr'><strong>crea-</strong></span> 
     </span>
    </p>
   </div>
   <div class='ocr_carea' id='block_1_79' title="bbox 2166 2239 3669 2309">
    <p class='ocr_par' dir='ltr' id='par_1_79' title="bbox 2166 2239 3669 2309">
     <span class='ocr_line' id='line_1_79' title="bbox 2166 2239 3669 2309; baseline 0.004 -16"><span class='ocrx_word' id='word_1_596' title='bbox 2166 2247 2278 2305; x_wconf 89' lang='lat' dir='ltr'><strong>tus,</strong></span> <span class='ocrx_word' id='word_1_597' title='bbox 2310 2250 2369 2294; x_wconf 89' lang='lat' dir='ltr'><strong>ut</strong></span> <span class='ocrx_word' id='word_1_598' title='bbox 2392 2239 2439 2295; x_wconf 88' lang='lat' dir='ltr'><strong>si</strong></span> <span class='ocrx_word' id='word_1_599' title='bbox 2467 2239 2644 2294; x_wconf 81' lang='lat' dir='ltr'><strong>vivere</strong></span> <span class='ocrx_word' id='word_1_600' title='bbox 2672 2239 2788 2295; x_wconf 84' lang='lat' dir='ltr'><strong>sine</strong></span> <span class='ocrx_word' id='word_1_601' title='bbox 2818 2248 3037 2309; x_wconf 81' lang='lat' dir='ltr'><strong>peccato</strong></span> <span class='ocrx_word' id='word_1_602' title='bbox 3063 2241 3350 2308; x_wconf 75' lang='lat' dir='ltr'><strong>voluisset,</strong></span> <span class='ocrx_word' id='word_1_603' title='bbox 3374 2244 3477 2297; x_wconf 80' lang='lat' dir='ltr'><strong>sine</strong></span> <span class='ocrx_word' id='word_1_604' title='bbox 3503 2244 3669 2300; x_wconf 80' lang='lat' dir='ltr'><strong>tertnino</strong></span> 
     </span>
    </p>
   </div>
   <div class='ocr_carea' id='block_1_80' title="bbox 2163 2330 3669 2399">
    <p class='ocr_par' dir='ltr' id='par_1_80' title="bbox 2163 2330 3669 2399">
     <span class='ocr_line' id='line_1_80' title="bbox 2163 2330 3669 2399; baseline 0.003 -14"><span class='ocrx_word' id='word_1_605' title='bbox 2163 2331 2405 2386; x_wconf 85' lang='lat' dir='ltr'><strong>viveret?</strong></span> <span class='ocrx_word' id='word_1_606' title='bbox 2447 2330 2578 2386; x_wconf 85' lang='lat' dir='ltr'><strong>Hinc</strong></span> <span class='ocrx_word' id='word_1_607' title='bbox 2622 2330 2800 2399; x_wconf 85' lang='lat' dir='ltr'><strong>itaque</strong></span> <span class='ocrx_word' id='word_1_608' title='bbox 2844 2345 3075 2386; x_wconf 86' lang='lat' dir='ltr'><strong>necesse</strong></span> <span class='ocrx_word' id='word_1_609' title='bbox 3119 2342 3199 2387; x_wconf 89' lang='lat' dir='ltr'><strong>est</strong></span> <span class='ocrx_word' id='word_1_610' title='bbox 3243 2341 3298 2388; x_wconf 92' lang='lat' dir='ltr'><strong>ut</strong></span> <span class='ocrx_word' id='word_1_611' title='bbox 3340 2333 3499 2391; x_wconf 82' lang='lat' dir='ltr'><strong>tristes</strong></span> <span class='ocrx_word' id='word_1_612' title='bbox 3533 2334 3669 2397; x_wconf 78' lang='lat' dir='ltr'><strong>sinitis.</strong></span> 
     </span>
    </p>
   </div>
   <div class='ocr_carea' id='block_1_81' title="bbox 2161 2421 3668 2495">
    <p class='ocr_par' dir='ltr' id='par_1_81' title="bbox 2161 2421 3668 2495">
     <span class='ocr_line' id='line_1_81' title="bbox 2161 2421 3668 2495; baseline 0.001 -19"><span class='ocrx_word' id='word_1_613' title='bbox 2161 2421 2376 2493; x_wconf 82' lang='lat' dir='ltr'><strong>quando</strong></span> <span class='ocrx_word' id='word_1_614' title='bbox 2415 2436 2514 2477; x_wconf 85' lang='lat' dir='ltr'><strong>nos</strong></span> <span class='ocrx_word' id='word_1_615' title='bbox 2556 2421 2832 2477; x_wconf 81' lang='lat' dir='ltr'><strong>moriendo</strong></span> <span class='ocrx_word' id='word_1_616' title='bbox 2870 2421 3133 2478; x_wconf 81' lang='lat' dir='ltr'><strong>deserunt</strong></span> <span class='ocrx_word' id='word_1_617' title='bbox 3159 2438 3289 2493; x_wconf 89' lang='lat' dir='ltr'><strong>quos</strong></span> <span class='ocrx_word' id='word_1_618' title='bbox 3315 2440 3561 2481; x_wconf 84' lang='lat' dir='ltr'><strong>amamus:</strong></span> <span class='ocrx_word' id='word_1_619' title='bbox 3584 2426 3668 2495; x_wconf 81' lang='lat' dir='ltr'><strong>quia</strong></span> 
     </span>
    </p>
   </div>
   <div class='ocr_carea' id='block_1_82' title="bbox 2161 2513 3670 2587">
    <p class='ocr_par' dir='ltr' id='par_1_82' title="bbox 2161 2513 3670 2587">
     <span class='ocr_line' id='line_1_82' title="bbox 2161 2513 3670 2587; baseline 0.002 -18"><span class='ocrx_word' id='word_1_620' title='bbox 2161 2513 2261 2569; x_wconf 89' lang='lat' dir='ltr'><strong>etsi</strong></span> <span class='ocrx_word' id='word_1_621' title='bbox 2278 2515 2530 2569; x_wconf 84' lang='lat' dir='ltr'><strong>novimus</strong></span> <span class='ocrx_word' id='word_1_622' title='bbox 2549 2528 2643 2569; x_wconf 88' lang='lat' dir='ltr'><strong>eos</strong></span> <span class='ocrx_word' id='word_1_623' title='bbox 2664 2530 2771 2569; x_wconf 84' lang='lat' dir='ltr'><strong>non</strong></span> <span class='ocrx_word' id='word_1_624' title='bbox 2793 2514 2847 2570; x_wconf 88' lang='lat' dir='ltr'><strong>in</strong></span> <span class='ocrx_word' id='word_1_625' title='bbox 2866 2523 3131 2570; x_wconf 68' lang='lat' dir='ltr'><strong>internum</strong></span> <span class='ocrx_word' id='word_1_626' title='bbox 3158 2516 3441 2587; x_wconf 78' lang='lat' dir='ltr'><strong>relinquere</strong></span> <span class='ocrx_word' id='word_1_627' title='bbox 3463 2532 3545 2574; x_wconf 85' lang='lat' dir='ltr'><strong>nos</strong></span> <span class='ocrx_word' id='word_1_628' title='bbox 3565 2531 3670 2572; x_wconf 73' lang='lat' dir='ltr'><strong>tuaa-</strong></span> 
     </span>
    </p>
   </div>
   <div class='ocr_carea' id='block_1_83' title="bbox 2164 2604 3670 2676">
    <p class='ocr_par' dir='ltr' id='par_1_83' title="bbox 2164 2604 3670 2676">
     <span class='ocr_line' id='line_1_83' title="bbox 2164 2604 3670 2676; baseline 0.003 -18"><span class='ocrx_word' id='word_1_629' title='bbox 2164 2618 2352 2671; x_wconf 86' lang='lat' dir='ltr'><strong>suros,</strong></span> <span class='ocrx_word' id='word_1_630' title='bbox 2384 2604 2476 2658; x_wconf 86' lang='lat' dir='ltr'><strong>sed</strong></span> <span class='ocrx_word' id='word_1_631' title='bbox 2517 2604 2841 2674; x_wconf 86' lang='lat' dir='ltr'><strong>aliquantum</strong></span> <span class='ocrx_word' id='word_1_632' title='bbox 2887 2607 3199 2676; x_wconf 54' lang='lat' dir='ltr'><strong>praecedere</strong></span> <span class='ocrx_word' id='word_1_633' title='bbox 3232 2616 3512 2672; x_wconf 83' lang='lat' dir='ltr'><strong>secuturos;</strong></span> <span class='ocrx_word' id='word_1_634' title='bbox 3542 2615 3670 2665; x_wconf 75' lang='lat' dir='ltr'><strong>tamen</strong></span> 
     </span>
    </p>
   </div>
   <div class='ocr_carea' id='block_1_84' title="bbox 2160 2695 3669 2767">
    <p class='ocr_par' dir='ltr' id='par_1_84' title="bbox 2160 2695 3669 2767">
     <span class='ocr_line' id='line_1_84' title="bbox 2160 2695 3669 2767; baseline 0.001 -17"><span class='ocrx_word' id='word_1_635' title='bbox 2160 2709 2309 2750; x_wconf 90' lang='lat' dir='ltr'><strong>mors</strong></span> <span class='ocrx_word' id='word_1_636' title='bbox 2329 2695 2442 2764; x_wconf 90' lang='lat' dir='ltr'><strong>ipsa</strong></span> <span class='ocrx_word' id='word_1_637' title='bbox 2466 2709 2624 2764; x_wconf 88' lang='lat' dir='ltr'><strong>quam</strong></span> <span class='ocrx_word' id='word_1_638' title='bbox 2647 2702 2831 2749; x_wconf 88' lang='lat' dir='ltr'><strong>natura</strong></span> <span class='ocrx_word' id='word_1_639' title='bbox 2855 2695 3071 2766; x_wconf 66' lang='lat' dir='ltr'><strong>refugit,</strong></span> <span class='ocrx_word' id='word_1_640' title='bbox 3097 2710 3218 2752; x_wconf 89' lang='lat' dir='ltr'><strong>cum</strong></span> <span class='ocrx_word' id='word_1_641' title='bbox 3238 2705 3446 2767; x_wconf 85' lang='lat' dir='ltr'><strong>occupat</strong></span> <span class='ocrx_word' id='word_1_642' title='bbox 3461 2698 3669 2760; x_wconf 76' lang='lat' dir='ltr'><strong>dilectui.</strong></span> 
     </span>
    </p>
   </div>
   <div class='ocr_carea' id='block_1_85' title="bbox 2158 2784 3669 2854">
    <p class='ocr_par' dir='ltr' id='par_1_85' title="bbox 2158 2784 3669 2854">
     <span class='ocr_line' id='line_1_85' title="bbox 2158 2784 3669 2854; baseline -0.001 -12"><span class='ocrx_word' id='word_1_643' title='bbox 2158 2785 2437 2843; x_wconf 70' lang='lat' dir='ltr'><strong>contristat</strong></span> <span class='ocrx_word' id='word_1_644' title='bbox 2476 2786 2528 2840; x_wconf 91' lang='lat' dir='ltr'><strong>in</strong></span> <span class='ocrx_word' id='word_1_645' title='bbox 2572 2784 2726 2841; x_wconf 87' lang='lat' dir='ltr'><strong>nobis</strong></span> <span class='ocrx_word' id='word_1_646' title='bbox 2767 2786 2934 2854; x_wconf 81' lang='lat' dir='ltr'><strong>ipsius</strong></span> <span class='ocrx_word' id='word_1_647' title='bbox 2973 2785 3286 2842; x_wconf 81' lang='lat' dir='ltr'><strong>dilectionis</strong></span> <span class='ocrx_word' id='word_1_648' title='bbox 3320 2787 3554 2842; x_wconf 64' lang='lat' dir='ltr'><strong>umectum.</strong></span> <span class='ocrx_word' id='word_1_649' title='bbox 3578 2786 3669 2841; x_wconf 79' lang='lat' dir='ltr'><strong>ideo</strong></span> 
     </span>
    </p>
   </div>
   <div class='ocr_carea' id='block_1_86' title="bbox 2159 2875 3669 2945">
    <p class='ocr_par' dir='ltr' id='par_1_86' title="bbox 2159 2875 3669 2945">
     <span class='ocr_line' id='line_1_86' title="bbox 2159 2875 3669 2945; baseline 0.001 -14"><span class='ocrx_word' id='word_1_650' title='bbox 2159 2890 2264 2931; x_wconf 90' lang='lat' dir='ltr'><strong>non</strong></span> <span class='ocrx_word' id='word_1_651' title='bbox 2294 2875 2572 2930; x_wconf 88' lang='lat' dir='ltr'><strong>admonuit</strong></span> <span class='ocrx_word' id='word_1_652' title='bbox 2598 2875 2916 2945; x_wconf 84' lang='lat' dir='ltr'><strong>Apostolus,</strong></span> <span class='ocrx_word' id='word_1_653' title='bbox 2949 2884 3008 2930; x_wconf 83' lang='lat' dir='ltr'><strong>ut</strong></span> <span class='ocrx_word' id='word_1_654' title='bbox 3048 2892 3164 2932; x_wconf 88' lang='lat' dir='ltr'><strong>non</strong></span> <span class='ocrx_word' id='word_1_655' title='bbox 3197 2878 3565 2943; x_wconf 81' lang='lat' dir='ltr'><strong>contristentur;</strong></span> <span class='ocrx_word' id='word_1_656' title='bbox 3586 2875 3669 2939; x_wconf 70' lang='lat' dir='ltr'><strong>sed,</strong></span> 
     </span>
    </p>
   </div>
   <div class='ocr_carea' id='block_1_87' title="bbox 2158 2967 3672 3037">
    <p class='ocr_par' dir='ltr' id='par_1_87' title="bbox 2158 2967 3672 3037">
     <span class='ocr_line' id='line_1_87' title="bbox 2158 2967 3672 3037; baseline 0 -16"><span class='ocrx_word' id='word_1_657' title='bbox 2158 2982 2264 3022; x_wconf 92' lang='lat' dir='ltr'><strong>non</strong></span> <span class='ocrx_word' id='word_1_658' title='bbox 2303 2968 2430 3021; x_wconf 84' lang='lat' dir='ltr'><strong>sicut</strong></span> <span class='ocrx_word' id='word_1_659' title='bbox 2467 2968 2634 3021; x_wconf 77' lang='lat' dir='ltr'><strong>cwteri</strong></span> <span class='ocrx_word' id='word_1_660' title='bbox 2670 2967 2756 3037; x_wconf 85' lang='lat' dir='ltr'><strong>qui</strong></span> <span class='ocrx_word' id='word_1_661' title='bbox 2796 2983 2938 3037; x_wconf 76' lang='lat' dir='ltr'><strong>spem</strong></span> <span class='ocrx_word' id='word_1_662' title='bbox 2975 2983 3085 3022; x_wconf 82' lang='lat' dir='ltr'><strong>non</strong></span> <span class='ocrx_word' id='word_1_663' title='bbox 3127 2969 3323 3024; x_wconf 77' lang='lat' dir='ltr'><strong>habent.</strong></span> <span class='ocrx_word' id='word_1_664' title='bbox 3359 2970 3672 3024; x_wconf 80' lang='lat' dir='ltr'><strong>Contristauiut</strong></span> 
     </span>
    </p>
   </div>
   <div class='ocr_carea' id='block_1_88' title="bbox 2156 3058 3668 3128">
    <p class='ocr_par' dir='ltr' id='par_1_88' title="bbox 2156 3058 3668 3128">
     <span class='ocr_line' id='line_1_88' title="bbox 2156 3058 3668 3128; baseline -0.001 -14"><span class='ocrx_word' id='word_1_665' title='bbox 2156 3071 2286 3128; x_wconf 72' lang='lat' dir='ltr'><strong>ergo</strong></span> <span class='ocrx_word' id='word_1_666' title='bbox 2311 3072 2406 3113; x_wconf 88' lang='lat' dir='ltr'><strong>nos</strong></span> <span class='ocrx_word' id='word_1_667' title='bbox 2427 3058 2480 3112; x_wconf 92' lang='lat' dir='ltr'><strong>in</strong></span> <span class='ocrx_word' id='word_1_668' title='bbox 2504 3066 2804 3114; x_wconf 86' lang='lat' dir='ltr'><strong>nostrorum</strong></span> <span class='ocrx_word' id='word_1_669' title='bbox 2826 3058 3098 3115; x_wconf 86' lang='lat' dir='ltr'><strong>mortibus</strong></span> <span class='ocrx_word' id='word_1_670' title='bbox 3118 3062 3421 3117; x_wconf 81' lang='lat' dir='ltr'><strong>necessitate</strong></span> <span class='ocrx_word' id='word_1_671' title='bbox 3436 3058 3668 3121; x_wconf 80' lang='lat' dir='ltr'><strong>amittendi,</strong></span> 
     </span>
    </p>
   </div>
   <div class='ocr_carea' id='block_1_89' title="bbox 2156 3147 3670 3221">
    <p class='ocr_par' dir='ltr' id='par_1_89' title="bbox 2156 3147 3670 3221">
     <span class='ocr_line' id='line_1_89' title="bbox 2156 3147 3670 3221; baseline -0.001 -17"><span class='ocrx_word' id='word_1_672' title='bbox 2156 3147 2251 3204; x_wconf 89' lang='lat' dir='ltr'><strong>sed</strong></span> <span class='ocrx_word' id='word_1_673' title='bbox 2278 3163 2399 3203; x_wconf 89' lang='lat' dir='ltr'><strong>cum</strong></span> <span class='ocrx_word' id='word_1_674' title='bbox 2427 3163 2524 3218; x_wconf 88' lang='lat' dir='ltr'><strong>spe</strong></span> <span class='ocrx_word' id='word_1_675' title='bbox 2548 3147 2856 3218; x_wconf 87' lang='lat' dir='ltr'><strong>recipiendi.</strong></span> <span class='ocrx_word' id='word_1_676' title='bbox 2891 3147 3018 3204; x_wconf 84' lang='lat' dir='ltr'><strong>inde</strong></span> <span class='ocrx_word' id='word_1_677' title='bbox 3039 3152 3318 3221; x_wconf 80' lang='lat' dir='ltr'><strong>angimur,</strong></span> <span class='ocrx_word' id='word_1_678' title='bbox 3343 3151 3454 3206; x_wconf 86' lang='lat' dir='ltr'><strong>hinc</strong></span> <span class='ocrx_word' id='word_1_679' title='bbox 3482 3148 3670 3205; x_wconf 80' lang='lat' dir='ltr'><strong>consola-</strong></span> 
     </span>
    </p>
   </div>
   <div class='ocr_carea' id='block_1_90' title="bbox 2156 3239 3670 3308">
    <p class='ocr_par' dir='ltr' id='par_1_90' title="bbox 2156 3239 3670 3308">
     <span class='ocr_line' id='line_1_90' title="bbox 2156 3239 3670 3308; baseline 0 -13"><span class='ocrx_word' id='word_1_680' title='bbox 2156 3255 2275 3295; x_wconf 85' lang='lat' dir='ltr'><strong>mur</strong></span> <span class='ocrx_word' id='word_1_681' title='bbox 2304 3257 2318 3294; x_wconf 89' lang='lat'><strong>:</strong></span> <span class='ocrx_word' id='word_1_682' title='bbox 2346 3239 2470 3295; x_wconf 89' lang='lat' dir='ltr'><strong>inde</strong></span> <span class='ocrx_word' id='word_1_683' title='bbox 2511 3239 2789 3295; x_wconf 78' lang='lat' dir='ltr'><strong>infirmitas</strong></span> <span class='ocrx_word' id='word_1_684' title='bbox 2829 3240 3025 3308; x_wconf 80' lang='lat' dir='ltr'><strong>allicit,</strong></span> <span class='ocrx_word' id='word_1_685' title='bbox 3057 3241 3189 3302; x_wconf 83' lang='lat' dir='ltr'><strong>hinc</strong></span> <span class='ocrx_word' id='word_1_686' title='bbox 3227 3244 3355 3298; x_wconf 82' lang='lat' dir='ltr'><strong>ﬁdes</strong></span> <span class='ocrx_word' id='word_1_687' title='bbox 3377 3242 3523 3300; x_wconf 74' lang='lat' dir='ltr'><strong>reicit</strong></span> <span class='ocrx_word' id='word_1_688' title='bbox 3545 3259 3557 3295; x_wconf 91' lang='lat'><strong>:</strong></span> <span class='ocrx_word' id='word_1_689' title='bbox 3581 3240 3670 3296; x_wconf 77' lang='lat' dir='ltr'><strong>inde</strong></span> 
     </span>
    </p>
   </div>
   <div class='ocr_carea' id='block_1_91' title="bbox 2156 3329 3668 3404">
    <p class='ocr_par' dir='ltr' id='par_1_91' title="bbox 2156 3329 3668 3404">
     <span class='ocr_line' id='line_1_91' title="bbox 2156 3329 3668 3404; baseline -0.001 -19"><span class='ocrx_word' id='word_1_690' title='bbox 2156 3329 2302 3386; x_wconf 91' lang='lat' dir='ltr'><strong>dolet</strong></span> <span class='ocrx_word' id='word_1_691' title='bbox 2330 3331 2558 3385; x_wconf 85' lang='lat' dir='ltr'><strong>humana</strong></span> <span class='ocrx_word' id='word_1_692' title='bbox 2582 3330 2845 3397; x_wconf 86' lang='lat' dir='ltr'><strong>conditio,</strong></span> <span class='ocrx_word' id='word_1_693' title='bbox 2879 3330 3006 3388; x_wconf 87' lang='lat' dir='ltr'><strong>hinc</strong></span> <span class='ocrx_word' id='word_1_694' title='bbox 3046 3342 3209 3389; x_wconf 84' lang='lat' dir='ltr'><strong>sanat</strong></span> <span class='ocrx_word' id='word_1_695' title='bbox 3240 3334 3406 3390; x_wconf 87' lang='lat' dir='ltr'><strong>divina</strong></span> <span class='ocrx_word' id='word_1_696' title='bbox 3432 3331 3668 3404; x_wconf 80' lang='lat' dir='ltr'><strong>promissio.</strong></span> 
     </span>
    </p>
   </div>
   <div class='ocr_carea' id='block_1_92' title="bbox 2226 3421 3669 3495">
    <p class='ocr_par' dir='ltr' id='par_1_92' title="bbox 2226 3421 3669 3495">
     <span class='ocr_line' id='line_1_92' title="bbox 2226 3421 3669 3495; baseline 0.001 -18"><span class='ocrx_word' id='word_1_697' title='bbox 2226 3422 2451 3478; x_wconf 81' lang='lat' dir='ltr'><strong>CAPUT</strong></span> <span class='ocrx_word' id='word_1_698' title='bbox 2479 3421 2542 3476; x_wconf 88' lang='lat' dir='ltr'><strong>ll.</strong></span> <span class='ocrx_word' id='word_1_699' title='bbox 2564 3452 2634 3462; x_wconf 88' lang='lat'><strong>--</strong></span> <span class='ocrx_word' id='word_1_700' title='bbox 2652 3422 2707 3477; x_wconf 73' lang='lat'><strong>2.</strong></span> <span class='ocrx_word' id='word_1_701' title='bbox 2741 3422 3005 3479; x_wconf 82' lang='lat' dir='ltr'><strong>Orationes</strong></span> <span class='ocrx_word' id='word_1_702' title='bbox 3030 3436 3088 3478; x_wconf 81' lang='lat' dir='ltr'><strong>et</strong></span> <span class='ocrx_word' id='word_1_703' title='bbox 3113 3427 3410 3495; x_wconf 82' lang='lat' dir='ltr'><strong>sacri/icium</strong></span> <span class='ocrx_word' id='word_1_704' title='bbox 3433 3442 3487 3478; x_wconf 79' lang='lat' dir='ltr'><strong>ac</strong></span> <span class='ocrx_word' id='word_1_705' title='bbox 3508 3423 3669 3479; x_wconf 65' lang='lat' dir='ltr'><strong>siccato-</strong></span> 
     </span>
    </p>
   </div>
   <div class='ocr_carea' id='block_1_93' title="bbox 2154 3514 3669 3587">
    <p class='ocr_par' dir='ltr' id='par_1_93' title="bbox 2154 3514 3669 3587">
     <span class='ocr_line' id='line_1_93' title="bbox 2154 3514 3669 3587; baseline -0.001 -18"><span class='ocrx_word' id='word_1_706' title='bbox 2154 3528 2298 3584; x_wconf 72' lang='lat' dir='ltr'><strong>synat</strong></span> <span class='ocrx_word' id='word_1_707' title='bbox 2332 3529 2425 3584; x_wconf 86' lang='lat' dir='ltr'><strong>pro</strong></span> <span class='ocrx_word' id='word_1_708' title='bbox 2454 3514 2721 3584; x_wconf 78' lang='lat' dir='ltr'><strong>defunctis.</strong></span> <span class='ocrx_word' id='word_1_709' title='bbox 2754 3514 2983 3570; x_wconf 79' lang='lat' dir='ltr'><strong>Proinde</strong></span> <span class='ocrx_word' id='word_1_710' title='bbox 3024 3532 3239 3587; x_wconf 72' lang='lat' dir='ltr'><strong>pompa:</strong></span> <span class='ocrx_word' id='word_1_711' title='bbox 3278 3517 3490 3582; x_wconf 71' lang='lat' dir='ltr'><strong>funeris,</strong></span> <span class='ocrx_word' id='word_1_712' title='bbox 3514 3514 3669 3585; x_wconf 75' lang='lat' dir='ltr'><strong>agmina</strong></span> 
     </span>
    </p>
   </div>
   <div class='ocr_carea' id='block_1_94' title="bbox 2154 3605 3669 3677">
    <p class='ocr_par' dir='ltr' id='par_1_94' title="bbox 2154 3605 3669 3677">
     <span class='ocr_line' id='line_1_94' title="bbox 2154 3605 3669 3677; baseline -0.001 -18"><span class='ocrx_word' id='word_1_713' title='bbox 2154 3605 2544 3674; x_wconf 87' lang='lat' dir='ltr'><strong>exsequiarum,</strong></span> <span class='ocrx_word' id='word_1_714' title='bbox 2573 3613 2881 3673; x_wconf 85' lang='lat' dir='ltr'><strong>sumptuosa</strong></span> <span class='ocrx_word' id='word_1_715' title='bbox 2912 3605 3192 3677; x_wconf 86' lang='lat' dir='ltr'><strong>diligentia</strong></span> <span class='ocrx_word' id='word_1_716' title='bbox 3221 3608 3513 3677; x_wconf 71' lang='lat' dir='ltr'><strong>sepultum,</strong></span> <span class='ocrx_word' id='word_1_717' title='bbox 3533 3617 3669 3658; x_wconf 78' lang='lat' dir='ltr'><strong>utcon-</strong></span> 
     </span>
    </p>
   </div>
   <div class='ocr_carea' id='block_1_95' title="bbox 2154 3694 3669 3764">
    <p class='ocr_par' dir='ltr' id='par_1_95' title="bbox 2154 3694 3669 3764">
     <span class='ocr_line' id='line_1_95' title="bbox 2154 3694 3669 3764; baseline 0.001 -16"><span class='ocrx_word' id='word_1_718' title='bbox 2154 3703 2455 3749; x_wconf 90' lang='lat' dir='ltr'><strong>mentorum</strong></span> <span class='ocrx_word' id='word_1_719' title='bbox 2498 3694 2751 3764; x_wconf 89' lang='lat' dir='ltr'><strong>opulenta</strong></span> <span class='ocrx_word' id='word_1_720' title='bbox 2794 3698 3164 3764; x_wconf 90' lang='lat' dir='ltr'><strong>constructio,</strong></span> <span class='ocrx_word' id='word_1_721' title='bbox 3196 3700 3424 3754; x_wconf 84' lang='lat' dir='ltr'><strong>vivorum</strong></span> <span class='ocrx_word' id='word_1_722' title='bbox 3449 3704 3551 3752; x_wconf 81' lang='lat' dir='ltr'><strong>sum</strong></span> <span class='ocrx_word' id='word_1_723' title='bbox 3573 3708 3669 3763; x_wconf 75' lang='lat' dir='ltr'><strong>qna-</strong></span> 
     </span>
    </p>
   </div>
   <div class='ocr_carea' id='block_1_96' title="bbox 2153 3783 3667 3857">
    <p class='ocr_par' dir='ltr' id='par_1_96' title="bbox 2153 3783 3667 3857">
     <span class='ocr_line' id='line_1_96' title="bbox 2153 3783 3667 3857; baseline -0.003 -14"><span class='ocrx_word' id='word_1_724' title='bbox 2153 3786 2452 3857; x_wconf 85' lang='lat' dir='ltr'><strong>liaeumque</strong></span> <span class='ocrx_word' id='word_1_725' title='bbox 2477 3784 2687 3853; x_wconf 87' lang='lat' dir='ltr'><strong>solatia,</strong></span> <span class='ocrx_word' id='word_1_726' title='bbox 2714 3800 2822 3840; x_wconf 86' lang='lat' dir='ltr'><strong>non</strong></span> <span class='ocrx_word' id='word_1_727' title='bbox 2850 3785 3121 3856; x_wconf 84' lang='lat' dir='ltr'><strong>adjutoria</strong></span> <span class='ocrx_word' id='word_1_728' title='bbox 3151 3798 3482 3845; x_wconf 83' lang='lat' dir='ltr'><strong>mortuorum.</strong></span> <span class='ocrx_word' id='word_1_729' title='bbox 3508 3783 3667 3841; x_wconf 77' lang='lat' dir='ltr'><strong>Oratio-</strong></span> 
     </span>
    </p>
   </div>
   <div class='ocr_carea' id='block_1_97' title="bbox 2154 3874 3668 3945">
    <p class='ocr_par' dir='ltr' id='par_1_97' title="bbox 2154 3874 3668 3945">
     <span class='ocr_line' id='line_1_97' title="bbox 2154 3874 3668 3945; baseline -0.003 -13"><span class='ocrx_word' id='word_1_730' title='bbox 2154 3877 2309 3932; x_wconf 87' lang='lat' dir='ltr'><strong>nibus</strong></span> <span class='ocrx_word' id='word_1_731' title='bbox 2335 3890 2464 3931; x_wconf 90' lang='lat' dir='ltr'><strong>vero</strong></span> <span class='ocrx_word' id='word_1_732' title='bbox 2490 3884 2689 3931; x_wconf 77' lang='lat' dir='ltr'><strong>sancta.-</strong></span> <span class='ocrx_word' id='word_1_733' title='bbox 2717 3876 2973 3932; x_wconf 72' lang='lat' dir='ltr'><strong>Ecclesiai</strong></span> <span class='ocrx_word' id='word_1_734' title='bbox 2992 3918 3009 3945; x_wconf 91' lang='lat'><strong>,</strong></span> <span class='ocrx_word' id='word_1_735' title='bbox 3037 3887 3103 3934; x_wconf 89' lang='lat' dir='ltr'><strong>et</strong></span> <span class='ocrx_word' id='word_1_736' title='bbox 3124 3879 3382 3935; x_wconf 78' lang='lat' dir='ltr'><strong>sacriﬁcio</strong></span> <span class='ocrx_word' id='word_1_737' title='bbox 3406 3874 3608 3941; x_wconf 69' lang='lat' dir='ltr'><strong>sanitati,</strong></span> <span class='ocrx_word' id='word_1_738' title='bbox 3630 3880 3668 3927; x_wconf 81' lang='lat' dir='ltr'><strong>et</strong></span> 
     </span>
    </p>
   </div>
   <div class='ocr_carea' id='block_1_98' title="bbox 2151 3968 3665 4043">
    <p class='ocr_par' dir='ltr' id='par_1_98' title="bbox 2151 3968 3665 4043">
     <span class='ocr_line' id='line_1_98' title="bbox 2151 3968 3665 4043; baseline -0.003 -18"><span class='ocrx_word' id='word_1_739' title='bbox 2151 3968 2523 4041; x_wconf 86' lang='lat' dir='ltr'><strong>eleemosynis,</strong></span> <span class='ocrx_word' id='word_1_740' title='bbox 2545 3984 2664 4039; x_wconf 73' lang='lat' dir='ltr'><strong>quat</strong></span> <span class='ocrx_word' id='word_1_741' title='bbox 2684 3983 2781 4039; x_wconf 89' lang='lat' dir='ltr'><strong>pro</strong></span> <span class='ocrx_word' id='word_1_742' title='bbox 2797 3984 2983 4025; x_wconf 86' lang='lat' dir='ltr'><strong>eorum</strong></span> <span class='ocrx_word' id='word_1_743' title='bbox 3009 3972 3290 4041; x_wconf 78' lang='lat' dir='ltr'><strong>spiritibus</strong></span> <span class='ocrx_word' id='word_1_744' title='bbox 3306 3980 3574 4043; x_wconf 77' lang='lat' dir='ltr'><strong>erogantur,</strong></span> <span class='ocrx_word' id='word_1_745' title='bbox 3590 3979 3665 4021; x_wconf 78' lang='lat' dir='ltr'><strong>aut</strong></span> 
     </span>
    </p>
   </div>
   <div class='ocr_carea' id='block_1_99' title="bbox 2152 4056 3666 4132">
    <p class='ocr_par' dir='ltr' id='par_1_99' title="bbox 2152 4056 3666 4132">
     <span class='ocr_line' id='line_1_99' title="bbox 2152 4056 3666 4132; baseline -0.001 -15"><span class='ocrx_word' id='word_1_746' title='bbox 2152 4067 2235 4117; x_wconf 86' lang='lat' dir='ltr'><strong>cst</strong></span> <span class='ocrx_word' id='word_1_747' title='bbox 2256 4058 2602 4115; x_wconf 89' lang='lat' dir='ltr'><strong>dubitandum</strong></span> <span class='ocrx_word' id='word_1_748' title='bbox 2627 4068 2867 4116; x_wconf 87' lang='lat' dir='ltr'><strong>mortuos</strong></span> <span class='ocrx_word' id='word_1_749' title='bbox 2890 4060 3169 4132; x_wconf 81' lang='lat' dir='ltr'><strong>adjuvari;</strong></span> <span class='ocrx_word' id='word_1_750' title='bbox 3202 4074 3261 4120; x_wconf 86' lang='lat' dir='ltr'><strong>ut</strong></span> <span class='ocrx_word' id='word_1_751' title='bbox 3285 4079 3401 4119; x_wconf 89' lang='lat' dir='ltr'><strong>eum</strong></span> <span class='ocrx_word' id='word_1_752' title='bbox 3423 4063 3494 4120; x_wconf 86' lang='lat' dir='ltr'><strong>eis</strong></span> <span class='ocrx_word' id='word_1_753' title='bbox 3512 4056 3666 4116; x_wconf 82' lang='lat' dir='ltr'><strong>miseri-</strong></span> 
     </span>
    </p>
   </div>
   <div class='ocr_carea' id='block_1_100' title="bbox 2150 4149 3665 4227">
    <p class='ocr_par' dir='ltr' id='par_1_100' title="bbox 2150 4149 3665 4227">
     <span class='ocr_line' id='line_1_100' title="bbox 2150 4149 3665 4227; baseline 0 -21"><span class='ocrx_word' id='word_1_754' title='bbox 2150 4149 2365 4207; x_wconf 89' lang='lat' dir='ltr'><strong>cordius</strong></span> <span class='ocrx_word' id='word_1_755' title='bbox 2403 4160 2591 4222; x_wconf 75' lang='lat' dir='ltr'><strong>agatur</strong></span> <span class='ocrx_word' id='word_1_756' title='bbox 2614 4166 2644 4206; x_wconf 90' lang='lat' dir='ltr'><strong>a</strong></span> <span class='ocrx_word' id='word_1_757' title='bbox 2671 4151 2898 4208; x_wconf 84' lang='lat' dir='ltr'><strong>Domino</strong></span> <span class='ocrx_word' id='word_1_758' title='bbox 2915 4194 2932 4221; x_wconf 92' lang='lat'><strong>,</strong></span> <span class='ocrx_word' id='word_1_759' title='bbox 2959 4168 3124 4223; x_wconf 89' lang='lat' dir='ltr'><strong>quam</strong></span> <span class='ocrx_word' id='word_1_760' title='bbox 3163 4170 3348 4212; x_wconf 81' lang='lat' dir='ltr'><strong>eorum</strong></span> <span class='ocrx_word' id='word_1_761' title='bbox 3375 4162 3561 4227; x_wconf 70' lang='lat' dir='ltr'><strong>pacata</strong></span> <span class='ocrx_word' id='word_1_762' title='bbox 3583 4161 3665 4206; x_wconf 82' lang='lat' dir='ltr'><strong>nte-</strong></span> 
     </span>
    </p>
   </div>
   <div class='ocr_carea' id='block_1_101' title="bbox 2152 4242 3663 4313">
    <p class='ocr_par' dir='ltr' id='par_1_101' title="bbox 2152 4242 3663 4313">
     <span class='ocr_line' id='line_1_101' title="bbox 2152 4242 3663 4313; baseline 0 -17"><span class='ocrx_word' id='word_1_763' title='bbox 2152 4250 2395 4297; x_wconf 89' lang='lat' dir='ltr'><strong>ruerunt.</strong></span> <span class='ocrx_word' id='word_1_764' title='bbox 2445 4242 2559 4297; x_wconf 89' lang='lat' dir='ltr'><strong>lloc</strong></span> <span class='ocrx_word' id='word_1_765' title='bbox 2603 4243 2747 4298; x_wconf 89' lang='lat' dir='ltr'><strong>enim</strong></span> <span class='ocrx_word' id='word_1_766' title='bbox 2791 4257 2823 4297; x_wconf 88' lang='lat' dir='ltr'><strong>a</strong></span> <span class='ocrx_word' id='word_1_767' title='bbox 2867 4245 3107 4313; x_wconf 90' lang='lat' dir='ltr'><strong>patribus</strong></span> <span class='ocrx_word' id='word_1_768' title='bbox 3158 4246 3435 4313; x_wconf 76' lang='lat' dir='ltr'><strong>traditum,</strong></span> <span class='ocrx_word' id='word_1_769' title='bbox 3475 4242 3663 4300; x_wconf 66' lang='lat' dir='ltr'><strong>oniten:</strong></span> 
     </span>
    </p>
   </div>
   <div class='ocr_carea' id='block_1_102' title="bbox 2150 4328 3667 4408">
    <p class='ocr_par' dir='ltr' id='par_1_102' title="bbox 2150 4328 3667 4408">
     <span class='ocr_line' id='line_1_102' title="bbox 2150 4328 3667 4408; baseline -0.003 -17"><span class='ocrx_word' id='word_1_770' title='bbox 2150 4328 2399 4391; x_wconf 81' lang='lat' dir='ltr'><strong>observat</strong></span> <span class='ocrx_word' id='word_1_771' title='bbox 2425 4333 2694 4401; x_wconf 84' lang='lat' dir='ltr'><strong>Ecclesia,</strong></span> <span class='ocrx_word' id='word_1_772' title='bbox 2725 4342 2784 4388; x_wconf 91' lang='lat' dir='ltr'><strong>ut</strong></span> <span class='ocrx_word' id='word_1_773' title='bbox 2809 4349 2907 4404; x_wconf 88' lang='lat' dir='ltr'><strong>pro</strong></span> <span class='ocrx_word' id='word_1_774' title='bbox 2938 4335 3018 4391; x_wconf 88' lang='lat' dir='ltr'><strong>eis</strong></span> <span class='ocrx_word' id='word_1_775' title='bbox 3056 4338 3152 4408; x_wconf 88' lang='lat' dir='ltr'><strong>qui</strong></span> <span class='ocrx_word' id='word_1_776' title='bbox 3179 4338 3233 4393; x_wconf 89' lang='lat' dir='ltr'><strong>in</strong></span> <span class='ocrx_word' id='word_1_777' title='bbox 3260 4336 3486 4408; x_wconf 83' lang='lat' dir='ltr'><strong>corporis</strong></span> <span class='ocrx_word' id='word_1_778' title='bbox 3512 4341 3667 4389; x_wconf 78' lang='lat' dir='ltr'><strong>ettan-</strong></span> 
     </span>
    </p>
   </div>
   <div class='ocr_carea' id='block_1_103' title="bbox 2148 4416 3665 4496">
    <p class='ocr_par' dir='ltr' id='par_1_103' title="bbox 2148 4416 3665 4496">
     <span class='ocr_line' id='line_1_103' title="bbox 2148 4416 3665 4496; baseline 0.001 -17"><span class='ocrx_word' id='word_1_779' title='bbox 2148 4424 2324 4496; x_wconf 88' lang='lat' dir='ltr'><strong>guinis</strong></span> <span class='ocrx_word' id='word_1_780' title='bbox 2360 4423 2559 4479; x_wconf 84' lang='lat' dir='ltr'><strong>Christi</strong></span> <span class='ocrx_word' id='word_1_781' title='bbox 2601 4425 2975 4481; x_wconf 88' lang='lat' dir='ltr'><strong>communione</strong></span> <span class='ocrx_word' id='word_1_782' title='bbox 3015 4425 3255 4483; x_wconf 86' lang='lat' dir='ltr'><strong>defuncti</strong></span> <span class='ocrx_word' id='word_1_783' title='bbox 3297 4437 3447 4495; x_wconf 86' lang='lat' dir='ltr'><strong>sunt,</strong></span> <span class='ocrx_word' id='word_1_784' title='bbox 3485 4437 3586 4481; x_wconf 79' lang='lat' dir='ltr'><strong>colt</strong></span> <span class='ocrx_word' id='word_1_785' title='bbox 3615 4416 3665 4472; x_wconf 65' lang='grc' dir='ltr'><strong>οὐ</strong></span> 
     </span>
    </p>
   </div>
   <div class='ocr_carea' id='block_1_104' title="bbox 2149 4515 3662 4585">
    <p class='ocr_par' dir='ltr' id='par_1_104' title="bbox 2149 4515 3662 4585">
     <span class='ocr_line' id='line_1_104' title="bbox 2149 4515 3662 4585; baseline 0.004 -16"><span class='ocrx_word' id='word_1_786' title='bbox 2149 4515 2322 4585; x_wconf 83' lang='lat' dir='ltr'><strong>ipsum</strong></span> <span class='ocrx_word' id='word_1_787' title='bbox 2361 4515 2677 4571; x_wconf 75' lang='lat' dir='ltr'><strong>sacriﬁcium</strong></span> <span class='ocrx_word' id='word_1_788' title='bbox 2712 4516 2832 4572; x_wconf 91' lang='lat' dir='ltr'><strong>loco</strong></span> <span class='ocrx_word' id='word_1_789' title='bbox 2856 4531 2956 4572; x_wconf 90' lang='lat' dir='ltr'><strong>suo</strong></span> <span class='ocrx_word' id='word_1_790' title='bbox 2979 4529 3484 4585; x_wconf 80' lang='lat' dir='ltr'><strong>commemorantur,</strong></span> <span class='ocrx_word' id='word_1_791' title='bbox 3509 4521 3662 4575; x_wconf 64' lang='lat' dir='ltr'><strong>arcuit.</strong></span> 
     </span>
    </p>
   </div>
   <div class='ocr_carea' id='block_1_105' title="bbox 2150 4605 3663 4679">
    <p class='ocr_par' dir='ltr' id='par_1_105' title="bbox 2150 4605 3663 4679">
     <span class='ocr_line' id='line_1_105' title="bbox 2150 4605 3663 4679; baseline -0.002 -16"><span class='ocrx_word' id='word_1_792' title='bbox 2150 4623 2212 4664; x_wconf 87' lang='lat' dir='ltr'><strong>ac</strong></span> <span class='ocrx_word' id='word_1_793' title='bbox 2246 4621 2344 4678; x_wconf 84' lang='lat' dir='ltr'><strong>pro</strong></span> <span class='ocrx_word' id='word_1_794' title='bbox 2371 4606 2475 4662; x_wconf 89' lang='lat' dir='ltr'><strong>illis</strong></span> <span class='ocrx_word' id='word_1_795' title='bbox 2511 4623 2721 4679; x_wconf 87' lang='lat' dir='ltr'><strong>quoque</strong></span> <span class='ocrx_word' id='word_1_796' title='bbox 2763 4609 2817 4665; x_wconf 91' lang='lat' dir='ltr'><strong>id</strong></span> <span class='ocrx_word' id='word_1_797' title='bbox 2856 4610 3034 4666; x_wconf 81' lang='lat' dir='ltr'><strong>oll‘erri</strong></span> <span class='ocrx_word' id='word_1_798' title='bbox 3080 4618 3530 4668; x_wconf 70' lang='lat' dir='ltr'><strong>commensmetur.</strong></span> <span class='ocrx_word' id='word_1_799' title='bbox 3566 4605 3663 4660; x_wconf 75' lang='lat' dir='ltr'><strong>Coll</strong></span> 
     </span>
    </p>
   </div>
   <div class='ocr_carea' id='block_1_106' title="bbox 2149 4690 3663 4771">
    <p class='ocr_par' dir='ltr' id='par_1_106' title="bbox 2149 4690 3663 4771">
     <span class='ocr_line' id='line_1_106' title="bbox 2149 4690 3663 4771; baseline -0.002 -17"><span class='ocrx_word' id='word_1_800' title='bbox 2149 4712 2277 4754; x_wconf 85' lang='lat' dir='ltr'><strong>vero</strong></span> <span class='ocrx_word' id='word_1_801' title='bbox 2303 4712 2491 4752; x_wconf 90' lang='lat' dir='ltr'><strong>eorum</strong></span> <span class='ocrx_word' id='word_1_802' title='bbox 2525 4699 3065 4757; x_wconf 83' lang='lat' dir='ltr'><strong>commendandorum</strong></span> <span class='ocrx_word' id='word_1_803' title='bbox 3106 4716 3269 4757; x_wconf 85' lang='lat' dir='ltr'><strong>causa</strong></span> <span class='ocrx_word' id='word_1_804' title='bbox 3309 4716 3461 4771; x_wconf 70' lang='lat' dir='ltr'><strong>onera</strong></span> <span class='ocrx_word' id='word_1_805' title='bbox 3500 4690 3663 4752; x_wconf 74' lang='lat' dir='ltr'><strong>miseri-</strong></span> 
     </span>
    </p>
   </div>
   <div class='ocr_carea' id='block_1_107' title="bbox 2145 4788 3664 4863">
    <p class='ocr_par' dir='ltr' id='par_1_107' title="bbox 2145 4788 3664 4863">
     <span class='ocr_line' id='line_1_107' title="bbox 2145 4788 3664 4863; baseline 0.007 -16"><span class='ocrx_word' id='word_1_806' title='bbox 2145 4788 2347 4847; x_wconf 59' lang='lat' dir='ltr'><strong>cordia:</strong></span> <span class='ocrx_word' id='word_1_807' title='bbox 2385 4789 2752 4858; x_wconf 84' lang='lat' dir='ltr'><strong>celebrantur,</strong></span> <span class='ocrx_word' id='word_1_808' title='bbox 2786 4792 2905 4863; x_wconf 82' lang='lat' dir='ltr'><strong>quis</strong></span> <span class='ocrx_word' id='word_1_809' title='bbox 2941 4792 3022 4849; x_wconf 83' lang='lat' dir='ltr'><strong>eis</strong></span> <span class='ocrx_word' id='word_1_810' title='bbox 3056 4792 3266 4851; x_wconf 85' lang='lat' dir='ltr'><strong>dubitet</strong></span> <span class='ocrx_word' id='word_1_811' title='bbox 3292 4788 3570 4862; x_wconf 60' lang='grc' dir='ltr'><strong>διαπίπτει</strong></span> <span class='ocrx_word' id='word_1_812' title='bbox 3595 4797 3664 4857; x_wconf 63' lang='grc' dir='ltr'><strong>Ρη</strong></span> 
     </span>
    </p>
   </div>
   <div class='ocr_carea' id='block_1_108' title="bbox 2212 4963 3152 5041">
    <p class='ocr_par' dir='ltr' id='par_1_108' title="bbox 2212 4963 3152 5041">
     <span class='ocr_line' id='line_1_108' title="bbox 2212 4963 3152 5041; baseline 0 0"><span class='ocrx_word' id='word_1_813' title='bbox 2338 4963 2749 5041; x_wconf 46' lang='grc' dir='ltr'><strong>μξξίὲίὲίὲξγὲρν</strong></span> <span class='ocrx_word' id='word_1_814' title='bbox 2769 4964 3152 5041; x_wconf 46' lang='lat' dir='ltr'><strong>Maw-</strong></span> 
     </span>
    </p>
   </div>
   <div class='ocr_carea' id='block_1_109' title="bbox 2208 5020 3664 5092">
    <p class='ocr_par' dir='ltr' id='par_1_109' title="bbox 2208 5020 3664 5092">
     <span class='ocr_line' id='line_1_109' title="bbox 2208 5020 3664 5092; baseline 0.001 -17"><span class='ocrx_word' id='word_1_815' title='bbox 2208 5024 2280 5087; x_wconf 90' lang='lat' dir='ltr'><strong>(a)</strong></span> <span class='ocrx_word' id='word_1_816' title='bbox 2292 5033 2359 5092; x_wconf 84' lang='lat' dir='ltr'><strong>De</strong></span> <span class='ocrx_word' id='word_1_817' title='bbox 2380 5026 2619 5092; x_wconf 74' lang='lat' dir='ltr'><strong>sermonis</strong></span> <span class='ocrx_word' id='word_1_818' title='bbox 2638 5020 3077 5092; x_wconf 47' lang='lat' dir='ltr'><strong>hujdsZintegri&#39;tate</strong></span> <span class='ocrx_word' id='word_1_819' title='bbox 3089 5029 3337 5079; x_wconf 85' lang='lat' dir='ltr'><strong>dubitandi</strong></span> <span class='ocrx_word' id='word_1_820' title='bbox 3356 5039 3503 5077; x_wconf 86' lang='lat' dir='ltr'><strong>ansam</strong></span> <span class='ocrx_word' id='word_1_821' title='bbox 3513 5020 3664 5092; x_wconf 61' lang='grc' dir='ltr'>μωὶιθί</span> 
     </span>
    </p>
   </div>
   <div class='ocr_carea' id='block_1_110' title="bbox 2144 5036 3663 5160">
    <p class='ocr_par' dir='ltr' id='par_1_110' title="bbox 2144 5036 3663 5160">
     <span class='ocr_line' id='line_1_110' title="bbox 2208 5036 3663 5138; baseline -0.012 -51"><span class='ocrx_word' id='word_1_822' title='bbox 2208 5036 2280 5087; x_wconf 78' lang='grc' dir='ltr'><strong>(α)</strong></span> <span class='ocrx_word' id='word_1_823' title='bbox 2292 5036 2359 5073; x_wconf 70' lang='lat' dir='ltr'><strong>De</strong></span> <span class='ocrx_word' id='word_1_824' title='bbox 2380 5037 2619 5075; x_wconf 69' lang='grc' dir='ltr'><strong>εθτωοηιε</strong></span> <span class='ocrx_word' id='word_1_825' title='bbox 2640 5036 2780 5089; x_wconf 73' lang='lat' dir='ltr'><strong>huius</strong></span> <span class='ocrx_word' id='word_1_826' title='bbox 2799 5036 3077 5092; x_wconf 80' lang='lat' dir='ltr'><strong>integritate</strong></span> <span class='ocrx_word' id='word_1_827' title='bbox 3089 5036 3337 5079; x_wconf 78' lang='lat' dir='ltr'><strong>dubitandi</strong></span> <span class='ocrx_word' id='word_1_828' title='bbox 3356 5036 3663 5138; x_wconf 57' lang='lat' dir='ltr'><strong>“meum</strong></span> 
     </span>
     <span class='ocr_line' id='line_1_111' title="bbox 2144 5084 3663 5160; baseline 0 0"><span class='ocrx_word' id='word_1_829' title='bbox 2144 5084 3267 5160; x_wconf 43' lang='lat' dir='ltr'><strong>&quot;seemsstsedaﬁdsmmmsss-</strong></span> <span class='ocrx_word' id='word_1_830' title='bbox 3291 5104 3467 5160; x_wconf 71' lang='grc' dir='ltr'><strong>εντα..</strong></span> <span class='ocrx_word' id='word_1_831' title='bbox 3521 5157 3528 5160; x_wconf 82' lang='grc'><em>,</em></span> 
     </span>
    </p>
   </div>
   <div class='ocr_carea' id='block_1_111' title="bbox 2145 5147 3663 5219">
    <p class='ocr_par' dir='ltr' id='par_1_111' title="bbox 2145 5147 3663 5219">
     <span class='ocr_line' id='line_1_112' title="bbox 2145 5147 3663 5219; baseline 0.002 -21"><span class='ocrx_word' id='word_1_832' title='bbox 2145 5149 2291 5219; x_wconf 64' lang='lat' dir='ltr'><strong>tuisse</strong></span> <span class='ocrx_word' id='word_1_833' title='bbox 2313 5147 2461 5198; x_wconf 74' lang='lat' dir='ltr'><strong>hocce</strong></span> <span class='ocrx_word' id='word_1_834' title='bbox 2482 5147 2638 5219; x_wconf 77' lang='lat' dir='ltr'><strong>titulo,</strong></span> <span class='ocrx_word' id='word_1_835' title='bbox 2672 5167 2697 5197; x_wconf 77' lang='grc' dir='ltr'><strong>ι</strong></span> <span class='ocrx_word' id='word_1_836' title='bbox 2714 5156 2779 5202; x_wconf 80' lang='lat' dir='ltr'><strong>Ex</strong></span> <span class='ocrx_word' id='word_1_837' title='bbox 2800 5147 3031 5219; x_wconf 70' lang='lat' dir='ltr'><strong>sermone</strong></span> <span class='ocrx_word' id='word_1_838' title='bbox 3041 5152 3122 5219; x_wconf 75' lang='lat' dir='ltr'><strong>de</strong></span> <span class='ocrx_word' id='word_1_839' title='bbox 3142 5153 3313 5219; x_wconf 76' lang='lat' dir='ltr'><strong>iisdem</strong></span> 
     </span>
    </p>
   </div>
   <div class='ocr_carea' id='block_1_112' title="bbox 2144 5202 3663 5276">
    <p class='ocr_par' dir='ltr' id='par_1_112' title="bbox 2144 5202 3663 5276">
     <span class='ocr_line' id='line_1_113' title="bbox 2144 5202 3663 5276; baseline 0.007 -23"><span class='ocrx_word' id='word_1_840' title='bbox 2144 5208 2199 5268; x_wconf 79' lang='lat' dir='ltr'><strong>ll,</strong></span> <span class='ocrx_word' id='word_1_841' title='bbox 2220 5224 2244 5253; x_wconf 70' lang='grc' dir='ltr'><strong>ι</strong></span> <span class='ocrx_word' id='word_1_842' title='bbox 2273 5222 2371 5271; x_wconf 91' lang='lat' dir='ltr'><strong>quo</strong></span> <span class='ocrx_word' id='word_1_843' title='bbox 2391 5211 2579 5276; x_wconf 73' lang='lat' dir='ltr'><strong>nonnisi</strong></span> <span class='ocrx_word' id='word_1_844' title='bbox 2601 5202 2933 5276; x_wconf 61' lang='lat' dir='ltr'><strong>fragmentum</strong></span> <span class='ocrx_word' id='word_1_845' title='bbox 2953 5202 3054 5263; x_wconf 85' lang='lat' dir='ltr'><strong>dari</strong></span> <span class='ocrx_word' id='word_1_846' title='bbox 3082 5202 3388 5276; x_wconf 80' lang='lat' dir='ltr'><strong>signiﬁcatur,</strong></span> <span class='ocrx_word' id='word_1_847' title='bbox 3408 5211 3450 5261; x_wconf 86' lang='lat' dir='ltr'><strong>id</strong></span> <span class='ocrx_word' id='word_1_848' title='bbox 3470 5202 3663 5276; x_wconf 56' lang='lat' dir='ltr'><strong>nihiIP‘Pl&#39;</strong></span> 
     </span>
    </p>
   </div>
   <div class='ocr_carea' id='block_1_113' title="bbox 2144 5270 3663 5337">
    <p class='ocr_par' dir='ltr' id='par_1_113' title="bbox 2144 5270 3663 5337">
     <span class='ocr_line' id='line_1_114' title="bbox 2144 5270 3663 5337; baseline -0.003 -16"><span class='ocrx_word' id='word_1_849' title='bbox 2144 5283 2238 5337; x_wconf 69' lang='lat' dir='ltr'><strong>suis</strong></span> <span class='ocrx_word' id='word_1_850' title='bbox 2259 5270 2412 5321; x_wconf 74' lang='lat' dir='ltr'><strong>totum</strong></span> <span class='ocrx_word' id='word_1_851' title='bbox 2443 5272 2651 5337; x_wconf 63' lang='lat' dir='ltr'><strong>subiicit,</strong></span> <span class='ocrx_word' id='word_1_852' title='bbox 2683 5270 2813 5336; x_wconf 55' lang='lat' dir='ltr'><strong>Quod</strong></span> <span class='ocrx_word' id='word_1_853' title='bbox 2842 5274 2920 5337; x_wconf 87' lang='lat' dir='ltr'><strong>hic</strong></span> <span class='ocrx_word' id='word_1_854' title='bbox 2946 5270 3170 5326; x_wconf 68' lang='lat' dir='ltr'><strong>habenti.</strong></span> <span class='ocrx_word' id='word_1_855' title='bbox 3210 5281 3362 5337; x_wconf 74' lang='lat' dir='ltr'><strong>Auget</strong></span> <span class='ocrx_word' id='word_1_856' title='bbox 3390 5283 3498 5321; x_wconf 87' lang='lat' dir='ltr'><strong>vero</strong></span> <span class='ocrx_word' id='word_1_857' title='bbox 3515 5270 3663 5337; x_wconf 58' lang='lat' dir='ltr'><strong>dubita;</strong></span> 
     </span>
    </p>
   </div>
   <div class='ocr_carea' id='block_1_114' title="bbox 2143 5333 3663 5400">
    <p class='ocr_par' dir='ltr' id='par_1_114' title="bbox 2143 5333 3663 5400">
     <span class='ocr_line' id='line_1_115' title="bbox 2143 5333 3663 5400; baseline -0.007 -15"><span class='ocrx_word' id='word_1_858' title='bbox 2143 5334 2345 5400; x_wconf 64' lang='lat' dir='ltr'><strong>tionem,</strong></span> <span class='ocrx_word' id='word_1_859' title='bbox 2376 5346 2487 5400; x_wconf 84' lang='lat' dir='ltr'><strong>cum</strong></span> <span class='ocrx_word' id='word_1_860' title='bbox 2506 5333 2826 5400; x_wconf 62' lang='lat' dir='ltr'><strong>ibidem_&#39;jm</strong></span> <span class='ocrx_word' id='word_1_861' title='bbox 2852 5336 2979 5386; x_wconf 89' lang='lat' dir='ltr'><strong>hunc</strong></span> <span class='ocrx_word' id='word_1_862' title='bbox 3012 5338 3165 5400; x_wconf 71' lang='lat' dir='ltr'><strong>ipsum</strong></span> <span class='ocrx_word' id='word_1_863' title='bbox 3194 5333 3461 5400; x_wconf 76' lang='lat' dir='ltr'><strong>sermonem</strong></span> <span class='ocrx_word' id='word_1_864' title='bbox 3485 5333 3663 5400; x_wconf 44' lang='lat' dir='ltr'><strong>prosint?</strong></span> 
     </span>
    </p>
   </div>
   <div class='ocr_carea' id='block_1_115' title="bbox 2139 5387 3663 5460">
    <p class='ocr_par' dir='ltr' id='par_1_115' title="bbox 2139 5387 3663 5460">
     <span class='ocr_line' id='line_1_116' title="bbox 2139 5387 3663 5460; baseline -0.002 -15"><span class='ocrx_word' id='word_1_865' title='bbox 2139 5387 2361 5460; x_wconf 72' lang='lat' dir='ltr'><strong>adiungit</strong></span> <span class='ocrx_word' id='word_1_866' title='bbox 2379 5387 2733 5460; x_wconf 65' lang='lat' dir='ltr'><strong>subsequentis</strong></span> <span class='ocrx_word' id='word_1_867' title='bbox 2747 5400 2986 5448; x_wconf 85' lang='lat' dir='ltr'><strong>sermonis</strong></span> <span class='ocrx_word' id='word_1_868' title='bbox 3007 5387 3109 5460; x_wconf 70' lang='lat' dir='ltr'><strong>c&#39;ap.</strong></span> <span class='ocrx_word' id='word_1_869' title='bbox 3132 5396 3166 5445; x_wconf 80' lang='lat'><strong>3</strong></span> <span class='ocrx_word' id='word_1_870' title='bbox 3191 5387 3499 5460; x_wconf 76' lang='lat' dir='ltr'><strong>fragmentum</strong></span> <span class='ocrx_word' id='word_1_871' title='bbox 3514 5392 3560 5460; x_wconf 69' lang='lat' dir='ltr'><strong>in</strong></span> <span class='ocrx_word' id='word_1_872' title='bbox 3582 5387 3663 5460; x_wconf 54' lang='lat' dir='ltr'><strong>ltiti};</strong></span> 
     </span>
    </p>
   </div>
   <div class='ocr_carea' id='block_1_116' title="bbox 2144 5455 3663 5525">
    <p class='ocr_par' dir='ltr' id='par_1_116' title="bbox 2144 5455 3663 5525">
     <span class='ocr_line' id='line_1_117' title="bbox 2144 5455 3663 5525; baseline 0 -21"><span class='ocrx_word' id='word_1_873' title='bbox 2144 5455 2313 5525; x_wconf 63' lang='lat' dir='ltr'><strong>verba;</strong></span> <span class='ocrx_word' id='word_1_874' title='bbox 2339 5473 2368 5525; x_wconf 34' lang='grc' dir='ltr'><strong>,α</strong></span> <span class='ocrx_word' id='word_1_875' title='bbox 2382 5463 2504 5525; x_wconf 69' lang='lat' dir='ltr'><strong>item</strong></span> <span class='ocrx_word' id='word_1_876' title='bbox 2525 5455 2601 5525; x_wconf 61' lang='lat' dir='ltr'><strong>ex</strong></span> <span class='ocrx_word' id='word_1_877' title='bbox 2624 5457 2798 5525; x_wconf 80' lang='lat' dir='ltr'><strong>eodem</strong></span> <span class='ocrx_word' id='word_1_878' title='bbox 2814 5455 3184 5525; x_wconf 58' lang='lat' dir='ltr'><strong>sermonefh‘on</strong></span> <span class='ocrx_word' id='word_1_879' title='bbox 3204 5455 3383 5525; x_wconf 74' lang='lat' dir='ltr'><strong>tantum</strong></span> <span class='ocrx_word' id='word_1_880' title='bbox 3409 5458 3485 5511; x_wconf 85' lang='lat' dir='ltr'><strong>ait,</strong></span> <span class='ocrx_word' id='word_1_881' title='bbox 3503 5457 3567 5525; x_wconf 14' lang='grc' dir='ltr'><strong>,Ην</strong></span> 
     </span>
    </p>
   </div>
   <div class='ocr_carea' id='block_1_117' title="bbox 2148 5508 3661 5575">
    <p class='ocr_par' dir='ltr' id='par_1_117' title="bbox 2148 5508 3661 5575">
     <span class='ocr_line' id='line_1_118' title="bbox 2148 5508 3661 5575; baseline -0.013 3"><span class='ocrx_word' id='word_1_882' title='bbox 2148 5535 2174 5564; x_wconf 72' lang='grc' dir='ltr'><strong>ι</strong></span> <span class='ocrx_word' id='word_1_883' title='bbox 2195 5508 2553 5575; x_wconf 55' lang='grc' dir='ltr'><strong>εοηάϋιεηάηίν</strong></span> <span class='ocrx_word' id='word_1_884' title='bbox 2574 5534 2597 5561; x_wconf 72' lang='grc' dir='ltr'><strong>ι</strong></span> <span class='ocrx_word' id='word_1_885' title='bbox 2628 5526 2723 5569; x_wconf 84' lang='lat' dir='ltr'><strong>etc.</strong></span> <span class='ocrx_word' id='word_1_886' title='bbox 2741 5520 2815 5569; x_wconf 87' lang='lat' dir='ltr'><strong>Sic</strong></span> <span class='ocrx_word' id='word_1_887' title='bbox 2842 5508 3061 5570; x_wconf 81' lang='lat' dir='ltr'><strong>ninurum</strong></span> <span class='ocrx_word' id='word_1_888' title='bbox 3084 5519 3290 5568; x_wconf 86' lang='lat' dir='ltr'><strong>habetur</strong></span> <span class='ocrx_word' id='word_1_889' title='bbox 3310 5520 3356 5568; x_wconf 89' lang='lat' dir='ltr'><strong>in</strong></span> <span class='ocrx_word' id='word_1_890' title='bbox 3377 5508 3515 5564; x_wconf 74' lang='lat' dir='ltr'><strong>veteri</strong></span> <span class='ocrx_word' id='word_1_891' title='bbox 3529 5508 3661 5559; x_wconf 75' lang='lat' dir='ltr'><strong>crvdiw</strong></span> 
     </span>
    </p>
   </div>
   <div class='ocr_carea' id='block_1_118' title="bbox 2137 5576 3660 5653">
    <p class='ocr_par' dir='ltr' id='par_1_118' title="bbox 2137 5576 3660 5653">
     <span class='ocr_line' id='line_1_119' title="bbox 2137 5576 3660 5653; baseline 0 0"><span class='ocrx_word' id='word_1_892' title='bbox 2137 5580 2470 5653; x_wconf 59' lang='grc' dir='ltr'><strong>οοςῡοίθηδίηε</strong></span> <span class='ocrx_word' id='word_1_893' title='bbox 2514 5581 2595 5653; x_wconf 69' lang='grc' dir='ltr'><strong>μυί</strong></span> <span class='ocrx_word' id='word_1_894' title='bbox 2624 5593 2752 5653; x_wconf 68' lang='grc' dir='ltr'><strong>οιξηο</strong></span> <span class='ocrx_word' id='word_1_895' title='bbox 2794 5588 2957 5653; x_wconf 51' lang='lat' dir='ltr'><strong>iam?“</strong></span> <span class='ocrx_word' id='word_1_896' title='bbox 2983 5585 3030 5633; x_wconf 78' lang='grc' dir='ltr'><strong>ίιι</strong></span> <span class='ocrx_word' id='word_1_897' title='bbox 3072 5581 3214 5653; x_wconf 55' lang='lat' dir='ltr'><strong>Piedi”.</strong></span> <span class='ocrx_word' id='word_1_898' title='bbox 3251 5580 3390 5653; x_wconf 50' lang='grc' dir='ltr'><strong>φίίῷ</strong></span> <span class='ocrx_word' id='word_1_899' title='bbox 3527 5576 3660 5653; x_wconf 62' lang='grc' dir='ltr'><strong>.“.¹ξξῗ¹.¹</strong></span> 
     </span>
    </p>
   </div>
   <div class='ocr_carea' id='block_1_119' title="bbox 2143 5636 3659 5711">
    <p class='ocr_par' dir='ltr' id='par_1_119' title="bbox 2143 5636 3659 5711">
     <span class='ocr_line' id='line_1_120' title="bbox 2143 5636 3659 5711; baseline -0.019 -8"><span class='ocrx_word' id='word_1_900' title='bbox 2143 5636 2454 5711; x_wconf 52' lang='grc' dir='ltr'><strong>θεέεῗιῑιχέ,</strong></span> <span class='ocrx_word' id='word_1_901' title='bbox 2478 5642 2560 5711; x_wconf 53' lang='grc'><strong>,(19</strong></span> <span class='ocrx_word' id='word_1_902' title='bbox 2601 5642 2773 5691; x_wconf 82' lang='lat' dir='ltr'><strong>cadent</strong></span> <span class='ocrx_word' id='word_1_903' title='bbox 2809 5643 3035 5695; x_wconf 81' lang='lat' dir='ltr'><strong>lectione.</strong></span> <span class='ocrx_word' id='word_1_904' title='bbox 3071 5650 3166 5691; x_wconf 65' lang='lat' dir='ltr'><strong>Non</strong></span> <span class='ocrx_word' id='word_1_905' title='bbox 3201 5649 3376 5691; x_wconf 81' lang='lat' dir='ltr'><strong>tantum</strong></span> <span class='ocrx_word' id='word_1_906' title='bbox 3413 5639 3487 5696; x_wconf 82' lang='lat' dir='ltr'><strong>ait,</strong></span> <span class='ocrx_word' id='word_1_907' title='bbox 3523 5636 3659 5682; x_wconf 64' lang='lat' dir='ltr'><strong>(tuo:</strong></span> 
     </span>
    </p>
   </div>
   <div class='ocr_carea' id='block_1_120' title="bbox 2148 5702 2738 5766">
    <p class='ocr_par' dir='ltr' id='par_1_120' title="bbox 2148 5702 2738 5766">
     <span class='ocr_line' id='line_1_121' title="bbox 2148 5702 2738 5766; baseline 0.005 -16"><span class='ocrx_word' id='word_1_908' title='bbox 2148 5719 2175 5750; x_wconf 70' lang='grc' dir='ltr'><strong>ι</strong></span> <span class='ocrx_word' id='word_1_909' title='bbox 2194 5702 2564 5766; x_wconf 79' lang='lat' dir='ltr'><strong>contristentini,</strong></span> <span class='ocrx_word' id='word_1_910' title='bbox 2589 5719 2611 5748; x_wconf 70' lang='grc' dir='ltr'><strong>ι</strong></span> <span class='ocrx_word' id='word_1_911' title='bbox 2644 5712 2738 5755; x_wconf 78' lang='lat' dir='ltr'><strong>etc.</strong></span> 
     </span>
    </p>
   </div>
  </div>
