3886 6188
432 272 554 329 ’939

447 398 633 442 secuta
664 400 768 439 non
798 383 1001 439 luisset.
1024 379 1218 436 Secuta
1245 385 1327 434 est
1352 391 1483 448 ago
1510 391 1657 431 mors
1706 377 1867 431 etiam
1906 391 2028 432 cor-

448 478 615 549 poris,
656 490 819 546 quam
890 471 1165 542 praeessit
1216 484 1366 524 mors
1406 467 1624 523 animos.
1664 466 1808 523 liora
1843 468 2036 522 anima:

428 569 719 643 praecessit
736 565 1038 622 deserendo
1068 564 1234 619 Deum
1267 563 1309 629 ί,
1334 570 1390 616 et
1412 576 1559 617 mors
1584 560 1829 630 corporis
1854 569 2037 614 secuta

442 661 833 717 estdesere:.te
856 658 1057 713 artiora.
1085 657 1194 712 liae
1221 656 1461 711 deseruit
1480 654 1686 720 volens,
1712 653 1813 708 hac
1851 661 2036 708 coacta

444 761 530 806 est
556 752 808 807 deserere
834 750 1043 804 nolens.
1087 748 1361 818 Tanquam
1390 746 1467 801 illi
1498 745 1772 801 diceretur
1800 763 1814 799 :
1840 745 2038 800 Reces-

442 845 561 901 sisti
579 843 650 898 ab
675 858 742 898 eo
766 857 924 911 quem
946 840 1170 912 diligere
1196 840 1449 903 debuisti,
1481 838 1679 895 recede
1704 838 1774 893 ab
1801 853 1868 893 eo
1890 837 2037 908 quod

440 933 697 991 dilexiSti.
725 932 858 1000 Quis
880 933 1026 988 enim
1058 933 1172 986 vult
1210 932 1385 987 mori?
1408 931 1635 987 Prorsus
1656 945 1817 986 nemo
1839 948 1856 985 :
1886 942 1944 985 et
1965 930 2037 984 ita

448 1042 629 1091 nemo,
665 1034 724 1079 ut
776 1024 933 1079 beato
962 1023 1123 1078 Petro
1165 1022 1466 1085 diceretur,
1514 1021 1655 1075 Alter
1689 1031 1738 1074 te
1777 1021 1963 1093 cinget,
1989 1028 2038 1073 et

445 1120 573 1183 feret
595 1131 696 1184 quo
722 1125 775 1167 tu
795 1130 898 1168 non
924 1114 1000 1168 vis
1027 1112 1208 1183 (Jaan.
1231 1112 1468 1181 xxt.l8).
1496 1110 1699 1181 Siergo
1723 1110 1866 1164 nulla
1894 1117 2040 1164 esset

445 1210 632 1263 tunrtis
659 1206 977 1271 atuaritutlo,
1008 1221 1115 1261 non
1142 1215 1287 1261 esset
1314 1219 1508 1275 ntagna
1538 1213 1838 1275 martyrum
1878 1202 2038 1257 torti-

422 1299 596 1354 vtudo.

518 1390 741 1446 CAPUT
761 1388 922 1445 lll.-—-
934 1390 988 1443 5.
1005 1388 1292 1442 Consolatio
1319 1387 1374 1441 in
1394 1397 1711 1441 mortuorum
1729 1386 1885 1440 laetu.
1915 1384 2040 1440 Ideo

441 1493 499 1538 et
530 1483 835 1553 Apostolus,
869 1479 947 1535 De
964 1480 1346 1546 dormientibus,
1380 1478 1573 1548 inquit,
1604 1478 1727 1532 nolo
1768 1492 1857 1531 eos
1895 1477 2039 1548 igno-

445 1591 561 1628 rare
580 1616 595 1640 ,
628 1577 832 1645 fratres,
862 1582 914 1624 nt
938 1588 1039 1625 non
1063 1570 1448 1634 contristemini,
1471 1568 1599 1623 sicut
1618 1577 1669 1623 et
1695 1566 1900 1632 Cautes,
1929 1583 2043 1636 qua:

448 1682 589 1733 spem
627 1682 729 1719 non
767 1663 972 1718 habent.
1004 1662 1118 1718 Non
1147 1671 1350 1717 tantum
1380 1661 1492 1727 ait,
1537 1668 1592 1714 stt
1634 1676 1738 1714 non
1781 1662 2042 1713 contriste-

448 1757 608 1821 mini;
635 1754 752 1819 sed,
781 1765 835 1807 ut
882 1770 983 1808 non
1033 1754 1109 1808 sic
1161 1752 1562 1816 contristemini,
1610 1749 2041 1821 quemadmodum

449 1846 790 1912 tientes,qate
815 1859 1078 1913 spentnon
1126 1841 1330 1896 habent.
1377 1841 1608 1896 Necesse
1652 1849 1736 1894 est
1789 1840 1933 1894 enim
1982 1849 2042 1893 ut

450 1937 836 1997 ριιιιινίηιειιιὶιιί
868 1954 883 1990 :
912 1935 1006 1991 sed
1052 1935 1141 1990 ubi
1186 1935 1559 2001 contristaris,
1624 1934 1931 1990 consuletur
1989 1944 2042 1990 te

450 2046 593 2100 spes.
625 2029 907 2100 Quomodo
943 2029 1087 2083 enim
1134 2044 1240 2083 non
1288 2026 1665 2093 contristaris,
1712 2027 1803 2082 ubi
1847 2041 2042 2096 corpus

449 2120 590 2190 quod
622 2121 748 2174 vivit
768 2135 834 2175 ex
859 2119 1057 2184 animo,
1089 2118 1147 2173 iit
1173 2118 1438 2180 exanime,
1468 2115 1782 2171 discedente
1820 2116 2043 2170 anima?

448 2212 548 2280 Qui
597 2209 902 2264 ambulabat
943 2210 1104 2279 jacet,
1154 2208 1245 2279 qui
1301 2208 1617 2278 loqu-batur
1661 2215 1820 2271 tacet,
1863 2206 2030 2261 clausi

452 2303 594 2359 oeuli
620 2303 791 2357 lucem
821 2317 926 2355 non
947 2302 1181 2371 capiunt,
1213 2315 1371 2354 aures
1416 2299 1547 2353 tutlli
1566 2299 1685 2353 voci
1714 2308 1992 2368 patescunt
2024 2316 2037 2351 :

450 2394 628 2447 omnia
660 2393 1021 2447 membrorum
1078 2390 1252 2444 ofﬁcia
1297 2390 1751 2459 conquieverunt;
1801 2403 1906 2442 non
1961 2396 2047 2443 est

450 2485 540 2553 qui
564 2495 775 2538 moveat
793 2496 1008 2553 gressus
1030 2481 1094 2535 ad
1110 2479 1511 2544 ambulandum,
1527 2494 1717 2534 manus
1732 2479 1798 2534 ad
1814 2494 2045 2549 Operati-

442 2577 601 2641 duut,
624 2588 814 2629 sensus
839 2573 906 2628 ad
936 2571 1356 2644 percipit-mlum.
1388 2571 1578 2627 Nonne
1595 2572 1691 2627 ista
1718 2580 1798 2626 est
1826 2571 2041 2640 domus,

456 2683 622 2738 quam
648 2666 831 2722 nescio
873 2666 992 2736 quis
1037 2665 1316 2720 invisibilis
1345 2664 1612 2720 habitator
1636 2665 1902 2719 ornabat?
1930 2665 2046 2721 Dis-

452 2760 616 2813 cessit
644 2757 735 2828 qui
768 2772 870 2811 non
907 2757 1207 2823 videbatur,
1239 2758 1494 2813 remansit
1528 2757 1671 2827 quod
1710 2772 1841 2812 cum
1859 2757 2047 2815 dolore

456 2849 718 2903 videatur.
770 2847 870 2902 Ista
918 2859 1002 2903 est
1042 2863 1203 2903 causa
1233 2849 1481 2903 tristitiae.
1529 2849 1585 2904 Si
1632 2848 1747 2903 haec
1775 2859 2045 2905 estcausa

454 2942 715 3007 tristitim,
735 2941 800 2994 sit
820 2941 975 3009 hujus
994 2940 1217 2995 tristitia!
1234 2941 1545 2996 consolatio.
1563 2941 1695 3010 Quze
1713 2942 2047 2998 consolatio?

463 3053 484 3085 s
520 3034 651 3101 Quia
684 3033 798 3103 ipse
825 3032 1078 3087 Dominus
1111 3035 1160 3086 in
1187 3033 1338 3103 jussu
1361 3043 1415 3088 et
1444 3033 1496 3086 in
1537 3048 1669 3089 voce
1714 3035 2043 3106 archangeli,

446 3136 512 3177 θοι
533 3125 583 3179 iu
615 3124 900 3179 novissima
924 3124 1044 3178 tuba
1075 3123 1362 3179 descendet
1389 3123 1457 3179 de
1478 3125 1636 3189 cmlo,
1682 3134 1738 3181 et
1764 3127 1959 3181 mortui
1993 3126 2046 3182 in

459 3215 675 3271 Christo
722 3224 1003 3285 resurgeut
1051 3215 1206 3284 primi
1236 3231 1250 3267 :
1279 3213 1472 3269 deinde
1510 3229 1609 3269 nos
1654 3216 1916 3277 viventes,
1954 3216 2046 3286 qui

457 3308 647 3375 reliqui
675 3321 877 3371 sumus,
909 3306 1067 3360 simul
1096 3301 1216 3359 cum
1267 3305 1371 3359 illis
1414 3306 1685 3374 rapiemur
1713 3306 1765 3361 in
1818 3306 2048 3361 nubibus

458 3400 666 3453 nltviam
696 3398 909 3454 Christo
937 3398 989 3452 in
1018 3413 1161 3453 aera.
1188 3416 1206 3448 ι
1237 3397 1502 3468 Numquid
1522 3396 1691 3453 ethoc
1716 3397 1782 3452 ad
1811 3398 2048 3468 tempus?

460 3488 576 3542 Non
604 3506 617 3541 :
650 3488 743 3542 sed
773 3487 899 3559 quid
922 3488 1036 3542 est?
1060 3486 1127 3540 Et
1157 3488 1226 3540 ita
1247 3503 1444 3557 semper
1466 3503 1581 3541 cum
1599 3486 1820 3541 Domino
1840 3489 2044 3541 erimus.

462 3580 649 3636 Pereat
675 3579 1029 3644 contristatio,
1062 3579 1149 3634 ubi
1196 3586 1338 3632 tanta
1381 3587 1467 3633 est
1504 3580 1843 3635 consolatio:
1872 3580 2049 3633 deler-

458 3683 611 3743 gatur
658 3674 830 3728 luctus
866 3688 931 3726 ex
976 3672 1191 3735 animo,
1234 3670 1367 3726 ﬁdes
1414 3673 1645 3741 expellat
1689 3672 1952 3726 dolorem.
1987 3671 2045 3725 In

412 3762 417 3767 ’
460 3770 602 3819 tanta
632 3778 727 3834 Spe
753 3779 857 3818 non
899 3761 1056 3817 decet
1081 3777 1202 3817 esse
1230 3762 1384 3816 triste
1407 3764 1665 3832 templum
1699 3761 1812 3816 Dei.
1844 3761 1922 3815 lbi
1947 3760 2046 3814 ha-

462 3856 593 3911 hitat
620 3856 791 3910 bonus
812 3853 1137 3919 consolator,
1170 3852 1239 3908 ibi
1268 3853 1358 3923 qui
1391 3867 1496 3907 non
1531 3853 1681 3916 l'allit,
1732 3853 2045 3921 promissor.

459 3946 605 4015 Quid
623 3957 887 4000 mortuum
909 3944 997 3998 diu
1031 3942 1379 4012 plangamus?
1404 3942 1663 4010 Quoniam
1695 3956 1838 3996 mors
1863 3955 2047 3995 amara

462 4040 578 4095 est?
618 4038 719 4095 Per
758 4040 898 4094 illam
930 4037 1175 4094 transivit
1213 4044 1267 4092 et
1310 4034 1585 4090 Dominus.
1623 4034 1899 4090 Sulliciant
1935 4033 2050 4089 hmo

463 4146 628 4203 pauca
656 4129 912 4186 Charitati
955 4138 1149 4185 vestrm
1176 4145 1189 4182 :
1219 4126 1525 4182 consoletur
1554 4140 1650 4180 vos
1690 4124 2048 4180 abundantius

458 4224 547 4296 qui
578 4237 683 4278 non
710 4222 901 4294 migrat
924 4222 992 4277 de
1012 4221 1174 4277 corde
1202 4229 1415 4280 vestro;
1449 4218 1542 4273 sed
1572 4218 1643 4273 ita
1672 4217 1921 4288 dignetur
1951 4217 2049 4272 ha-

459 4318 651 4380 bitare,
682 4324 737 4369 ut
767 4328 865 4369 nos
904 4313 1154 4382 dignetur
1179 4312 1340 4367 etiam
1382 4311 1434 4366 in
1466 4310 1569 4365 line
1598 4319 1811 4365 mutare
1831 4311 1873 4363 ¹.
1902 4307 2045 4364 Con-

464 4407 602 4466 versi
634 4406 697 4460 ad
728 4405 1029 4468 Dominum,
1059 4412 1162 4458 etc.

921 4492 1153 4549 SElulO
1171 4491 1425 4548 CLXXIV
1450 4498 1466 4515 ·
1497 4490 1593 4564 (α).

462 4590 539 4647 De
562 4586 718 4645 verbis
744 4585 998 4654 Apostoli,
1030 4584 1046 4636 1
1075 4582 1210 4637 Tim.
1248 4582 1382 4654 Cap.
1421 4597 1436 4636 ι
1462 4624 1477 4648 ,
1511 4582 1598 4654 15,
1632 4583 1909 4654 flumanus
1936 4597 2048 4638 ser-

539 4670 628 4713 mo
650 4668 700 4711 et
728 4652 873 4711 onuti
895 4656 1204 4724 acceptione
1227 4653 1439 4723 dignus,
1470 4653 1592 4721 quia
1619 4652 1865 4724 Christus
1888 4653 2049 4709 lusus

535 4729 682 4783 venit
733 4728 785 4782 in
830 4722 1085 4781 mundum
1132 4736 1437 4795 peccatores
1481 4724 1656 4778 salvos
1694 4722 1897 4795 facere,
1948 4734 2043 4777 etc.

533 4802 693 4870 itaque
731 4799 953 4870 lectione
973 4793 1235 4870 Evangelii
1279 4794 1452 4870 Lacte,
1480 4809 1596 4863 cap.
1639 4809 1749 4860 xix,
1784 4793 1930 4858 i—lO,
1963 4794 2047 4847 ubi

534 4874 597 4927 dc
609 4866 888 4927 'Zacclttw.
914 4866 1102 4923 Contra
1120 4866 1456 4937 Pelagianos.

634 4964 832 5017 ttahitus
854 4962 901 5012 ia
928 4960 1123 5012 basilica
1144 4957 1399 5018 Celcrinte,
1419 4956 1500 5006 die
1522 4954 1756 5007 dominica
1777 4954 1869 5020 (ὁ).

532 5072 758 5128 (APUT
805 5068 1082 5125 PRIMUM.
1110 5098 1182 5109 ——
1208 5068 1258 5123 i.
1287 5064 1538 5120 Adventus
1580 5061 1768 5120 Christi
1814 5063 1867 5116 in
1896 5077 2065 5116 mun-

523 5229 683 5288 'tLditt,
698 5229 947 5288 decorate
960 5231 1079 5288 ρον.
1098 5219 1191 5273 sed
1206 5229 1311 5272 διεδ.
1332 5226 1382 5288 et
1401 5217 1580 5288 Florus,
1595 5216 1862 5288 deserendo
1881 5225 2046 5288 pergit.

456 5351 466 5360 .
524 5276 1161 5361 '4;:Aﬁnttiahanunﬂcgcre
1185 5291 1280 5345 est,
1306 5287 1359 5332 ut
1374 5294 1462 5333 nos
1479 5276 1704 5345 dignetur
1717 5279 1866 5333 eti-tm
1886 5280 1937 5331 in
1953 5276 2051 5343 [inc

512 5362 678 5403 ructre.

452 5358 893 5476 ἢηίεῖῗέιιιῖιῖῖεειιιιςιιι]
914 5422 960 5460 a.
982 5408 1067 5461 ha.
1092 5404 1153 5458 cl.
1178 5410 1254 5456 ch.
1277 5403 1310 5455 l'.
1334 5404 1390 5456 fs.
1417 5419 1464 5469 ε.
1484 5401 1546 5454 lr.
1578 5416 1644 5459 tu.
1666 5416 1739 5468 pr.
1765 5416 1856 5454 rm.
1897 5401 1975 5453 vd.
2003 5408 2052 5450 rt

458 5482 559 5528 Ala.
586 5480 658 5522 lir.
683 5481 785 5523 Par.
808 5480 917 5521 Iov.

523 5536 596 5600 (ᾳ)
619 5536 757 5593 Alias,
792 5534 857 5584 de
883 5532 1052 5600 {orbis
1076 5527 1285 5594 Αικλςιοιὶ
1304 5527 1351 5577 8.
1474 5596 1483 5600 _
1551 5586 1563 5600 θ
1666 5587 1696 5600 ῃ
1742 5592 1838 5600 7__
1876 5585 1918 5600 ἧς

526 5587 596 5654 ἐὺ)
632 5587 780 5645 locus
799 5604 851 5645 et
871 5595 985 5654 dies
1005 5594 1081 5641 hic
1106 5587 1296 5642 notatur
1321 5603 1384 5640 ex
1407 5587 1563 5641 veteri
1593 5587 1760 5654 codice
1777 5592 1855 5635 PP.
1874 5587 2051 5637 (:ister-

460 5649 695 5705 citiuétum
719 5659 766 5705 ia
801 5651 1074 5705 Jerusalem
1105 5655 1168 5704 de
1194 5655 1339 5703 t'rbe.
1362 5653 1481 5701 citat
1507 5649 1737 5701 eumdem
1772 5660 2050 5699 sermonem

456 5722 625 5773 [lorus
643 5717 700 5766 ad
724 5723 737 5763 t
757 5717 874 5768 'titu.
902 5732 933 5766 t.

1681 260 1720 315 ὁ
1783 258 2043 319 AUGUS]

2190 257 2490 320 Em”
3578 270 3665 325 I10

2138 377 2265 430 dum
2292 379 2489 435 ratione
2514 379 2691 435 urnis
2736 381 3114 454 intelﬁgaﬂu.
3149 382 3497 446 [Damnationis
3520 409 3667 450 κω.

2142 468 2290 523 sitas.
2339 469 2655 526 Audit-imus
2691 472 2907 528 beatum
2948 476 3243 544 apostolum
3270 478 3474 537 Paulum
3514 484 3668 541 dieeo—

2142 567 2276 621 tem,
2311 560 2579 618 [Iunones
2614 580 2780 619 mmo
2817 574 2867 619 et
2894 567 3035 620 omni
3057 570 3335 635 acceptione
3355 572 3552 643 dignus,
3572 578 3671 645 quia

2143 650 2373 707 Christus
2394 651 2546 707 Iesus
2578 655 2711 709 venit
2755 656 2809 709 in
2837 657 3084 713 mundam
3128 673 3396 727 pacatam
3443 666 3586 720 salvos
3605 672 3672 736 fa-

2142 757 2276 805 cere,
2303 759 2517 812 quorum
2559 746 2753 815 priuatis
2770 763 2863 817 ego
2897 764 3033 802 sum.
3060 747 3460 822 “manserat
3479 771 3619 810 sermo
3637 771 3675 812 et

2141 839 2285 890 omni
2321 836 2609 905 acceptione
2646 837 2851 907 dignata.
2880 839 3059 905 Quare
3088 840 3371 905 imitus,
3398 855 3449 897 et
3478 861 3574 901 non
3603 848 3672 901 tli-

2141 925 2297 980 vinus
2313 930 2338 978 γ
2359 926 2553 981 Procul
2579 928 2744 985 dubio
2768 929 2871 984 nisi
2894 931 2998 985 iste
3035 930 3299 987 butnanus
3336 949 3506 991 seruio
3542 940 3673 992 etiam

2140 1015 2354 1071 divinus
2371 1028 2516 1073 esset
2532 1057 2553 1079 .
2577 1020 2769 1086 dignus
2792 1022 2939 1076 otiati
2966 1025 3275 1092 acceptione
3297 1040 3400 1079 non
3423 1037 3567 1083 esset.
3591 1029 3676 1085 Sed

2141 1107 2221 1162 sic
2244 1120 2327 1162 est
2370 1122 2551 1164 sermo
2586 1111 2690 1165 iste
2718 1111 2985 1167 humanus
3018 1123 3073 1167 et
3099 1114 3329 1180 divinus,
3354 1117 3599 1186 quatiton
3612 1129 3677 1175 est

2142 1201 2259 1269 ipse
2282 1201 2529 1257 Christus
2554 1212 2611 1258 et
2657 1203 2819 1259 homo
2857 1215 2915 1260 et
2944 1206 3105 1261 Deus.
3129 1206 3185 1263 Si
3209 1222 3337 1277 ergo
3359 1218 3495 1263 tacte
3516 1208 3677 1266 intem-

2143 1291 2323 1361 gimus
2349 1309 2653 1349 sermonem
2704 1296 2886 1356 istum.
2919 1314 3024 1349 non
3053 1297 3225 1352 solum
3255 1297 3525 1353 humanum
3548 1314 3677 1363 esse,

2143 1398 2327 1438 verum
2381 1385 2542 1439 etiam
2570 1385 2838 1451 divinum;
2883 1402 3051 1456 quare
3106 1389 3390 1458 Apostolus
3439 1390 3679 1445 humanm

2144 1474 2329 1528 maluit
2353 1473 2551 1538 dicere,
2582 1491 2743 1545 quam
2770 1478 3044 1530 divinum?
3064 1477 3261 1533 Procul
3289 1479 3445 1533 dubio
3463 1480 3587 1534 enim
3607 1482 3677 1547 qui

2143 1581 2253 1621 non
2294 1568 2611 1622 mentiretur
2633 1610 2647 1633 ,
2674 1569 2722 1624 si
2765 1568 2970 1625 diceret
3004 1569 3265 1638 divinum,
3287 1587 3389 1625 non
3433 1571 3683 1627 sinecaosa

2144 1657 2332 1713 maluit
2355 1658 2534 1715 dicere
2563 1659 2870 1715 humanum.
2915 1660 3031 1715 Hoc
3078 1676 3212 1731 ergo
3246 1662 3424 1731 cla-git,
3455 1677 3541 1732 per
3570 1662 3681 1733 quod

2143 1748 2386 1804 Christus
2426 1750 2480 1804 in
2526 1750 2783 1806 mundum
2836 1752 3004 1807 venit.
3050 1752 3213 1807 Venit
3267 1753 3405 1808 enim
3449 1770 3536 1823 per
3572 1756 3684 1823 quid

2147 1840 2307 1895 homo
2353 1850 2486 1895 erat.
2520 1847 2654 1897 Nam
2703 1858 2799 1912 per
2841 1842 2983 1912 quod
3038 1844 3182 1899 Deus
3227 1852 3375 1909 erat,
3408 1859 3597 1913 semper
3620 1845 3685 1899 hic

2145 1942 2282 1986 erat.
2323 1932 2423 1987 Ubi
2475 1933 2617 1987 enim
2648 1949 2755 1988 non
2800 1944 2887 1989 est
2932 1934 3111 2001 Deos,
3161 1935 3685 2005 quidisit,leauut

2147 2032 2331 2077 terram
2351 2039 2441 2095 ego
2456 2023 2643 2094 impleo
2664 2023 2875 2091 (let-ent.
2905 2040 3054 2091 xxut,
3081 2024 3206 2098 2t)?
3228 2025 3555 2081 Christusest
3570 2038 3684 2081 certe

2146 2114 2317 2171 virtus
2337 2124 2392 2170 et
2409 2116 2670 2185 sapientia
2698 2116 2829 2182 Dei;
2860 2115 2932 2172 de
2966 2131 3072 2187 qua
3102 2117 3322 2182 dicitur,
3348 2117 3542 2187 Attiagit
3561 2133 3589 2170 ι
3608 2117 3685 2185 ﬁni

2147 2221 2307 2275 usque
2323 2206 2392 2258 ad
2420 2206 2572 2272 ﬁnem
2599 2206 2816 2277 fortiter,
2834 2216 2881 2260 et
2907 2206 3130 2276 disponit
3150 2208 3323 2261 omnia
3348 2205 3683 2275 suntiteanp.

2148 2315 2241 2353 vttt
2261 2341 2275 2362 ,
2306 2300 2379 2370 1).
2409 2300 2546 2370 Ergo
2575 2301 2627 2353 in
2652 2300 2748 2353 hoc
2779 2302 2971 2353 nmndo
2995 2311 3146 2366 erat,
3179 2313 3225 2355 ct
3255 2303 3464 2359 trandus
3503 2317 3685 2373 perstat

2149 2395 2313 2462 factus
2337 2400 2437 2454 est,
2463 2401 2509 2444 et
2540 2390 2758 2443 orandus
2786 2407 2900 2444 eam
2942 2407 3045 2445 non
3083 2393 3319 2461 cognorit
3343 2392 3510 2462 (loco.
3536 2409 3577 2455 ι,
3600 2394 3684 2460 ill).

2151 2483 2215 2537 Et
2237 2483 2321 2537 hic
2348 2492 2461 2538 erat
2485 2525 2499 2548 ,
2532 2492 2586 2538 et
2621 2482 2765 2537 venit
2796 2500 2810 2537 :
2840 2484 2930 2539 hic
2952 2492 3069 2538 erat
3092 2499 3197 2553 per
3239 2485 3469 2539 divinam
3490 2484 3688 2553 majesta-

2150 2585 2280 2641 tem,
2308 2577 2450 2630 venit
2479 2591 2573 2644 per
2598 2576 2882 2631 humanam
2920 2578 3312 2633 inﬁrmitatem.
3338 2578 3464 2646 Quia
3488 2594 3599 2647 ergo
3618 2594 3686 2629 ve-

2151 2666 2230 2721 nit
2270 2682 2369 2736 per
2409 2666 2770 2721 inﬁrmitatem
2812 2666 3131 2735 humanam,
3169 2667 3293 2724 ideo
3312 2668 3687 2739 pnedicansad-

2152 2768 2369 2812 vcntum
2401 2758 2516 2827 ejus
2539 2757 2673 2812 dixit
2694 2799 2708 2821 ,
2742 2757 3010 2813 {laniones
3046 2775 3241 2814 term
3269 2759 3385 2814 Non
3426 2750 3688 2816 liberaretur

2151 2849 2441 2903 humanum
2469 2864 2667 2919 genus,
2701 2849 2798 2903 nisi
2828 2865 3007 2905 sermo
3033 2850 3126 2906 Dei
3160 2850 3466 2923 dignaretur
3486 2866 3589 2907 esse
3609 2851 3684 2904 ltu-

2150 2954 2360 2994 manus.
2388 2936 2520 2995 Nam
2541 2949 2595 2994 et
2620 2940 2781 2995 homo
2803 2941 2891 2995 ille
2911 2941 3104 2995 dicitur
3128 2942 3417 3008 humanus,
3441 2943 3524 3015 qui
3544 2957 3688 2999 seet-

2152 3030 2299 3086 hihct
2329 3031 2597 3085 hominem
2623 3072 2639 3098 ,
2664 3041 2720 3086 et
2743 3033 2973 3087 maxime
3020 3034 3109 3103 qui
3140 3034 3376 3106 hospitio
3404 3036 3596 3105 suscipit
3617 3036 3689 3086 lm-

2151 3126 2370 3180 minem.
2396 3124 2453 3181 Si
2475 3139 2605 3195 ergo
2629 3124 2892 3179 humanus
2910 3125 3108 3180 dicitur
3123 3127 3222 3197 qui
3249 3129 3299 3183 in
3328 3128 3480 3183 domo
3495 3142 3577 3182 sua
3599 3140 3689 3180 sus-

2150 3219 2279 3288 cipit
2324 3218 2624 3282 hominem,
2664 3233 2819 3285 quam
2870 3217 3138 3272 humanus
3186 3228 3270 3275 est
3318 3220 3405 3290 qui
3429 3219 3477 3273 in
3520 3233 3572 3273 se

2152 3308 2385 3377 suscepit
2411 3307 2708 3363 hominem?

2222 3398 2446 3455 CAPUT
2487 3399 2548 3454 ll.
2597 3428 2670 3439 —
2715 3399 2772 3453 Ξ.
2832 3398 3219 3457 Incarnatioms
3264 3417 3418 3455 causa
3460 3407 3681 3469 peratum.

2153 3490 2319 3545 Liberi
2345 3490 2537 3543 arbitrii
2563 3490 2833 3559 inﬁrmitas
2863 3492 3087 3544 cernitur
3113 3491 3175 3545 in
3206 3492 3415 3545 Artamo.
3440 3489 3604 3545 Gratia
3619 3486 3689 3540 tim

2154 3598 2274 3636 nam
2327 3582 2379 3635 in
2405 3581 2602 3636 Christo
2630 3581 2948 3651 perspicitur.
3002 3582 3143 3651 Ergo
3168 3623 3186 3648 ,
3218 3580 3480 3637 [Iovianus
3502 3594 3635 3635 sermo
3653 3590 3689 3628 α

2153 3673 2291 3727 omni
2316 3672 2603 3742 acceptione
2645 3671 2832 3741 dignus
2856 3713 2870 3736 ,
2902 3671 3019 3741 quia
3062 3670 3304 3726 Christus
3345 3666 3614 3725 lerunt-tat
3649 3665 3688 3718 in

2154 3765 2397 3818 mundum
2424 3774 2705 3835 peccatores
2726 3763 2892 3818 salvos
2907 3767 3094 3831 facere.
3117 3763 3357 3820 Attende
3378 3761 3682 3832 Evangelium.

2162 3855 2306 3910 Venit
2332 3857 2463 3909 enim
2493 3853 2659 3908 Filius
2672 3855 2898 3907 ‘Itominis
2923 3869 3148 3924 (interere
3182 3864 3229 3909 et
3254 3854 3448 3909 salt-are
3467 3851 3582 3923 quod
3602 3863 3684 3918 ρα-

2153 3948 2295 4003 ierat.
2329 3946 2382 4003 Si
2425 3947 2588 4002 homo
2618 3963 2722 4001 non
2752 3947 2972 4017 perisset
2998 3986 3014 4011 ,
3039 3946 3460 4002 Filius'hominis
3496 3958 3587 3997 non
3616 3954 3685 3993 vc-

2153 4039 2339 4095 nisset.
2370 4039 2509 4109 Ergo
2536 4037 2768 4108 perierat
2789 4039 2948 4092 homo
2970 4078 2986 4103 ,
3018 4037 3165 4092 venit
3199 4037 3339 4093 Deus
3370 4037 3545 4099 homo,
3566 4030 3685 4085 etin-

2152 4138 2343 4186 veutus
2371 4137 2455 4184 est
2482 4129 2660 4183 homo.
2710 4127 2950 4183 Perierat
2995 4126 3159 4181 homo
3199 4142 3295 4197 per
3320 4127 3525 4182 liberam
3547 4121 3685 4175 volun-

2154 4229 2356 4276 tatem:
2391 4219 2536 4274 venit
2586 4219 2724 4273 Deus
2763 4216 2926 4272 homo
2970 4231 3068 4287 per
3115 4219 3342 4287 gratiam
3371 4211 3682 4270 liberauiwu.

2153 4312 2361 4381 Qumris
2405 4310 2533 4381 quid
2572 4311 2746 4365 valeat
2782 4310 2850 4364 ad
2890 4310 3086 4363 malum
3138 4308 3372 4364 liberum
3430 4298 3686 4361 arbitrium?

2153 4406 2353 4463 Recole
2391 4403 2661 4459 hominem
2714 4400 3041 4473 peccantem.
3082 4402 3295 4470 Quteris
3322 4401 3443 4471 quid
3463 4397 3608 4451 valeat
3635 4388 3684 4444 ad

2154 4499 2409 4556 auxilium
2434 4497 2574 4551 Deus
2611 4505 2664 4551 et
2687 4496 2846 4549 homo
2864 4493 2889 4547 Ἰ
2910 4493 3139 4549 Attende
3178 4493 3232 4548 in
3273 4508 3340 4549 eo
3366 4492 3567 4564 gratiam
3588 4484 3685 4539 lihe-

2153 4599 2379 4644 rantem.
2409 4586 2677 4656 Nusquam
2702 4584 2873 4654 potuit
2899 4584 2976 4638 sic
3000 4582 3209 4638 ostendi
3236 4623 3253 4649 ,
3285 4591 3527 4653 quantum
3554 4575 3683 4627 valeat

2155 4680 2396 4734 voluntas
2437 4676 2666 4731 hominis
2712 4682 2963 4743 usurpata
2990 4689 3086 4743 per
3110 4674 3412 4743 superbiam
3432 4714 3446 4737 ,
3475 4670 3534 4723 ad
3557 4668 3684 4719 l‘ilatt-

2153 4769 2279 4824 dum
2310 4770 2327 4800 ²
2359 4769 2473 4823 sine
2494 4766 2763 4835 adjutorio
2787 4763 2882 4819 Dei
2928 4763 3162 4830 malum;
3196 4778 3304 4816 nun
3351 4761 3510 4831 potuit
3533 4758 3685 4827 pluet

2154 4857 2486 4914 manifestius
2508 4854 2768 4925 exprimi,
2797 4868 2956 4924 quam
2984 4854 3035 4907 in
3077 4854 3294 4906 homine
3324 4852 3503 4920 primo.
3522 4845 3686 4900 Electa

2153 4952 2307 5023 periit
2344 4948 2542 5019 primus
2564 4950 2741 5010 homo,
2770 4955 2824 5000 et
2844 4944 2933 4999 uhi
2953 4954 3096 4999 esset
3118 4986 3131 5008 ,
3160 4943 3264 4996 nisi
3288 4941 3682 4996 venisset-secun-

2154 5043 2257 5099 dus
2283 5040 2486 5096 homo?
2509 5038 2641 5105 Quia
2667 5046 2721 5093 et
2743 5036 2833 5091 ille
2872 5035 3034 5090 homo
3054 5075 3070 5102 ,
3113 5032 3230 5088 ideo
3257 5040 3312 5087 et
3350 5032 3445 5086 iste
3470 5027 3623 5099 homo.
3647 5026 3687 5068 tl

2158 5134 2277 5188 ideo
2327 5134 2576 5185 humanus
2627 5144 2807 5183 sermo.
2839 5127 3065 5181 Prorsus
3094 5140 3351 5194 nusquam
3401 5118 3682 5186 siciat'l’w

2157 5225 2457 5297 benignitas
2505 5222 2691 5294 gratia:
2719 5231 2774 5276 et
2824 5220 3118 5275 liberalitas
3167 5212 3548 5285 omnipotentia:
3581 5204 3682 5297 Dei.

2154 5292 2314 5389 quam
2344 5317 2396 5369 in
2432 5292 2651 5369 homine
2699 5312 2993 5368 mediatore
3037 5312 3129 5366 Dei
3154 5319 3208 5365 et
3249 5302 3574 5364 innuinuut’,
3608 5295 3686 5349 Ιιο·

2157 5411 2300 5465 utine
2327 5405 2539 5463 Christo
2562 5405 2686 5462 Jcstt
2722 5403 2764 5479 (ι
2786 5404 2917 5458 Tim.
2940 5420 3009 5469 ιι,
3045 5404 3119 5470 5).
3149 5400 3284 5468 Quid
3322 5397 3458 5453 enim
3482 5391 3684 5448 dicimus.

2222 5580 2237 5611 ¹
2262 5577 2376 5652 ξάιῐὶ
2393 5612 2407 5636 ,
2429 5576 2494 5625 ad
2520 5575 2766 5627 utendum.
2788 5574 3109 5622 Fanernlantur
3133 5583 3225 5631 ore
3246 5564 3609 5629 Matgntanlotts.
3645 5558 3683 5601 οι

2159 5642 2421 5761 “Tirone,
2452 5700 2683 5768 quonwdo
2698 5697 2747 5749 in
2778 5696 2965 5746 nomine
3000 5695 3257 5747 rneditttore
3292 5691 3376 5739 1ῖεὶ
3404 5682 3678 5736 alienatum!-
