3886 6188
1250 256 1275 263 -ο
1298 259 1304 265 ι

206 311 318 370 9η

210 436 408 487 intres
434 430 580 486 mei?
607 430 663 486 ltt
694 429 797 485 nde
817 429 1077 485 catholica
1107 425 1321 483 nutritls
1360 424 1552 496 loquor
1572 466 1588 491 ,
1627 422 1712 478 vel
1757 418 1810 475 in

208 536 402 593 pacem
440 521 763 578 catholicam
808 520 1045 575 lucratis.
1069 518 1325 574 Novimus
1357 524 1411 572 et
1432 524 1675 571 tenemus
1699 526 1810 567 me-

204 614 473 666 diatorcm
501 610 591 664 Dei
616 617 671 664 et
690 610 985 674 hominum,
1011 608 1282 664 hominem
1310 607 1582 664 Christum
1603 604 1808 669 .lcsum,

203 704 261 755 in
293 709 556 771 quantum
599 701 761 755 homo
776 710 891 753 erat
909 742 924 764 ,
954 700 1070 770 ejus
1093 713 1214 754 esse
1243 706 1447 752 natura:
1459 696 1614 766 cujus
1640 703 1693 749 et
1714 707 1809 749 nos.

203 804 415 849 sumus.
447 792 562 847 Non
590 793 732 847 enim
756 792 977 846 alterius
1007 802 1211 847 natura:
1237 804 1364 846 caro
1392 798 1572 845 nostra
1605 797 1658 843 et
1684 802 1812 843 caro

201 886 375 948 illius,
410 899 514 939 nec
550 884 766 938 alterius
797 892 999 937 natura!
1045 882 1220 937 anima
1248 891 1427 936 nostra
1453 889 1506 936 et
1537 879 1714 934 anima
1740 878 1811 933 il-

202 977 330 1032 lius.
366 976 517 1029 lianc
571 975 809 1043 suscepit
845 983 1126 1040 naturam,
1167 987 1327 1044 quam
1354 970 1662 1026 salvandam
1687 984 1811 1025 esse

198 1068 484 1137 judicavit.
518 1066 659 1120 Nihil
699 1066 875 1120 minus
922 1065 1152 1120 habebat
1190 1067 1241 1120 itt
1294 1074 1516 1129 natura,
1542 1062 1638 1118 sed
1680 1061 1810 1121 nihi.

206 1159 441 1214 habebat
464 1159 514 1211 itt
541 1160 716 1228 culpa.
744 1158 938 1213 Natura
968 1173 1100 1228 pura
1123 1200 1136 1218 ,
1160 1156 1254 1213 sed
1286 1172 1393 1211 non
1414 1156 1525 1209 sola
1553 1155 1805 1209 humana.

206 1250 281 1306 lbi
312 1260 435 1305 erat
467 1252 634 1313 Deus,
672 1250 739 1303 ibi
763 1260 879 1305 erat
918 1249 1151 1304 Verbum
1196 1248 1307 1304 Dei.
1341 1247 1407 1303 Et
1430 1247 1567 1301 sicut
1588 1256 1643 1300 tu
1668 1262 1810 1302 unus

205 1346 407 1406 homo,
456 1342 629 1395 anima
676 1357 736 1397 es
783 1351 837 1396 et
873 1357 1032 1404 caro;
1064 1341 1142 1396 sic
1170 1350 1224 1395 et
1264 1340 1352 1395 ille
1372 1355 1508 1394 unus
1530 1337 1806 1407 Christus,

202 1433 348 1487 Deus
377 1442 431 1487 et
453 1432 633 1485 homo.
664 1431 890 1485 Audebit
927 1446 1055 1501 ergo
1093 1431 1284 1500 aliquis
1330 1430 1511 1485 dicere
1558 1431 1679 1500 quia
1715 1445 1810 1484 na-

202 1535 319 1578 tura
350 1534 536 1578 nostra
574 1524 625 1577 in
654 1523 743 1576 illo
770 1522 1059 1583 Modiatore
1091 1524 1320 1593 primum
1349 1537 1445 1592 per
1472 1522 1695 1578 liberum
1723 1536 1809 1577 ar-

201 1613 424 1668 bitrium
476 1615 774 1683 promet-uit
805 1615 970 1669 Deum
990 1658 1005 1679 ,
1051 1623 1106 1668 et
1151 1615 1229 1669 sic
1255 1614 1451 1684 suscipi
1484 1614 1721 1681 meruit,
1753 1623 1811 1669 ut

196 1717 349 1762 esset
381 1707 547 1760 homo
593 1716 647 1761 et
675 1708 812 1762 Deus
859 1722 998 1761 unus
1025 1706 1270 1762 Christus
1298 1706 1496 1762 .lesus?
1538 1708 1674 1762 Ecce
1711 1722 1808 1763 nos

198 1812 497 1869 possumus
522 1798 704 1853 dicere
732 1799 1017 1853 virtutibus
1043 1799 1240 1853 nostris
1264 1839 1280 1865 ,
1304 1797 1541 1853 moribus
1567 1798 1766 1852 nostris
1788 1839 1803 1864 ,
1830 1800 1841 1810 '

198 1892 618 1945 conversatione
646 1889 767 1944 vitm
809 1902 1005 1945 nostra:
1051 1891 1311 1946 meruisse
1338 1898 1397 1945 ttt
1426 1889 1723 1944 efﬁciamur
1746 1890 1808 1944 11-

202 1983 258 2037 1ἱί
309 1982 449 2039 Dei:
484 1997 768 2050 possumus
811 1981 1019 2047 dicere,
1068 1981 1385 2051 Accepimus
1436 1990 1763 2052 prmeeptum
1788 2025 1803 2051 ,

200 2076 249 2130 si
278 2076 684 2131 servaverimus
708 2085 762 2129 et
782 2076 919 2130 bene
945 2076 1255 2142 vixerimus,
1287 2076 1609 2146 recipiemur
1629 2078 1681 2131 in
1706 2092 1807 2132 nu-

202 2184 414 2220 nn'rttnt
447 2167 676 2221 ﬁliorum
714 2167 827 2222 Dei.
858 2166 1121 2236 Numquid
1146 2176 1199 2221 et
1220 2166 1308 2220 ille
1335 2168 1480 2236 prius
1507 2168 1635 2222 vixit
1669 2169 1807 2223 ﬁlius

206 2259 447 2312 ιιιτιιιίιιίς
472 2300 484 2322 ,
519 2268 574 2313 et
594 2258 728 2312 bene
754 2257 981 2313 vivendo
1022 2256 1192 2313 factus
1235 2267 1317 2312 est
1362 2257 1499 2313 ﬁlius
1526 2258 1807 2315 Dei?lnde

200 2353 412 2419 «epit,
447 2361 503 2406 et
553 2351 673 2405 inde
721 2352 970 2421 inccrpit,
1020 2362 1074 2407 et
1124 2352 1462 2421 Susceptione
1489 2354 1656 2408 factus
1702 2364 1803 2408 est.

217 2440 449 2495 Verbum
490 2442 631 2495 enim
685 2459 803 2497 caro
831 2446 1018 2513 factum
1046 2451 1155 2507 est,
1186 2451 1238 2496 ut
1264 2443 1513 2497 habitaret
1545 2444 1597 2498 in
1641 2444 1805 2499 nobis.

209 2530 449 2585 Verbum
476 2531 608 2594 Dei,
640 2533 824 2585 unicus
872 2531 967 2586 Dei
996 2532 1161 2586 Filius
1186 2535 1469 2601 assumpsit
1499 2534 1727 2586 animam
1755 2542 1808 2589 et

205 2636 429 2678 ctrnem
455 2623 688 2677 hominis
710 2666 723 2687 ,
756 2639 859 2679 non
890 2632 1042 2679 antea
1092 2639 1151 2680 se
1200 2626 1582 2695 promerentis,
1617 2642 1716 2681 nec
1740 2626 1808 2682 ad

206 2713 356 2767 illam
393 2714 789 2782 percipiendam
829 2714 1206 2769 sublimitatem
1239 2715 1429 2770 virtute
1470 2717 1679 2791 propria
1726 2715 1806 2771 la-

209 2807 492 2869 borantis,
535 2805 627 2861 sed
673 2808 888 2861 omnino
930 2809 1113 2878 gratis.
1162 2807 1299 2862 Nihil
1348 2809 1491 2863 enim
1539 2808 1809 2876 pratcessit

206 2899 359 2953 illam
411 2900 808 2969 susceptionem
836 2917 851 2955 :
876 2902 1211 2971 susceptione
1257 2900 1430 2956 factus
1466 2912 1549 2957 est
1575 2905 1613 2956 ί.
1645 2900 1808 2973 Virgo

206 2991 465 3059 concepit
496 3008 510 3045 :
542 3000 664 3045 ante
707 3002 1020 3061 conceptum
1067 2993 1284 3061 virginis
1318 2994 1478 3047 homo
1508 2996 1809 3051 mediator?

212 3082 322 3137 Non
360 3084 544 3152 utique
574 3084 721 3154 prius
768 3083 942 3152 justus
990 3083 1107 3139 fuit.
1141 3086 1419 3154 Quomodo
1467 3088 1607 3141 enim
1634 3088 1808 3158 justus

211 3174 307 3230 fuit
335 3217 355 3241 ,
385 3176 477 3247 qui
509 3191 604 3231 nec
631 3176 765 3230 fuit?
794 3175 956 3247 Virgo
976 3176 1250 3246 concepit,
1278 3188 1333 3233 et
1352 3180 1685 3247 susceptione
1712 3179 1808 3235 ho-

212 3270 379 3323 minis
426 3267 552 3322 ittdc
580 3270 760 3340 ('thit.
800 3269 985 3324 Merito
1030 3270 1227 3325 dictum
1259 3280 1385 3326 est:
1426 3271 1655 3327 Vidimus
1696 3274 1809 3345 910-

210 3363 343 3413 riam
371 3362 506 3431 ejus,
537 3361 749 3432 gforiam
792 3372 1030 3432 tanquam
1059 3361 1301 3434 tmigeuiti
1344 3380 1375 3417 a
1405 3361 1579 3431 Patre,
1604 3366 1809 3437 plenum

209 3454 384 3523 gratia
409 3462 461 3505 et
487 3453 689 3507 raritate
719 3452 907 3523 (Joan.
938 3470 984 3518 t,
1014 3455 1136 3524 11).
1190 3456 1352 3511 Amas
1381 3454 1601 3511 liberam
1625 3458 1810 3511 volun-

210 3555 379 3601 tatem
414 3554 554 3599 tuant
577 3587 592 3609 ,
625 3546 863 3601 dicturus
883 3561 943 3601 es
968 3548 1100 3613 patri
1142 3556 1233 3601 ttto
1262 3565 1275 3603 :
1310 3548 1390 3602 Da
1420 3549 1543 3602 mihi
1578 3547 1810 3603 substan-

210 3639 336 3690 tiam
392 3652 555 3689 meam
582 3653 696 3707 qum
724 3654 801 3691 tuo
843 3638 1085 3707 contingit
1111 3637 1131 3711 (
1155 3637 1276 3691 Luc.
1302 3655 1393 3702 xv,
1420 3640 1491 3693 12
1509 3638 1547 3709 ).
1580 3640 1714 3706 Quid
1753 3649 1809 3695 te

212 3727 300 3783 tibi
334 3716 668 3782 committis?
691 3728 876 3785 Melius
902 3737 953 3785 te
1002 3739 1176 3800 potest
1225 3745 1440 3786 servare
1463 3773 1478 3795 ,
1502 3732 1592 3801 qni
1626 3741 1675 3785 te
1717 3748 1810 3802 po-

210 3821 304 3873 tuit
336 3861 355 3884 ,
377 3827 664 3889 antequam
680 3833 847 3886 esses,
875 3835 1078 3875 creare.
1106 3823 1348 3889 Agnosce
1369 3836 1494 3891 ergo
1513 3818 1805 3889 Christum,

209 3912 385 3980 gratia
417 3910 605 3979 plenus
650 3921 751 3964 est.
801 3910 909 3965 lloc
945 3910 1036 3965 tibi
1066 3910 1176 3964 vult
1205 3909 1427 3965 fundere
1450 3952 1464 3976 ,
1496 3927 1599 3982 quo
1622 3912 1809 3981 plenus

207 4010 290 4056 est
323 4020 344 4055 :
372 4002 476 4056 hoc
502 4001 591 4055 tibi
615 4000 776 4067 dicit,
808 4000 998 4069 Quarre
1019 3999 1156 4054 dona
1189 4016 1326 4066 mea,
1356 4000 1670 4057 oblivisci-re
1699 4018 1808 4058 me-

207 4094 304 4147 rita
340 4102 467 4157 tua;
497 4093 617 4163 quia
661 4092 705 4147 si
756 4108 855 4164 ego
879 4108 1171 4162 quaererem
1215 4093 1401 4147 merita
1434 4104 1519 4148 tua
1541 4136 1555 4160 ,
1585 4109 1691 4151 non
1721 4110 1808 4150 vc-

208 4184 363 4240 nires
393 4182 461 4237 ad
487 4183 625 4239 dona
676 4199 814 4238 mea.
846 4181 961 4239 Noli
1011 4194 1062 4239 te
1090 4185 1365 4252 extollere,
1395 4187 1617 4258 pusillus
1643 4196 1760 4241 esto
1787 4227 1803 4254 ,

207 4271 505 4331 Zaccharus
538 4282 674 4330 esto.

276 4386 517 4444 CAPUT
543 4386 630 4442 lll.
652 4418 724 4429 —
750 4389 803 4444 5.
831 4385 1066 4445 Ζαεειιωὶ
1096 4392 1288 4462 factum
1315 4391 1803 4464 αιιεθοηωυδυεο-

209 4493 420 4545 utorus,
457 4494 585 4533 crux
626 4477 833 4539 Christi.
888 4478 1024 4536 Crito:
1072 4482 1126 4536 in
1180 4485 1363 4553 fronte.
1410 4482 1514 4539 Sed
1564 4482 1807 4539 dicturus

207 4556 268 4623 es
293 4586 306 4623 :
334 4566 392 4624 Si
425 4566 715 4623 Zaccbaeus
738 4568 894 4625 fuero
914 4612 928 4636 ,
952 4587 1061 4641 prie
1083 4572 1235 4627 turba
1272 4584 1377 4635 non
1400 4582 1590 4643 potero
1623 4572 1805 4629 videre

207 4653 417 4712 Iesum.
442 4657 561 4713 Noli
576 4673 698 4715 esse
721 4661 907 4724 tristis,
922 4661 1151 4717 ascende
1171 4662 1390 4732 lignum,
1416 4664 1502 4719 ubi
1523 4680 1618 4735 pro
1630 4674 1686 4723 te
1707 4680 1804 4735 pe-

207 4749 393 4819 pendit
419 4749 608 4818 Jesus,
649 4761 705 4807 ct
741 4753 945 4811 videbis
969 4753 1170 4810 .lcsum.
1197 4755 1264 4810 Et
1295 4755 1454 4826 quale
1474 4773 1644 4828 genus
1678 4759 1804 4830 ligni

205 4841 456 4897 ascendit
500 4841 830 4899 Zacchaaus?
855 4844 1223 4916 Sycomorum.
1260 4848 1317 4903 ln
1358 4849 1662 4919 regionibus
1704 4836 1803 4908 no-

205 4934 338 4991 stris
382 4943 477 4989 aut
501 4936 724 5009 omnino
753 4928 1149 5006 nusquam,‘aut
1182 4952 1307 4994 raro
1329 4939 1463 4996 forte
1490 4940 1683 4996 alicubi
1709 4958 1804 4998 na-

206 5025 379 5083 scitur
409 5041 425 5079 :
454 5024 508 5080 lu
546 5026 652 5081 illis
678 5034 856 5081 autem
884 5029 1120 5096 partibus
1159 5028 1382 5086 multum
1412 5041 1494 5087 est
1524 5030 1684 5101 hujus
1709 5049 1802 5105 ge-

208 5115 359 5170 neris
385 5114 517 5186 ligni
532 5117 772 5186 ctpomi.
795 5118 1084 5187 Sycomora
1101 5119 1350 5177 dicuntur
1376 5136 1532 5190 poma
1558 5125 1799 5191 qumdam

209 5205 331 5262 ﬁcis
375 5207 570 5273 siutilia
604 5225 618 5262 :
648 5208 742 5265 sed
769 5217 945 5265 tamen
987 5209 1623 5284 distantoaliquid;qnod
1672 5231 1798 5286 pos-

205 5311 340 5355 sunt
370 5314 533 5363 nosse
577 5302 669 5371 qui
718 5302 966 5358 viderunt
1014 5303 1094 5357 vel
1135 5313 1498 5373 gustaverunt.
1530 5306 1796 5374 Quantum

207 5401 393 5447 tamen
432 5393 676 5449 indicant
726 5395 1165 5465 interpretatione
1211 5401 1470 5464 nominis,
1517 5418 1796 5473 sycomora

208 5473 325 5531 Pici
356 5478 513 5532 lautae
545 5478 708 5535 latine
736 5481 1167 5551 interpretantur.
1190 5484 1307 5540 Jam
1333 5487 1453 5542 vide
1482 5487 1794 5544 Zacclucum

271 5632 288 5660 ¹
310 5630 398 5678 ttle
429 5630 546 5682 editi
576 5632 774 5697 aJdunt.
810 5641 1063 5700 Sumptus
1084 5642 1154 5689 est
1180 5638 1266 5689 rei
1295 5638 1463 5690 Filias:
1489 5642 1633 5692 Abest
1655 5656 1685 5693 s
1708 5652 1793 5695 ne-

194 5713 345 5773 ιήειι.
366 5717 447 5762 Is.

1596 303 1831 363 SERMO
1867 303 2144 362 CLXXIV.

3400 318 3508 372 9οιῖ

1925 434 2123 486 meum,
2156 418 2273 475 vide
2303 420 2471 488 illuttt,
2500 422 2726 479 obsecro
2757 433 2807 480 te
2827 468 2841 489 ,
2866 424 3132 482 volentem
3161 428 3214 483 in
3245 428 3398 485 turba
3426 432 3507 484 vi-

1916 509 2048 566 dere
2071 510 2252 568 Iesum
2278 553 2293 578 ,
2322 520 2380 567 et
2410 526 2515 569 non
2561 516 2846 572 valentem.
2882 518 3108 574 llumilis
3153 521 3296 575 enim
3350 533 3463 577 erat
3491 565 3507 589 ,

1918 602 2069 656 turba
2098 602 2324 669 superba
2360 614 2515 661 erat:
2539 615 2593 660 et
2632 606 2749 676 ipsa
2770 609 2917 663 tot-ba
2966 608 3032 663 ad
3061 609 3340 665 videndum
3374 612 3511 666 bene

1920 692 2201 748 Dominum
2220 733 2236 757 ,
2266 694 2405 748 sicut
2443 696 2582 748 solet
2629 697 2780 751 turba
2802 739 2817 761 ,
2844 713 2904 752 se
2935 700 3101 767 ipsam
3134 699 3458 768 impediebat
3493 721 3507 754 :

1916 784 2156 838 ascendit
2175 800 2206 838 a
2237 785 2413 852 turba,
2436 795 2492 841 et
2508 787 2635 841 vidit
2655 788 2837 843 Jesum
2862 806 2965 844 nou
2989 791 3310 854 impediente
3328 793 3506 847 turba.

1919 874 2096 929 Turba
2122 877 2264 930 enim
2280 876 2413 931 dicit
2439 878 2745 945 humilibus,
2774 882 3085 936 humilitatis
3100 885 3234 937 viam
3256 884 3473 955 gradieu
3491 911 3515 925 -

1917 964 2089 1030 tibus,
2114 965 2334 1034 injurias
2361 982 2484 1021 suas
2516 969 2622 1022 Deo
2651 968 3039 1025 dimittentibus
3060 1012 3078 1037 ,
3114 974 3395 1032 vindictam
3433 976 3504 1031 de

1915 1055 2144 1110 inimicis
2182 1074 2289 1112 non
2329 1060 2748 1129 requirentibus,
2778 1065 2928 1118 turba
2975 1066 3220 1129 inuitat,
3251 1076 3303 1121 ct
3328 1068 3458 1123 dicit
3489 1089 3504 1123 :

1917 1145 2199 1203 ludcl‘eme
2226 1190 2240 1211 ,
2284 1151 2372 1219 qui
2426 1159 2479 1204 te
2525 1168 2628 1206 non
2663 1163 2813 1222 potes
2863 1154 3144 1210 vindicate.
3195 1158 3368 1213 Turba
3410 1162 3509 1213 iut—

1914 1238 2060 1307 pcdit
2104 1254 2172 1293 ne
2198 1240 2439 1293 videatur
2460 1241 2657 1296 Jesus:
2691 1246 2838 1299 turba
2890 1247 3119 1315 glorians
3161 1261 3214 1302 ct
3263 1251 3507 1305 exultans

1913 1328 2129 1396 quando
2157 1344 2215 1383 se
2238 1333 2466 1398 potuerit
2489 1334 2755 1389 vindicare
2780 1377 2793 1394 .
2814 1336 3028 1406 impedit
3060 1354 3124 1392 ne
3150 1339 3390 1395 videatur
3416 1342 3507 1395 ille

1913 1421 2003 1488 qui
2054 1421 2295 1489 pendens
2337 1425 2442 1487 ait,
2473 1422 2650 1489 Pater,
2693 1428 2894 1496 iguosre
2942 1428 3073 1491 illis,
3114 1433 3233 1500 quia
3276 1435 3505 1486 nesciunt

1912 1510 2033 1578 quid
2063 1510 2260 1579 faciunt
2281 1511 2432 1583 (Luc.
2456 1532 2609 1580 nm,
2640 1518 2752 1587 54).
2781 1518 2932 1574 llunc
2959 1536 3087 1587 ergo
3117 1524 3295 1576 volens
3326 1524 3505 1579 videro

1913 1601 2218 1669 Zaechzens,
2253 1607 2304 1661 in
2334 1623 2440 1678 quo
2462 1610 2783 1679 ligurabatur
2819 1629 3043 1682 persona
3069 1615 3369 1683 humilium,
3398 1634 3503 1673 non

1912 1695 2143 1749 attendit
2175 1698 2380 1752 turbam
2411 1700 2787 1769 impedientem
2813 1721 2826 1768 ;
2859 1705 2952 1759 sed
2982 1709 3223 1763 asc-'ndit
3260 1723 3507 1778 sycomo-

1913 1803 2053 1852 rum,
2085 1792 2236 1860 quasi
2258 1791 2549 1862 fatuipomi
2582 1797 2801 1865 lignum.
2830 1796 2939 1852 Nos
2969 1802 3132 1866 enim,
3165 1803 3331 1866 inquit
3358 1804 3505 1870 Apo-

1911 1879 2080 1933 stolus
2099 1920 2114 1945 ,
2143 1883 2477 1950 prazdicamtts
2502 1883 2759 1939 Christum
2780 1890 3087 1954 crucifixum
3108 1931 3122 1953 ,
3151 1891 3349 1946 Iudicis
3382 1895 3472 1963 qui
3488 1923 3505 1933 ς

1910 1969 2025 2024 dent
2068 1974 2365 2028 scandalum
2392 1993 2412 2029 .'
2440 1977 2656 2032 attende
2713 1994 3051 2050 sycomorum
3078 2000 3091 2036 :
3125 1981 3367 2038 Gentibus
3406 2003 3505 2039 au-

1912 2069 2012 2113 tem
2036 2062 2303 2117 stultitiam
2322 2065 2366 2135 (l
2385 2064 2503 2120 Cor.
2537 2084 2588 2134 ι,
2611 2069 2726 2140 25).
2762 2069 2996 2141 Denique
3024 2071 3091 2126 de
3106 2089 3276 2129 .cruce
3302 2076 3502 2131 Christi

1911 2153 2066 2209 nobis
2109 2155 2364 2211 insultant
2404 2160 2674 2227 sapientes
2727 2162 2883 2233 hujus
2911 2166 3130 2231 mundi,
3174 2176 3229 2224 et
3274 2168 3500 2225 dicunt:

1911 2242 2079 2309 Quale
2101 2259 2196 2299 cor
2223 2246 2450 2314 habetis,
2478 2252 2568 2319 qui
2589 2253 2750 2307 Deum
2777 2255 2953 2309 colitis
2976 2258 3318 2314 cruciﬁxum?
3336 2262 3504 2330 Quale

1911 2350 2006 2389 cor
2037 2335 2333 2392 habemus?
2358 2340 2473 2394 Non
2519 2343 2702 2412 utique
2732 2356 2988 2400 vestrum.
3029 2347 3298 2416 Sapientia
3347 2353 3506 2420 hujus

1913 2428 2094 2481 mundi
2144 2431 2368 2485 stultitia
2418 2442 2502 2487 est
2547 2435 2688 2503 apud
2722 2436 2889 2490 Deum
2921 2436 3046 2507 (Id.
3095 2456 3185 2505 tn,
3214 2440 3279 2496 l9
3299 2440 3340 2513 ).
3391 2442 3503 2498 Non

1912 2520 2054 2573 enim
2087 2530 2320 2589 vestrum
2366 2538 2462 2579 cor
2490 2524 2767 2582 habemus.
2794 2528 2899 2582 Sed
2943 2530 3116 2585 dicitis
3143 2547 3237 2586 cor
3262 2544 3504 2589 nostrum

1912 2587 2353 2671 stnltumeicite
2395 2618 2536 2687 quod
2566 2619 2769 2675 vultis:
2810 2635 2909 2675 nos
2954 2624 3307 2681 ascendamus
3349 2640 3506 2698 syco-

1914 2717 2144 2771 morum,
2174 2715 2228 2759 ct
2274 2708 2550 2766 videamus
2588 2710 2790 2766 .lcsuut.
2839 2712 2966 2769 Ideo
3009 2716 3152 2770 enim
3180 2733 3273 2772 V08
3321 2717 3504 2774 Jesum

1912 2795 2093 2849 videre
2123 2811 2227 2850 non
2262 2800 2503 2865 potestis,
2529 2803 2652 2870 quia
2683 2818 3022 2874 sycomorum
3052 2808 3342 2864 ascendere
3380 2827 3503 2864 eru-

1913 2889 2146 2945 bescitis.
2181 2896 2219 2945 Α
2231 2892 2560 2961 ppreheudat
2587 2897 2873 2952 Zaecha'tts
2906 2914 3244 2970 sycomnrum
3269 2945 3285 2969 ,
3312 2891 3504 2960 ascen-

1913 2978 2002 3034 dat
2047 2980 2265 3037 humilis
2309 2998 2545 3039 crucem.
2596 2988 2784 3041 Parnm
2813 2998 2929 3054 est,
2981 2993 3265 3057 ascendat;
3313 3011 3381 3050 ne
3422 2997 3503 3052 de

1912 3088 2070 3129 cruce
2096 3073 2297 3130 Clu-isti
2319 3078 2596 3133 erubescat
2619 3121 2635 3144 ,
2671 3081 2722 3133 in
2751 3082 2921 3136 fronte
2952 3083 3092 3138 illam
3118 3084 3273 3154 ﬁgat,
3308 3087 3393 3140 tthi
3419 3103 3506 3141 se-

1913 3163 2011 3218 des
2041 3166 2256 3233 pudoris
2281 3175 2364 3220 est
2398 3185 2411 3221 :
2442 3167 2513 3222 ibi
2537 3170 2775 3236 omnino,
2813 3172 2879 3226 ibi
2914 3172 2967 3226 in
2994 3188 3100 3242 quo
3127 3179 3367 3230 membro
3383 3194 3505 3231 eru-

1913 3256 2178 3315 bescilur.
2209 3258 2279 3311 ibi
2303 3258 2492 3328 ﬁgatur
2518 3260 2657 3313 unde
2699 3278 2803 3314 non
2834 3264 3198 3319 crnbeseatttr.
3231 3267 3362 3321 Puto
3381 3271 3503 3337 quia

1916 3354 1970 3401 ιιι
1994 3349 2181 3402 irrides
2210 3365 2548 3420 sycomorum
2577 3371 2589 3405 :
2614 3360 2670 3405 et
2697 3352 2807 3420 ipsa
2831 3368 2919 3407 tne
2941 3353 3064 3409 fecit
3090 3357 3269 3412 videre
3295 3358 3499 3413 Jcsutn.

1913 3437 2020 3493 Sed
2058 3449 2110 3493 lu
2158 3440 2348 3494 irrides
2387 3456 2725 3510 sycomorum
2750 3484 2763 3506 ,
2792 3444 2912 3511 quia
2962 3444 3122 3499 homo
3146 3428 3211 3501 es
3240 3466 3253 3500 :
3282 3449 3503 3505 stultum

1914 3539 2090 3585 autem
2154 3530 2248 3584 Dei
2295 3531 2586 3600 sapientius
2632 3541 2713 3586 est
2771 3548 2928 3603 quam
2970 3534 3239 3591 hominum
3283 3536 3391 3606 (Id.
3445 3556 3501 3605 t,

1913 3618 2028 3689 es).

1986 3710 2209 3766 CAPUT
2250 3711 2336 3765 IV.
2372 3742 2445 3754 --
2475 3714 2529 3769 4.
2583 3714 2776 3769 Gratia:
2823 3716 3166 3785 prrcrenientis
3216 3719 3503 3776 necessitas.

1915 3803 1978 3857 Et
2009 3804 2139 3857 vidit
2173 3805 2430 3860 Dominus
2460 3806 2631 3874 ipsum
2659 3808 2990 3862 laet-lucum.
3024 3810 3177 3865 Visus
3198 3820 3312 3879 est,
3344 3823 3400 3868 ct
3428 3816 3506 3870 vi-

1913 3895 1992 3950 dit
2020 3914 2033 3949 :
2059 3896 2153 3951 sed
2206 3897 2307 3951 ηἰ›ἰ
2351 3899 2496 3953 visus
2541 3910 2716 3966 esset,
2757 3918 2862 3955 non
2893 3902 3115 3960 videret.
3167 3908 3313 3972 Quos
3357 3908 3500 3963 enim

1915 3988 2326 4057 pra-destinavit.
2352 3989 2469 4044 illos
2514 4001 2567 4046 et
2585 3993 2789 4046 vocavit
2811 3992 2986 4064 (Rom.
3009 4009 3116 4057 vtn,
3138 3996 3251 4064 ὅθ).
3282 3997 3399 4067 Ipse
3418 4011 3505 4055 est

1911 4082 1999 4150 qui
2047 4081 2357 4136 Nathanaeli
2382 4083 2519 4137 dixit
2542 4127 2554 4146 ,
2578 4087 2688 4156 jam
2711 4087 2860 4153 quasi
2885 4087 3193 4141 testimonio
3208 4105 3307 4143 suo
3343 4092 3499 4161 adju-

1913 4173 2055 4225 vanti
2087 4172 2450 4241 Evangelintn,
2474 4184 2529 4228 et
2548 4174 2764 4240 dicenti,
2781 4177 2822 4228 Δ
2848 4174 3104 4231 Nazarcth
3126 4189 3286 4249 potest
3305 4182 3502 4248 aliquid

1911 4263 2027 4317 boni
2046 4264 2187 4319 esse!
2213 4265 2468 4320 Dominus
2496 4266 2563 4321 ad
2596 4266 2743 4320 illum
2764 4307 2777 4329 ,
2806 4266 3117 4339 Priusquam
3155 4282 3201 4325 te
3224 4271 3503 4345 Philippus

1910 4363 2127 4418 vocaret,
2147 4370 2262 4408 cum
2277 4372 2405 4410 esses
2425 4356 2516 4410 sub
2532 4356 2709 4410 arbore
2723 4357 2828 4425 ﬁci,
2840 4359 2941 4411 vidi
2963 4367 3010 4412 te
3026 4359 3206 4431 (Joan.
3224 4380 3258 4426 ι,
3277 4366 3365 4425 46.
3387 4366 3500 4438 ω).

1911 4446 2089 4501 Nostis
2112 4447 2252 4502 unde
2268 4447 2367 4501 sibi
2386 4448 2734 4502 succinctoria
2756 4450 2995 4505 fecerunt
3015 4454 3167 4518 primi
3192 4468 3498 4523 peccatores

1912 4536 2080 4592 Adam
2108 4546 2160 4594 et
2197 4538 2325 4594 Eva.
2355 4539 2581 4607 Quando
2600 4552 2984 4609 peccaverunt,
3010 4542 3078 4599 de
3105 4544 3241 4600 l’nh‘is
3270 4549 3352 4604 ﬁci
3375 4564 3500 4604 SUC-

1910 4627 2164 4683 cinctoria
2195 4628 2295 4684 sibi
2322 4622 2556 4685 iecerunt
2593 4639 2649 4686 et
2678 4631 2921 4700 pudenda
2949 4640 3192 4690 texerunt
3214 4638 3373 4702 (Ceu.
3402 4656 3457 4694 ttt
3482 4681 3500 4708 ,

1912 4718 1967 4788 7)
1997 4721 2153 4788 :qnia
2197 4720 2336 4789 quod
2378 4736 2472 4777 eos
2500 4721 2721 4791 puderet
2766 4724 3035 4793 peccando
3066 4725 3321 4782 fecerunt.
3363 4730 3500 4798 Ergo

1909 4809 1953 4863 si
1982 4810 2333 4865 succinctoria
2373 4812 2471 4865 sibi
2520 4812 2672 4881 primi
2719 4823 3025 4882 peceatores
3063 4817 3327 4886 fecerunt,
3357 4822 3505 4875 unde

1910 4900 2171 4970 originem
2225 4901 2508 4967 ducimus,
2563 4902 2616 4955 in
2664 4903 2859 4971 quibus
2898 4905 3254 4972 perieramus,
3290 4918 3349 4963 ttt
3397 4925 3493 4963 ve-

1908 4991 2050 5045 niret
2086 4992 2173 5047 ille
2216 5008 2318 5060 qut
2338 5007 2458 5047 rere
2502 5003 2556 5047 et
2581 4993 2787 5048 salvere
2816 4995 2956 5063 quod
2983 4997 3239 5065 petierat,
3263 5000 3332 5052 de
3356 5002 3502 5060 {aliis

1909 5081 1994 5136 ﬁci
2037 5083 2102 5137 ad
2150 5082 2393 5151 pudenda
2442 5083 2661 5152 tegenda
2718 5083 2995 5150 fecerunt;
3041 5088 3166 5158 quid
3215 5089 3351 5143 aliud
3403 5073 3491 5146 di-
3578 5070 3593 5091 ’

1907 5182 2052 5226 ctum
2098 5181 2215 5237 cst,
2262 5172 2390 5227 Cum
2432 5190 2560 5227 esses
2598 5175 2908 5230 subarbore
2932 5178 3018 5243 [ici
3041 5220 3055 5244 ,
3090 5177 3192 5232 vidi
3218 5190 3301 5245 te;
3348 5183 3445 5236 nisi
3474 5225 3488 5247 ,

1911 5280 2016 5320 non
2046 5266 2258 5321 venires
2304 5267 2373 5320 ad
2418 5274 2754 5337 purgatarum
2811 5273 3047 5338 peccati,
3098 5273 3199 5325 nisi
3251 5276 3396 5342 prior
3441 5288 3493 5331 te

1905 5355 2126 5410 vidisset
2168 5357 2221 5410 in
2270 5356 2458 5410 umbra
2488 5358 2735 5428 peccati?
2775 5359 2841 5415 Ut
2889 5361 3217 5427 videt-cutus,
3263 5366 3359 5418 visi
3404 5384 3496 5420 stt-

1906 5459 2026 5501 nttts
2050 5463 2064 5510 ;
2091 5453 2148 5500 ttt
2190 5446 2531 5518 diligeremus
2553 5488 2566 5509 ,
2591 5448 2769 5506 dilecti
2798 5454 3151 5506 sumnthens
3179 5470 3362 5523 meus;
3386 5459 3490 5511 uti-

1907 5538 2194 5593 sericordia
2221 5538 2339 5605 ejus
2371 5540 2657 5607 prteveniet
2679 5556 2767 5594 me
2797 5539 2978 5611 (Prol.
3013 5559 3132 5599 Lt'lll
3157 5586 3171 5607 ,
3202 5546 3312 5616 11).

1975 5632 2031 5686 5.
2060 5632 2329 5701 Suscipere
2351 5629 2528 5685 Jesutu
2552 5632 2603 5685 in
2633 5649 2739 5686 cor.
2764 5633 2880 5688 .latn
2918 5651 3045 5707 ergo
3088 5637 3340 5695 Dominus
3359 5683 3374 5707 ,
3404 5643 3497 5711 qui

1896 5718 2210 5780 Zacehmum
2254 5722 2301 5775 in
2351 5722 2511 5780 corde
2542 5736 2845 5806 Susceperat
2916 5727 2967 5786 in
2997 5729 3210 5788 demum
3243 5732 3358 5800 ejus
3406 5735 3497 5791 di-
