3886 6188
270 324 375 383 SB

271 438 452 510 (latnt.
482 453 562 496 ιιι.
587 436 663 508 6).
684 436 753 491 Et
782 437 827 490 si
847 436 1062 490 exterior
1079 434 1227 488 homo
1249 442 1436 495 noster,
1458 433 1535 487 ait
1551 435 1854 503 Apostolus,

266 529 646 601 eommpitur,
699 527 788 583 sed
823 528 1034 582 interior
1083 535 1350 581 renovatur
1399 525 1462 580 de
1508 526 1590 580 die
1627 526 1679 580 in
1724 526 1858 604 diem

269 621 335 691 (ll
361 618 482 677 Cor.
514 635 589 686 tv,
618 617 729 690 16).
761 616 839 674 Ex
867 634 932 674 eo
956 618 1095 690 quod
1124 619 1174 672 in
1207 627 1257 673 te
1284 627 1592 685 renovatur,
1625 635 1729 673 non
1759 634 1855 688 ge-

267 730 426 770 neras
449 713 726 784 parvulum
748 730 762 766 :
783 727 848 766 ex
873 726 939 766 eo
967 710 1106 782 quod
1131 711 1183 765 in
1213 719 1264 765 te
1288 711 1669 781 corrumpitur.
1690 726 1856 780 gene-

265 823 350 862 ras
382 805 683 876 parvulum.
712 803 791 858 'l‘u
828 812 882 858 ιιι
921 819 1028 857 non
1061 801 1116 857 in
1141 811 1399 857 aeternum
1432 801 1674 856 moriaris
1702 811 1856 857 natus

264 913 343 962 rs,
366 904 422 950 et
447 905 666 950 renatus
695 910 754 949 es
780 911 796 949 :
829 894 916 949 ille
938 894 1113 948 adhuc
1139 902 1291 948 natus
1318 935 1333 958 ,
1365 901 1584 948 renatus
1617 895 1851 948 nondum

263 998 364 1045 est.
407 988 466 1044 Si
499 998 554 1043 tu
581 986 909 1042 renascendo
931 987 1084 1051 vivis,
1118 986 1234 1041 sine
1261 993 1318 1039 ut
1345 995 1399 1041 et
1427 986 1514 1041 ille
1543 995 1856 1040 renascatur

259 1091 314 1135 et
344 1081 490 1133 vivat
517 1096 532 1144 ;
574 1079 712 1143 sine,
741 1079 955 1147 inquam
975 1120 988 1140 ,
1019 1088 1348 1143 renascatur,
1379 1078 1493 1131 sine
1520 1089 1848 1131 renascatur.

258 1171 438 1240 Quare
472 1169 840 1226 contradicis?
880 1185 1044 1240 quare
1085 1167 1236 1223 novis
1269 1168 1715 1238 disputationibus
1755 1184 1850 1223 an-

263 1263 465 1332 tiquam
497 1261 616 1316 fidei
649 1259 883 1329 regulam
908 1260 1149 1329 frangere
1176 1258 1572 1327 couaris‘iQuid
1601 1269 1680 1313 est
1704 1259 1848 1314 enim

261 1353 402 1424 quod
431 1352 587 1416 dicis,
619 1351 830 1406 Parvuli
858 1367 964 1405 nou
999 1350 1195 1406 habent
1223 1350 1443 1405 omnino
1479 1351 1563 1405 vel
1591 1351 1849 1420 originale

260 1454 539 1517 peccatum
560 1447 587 1496 Ἰ
611 1444 746 1513 Quid
774 1452 854 1499 est
880 1445 1020 1514 quod
1046 1443 1178 1499 dicis
1201 1484 1217 1510 ,
1249 1443 1350 1498 nisi
1380 1453 1436 1497 ut
1465 1459 1570 1498 non
1595 1444 1849 1500 accedant

259 1534 324 1590 ad
348 1534 539 1590 Iesum
559 1533 586 1587 ?
622 1533 729 1590 Sed
760 1534 852 1588 tibi
876 1534 1069 1589 clamat
1111 1533 1266 1589 Jesus
1288 1575 1302 1598 ,
1342 1532 1469 1588 Sine
1489 1536 1723 1604 parvulos
1761 1551 1845 1590 ve-

259 1627 367 1682 nire
415 1627 486 1680 ad
531 1641 612 1681 nte
659 1623 882 1699 (Marc.
939 1641 972 1680 x
999 1667 1014 1694 ,
1056 1626 1182 1698 1-1).
1222 1623 1480 1682 Conversi
1531 1625 1598 1680 ad
1657 1626 1845 1681 Domi-

256 1732 422 1784 num,
465 1727 572 1772 etc.

271 1855 287 1856 ί
701 1784 933 1842 SEBMO
969 1785 1246 1856 cum:
1285 1787 1381 1856 (a).

258 1855 336 1912 De
386 1857 574 1912 eisdem
612 1856 774 1912 verbis
827 1855 1058 1926 Apostoli
1083 1897 1100 1920 ,
1149 1855 1347 1926 fidelis
1389 1871 1566 1912 sermo
1607 1865 1662 1912 ct
1699 1859 1844 1913 omni

324 1929 638 1998 acceptione
685 1925 913 1998 dignus,
953 1935 1045 1980 etc.
1091 1925 1276 1980 lTim.
1316 1943 1430 1998 cap.
1461 1942 1515 1993 ι,
1565 1928 1596 1998 ﬁ
1637 1929 1708 1998 Ῡ.
1739 1929 1840 1995 15,

330 1999 399 2052 l6
439 1997 534 2066 (ι).

324 2086 556 2143 CAPUT
595 2085 952 2143 PRIMUM.—
973 2087 1023 2141 l.
1053 2085 1427 2141 lncarnationis
1453 2086 1641 2142 Christi
1663 2104 1838 2144 causa.

251 2177 412 2245 Quod
443 2179 638 2233 lectum
681 2185 766 2234 est
802 2178 960 2232 modo
988 2177 1056 2233 de
1087 2186 1274 2234 sancto
1304 2179 1590 2250 Evangelio
1615 2221 1629 2246 ,
1661 2179 1764 2234 hoc
1789 2188 1843 2234 et

253 2268 455 2322 Paulus
489 2268 760 2339 apostolus
786 2267 951 2334 dicit,
981 2268 1134 2338 cujus
1163 2269 1321 2324 verba
1351 2270 1450 2324 ista
1480 2279 1603 2324 sunt
1636 2288 1650 2324 :
1680 2269 1836 2324 Fide-

251 2360 316 2413 lis
343 2375 512 2412 sermo
538 2367 585 2412 et
620 2360 758 2412 omni
787 2359 1078 2429 acceptione
1101 2359 1289 2429 dignus
1309 2401 1324 2426 ,
1353 2362 1472 2429 quia
1493 2359 1722 2415 Christus
1745 2359 1838 2415 Je-

249 2439 341 2504 ειη
381 2451 513 2505 venit
539 2451 590 2505 in
619 2451 863 2506 mundum
891 2460 1176 2520 peccatores
1203 2451 1370 2506 salvos
1409 2451 1602 2521 facere,
1628 2469 1842 2523 quorum

249 2541 452 2612 primus
504 2558 593 2613 ego
636 2557 764 2596 sunt.
812 2541 964 2596 Nulla
1005 2557 1164 2597 causa
1193 2541 1290 2597 fuit
1334 2543 1581 2598 veniendi
1627 2542 1840 2600 Christo

250 2632 506 2698 hmine,
539 2634 639 2688 nisi
669 2641 972 2703 peccatores
997 2633 1174 2689 salvos
1202 2632 1395 2689 facere.
1418 2633 1568 2689 Tolle
1594 2633 1837 2699 morbos,

252 2723 387 2779 tolle
415 2725 634 2779 vulnera
661 2765 678 2791 ,
719 2733 772 2780 et
815 2725 953 2779 nulla
983 2739 1141 2780 causa
1166 2737 1247 2802 est
1276 2724 1571 2780 medicinaz.
1611 2725 1666 2781 Si
1697 2727 1840 2781 venit

248 2817 322 2872 de
349 2816 490 2872 caelo
518 2832 738 2886 magnus
764 2816 1001 2872 medicus
1024 2857 1039 2883 ,
1085 2831 1305 2886 magnus
1339 2832 1435 2886 per
1460 2824 1624 2872 totum
1653 2818 1837 2873 orbem

249 2917 415 2962 terra
436 2907 649 2978 jacebat
677 2916 926 2977 aegrotus.
952 2906 1068 2977 Ipse
1089 2918 1323 2977 :rgrotus
1356 2922 1524 2978 genus
1551 2909 1840 2963 humanum

247 3007 357 3055 est.
387 2998 494 3055 Sed
527 3013 630 3053 non
657 2998 892 3054 omnium
919 3007 1001 3054 est
1027 2998 1159 3054 fides
1185 2998 1250 3067 (11
1280 2997 1458 3054 Tltess.
1487 3015 1545 3054 ttt
1566 3041 1581 3067 ,
1621 2999 1701 3072 2).
1734 2999 1839 3054 Νο-

247 3092 328 3146 vit
372 3091 629 3146 Dominus
671 3090 760 3161 qui
809 3099 934 3144 sunt
963 3089 1078 3160 ejus
1106 3089 1183 3161 (11
1215 3088 1348 3143 Tim.
1377 3106 1448 3157 tt,
1492 3091 1602 3158 l9).
1641 3091 1838 3159 Super-

247 3181 472 3238 biebant
494 3181 660 3236 Judaei
683 3225 698 3247 ,
729 3181 1057 3236 extollebant
1086 3196 1164 3246 se,
1196 3181 1304 3235 alta
1332 3182 1638 3250 sapiebaut,
1663 3185 1838 3252 justus

247 3288 310 3328 sc
344 3272 636 3343 putabant,
666 3282 720 3328 et
746 3273 1027 3327 Dominum
1053 3272 1388 3342 colligentem
1419 3284 1727 3344 peccatores
1757 3274 1838 3329 in-

249 3380 423 3434 super
447 3363 791 3419 accusabant.
820 3364 920 3432 Qui
961 3379 1087 3434 ergo
1117 3365 1490 3433 superbiebant
1528 3374 1581 3421 et
1609 3367 1714 3421 alta
1754 3382 1837 3422 sa-

250 3456 476 3528 piebant
499 3497 514 3522 ,
546 3457 715 3511 relicti
743 3465 866 3510 sunt
893 3456 946 3510 in
969 3456 1236 3510 montibus
1258 3498 1272 3520 ,
1320 3457 1385 3511 ad
1432 3459 1711 3528 nonaginta
1741 3476 1836 3511 uo-

247 3564 373 3603 vem
407 3551 672 3618 pertinent
715 3545 936 3619 (Matth.
982 3563 1145 3613 xvut,
1189 3547 1300 3620 12).
1331 3548 1466 3617 Quid
1501 3559 1624 3613 est,
1665 3551 1834 3606 relicti

247 3647 382 3695 sunt
422 3636 473 3694 in
519 3638 829 3694 montibus?
867 3637 1054 3693 Relicti
1098 3647 1223 3692 sunt
1265 3639 1317 3693 in
1368 3639 1557 3695 timore
1597 3649 1830 3696 terreno.

243 3727 390 3798 Quid
426 3737 542 3794 est,
574 3728 640 3782 ad
671 3728 952 3799 nonaginta
984 3743 1172 3783 novem
1200 3729 1508 3798 pertinent?
1535 3729 1590 3783 ln
1621 3731 1834 3787 sinistra
1861 3731 1864 3736 ’

247 3830 382 3876 sunt
411 3863 425 3885 ,
469 3836 577 3876 non
607 3821 658 3874 in
686 3821 925 3876 dextera.
967 3820 1267 3892 Nonaginta
1299 3823 1439 3875 enim
1468 3831 1521 3876 et
1550 3838 1740 3878 novem
1781 3825 1832 3878 itt

247 3915 472 3970 sinislra
501 3922 879 3976 numerantur;
913 3927 1074 3966 unum
1099 3911 1254 3976 adde,
1273 3911 1338 3965 ad
1357 3912 1629 3968 dexteram
1659 3923 1833 3970 trans-

247 4004 378 4058 itur.
421 4001 564 4057 Venit
594 4019 731 4073 ergo,
765 4012 821 4056 ut
872 4003 985 4071 ipse
1012 4003 1120 4057 alio
1149 4002 1266 4058 loco
1286 4003 1452 4069 dicit,
1493 4003 1636 4058 Venit
1667 4005 1835 4060 Filius

247 4097 472 4152 hominis
510 4111 735 4166 qua'rere
772 4107 821 4150 et
861 4074 1058 4150 sulcare
1111 4097 1245 4166 quod
1274 4099 1489 4166 perierat
1516 4097 1664 4171 (Luc.
1694 4114 1785 4153 xtx
1814 4140 1828 4168 ,

246 4187 365 4257 10).
393 4185 588 4241 Totum
630 4185 774 4240 enim
806 4185 1035 4255 perierat
1065 4203 1078 4239 :
1113 4199 1177 4239 ex
1221 4200 1327 4254 quo
1375 4188 1610 4256 peccavit
1654 4203 1788 4243 unus
1813 4229 1828 4256 ,

246 4279 340 4331 ubi
390 4286 508 4332 erat
549 4285 714 4331 totum
762 4276 918 4344 periit
956 4284 1146 4330 totum.
1184 4275 1290 4331 Sed
1336 4277 1483 4331 venit
1534 4293 1670 4333 unus
1715 4281 1831 4336 sine

245 4377 515 4441 peccato,
559 4369 646 4437 qui
705 4367 882 4422 salvos
919 4365 1120 4422 faceret
1159 4383 1190 4420 a
1241 4378 1478 4437 peccato.
1528 4367 1615 4424 Isti
1653 4381 1828 4428 autem

244 4457 633 4528 superbieudo,
661 4456 803 4527 quod
830 4465 913 4512 est
936 4457 1108 4528 pejus,
1132 4463 1186 4512 et
1211 4459 1562 4528 aegrotabant,
1594 4470 1646 4515 et
1669 4475 1829 4517 sanos

242 4565 308 4604 sc
333 4562 458 4603 esse
487 4546 794 4602 credebant.

320 4638 550 4695 CAPUT
579 4637 645 4691 11.
681 4668 754 4679 --
795 4638 850 4691 2.
889 4636 1187 4693 Judtcorum
1215 4640 1541 4709 periculosior
1562 4644 1826 4714 (egritudo.

242 4729 420 4784 Jndci
444 4729 498 4782 in
523 4729 771 4783 medicum
807 4729 1126 4784 insanientes.
1151 4729 1506 4787 Periculosius
1531 4743 1788 4805 aegrotant
1809 4777 1826 4802 ,

243 4822 338 4883 qui
367 4826 602 4874 mentem
629 4817 864 4874 febribus
889 4818 1253 4889 perdiderunt.
1283 4818 1362 4874 illi
1390 4821 1594 4888 rident,
1633 4833 1687 4879 et
1714 4825 1827 4880 sani

245 4914 482 4982 plorant.
511 4909 676 4966 Ridet
700 4910 840 4966 enim
872 4909 1211 4979 phreneticus
1237 4927 1252 4976 ;
1284 4911 1377 4968 sed
1407 4927 1513 4968 non
1539 4922 1620 4968 est
1644 4930 1826 4970 sanus.

246 5003 418 5056 Porro
455 5013 638 5057 autem
678 5001 767 5072 qui
804 5001 1000 5056 mentis
1040 5008 1126 5056 est
1159 5015 1338 5066 sanae,
1380 5003 1553 5072 plorat
1599 5005 1828 5073 phrene-

244 5105 411 5151 tcum
455 5093 739 5150 ridentem.
807 5093 1042 5149 Primum
1067 5132 1084 5161 ,
1134 5093 1180 5148 si
1231 5093 1338 5148 duo
1389 5093 1488 5149 ista
1529 5110 1827 5166 proponas,

242 5185 386 5252 Quid
416 5193 501 5242 est
528 5185 719 5240 melius
741 5225 756 5250 ,
787 5184 964 5241 ridere
987 5226 1003 5252 ,
1041 5199 1108 5238 an
1137 5185 1348 5254 plorare
1372 5184 1397 5237 ἵ
1436 5186 1555 5255 quis
1584 5201 1690 5243 non
1728 5189 1828 5244 sibi

244 5278 409 5346 eligat
448 5275 675 5332 ridere?
714 5276 954 5346 Denique
1004 5285 1222 5346 propter
1273 5275 1512 5332 dolorem
1560 5277 1827 5335 salubrem

244 5369 613 5441 penitemite,
674 5369 727 5424 in
765 5367 893 5424 ﬂetu
945 5368 1206 5424 Dominus
1248 5369 1423 5438 posuit
1465 5369 1693 5426 officium
1719 5413 1734 5439 ,
1775 5372 1828 5428 in

247 5463 360 5516 risu
387 5461 1054 5531 beneficium.Quomodo‘!
1080 5461 1302 5528 Quando
1339 5462 1414 5517 ait
1439 5464 1492 5518 in
1520 5463 1826 5533 Evangelia,

314 5557 330 5571 '
355 5551 913 5616 Emendatnsadomnes
947 5558 1054 5601 ιω.
1083 5550 1268 5602 etadd.
1312 5553 1610 5604 insertnono
1655 5566 1835 5616 praco-

253 5613 382 5663 ὸιιιιιι
407 5615 546 5676 ιιιοιιο
563 5615 858 5676 designatos.

315 5677 385 5746 (ᾳ)
413 5673 550 5746 alias,
583 5675 646 5724 tle
669 5672 846 5746 Δἷιιιιὶιις
869 5672 1076 5746 έιικιξιοη
1105 5673 1156 5722 9.

314 5734 384 5790 (lii
409 5739 584 5787 nitatur
612 5752 638 5787 a
668 5737 802 5788 Floro
824 5734 922 5786 adi
955 5736 1073 5786 Tim.
1107 5750 1141 5786 ι.

1649 322 1874 380 SE83“)
1907 323 2168 390 (ιιχχγ.

2325 392 2330 396 .
3442 348 3548 420 NQ

1965 433 2112 490 Beati
2152 438 2238 509 qui
2277 439 2510 510 plorant,
2561 447 2798 516 quoniam
2837 448 3068 511 ridebunt
3113 452 3258 525 (Luc.
3291 472 3380 524 rt,
3425 457 3547 517 2H.

1966 525 2104 596 Ergo
2131 527 2183 582 in
2211 529 2419 620 ploratu
2466 532 2703 591 officium
2745 546 2862 604 est,
2893 541 2942 594 itt
2984 542 3091 596 risu
3138 554 3220 599 est
3265 525 3543 617 praemium

1965 617 2257 687 sapientiae.
2289 617 2474 678 Risum
2502 626 2645 680 enim
2692 643 2788 698 pro
2826 632 3021 701 gaudio
3056 637 3266 704 posuit,
3308 656 3411 695 non
3452 659 3546 697 ca-

1961 706 2356 768 chinnatioucm
2386 755 2401 777 ,
2445 715 2538 770 sed
2567 719 2994 778 exsultationem.
3036 725 3175 796 Ergo
3212 729 3255 781 si
3294 729 3399 784 duo
3444 731 3544 786 ista

1964 812 2246 870 proponas,
2276 813 2328 858 et
2369 822 2576 876 qumras
2603 811 2727 878 quid
2755 812 2943 868 borum
2974 815 3043 870 sit
3071 818 3280 886 melius,
3322 821 3498 878 ridere
3524 866 3538 891 ,

1959 909 2025 946 an
2057 893 2302 964 plorare;
2336 901 2509 957 omnis
2540 902 2697 958 homo
2725 906 2935 973 plorare
2975 923 3081 963 non
3109 911 3249 976 vult,
3281 920 3335 967 et
3363 914 3540 970 ridere

1959 987 2088 1040 vult.
2123 988 2289 1045 Porro
2336 992 2378 1046 si
2418 993 2583 1049 addas
2615 1004 2884 1065 ‘personas
2921 1000 2987 1054 ad
3040 1001 3170 1057 istos
3197 1004 3418 1060 allectus
3441 1049 3456 1069 ,
3486 1019 3542 1062 et

1959 1079 2027 1132 ita
2061 1095 2326 1152 proponas
2351 1098 2471 1138 cum
2505 1089 2778 1155 personis,
2809 1089 2943 1158 Quid
2984 1100 3064 1147 est
3111 1095 3298 1149 melius
3318 1139 3332 1161 ,
3360 1097 3538 1154 ridere

1959 1169 2362 1240 phreneticum,
2413 1190 2478 1229 an
2529 1177 2738 1246 plorare
2775 1182 3006 1236 sanum?
3043 1184 3189 1254 eligit
3234 1186 3333 1241 sibi
3371 1187 3538 1245 homo

1953 1261 2134 1318 fictum
2161 1280 2282 1320 cum
2302 1267 2527 1323 sanitate
2548 1311 2562 1333 ,
2594 1286 2750 1340 quam
2773 1272 2937 1328 risum
2963 1289 3082 1329 cum
3121 1279 3370 1333 amentia.
3395 1279 3536 1334 Tan-

1955 1363 2065 1409 tutn
2088 1358 2226 1413 valet
2247 1360 2443 1416 mentis
2466 1363 2691 1429 sanitas,
2721 1373 2778 1418 ut
2801 1365 2962 1420 etiam
2990 1382 3109 1422 cum
3134 1369 3343 1439 planctu
3371 1371 3536 1442 eliga-

1953 1453 2058 1500 tur.
2091 1447 2178 1503 lsti
2200 1464 2325 1520 ergo
2349 1451 2436 1521 qui
2479 1467 2638 1508 sanos
2661 1469 2718 1518 se
2745 1457 2998 1524 putabant
3020 1501 3034 1524 ,
3067 1460 3232 1514 multo
3272 1463 3533 1530 periculo-

1950 1537 2061 1592 sius
2102 1547 2153 1594 et
2174 1539 2502 1610 desperatius
2542 1547 2905 1614 mgrotabant;
2952 1557 3006 1604 et
3057 1550 3167 1620 ip-a
3211 1551 3529 1622 mgritttdine

1949 1643 2052 1697 qua
2095 1639 2299 1685 mentes
2334 1633 2691 1702 perdiderant,
2721 1637 2881 1691 etiam
2923 1639 3183 1694 medicum
3230 1642 3526 1699 cardebant.

1950 1715 2141 1773 Parum
2164 1729 2265 1784 est,
2295 1722 2570 1778 caedebant
2603 1742 2616 1776 :
2647 1726 2818 1780 dicam
2844 1736 3008 1783 totum
3035 1749 3048 1794 ;
3078 1748 3184 1786 non
3222 1732 3392 1787 solum
3418 1747 3528 1789 ea}-

1948 1806 2144 1862 dobant
2169 1853 2182 1875 ,
2215 1810 2308 1865 sed
2338 1814 2498 1867 etiam
2530 1815 2863 1872 occidebant.
2894 1817 2987 1872 llle
3012 1830 3188 1874 autem
3217 1821 3375 1876 etiam
3403 1836 3522 1878 cum

1948 1899 2280 1956 occideretur
2301 1945 2316 1969 ,
2343 1905 2581 1960 tnedicus
2612 1916 2726 1961 erat
2754 1947 2770 1974 ,
2805 1909 3116 1978 vapulabat,
3170 1922 3224 1968 et
3265 1916 3522 1980 curabat;

1947 1989 2246 2058 patiebatur
2289 1992 2660 2061 phreneticum
2689 2038 2704 2064 ,
2758 2012 2856 2052 nec
2901 1999 3180 2057 deserebat
3223 2014 3524 2073 a‘grotum:

1949 2081 2247 2147 tenebatur,
2277 2084 2613 2154 alligabatur,
2641 2089 2881 2159 colaphis
2925 2095 3337 2164 percutiebatur,
3368 2114 3527 2152 aruu-

1946 2171 2070 2227 dine
2130 2175 2311 2244 plagas
2381 2178 2731 2247 accipiebat,
2793 2183 3158 2252 irridebatttr,
3224 2188 3517 2244 insultaba-

1946 2271 2030 2317 tur
2057 2263 2138 2329 ei,
2171 2274 2440 2334 postremo
2465 2269 2793 2334 audiebatur,
2825 2273 3202 2344 damnabatur,
3229 2279 3371 2350 ligno
3409 2297 3527 2337 sus-

1945 2354 2292 2423 pendebatur,
2325 2359 2558 2428 undique
2583 2362 3144 2434 circumfremebatur;
3193 2380 3246 2425 et
3283 2373 3524 2430 medicus

1939 2451 2075 2500 erat.

2012 2537 2237 2594 CAPUT
2274 2537 2360 2594 lll.
2389 2570 2460 2581 —
2493 2542 2543 2597 3.
2581 2540 2806 2600 Christus
2833 2547 3232 2616 interfectoribus
3277 2552 3382 2606 suis
3411 2571 3519 2609 me-

1943 2629 2280 2685 dicamentum
2309 2642 2456 2702 parat
2491 2633 2554 2687 de
2593 2651 2682 2689 suo
2709 2637 2971 2706 sanguine.
2999 2641 3257 2710 Agnoscis
3283 2644 3518 2714 phrene-

1943 2720 2094 2786 ticos,
2123 2733 2352 2791 agnosce
2389 2731 2446 2778 et
2471 2723 2752 2780 medicum.
2786 2724 2963 2794 Pater,
2996 2730 3196 2800 ignosce
3238 2733 3361 2800 illis,
3400 2737 3519 2806 quia

1941 2810 2168 2864 nesciunt
2215 2812 2336 2880 quid
2383 2813 2576 2882 faciunt
2627 2814 2736 2885 (Id.
2792 2833 2962 2885 xxttt,
3014 2820 3127 2890 54).
3175 2819 3253 2876 Illi
3315 2824 3517 2893 perdita

1943 2911 2121 2957 mente
2163 2903 2484 2972 saeviebant,
2534 2914 2587 2960 et
2648 2907 2838 2962 medici
2889 2911 3198 2980 sanguinem
3247 2915 3516 2970 stt-viendo

1941 2992 2276 3050 fundebant:
2308 2995 2395 3051 ille
2435 3006 2611 3052 autem
2665 3000 2824 3054 etiam
2869 2999 2936 3056 de
2976 3002 3092 3072 ipso
3134 3006 3387 3076 sanguine
3415 3021 3513 3065 suo

1941 3086 2158 3154 aegrotis
2185 3085 2570 3143 medicamenta
2601 3087 2841 3145 faciebat.
2865 3090 2980 3147 Non
3011 3094 3153 3148 enim
3171 3107 3297 3151 vere
3322 3096 3515 3154 frustra

1939 3176 2092 3242 dixit,
2125 3176 2300 3243 Pater,
2331 3179 2531 3250 ignosce
2583 3181 2705 3247 illis,
2747 3182 2867 3253 quia
2893 3185 3119 3239 nesciunt
3153 3187 3274 3256 quid
3301 3190 3514 3259 faciunt.

1939 3264 2065 3321 Orat
2089 3265 2430 3335 christianus,
2461 3279 2516 3325 et
2543 3272 2858 3337 exauditur;
2890 3284 3009 3329 orat
3034 3276 3300 3344 Christus,
3324 3289 3376 3334 et
3407 3297 3512 3335 non

1940 3357 2250 3414 exauditur?
2276 3359 2408 3416 Nam
2436 3362 2526 3430 qui
2554 3363 2768 3418 exaudit
2813 3379 2934 3419 cum
2983 3367 3158 3432 Patre,
3207 3372 3326 3439 quia
3377 3372 3517 3430 Deus

1939 3458 2042 3512 est,
2071 3450 2337 3519 quomodo
2375 3468 2482 3507 non
2517 3454 2795 3509 exauditur
2830 3455 3012 3523 homo,
3058 3460 3197 3527 qttod
3231 3476 3329 3529 pro
3363 3462 3516 3517 nobis

1939 3541 2111 3598 factus
2151 3544 2274 3598 est?
2303 3543 2528 3598 Prorsus
2557 3545 2836 3600 exauditus
2865 3557 2964 3601 est.
3001 3549 3077 3603 lbi
3106 3561 3278 3615 erant,
3309 3551 3379 3605 ibi
3410 3568 3512 3607 ste-

1936 3632 2151 3688 viebant
2182 3650 2196 3685 :
2223 3633 2293 3688 de
2346 3633 2429 3687 his
2451 3644 2603 3690 erant
2647 3637 2738 3705 qui
2782 3637 3241 3706 reprehendebant
3275 3657 3414 3708 eum,
3461 3654 3515 3699 et

1937 3722 2203 3789 dicebant,
2234 3721 2366 3778 Ecce
2403 3741 2517 3778 cum
2568 3725 2849 3796 publicanis
2887 3736 2934 3780 et
2963 3730 3305 3797 peccatoribus
3329 3748 3512 3788 conve-

1939 3813 2094 3865 scitur
2123 3812 2308 3885 (Marc.
2339 3831 2396 3880 ιι,
2422 3815 2536 3882 16).
2557 3816 2720 3871 Erant
2749 3817 2798 3870 in
2827 3818 2940 3888 ipso
2970 3819 3188 3888 populo,
3211 3836 3240 3874 a
3269 3837 3374 3890 quo
3402 3824 3514 3892 ipso

1938 3905 2176 3961 modicus
2211 3906 2569 3972 occidebatur,
2601 3917 2654 3962 et
2696 3909 2747 3962 in
2778 3911 2893 3977 ejus
2919 3911 3174 3980 sanguine
3199 3912 3356 3966 etiam
3385 3913 3513 3980 ipsis

1937 3996 2232 4052 antidotum
2261 3999 2565 4069 parabatur.
2594 3999 2725 4053 Cum
2759 4002 2900 4054 enim
2932 4001 3184 4056 Dominus
3209 4019 3314 4057 non
3340 4004 3512 4059 solum

1881 4084 1884 4087 ’
1937 4089 2246 4158 sanguinem
2277 4089 2541 4154 funderet,
2569 4106 2750 4144 verum
2781 4092 2942 4145 etiam
2983 4092 3149 4162 ipsam
3178 4111 3326 4148 suam
3365 4111 3511 4152 mor-

1938 4187 2043 4234 tem
2071 4177 2137 4233 ad
2185 4179 2553 4235 medicamenti
2601 4179 2985 4237 confectiouem
3011 4183 3377 4253 impenderet;
3419 4201 3510 4242 re-

1936 4272 2166 4327 surrexit
2213 4271 2280 4326 ad
2338 4271 2806 4328 demonstrandum
2865 4277 3272 4333 resurrectionis
3322 4294 3509 4335 exemo

1936 4363 2102 4432 plum.
2131 4363 2387 4419 Patientia
2414 4379 2509 4419 sua
2537 4380 2722 4435 passus
2749 4375 2852 4433 est,
2873 4375 2929 4422 ut
2954 4368 3173 4424 doceret
3205 4373 3506 4440 patientiam

1935 4463 2204 4522 nostram;
2235 4457 2366 4512 etin
2393 4459 2780 4514 resurrectione
2809 4475 2900 4516 sua
2929 4465 3201 4532 praemium
3238 4466 3502 4534 patientia)

1934 4548 2334 4602 demonstravit.
2365 4549 2514 4614 Item,
2556 4559 2614 4605 ut
2638 4553 2824 4618 nostis,
2849 4563 2904 4608 et
2932 4569 3118 4609 omnes
3164 4557 3504 4621 confitemur,

1935 4637 2172 4694 ascendit
2197 4639 2247 4694 in
2278 4641 2494 4704 ctelutn,
2524 4641 2717 4698 deinde
2742 4644 2808 4700 ab
2845 4658 2912 4699 eo
2939 4646 3165 4715 Spiritus
3194 4660 3406 4702 sanetus
3429 4659 3515 4703 est

1934 4729 2150 4795 missus,
2172 4739 2296 4785 ante
2323 4733 2632 4800 promissus.
2661 4734 2874 4788 Dixerat
2899 4736 3040 4790 enim
3066 4736 3337 4805 discipulis
3361 4739 3470 4791 suis
3496 4757 3510 4792 :

1937 4820 2118 4875 Sedete
2141 4821 2194 4875 in
2217 4823 2436 4887 civitate,
2465 4823 2622 4876 donec
2642 4823 2925 4878 induamini
2950 4827 3130 4879 virtute
3145 4841 3208 4880 ea:
3231 4829 3332 4880 alto
3357 4826 3508 4895 (Luc.

1935 4926 2084 4977 xxiv,
2115 4911 2233 4982 49).
2255 4911 2413 4968 Venit
2436 4927 2563 4983 ergo
2587 4921 2642 4966 et
2671 4915 2954 4981 promissio
2981 4915 3164 4983 ipsius,
3183 4917 3325 4969 venit
3344 4916 3507 4984 Spiri-

1935 5011 2020 5057 tus
2044 5012 2279 5067 sanctus,
2323 5002 2561 5072 implevit
2587 5002 2896 5072 discipulos,
2928 5015 3205 5072 cmperunt
3230 5006 3370 5076 loqui
3405 5007 3509 5062 litt-

1933 5094 2051 5161 gnis
2099 5091 2335 5145 omnium
2365 5092 2600 5161 gentium
2633 5108 2646 5143 :
2674 5093 2880 5161 signum
2935 5093 2985 5146 itt
3038 5093 3144 5148 illis
3193 5095 3512 5163 procedebat

1936 5182 2170 5236 unitatis.
2215 5180 2556 5251 Loquebatur
2579 5183 2720 5238 enim
2751 5191 2874 5237 tunc
2904 5198 3040 5238 unus
3079 5184 3238 5238 homo
3263 5186 3512 5240 omnibus

1935 5273 2152 5342 linguis;
2177 5273 2300 5341 quia
2324 5273 2559 5327 locutura
2579 5283 2695 5329 erat
2719 5274 2892 5330 unitas
2917 5275 3170 5331 Ecclesia:
3191 5276 3245 5331 iu
3266 5276 3512 5333 omnibus

1935 5363 2143 5432 linguis.
2201 5363 2539 5432 Expaveruut
2585 5365 2676 5435 qui
2717 5365 3022 5421 audiebant.
3049 5366 3316 5434 Nowrant
3341 5370 3507 5424 -cuim

1935 5456 2180 5511 homines
2210 5455 2401 5511 idiotas
2424 5455 2607 5524 fuisse,
2641 5460 2796 5515 ttuius
2837 5468 3037 5514 tantum
3077 5461 3300 5531 linguae;
3327 5470 3383 5517 et
3407 5463 3510 5518 mi-

1937 5548 2188 5603 rahautur
2215 5563 2278 5602 ac
2325 5550 2627 5619 stupebant,
2655 5552 2795 5621 quod
2827 5553 2981 5606 unius
3023 5553 3213 5623 lingua:
3245 5554 3509 5621 homines,

1938 5639 2018 5690 vel
2053 5647 2110 5691 ut
2153 5638 2376 5693 multum
2409 5639 2654 5706 duarum,
2687 5642 2879 5712 linguis
2906 5643 3140 5698 omnium
3167 5645 3400 5716 gentium
3438 5663 3513 5700 ιιι-

1946 5738 2268 5799 querentur:
2300 5733 2538 5803 suspensi
2584 5745 2703 5789 sunt
2741 5745 2975 5807 stupore,
3011 5737 3350 5810 perdiderunt
3401 5743 3510 5794 ela-
