3886 6188
384 368 493 429 947

385 500 607 556 tionem,
638 486 704 542 de
752 496 928 542 monte
972 482 1092 543 facti
1125 497 1244 543 sunt
1292 488 1472 545 valles.
1503 491 1621 546 Jam
1652 491 1697 549 si
1734 489 1967 546 humiles

385 593 527 646 sunt,
558 581 725 637 valles
750 589 902 644 sunt;
935 580 1078 651 quod
1110 580 1367 638 infuderis
1392 584 1629 654 capiunt,
1658 600 1764 643 non
1790 585 1972 642 dimit-

385 685 520 728 tunt.
560 674 612 730 Si
646 675 848 730 venerit
890 692 1024 747 aqua
1066 692 1227 747 super
1262 677 1616 745 altitudinem,
1647 679 1881 734 decurrit
1914 689 1971 735 et

383 764 569 821 tlrflnit
597 784 609 819 :
638 768 680 820 si
706 770 908 822 venerit
936 784 1071 838 aqua
1102 770 1167 822 ad
1192 784 1483 825 concavum
1510 780 1562 825 et
1600 769 1853 825 lunnilem
1885 772 1967 825 lo.-

381 876 524 921 rnm,
569 867 623 912 et
662 862 867 929 rapitur
908 873 960 917 et
988 869 1109 916 stat.
1141 862 1297 918 Tales
1322 864 1432 931 jam
1464 864 1537 920 illi
1570 875 1756 930 erant;
1788 874 1969 937 stupe-

381 953 526 1014 bant,
562 954 908 1014 mirabantur.
932 955 1276 1027 perdiderant
1302 958 1584 1012 s:evitiam.

449 1042 676 1099 CAPUT
716 1044 801 1098 ιγ.
826 1075 895 1085 -
924 1046 978 1099 4.
1026 1046 1415 1119 lnterfeetorum
1445 1045 1634 1103 Christi
1681 1051 1961 1104 conversio.

380 1136 619 1206 Denique
663 1136 911 1207 loquente
940 1137 1039 1192 sibi
1083 1136 1261 1201 Petro,
1294 1142 1596 1210 compuncti
1626 1149 1770 1208 sunt,
1803 1152 1858 1198 et
1882 1141 1965 1196 fa-

378 1241 524 1284 ctum
553 1238 636 1285 est
688 1231 738 1285 in
772 1231 876 1285 illis
901 1232 1040 1301 quod
1076 1232 1315 1288 Psalmus
1345 1234 1662 1303 praedixerat
1697 1252 1710 1288 :
1740 1234 1965 1290 Conver-

375 1338 466 1375 sus
493 1337 605 1374 sum
632 1323 685 1374 in
714 1338 991 1377 (crutnnam
1013 1325 1050 1388 ‘,
1104 1341 1216 1378 cum
1256 1326 1590 1397 conﬁgeretur
1613 1328 1761 1397 spina
1792 1325 1961 1398 (Psal.

378 1429 449 1468 xx
462 1430 531 1474 si.
564 1411 641 1486 ὅ).
667 1413 803 1481 Quid
829 1426 909 1470 est
928 1417 1112 1487 spina?
1131 1417 1481 1487 Compunctio
1508 1418 1849 1486 pmnitentiaa.
1876 1418 1965 1472 Sic

378 1505 543 1561 habes
584 1515 638 1560 et
668 1506 824 1560 verba
855 1507 965 1577 ipsa
1005 1507 1292 1577 Scriptura:
1332 1510 1383 1563 in
1423 1509 1644 1564 Actibus
1674 1510 1960 1579 Apostolo-

376 1611 494 1649 rum
529 1613 542 1648 :
566 1595 866 1664 Compuncti
891 1608 1006 1652 sunt
1033 1600 1203 1665 corde,
1234 1610 1281 1653 et
1310 1600 1544 1654 dixerunt
1569 1600 1638 1653 ad
1672 1600 1961 1671 Apostolus,

380 1686 518 1751 Quid
542 1688 824 1757 faciemus?
850 1688 1028 1757 Quare
1061 1691 1329 1757 dixerunt,
1363 1691 1500 1757 Quid
1540 1693 1825 1762 faciemus?
1852 1692 1962 1747 No-

377 1777 551 1832 vimus
576 1778 698 1848 quid
731 1779 950 1834 fecimus
975 1781 1139 1846 :Quid
1164 1783 1445 1854 faciemus?
1470 1782 1736 1851 Quantum
1764 1784 1827 1838 nd
1862 1799 1962 1838 no-

377 1878 547 1924 strum
590 1869 780 1923 factum
809 1873 1018 1935 attinet,
1046 1874 1346 1941 desperatio
1376 1886 1457 1931 est
1482 1877 1669 1931 salutis
1701 1895 1712 1930 :
1737 1879 1805 1933 sit
1834 1894 1963 1948 ergo

383 1980 434 2015 ιιι
456 1972 630 2017 vestro
651 1965 897 2031 consilio,
922 1966 965 2019 si
995 1966 1108 2021 fieri
1138 1976 1326 2036 potest,
1348 1984 1470 2037 spes
1496 1971 1669 2040 aliqua
1697 1970 1960 2025 sanitatis.

381 2055 635 2111 Novimus
659 2056 783 2125 quid
830 2057 1130 2119 fecerimus.
1161 2059 1322 2114 dicite
1347 2061 1472 2130 quid
1518 2062 1789 2117 faciamus.
1823 2063 1960 2131 Quid

376 2156 457 2200 est
487 2148 626 2215 quod
666 2148 924 2202 fecimus?
952 2149 1066 2203 Non
1095 2151 1659 2224 enini:quemcumque
1688 2155 1959 2210 hominem

377 2239 700 2305 occidimus;
719 2243 1003 2296 etnmftum
1024 2244 1144 2298 mali
1165 2245 1490 2310 fecissemus,
1508 2248 1551 2301 si
1575 2263 1960 2319 quemcumque

379 2328 648 2385 hominem
681 2334 1017 2388 innocentem
1048 2335 1446 2391 occidissemus.
1482 2337 1764 2394 Latronem
1794 2341 1959 2410 elegi-

377 2439 529 2489 mus,
577 2426 915 2483 innocentem
965 2431 1285 2492 occidimus;
1341 2442 1605 2487 mortumu
1659 2435 1955 2504 elegimus,

377 2514 637 2569 medicum
669 2517 955 2571 occidimus
988 2537 1000 2572 :
1042 2519 1221 2585 dicite,
1259 2520 1394 2584 Quid
1422 2523 1704 2593 faciemus?
1746 2525 1814 2579 Et
1862 2527 1959 2580 l’e-

374 2615 488 2657 Irus
517 2622 532 2659 :
564 2606 708 2676 Agite
730 2609 1095 2677 paenitentiam,
1128 2620 1172 2665 et
1202 2614 1481 2682 baptisetnr
1506 2616 1841 2687 unusquisque
1869 2635 1958 2672 ve-

372 2704 533 2749 strum
554 2696 606 2750 iu
633 2699 834 2753 nomine
858 2698 1060 2755 Domini
1091 2705 1248 2756 nostri
1284 2703 1408 2759 Jesu
1447 2705 1670 2774 Christi;
1697 2721 1751 2764 ut
1780 2721 1957 2767 trans-

370 2787 506 2840 eatis
555 2786 623 2843 de
670 2791 953 2861 nonaginta
1011 2809 1198 2849 norem
1248 2796 1313 2851 ad
1345 2808 1554 2853 centum
1607 2819 1621 2854 :
1667 2803 1788 2872 quia
1835 2820 1954 2859 cum

375 2879 660 2946 nonaginta
687 2889 742 2935 et
784 2896 973 2938 novem
1001 2886 1190 2940 essetis
1212 2889 1254 2951 ³,
1289 2890 1653 2966 pmnitentiam
1687 2895 1836 2949 vobis
1864 2913 1957 2950 nc-

374 2972 661 3026 cessariam
693 2988 797 3028 non
830 2976 1114 3044 putabatis,
1162 2988 1218 3034 et
1248 2980 1473 3035 Domino
1514 2984 1781 3055 colligenti
1825 3003 1953 3059 pce-

372 3076 583 3120 catores
608 3075 662 3120 et
690 3068 886 3124 volenti
928 3085 1022 3124 eos
1050 3070 1224 3127 facere
1251 3074 1590 3143 pmnitcntes,
1621 3078 1837 3149 insuper
1876 3082 1956 3136 in-

374 3154 669 3211 suit-ibatis.
719 3158 875 3213 Modo
920 3175 1049 3230 ergo
1098 3165 1424 3232 eompnncti,
1478 3168 1601 3237 quia
1629 3173 1954 3240 cognovistis

371 3257 646 3315 peccatum
693 3260 948 3319 vestrum,
991 3254 1135 3325 Agite
1177 3257 1534 3325 penitentiam,
1583 3274 1637 3316 ει
1674 3262 1955 3335 baptizetur

370 3339 709 3407 unusquisque
750 3351 965 3396 vestrum
1024 3344 1078 3398 in
1128 3348 1331 3402 nomine
1375 3347 1582 3406 Domini
1622 3357 1781 3409 nostri
1827 3355 1952 3412 Iesu

370 3427 591 3493 Christi;
640 3430 936 3500 baptizetur
965 3435 1017 3490 in
1066 3436 1182 3506 ejus
1229 3439 1444 3496 nomine
1489 3457 1649 3513 quem
1680 3446 1953 3503 occidistis

367 3518 485 3574 sine
513 3520 739 3578 crimine
769 3540 784 3577 :
814 3533 869 3578 et
906 3528 1251 3585 remittuntur
1285 3532 1436 3588 vobis
1487 3550 1702 3604 peccata
1751 3548 1949 3594 vestra.

373 3612 592 3669 “educti
620 3624 746 3670 sunt
773 3616 826 3671 in
866 3633 1016 3688 spem
1052 3638 1064 3675 :
1095 3621 1396 3689 doluerunt,
1442 3638 1788 3697 gemuerunt,
1818 3646 1951 3687 con-

367 3706 505 3761 versi
536 3717 678 3770 sunt,
712 3713 885 3765 sanati
914 3722 1036 3768 sunt
1057 3713 1189 3785 (Act.
1223 3715 1304 3788 ιι).
1334 3716 1611 3788 lpsierant
1633 3722 1736 3792 illi;
1768 3723 1948 3795 Pater,

367 3799 566 3867 ignosce
586 3800 708 3864 illis,
739 3804 859 3872 quia
887 3805 1111 3860 nesciunt
1137 3809 1262 3879 quid
1286 3812 1503 3881 faciunt.

437 3889 662 3947 CAPUT
707 3892 767 3947 V.
790 3924 863 3935 —
886 3895 941 3951 5.
970 3894 1266 3954 Peccatores
1293 3901 1524 3958 Christus
1569 3916 1708 3962 autat
1753 3920 1807 3962 ut
1848 3926 1950 3966 non

366 3996 563 4053 semper
589 3985 689 4039 sint
716 3996 1017 4056 peccatores.
1053 3988 1428 4065 Unusquisque
1452 4011 1600 4066 ergo,
1624 3999 1945 4070 charissimi,

365 4074 577 4141 quando
603 4077 749 4133 audit
784 4080 1066 4136 Dominum
1093 4082 1275 4139 Jesum
1306 4087 1571 4144 Christum
1601 4107 1706 4147 non
1736 4096 1949 4153 venisse

370 4177 589 4238 propter
632 4171 825 4240 justas,
885 4174 979 4230 sed
1033 4185 1254 4247 propter
1302 4190 1628 4251 peccatores,
1671 4200 1775 4241 non
1807 4198 1950 4245 amet

365 4275 487 4315 esse
516 4274 760 4330 peccator
793 4283 808 4320 :
840 4282 907 4322 ne
929 4266 1065 4322 forte
1094 4269 1236 4325 dicat
1263 4272 1314 4325 in
1341 4274 1504 4330 corde
1531 4291 1649 4343 suo,
1689 4277 1744 4334 Si
1773 4279 1948 4348 justus

369 4353 539 4418 tuere,
593 4371 698 4409 non
753 4372 839 4412 me
890 4369 1037 4412 amat
1078 4360 1352 4429 Christus;
1407 4366 1453 4419 si
1498 4377 1748 4436 peccator
1777 4370 1945 4434 fuero.

366 4453 510 4499 amat
553 4461 640 4501 me
673 4466 687 4501 ;
718 4449 839 4517 quia
883 4459 1101 4520 propter
1151 4462 1456 4521 peccatores
1505 4457 1801 4528 descendit,
1841 4478 1946 4517 non

367 4547 583 4608 propter
632 4539 823 4608 justus.
878 4542 1185 4611 Respondet
1234 4544 1377 4600 enim
1425 4547 1518 4602 tibi
1552 4568 1565 4604 :
1597 4551 1652 4605 Si
1682 4553 1946 4609 medicum

364 4632 645 4703 :igtmvisti,
671 4633 868 4687 febrem
908 4650 1073 4704 quare
1114 4652 1218 4691 non
1258 4638 1510 4695 timuisti?
1538 4640 1733 4714 lltique
1774 4647 1949 4702 medi-

361 4740 457 4776 rus
483 4722 547 4775 ad
579 4733 833 4793 :rgrotutn
863 4726 1024 4792 venit,
1052 4738 1261 4785 constat
1293 4747 1307 4783 :
1336 4731 1429 4787 sed
1459 4732 1581 4789 ideo
1608 4738 1753 4791 venit
1781 4740 1949 4793 medi-

361 4833 456 4870 cus
493 4816 562 4871 ad
611 4828 888 4888 a-grotum,
922 4835 989 4876 ne
1043 4820 1131 4877 ille
1175 4823 1245 4877 sit
1289 4838 1502 4896 semper
1530 4839 1778 4899 aegrotus.
1809 4832 1947 4900 Quid

360 4923 491 4977 rrgo
538 4908 803 4966 dicimus?
844 4912 969 4983 quid
998 4916 1434 4983 pronuntiamus?
1460 4919 1587 4990 quid
1626 4921 1948 4979 deﬁnimus?

360 5003 641 5069 Αεὶκιοιιιηι
670 5013 814 5059 amat
839 5007 1096 5075 medicus,
1129 5023 1196 5063 au
1225 5010 1611 5082 sanum?Quod
1642 5016 1753 5069 vult
1774 5016 1947 5074 facere

357 5104 536 5159 amat;
570 5110 675 5149 non
704 5097 844 5166 quod
883 5098 1103 5154 invenit.
1136 5099 1217 5155 Ad
1248 5111 1505 5173 a'grotum
1535 5106 1745 5177 quidem
1777 5109 1943 5178 venit,

352 5187 419 5241 ad
484 5202 670 5242 sanum
715 5203 822 5244 non
850 5192 1038 5246 venit:
1071 5191 1180 5247 noli
1227 5195 1654 5268 attenderc’quia
1704 5201 1768 5254 ad
1798 5202 1942 5257 illmn

352 5296 371 5326 ι
394 5281 527 5346 cuit,
560 5280 626 5335 ad
658 5282 805 5337 illum
851 5299 957 5337 non
986 5284 1160 5349 venit;
1209 5284 1328 5355 plus
1357 5289 1498 5343 enim
1551 5298 1697 5344 amat
1733 5306 1941 5361 sanum,

354 5382 517 5434 «imm
544 5375 820 5445 ﬂ-grotum.
849 5374 1003 5437 Nam,
1038 5387 1092 5431 ut
1118 5379 1372 5434 noveritis
1395 5382 1513 5451 quia
1542 5382 1660 5452 plus
1689 5395 1829 5438 amat
1861 5401 1947 5440 sa-

357 5478 505 5528 num,
538 5474 697 5533 quam
742 5476 1035 5537 aegrotum;
1084 5469 1338 5540 numquid
1387 5470 1586 5527 faceret
1633 5474 1775 5549 quod
1799 5475 1942 5531 odis-

353 5555 474 5607 set?

424 5740 438 5806 ξ
466 5742 527 5806 ua
553 5740 800 5806 manuscri;
821 5741 854 5790 ti
869 5740 1003 5806 juxta
1024 5754 1240 5806 vri-arcum
1263 5751 1390 5795 LXX.
1408 5754 1465 5799 At
1486 5748 1622 5806 Bdlti.
1636 5750 1685 5803 in
1706 5763 1939 5805 (erimina-

416 5798 439 5826 ¹
461 5804 600 5842 [ιιι-ιιι
619 5830 635 5849 .
679 5798 797 5857 qua
831 5798 938 5849 cum
970 5798 1315 5866 in‘uonizginto
1335 5815 1380 5857 et
1406 5798 1764 5864 novemirsectis.

1588 373 1647 428 S.
1690 364 2052 429 AUGUSTINI
2095 370 2393 433 EPISCJl’l
3524 404 3611 459 958

2150 493 2204 547 6.
2238 496 2434 550 Paulus
2466 498 2716 567 quomodo
2762 516 3080 571 peccatorum
3107 508 3312 577 primus.
3348 512 3474 584 Ergo
3499 518 3611 575 Pan.

2079 585 2189 641 lum
2235 589 2534 657 apostolum
2579 593 2796 648 attende
2825 612 2837 645 :
2870 594 3064 651 Fidelis
3089 615 3249 654 sermo
3269 612 3318 657 et
3345 607 3470 660 omni
3502 627 3614 667 arce

2078 680 2248 748 ptione
2275 680 2476 751 dignus,
2509 684 2627 747 quia
2674 685 2905 743 Christus
2948 688 3097 745 Iesus
3138 695 3266 749 renit
3311 697 3360 752 in
3398 704 3615 761 mundun

2076 781 2362 838 peccatores
2386 773 2551 827 salvos
2594 780 2780 844 facere,
2809 795 3023 848 quorum
3065 785 3255 852 primus
3292 804 3379 858 ego
3405 807 3523 846 sum.
3545 795 3619 850 Di-

2074 862 2171 926 xit,
2202 879 2417 934 quorum
2446 867 2639 935 primus
2680 885 2772 939 ego
2817 886 2948 925 sum.
2976 872 3252 941 Quomodo
3276 891 3383 934 erat
3410 884 3619 951 primus?

2073 953 2215 1008 Ante
2242 954 2389 1009 illum
2444 972 2550 1011 non
2596 957 2808 1015 fuerunt
2839 973 3145 1031 peccatores
3171 977 3248 1023 tot
3286 968 3478 1027 indui?
3503 976 3623 1033 Aule

2075 1043 2221 1098 illum
2281 1061 2388 1101 non
2437 1045 2651 1103 fuerunt
2696 1062 3007 1121 peccatores
3055 1056 3106 1110 in
3149 1072 3344 1128 genere
3384 1062 3623 1122 humano?

2072 1134 2372 1191 Anteillum
2400 1140 2451 1193 in
2477 1140 2727 1196 omnibus
2752 1143 3056 1201 hominibus
3081 1164 3239 1204 nemo
3263 1162 3469 1221 peccato
3488 1164 3618 1219 tene-

2071 1224 2267 1282 batur?
2288 1228 2457 1284 Adam
2481 1247 2586 1286 non
2612 1241 2737 1290 ante
2767 1234 2917 1292 illum
2947 1236 3097 1304 fuit',
3122 1241 3210 1310 qui
3244 1243 3434 1311 primus
3457 1261 3616 1315 pecca-

2071 1319 2167 1384 vit,
2197 1329 2249 1375 et
2276 1336 2377 1376 nos
2399 1337 2585 1378 omnes
2618 1326 2670 1379 in
2712 1336 2938 1384 mortem
2969 1333 3360 1402 prmcipitavit?
3387 1336 3510 1402 Quid
3533 1352 3619 1403 est.

2075 1409 2306 1477 Quorum
2340 1413 2536 1481 primus
2562 1432 2653 1487 ego
2672 1420 2822 1472 sum?
2847 1420 2927 1473 Ad
2954 1434 3091 1490 quos
3136 1426 3295 1481 venit.
3323 1428 3510 1494 primus
3539 1447 3621 1500 ego

2070 1501 2225 1555 sum?
2253 1502 2358 1558 Sed
2381 1519 2480 1559 nec
2501 1504 2603 1561 hoc
2627 1523 2810 1564 verum
2837 1519 2937 1564 est.
2988 1511 3197 1568 Primus
3225 1517 3420 1573 electus
3445 1529 3518 1579 est
3536 1521 3616 1578 Pe-

2072 1601 2222 1659 trus,
2273 1596 2475 1664 primus
2516 1598 2757 1655 A‘ndreas
2805 1601 3015 1673 (Matth.
3067 1620 3146 1669 Iv,
3197 1606 3307 1680 18-),
3352 1612 3498 1681 primi
3542 1614 3615 1670 alii

2069 1687 2324 1754 apostoli;
2361 1696 2417 1741 tu
2444 1692 2716 1759 apostolus
2742 1708 2800 1747 es
2830 1695 3155 1752 novissimus
3180 1701 3468 1768 :quouuulo
3491 1704 3619 1770 dicis,

2072 1777 2300 1842 Quorum
2329 1781 2523 1849 primus
2550 1800 2640 1853 ego
2666 1787 2817 1840 sum?
2847 1788 2986 1857 Ergo
3009 1790 3287 1859 apostolus
3314 1795 3617 1859 novissimus,

2070 1873 2273 1942 primus
2304 1884 2564 1943 peccator.
2597 1876 2664 1930 Et
2704 1877 2805 1933 hoc
2842 1882 3115 1949 quomodo
3143 1883 3345 1953 primus
3373 1887 3622 1954 peccator?

2070 1964 2208 2018 Ante
2239 1974 2287 2018 te
2316 1967 2553 2032 peccavit
2580 1967 2791 2031 Petrus,
2827 1972 3043 2039 quando
3074 1971 3247 2042 ipsum
3276 1974 3532 2030 Dominum
3556 1986 3621 2032 ter

2069 2057 2279 2124 negavit
2310 2055 2420 2124 (Id.
2471 2075 2617 2124 xxvi,
2668 2061 2735 2116 70
2764 2059 2875 2133 74).
2911 2062 3046 2117 Nolo
3088 2064 3285 2131 dicere,
3315 2065 3429 2136 quia
3452 2076 3502 2123 et
3526 2069 3620 2138 ipse

2068 2146 2167 2201 nisi
2200 2158 2443 2216 peccator
2466 2150 2711 2207 iuventus
2740 2162 2902 2219 esst-t,
2934 2153 3001 2210 de
3038 2155 3256 2211 sinistra
3282 2157 3347 2212 ad
3371 2154 3608 2215 dexteram

2066 2254 2173 2295 non
2208 2242 2503 2297 transisset.

2139 2330 2365 2388 CAPUT
2408 2333 2489 2388 \‘l.
2522 2365 2595 2373 —
2624 2336 2674 2388 7.
2713 2334 2920 2392 Primus
2958 2348 3302 2410 peccatorum,
3346 2342 3456 2413 quia
3477 2344 3615 2398 omni-

2065 2422 2156 2476 bus
2186 2426 2345 2495 pejor.
2378 2424 2512 2492 Qninl
2563 2435 2645 2481 est
2692 2442 2837 2498 ergo,
2874 2428 3103 2495 Quorum
3142 2433 3332 2501 primus
3373 2450 3455 2504 ego
3479 2434 3609 2488 sunt?

2063 2513 2195 2581 Quia
2243 2517 2490 2572 omnibus
2564 2517 2712 2587 pejor
2768 2534 2909 2574 sum.
2988 2522 3134 2594 Ergo
3198 2524 3421 2593 peiorem
3483 2524 3618 2580 voluit

2064 2605 2286 2677 intelligi
2359 2609 2607 2676 primum.
2665 2609 2943 2679 Quomodo
3012 2614 3067 2667 iu
3137 2615 3456 2681 artificibus,
3518 2617 3616 2685 qui-

2063 2713 2295 2767 cumque
2323 2699 2434 2752 vult
2480 2699 2766 2765 tedificare,
2794 2703 2918 2772 quid
2946 2704 3124 2759 dicit?
3148 2705 3276 2772 Quis
3314 2717 3391 2762 est
3418 2708 3494 2761 hic
3533 2707 3620 2776 pri.-

2062 2805 2183 2844 mus
2220 2791 2488 2847 structor?
2528 2793 2646 2862 quis
2686 2803 2767 2849 est
2795 2796 2996 2863 primus
3036 2796 3232 2853 faber?
3267 2802 3368 2853 Aut
3394 2799 3433 2853 si
3474 2799 3616 2853 curari

2061 2882 2195 2948 vult,
2223 2882 2349 2949 Quis
2379 2893 2459 2937 est
2490 2884 2574 2938 hic
2603 2886 2802 2954 primus
2832 2887 3119 2943 medicus?
3148 2889 3262 2944 Non
3294 2892 3459 2959 utique
3481 2892 3620 2945 inter-

2062 2984 2216 3040 rogat
2244 2974 2364 3043 quis
2391 2974 2538 3043 prior
2562 2975 2632 3029 sit
2677 2985 2854 3043 relate,
2906 2988 2992 3032 aut
3024 2982 3161 3049 quis
3192 2982 3332 3050 prior
3359 2984 3421 3036 sit
3445 2980 3617 3051 proles-1

2059 3063 2244 3127 sione;
2298 3064 2392 3120 sed
2417 3066 2536 3135 quis
2564 3068 2709 3135 prior
2737 3068 2806 3122 sit
2855 3081 2988 3124 arte.
3018 3070 3310 3139 Quomodo
3359 3074 3424 3136 illi
3454 3077 3498 3126 in
3523 3081 3615 3126 arte

2060 3156 2238 3224 primi,
2271 3156 2350 3211 sic
2386 3158 2485 3212 iste
2514 3157 2567 3211 in
2599 3159 2872 3228 iniquitate
2913 3163 3154 3231 primus.
3183 3163 3549 3229 Quare'Paulus
3571 3164 3611 3215 in

2061 3246 2337 3315 iniquitate
2378 3249 2613 3317 primus?
2669 3250 2910 3307 Recolite
2957 3253 3211 3318 Saulum,
3252 3265 3304 3310 et
3354 3256 3613 3310 invenietis.

2058 3337 2344 3393 Atteuditis
2370 3340 2610 3407 Paulum,
2640 3342 2789 3397 obliti
2820 3345 2949 3398 estis
2976 3343 3209 3402 Saulum
3243 3366 3256 3401 :
3293 3348 3542 3403 attenditis
3562 3347 3614 3402 ad

2058 3439 2349 3499 pastorem,
2388 3431 2536 3487 obliti
2584 3435 2711 3488 estis
2753 3434 2958 3506 lupum.
3009 3436 3214 3494 Nonne
3254 3440 3338 3494 ille
3365 3449 3441 3494 est
3465 3440 3536 3493 cui
3559 3436 3612 3491 ad

2058 3520 2399 3590 lapidandum
2420 3522 2748 3593 Stephanum
2776 3542 2965 3581 manus
2996 3544 3095 3583 una
3137 3545 3245 3585 non
3265 3530 3552 3596 sufficiebat,
3571 3537 3617 3584 et

2056 3613 2284 3668 aliorum
2334 3615 2648 3670 vestimenta
2703 3620 2983 3674 servabat?
3035 3620 3238 3680 Nanne
3275 3624 3385 3694 ipse
3426 3632 3499 3679 est
3539 3622 3610 3693 qui

2057 3705 2352 3762 Ecclesiam
2392 3709 2585 3779 ubique
2613 3712 3066 3782 persequebatur?
3086 3715 3289 3773 Nonne
3316 3718 3422 3788 ipse
3443 3725 3517 3773 est
3539 3712 3613 3785 qui

2055 3796 2257 3852 litteras
2282 3809 2561 3870 acceperat
2583 3816 2614 3855 a
2637 3802 2963 3873 principilms
2984 3808 3368 3862 sacerdotum?
3391 3808 3506 3876 Quia
3533 3822 3606 3875 pa-

2055 3904 2173 3944 rum
2201 3891 2275 3945 illi
2308 3902 2423 3946 erat
2452 3896 2696 3963 persequi
2726 3892 3084 3963 Christianos,
3116 3898 3208 3969 qui
3238 3910 3387 3956 erant
3410 3903 3456 3954 iu
3481 3899 3608 3955 Jeru-

2054 3982 2253 4048 salem;
2282 3984 2377 4039 sed
2409 3986 2617 4041 volebat
2650 3987 2715 4041 sd
2747 3988 2847 4043 alia
2871 3989 2983 4044 loca
3002 3993 3218 4056 venire,
3257 3995 3342 4049 ubi
3369 4009 3455 4049 eos
3482 3995 3604 4046 inve-

2054 4075 2216 4143 uiret,
2248 4086 2303 4131 et
2334 4076 2542 4147 ligaret.
2574 4087 2630 4134 et
2659 4070 3483 4148 puni‘cndosiaddncerctﬁonue
3508 4097 3605 4137 cum

2055 4164 2159 4221 iter
2183 4182 2346 4236 agens
2373 4168 2540 4238 spirat
2559 4178 2613 4224 et
2637 4170 2853 4226 anhelat
2877 4172 3073 4239 medea,
3105 4174 3175 4230 de
3194 4177 3333 4231 eaalo
3361 4187 3606 4245 percussus

2057 4266 2161 4324 est,
2188 4265 2244 4312 et
2268 4274 2453 4314 vocem
2486 4259 2698 4315 Domini
2724 4262 2791 4316 ad
2814 4262 3040 4318 salutem
3070 4266 3380 4323 fulminatus
3401 4262 3606 4321 audivit?

2057 4351 2195 4407 Dum
2211 4354 2465 4419 ambulat,
2483 4357 2862 4424 prosternitur;
2894 4366 2951 4411 ut
2964 4358 3163 4424 videat,
3184 4371 3489 4415 exerceatur.
3512 4356 3607 4425 Ipse

2056 4451 2139 4497 est
2154 4458 2283 4514 ergo
2303 4444 2390 4513 qui
2416 4445 2616 4513 primus
2635 4454 2752 4502 erat
2772 4456 3100 4515 perseeutor,
3121 4450 3215 4505 illo
3232 4451 3379 4522 pejor
3393 4467 3489 4506 non
3511 4448 3604 4501 fuit.

2126 4533 2354 4590 CAPUT
2391 4534 2505 4590 Vli.
2545 4532 2633 4577 -’
2662 4536 2717 4592 8.
2762 4536 2919 4592 Pauli
2961 4541 3241 4595 conversio.
3270 4541 3459 4596 Audite
3491 4537 3606 4593 unde

2058 4628 2178 4699 plus
2244 4628 2572 4701 intelligatis.
2596 4630 2820 4686 Auania:
2871 4632 3188 4701 loquebatur
3223 4634 3338 4704 ipse
3379 4632 3602 4689 Dominus

2056 4719 2319 4788 Christus,
2356 4720 2465 4791 jam
2496 4722 2588 4776 illo
2617 4731 2903 4792 prostrato,
2950 4723 3059 4793 jam
3090 4735 3277 4780 erecto
3313 4742 3328 4778 :
3355 4732 3410 4781 et
3429 4723 3607 4779 dicebat

2056 4816 2129 4882 ei,
2168 4794 2310 4870 Vade
2335 4816 2404 4870 ad
2430 4818 2590 4871 vicum
2618 4817 2783 4879 illum,
2816 4817 2883 4871 ibi
2910 4818 3128 4873 invenies
3156 4817 3380 4874 Sunium
3402 4834 3431 4870 a
3460 4812 3607 4870 Tarsis

2056 4907 2264 4974 Cilicia,
2298 4909 2500 4979 loquere
2535 4909 2601 4964 ei.
2629 4909 2889 4977 Quoniam
2915 4909 3047 4964 vidit
3070 4910 3247 4966 virum
3278 4910 3521 4965 Ananiam
3541 4907 3607 4959 io-

2057 5007 2283 5053 trantem
2307 4999 2376 5053 ad
2405 5013 2485 5065 se,
2517 5008 2569 5053 et
2608 4999 2963 5069 baptizautem
2988 5016 3066 5056 se.
3097 4999 3192 5057 Ille
3208 5001 3412 5056 audivit
3438 5008 3604 5053 nomen

2054 5087 2220 5154 Sauli,
2246 5099 2300 5143 et
2328 5089 2468 5143 inter
2493 5105 2681 5145 manus
2704 5091 2867 5161 ipsius
2893 5091 3082 5147 medici
3104 5093 3343 5146 tremuit.
3372 5088 3511 5157 Quod
3537 5093 3606 5141 est

2053 5188 2231 5236 autem
2258 5180 2486 5244 dulcius,
2507 5180 2700 5237 Saulus
2725 5182 2866 5237 unde
2893 5190 3193 5249 vocaretur,
3216 5181 3376 5237 credo
3401 5179 3510 5249 quia
3533 5190 3607 5230 re-

2052 5273 2250 5334 colitis,
2279 5281 2335 5328 et
2363 5281 2579 5344 propter
2605 5290 2701 5329 eos
2743 5274 2833 5343 qui
2884 5290 2989 5330 non
3021 5273 3289 5337 recolunt,
3315 5279 3606 5328 cornamento.

2052 5382 2187 5421 rem.
2212 5365 2340 5422 Saﬁl
2383 5374 2500 5421 erat
2529 5366 2618 5422 ille
2641 5376 2953 5436 persecutor.
2991 5365 3172 5422 David.
3202 5363 3258 5419 In
3290 5361 3444 5418 David
3468 5358 3601 5412 Chri-

2052 5465 2167 5512 stus
2190 5466 2327 5522 erat,
2360 5458 2410 5512 in
2436 5456 2602 5511 David
2628 5456 2871 5512 Christus
2898 5456 3349 5527 praeﬁgurabatur,
3381 5452 3431 5505 iu
3461 5445 3598 5504 Sanle

2052 5543 2245 5603 Senius
2293 5548 2729 5618 praflgnrabatur
2787 5588 2803 5602 .
2853 5559 3094 5617 tauquam
3144 5546 3311 5602 David
3358 5540 3493 5600 Sauli
3543 5537 3598 5588 de

2051 5642 2212 5706 caelo,
2256 5640 2435 5708 Saufe,
2482 5641 2660 5704 Saule,
2715 5641 2838 5711 quid
2886 5633 2964 5696 nte
2999 5636 3347 5711 «persequeris?
3390 5628 3593 5690 Ananias

2116 5756 2130 5787 ¹
2159 5757 2229 5807 sic
2261 5767 2385 5805 unus
2406 5767 2435 5805 e
2456 5752 2742 5806 Colbertims
2765 5762 2870 5805 uss.
2900 5762 2953 5807 at
2976 5757 3112 5812 editi,
3151 5765 3244 5802 non
3276 5753 3455 5815 pec-rato
3484 5751 3589 5795 ιεηε·

2054 5817 2189 5867 but-.r
2249 5819 2363 5868 dum
2383 5815 2406 5866 f’
2427 5829 2519 5867 non
2540 5825 2648 5868 tunc
2676 5818 2813 5868 illum
2836 5817 2941 5868 fuit.
