3886 6188
646 345 655 354 v
678 343 859 356 .--ναν

257 394 365 455 ω

257 513 382 575 Ovis
411 511 834 583 interpretatur:
862 511 1175 582 induuntur
1214 507 1303 565 ovi
1344 514 1545 579 pastor,
1577 514 1630 559 et
1672 503 1830 559 time-

260 606 345 662 hat
371 604 491 659 ovis
520 605 721 675 lupum.
754 603 923 659 Tanta
952 603 1107 672 hude
1132 600 1259 671 'lttpi
1281 599 1420 656 lam
1464 602 1831 668 praeessent,

256 705 313 751 at
332 710 441 753 non
462 710 523 750 se
549 705 760 765 putaret
787 703 952 750 tutam
971 694 1108 756 ovis,
1146 693 1403 749 neciuter
1437 704 1625 745 manus
1652 695 1837 758 pasto-

256 788 351 843 ris.
382 787 453 840 Et
474 786 732 841 Dominus
752 786 819 840 ad
849 786 1018 844 illum.
1045 784 1195 853 quasi
1219 783 1297 838 ad
1314 796 1469 838 ovem
1493 789 1835 835 trementem.

258 878 350 932 Ille
375 877 526 932 enim
564 892 686 931 etim
723 876 957 931 audisset
997 874 1307 941 δρα-ἀίω
1335 891 1350 929 :
1379 872 1611 938 Dandae,
1663 869 1839 924 audiri

254 967 317 1020 de
340 968 440 1021 isto
466 967 667 1021 nomine
691 976 880 1037 quanta
904 966 1038 1019 mala
1059 966 1175 1038 fecit
1201 965 1392 1019 sanctis
1420 965 1517 1018 tuis
1540 964 1598 1017 in
1620 962 1835 1018 leutsc-

252 1059 373 1125 lem,
400 1066 452 1112 et
496 1057 650 1112 modo
675 1059 862 1113 icitur
906 1056 1145 1128 epistolas
1188 1055 1438 1125 accepisse
1460 1070 1494 1107 α
1521 1051 1833 1125 principibus

250 1147 594 1212 sacerdotum,
634 1156 690 1200 ut
729 1162 1060 1217 quoscunque
1101 1145 1333 1210 tenuerit,
1379 1143 1616 1214 alligatos
1655 1141 1831 1198 ducat.

248 1238 369 1305 Quo
396 1252 487 1292 me
508 1235 709 1292 mittis?
734 1251 886 1291 ovem
912 1236 980 1290 ad
1010 1234 1228 1305 lupum?
1256 1233 1359 1289 Sed
1383 1232 1471 1288 ille
1500 1247 1607 1288 non
1633 1232 1837 1288 audivit

249 1331 403 1383 hante
414 1329 833 1384 excusationem.
856 1327 974 1383 iam
1002 1328 1145 1382 enim
1170 1326 1377 1382 dixerat
1402 1325 1583 1397 paucis
1609 1325 1835 1381 oviculis

249 1420 403 1473 suis:
429 1416 567 1473 Ecce
610 1434 704 1489 ego
748 1418 891 1473 mitto
929 1432 1016 1473 eos
1037 1416 1165 1472 sicut
1192 1432 1306 1471 ores
1329 1416 1385 1470 in
1405 1419 1567 1469 medio
1595 1416 1835 1485 luporum

246 1507 472 1576 (Matth.
506 1523 565 1572 ι,
590 1509 701 1578 lli).
724 1507 782 1562 Si
807 1507 984 1563 missa:
998 1518 1121 1562 sunt
1143 1521 1272 1561 oves
1293 1507 1344 1559 in
1371 1504 1545 1559 medio
1562 1505 1835 1572 luporum,

246 1613 418 1667 quare
444 1598 682 1666 trepidas
727 1598 825 1663 ire,
857 1599 1078 1659 Anania,
1110 1597 1177 1652 ad
1203 1611 1325 1653 eum
1350 1596 1441 1666 qui
1465 1596 1575 1665 jam
1615 1609 1720 1649 non
1746 1602 1841 1649 est

249 1687 444 1756 lupus?
476 1686 677 1755 Lupum
702 1686 953 1742 timebas:
975 1686 1069 1742 sed
1117 1685 1408 1755 respondet
1448 1684 1543 1740 tibi
1572 1684 1837 1739 Dommua

248 1777 397 1835 Deus
413 1789 555 1845 tuus,
586 1779 660 1833 De
684 1779 807 1848 lupo
841 1793 993 1833 ovem
1010 1778 1144 1844 ieci;
1176 1777 1513 1837 faciode-ove
1537 1784 1827 1846 pastorem.

316 1870 549 1926 CAPUT
589 1870 723 1925 Vill.
760 1870 904 1926 ——79.
933 1869 1119 1924 Christi
1151 1869 1332 1924 nmdici
1362 1884 1447 1922 ars
1481 1866 1831 1922 commendato

242 1964 297 2016 in
324 1964 593 2019 curatione
622 1963 792 2017 Pauli.
818 1962 1096 2030 Quomodo
1120 1978 1246 2031 ergo
1272 1962 1387 2030 ipse
1424 1960 1615 2015 Saulus
1639 1967 1826 2029 postea

244 2054 450 2108 Paulus
500 2054 791 2125 gratulatur
830 2067 895 2110 se
931 2052 999 2108 ad
1044 2052 1137 2108 Dei
1188 2050 1499 2122 pervenisse
1525 2049 1830 2104 misericor-

245 2148 394 2202 diam
412 2149 454 2213 ι,
497 2148 619 2218 quia
660 2148 879 2216 primus,
927 2147 1031 2203 hoc
1079 2158 1162 2203 est
1202 2147 1471 2203 excellens
1511 2144 1565 2199 in
1597 2142 1827 2213 peccatis

243 2242 499 2294 inventus
523 2248 606 2293 est
632 2259 644 2293 :
670 2239 734 2293 Et
761 2249 928 2294 tamen
954 2239 1348 2295 misericordiam
1372 2245 1667 2292 consecutus
1690 2251 1822 2302 sum,

240 2342 295 2385 ut
330 2333 385 2385 in
417 2347 496 2384 me
522 2332 798 2386 ostenderet
831 2330 1059 2387 Christus
1107 2331 1261 2385 Iesus
1286 2342 1485 2385 omnem
1523 2325 1827 2397 longanimi-

242 2431 424 2485 tatem,
458 2430 665 2491 prapter
689 2437 774 2477 eos
800 2422 883 2488 qui
910 2420 1150 2475 credituri
1176 2427 1293 2473 sunt
1315 2417 1393 2471 illi
1422 2419 1473 2472 in
1497 2416 1649 2469 vitam
1675 2423 1826 2468 teter-

239 2529 367 2565 nam
396 2529 417 2568 :
448 2521 505 2566 ut
551 2513 731 2568 dicant
772 2513 871 2570 sibi
909 2528 1115 2573 omnes,
1146 2512 1202 2567 Si
1230 2511 1422 2565 Paulus
1464 2514 1681 2563 sanatus
1719 2513 1823 2572 est,

240 2620 350 2674 ego
400 2618 563 2673 quare
589 2602 856 2672 despero?
880 2602 934 2657 Si
976 2617 1006 2655 a
1047 2609 1192 2656 tanto
1232 2599 1441 2656 medico
1484 2607 1591 2653 tam
1630 2595 1826 2664 despe-

241 2704 398 2749 ratus
448 2708 591 2763 aeger
640 2701 857 2749 sanatus
899 2702 1004 2758 est,
1055 2707 1157 2762 ego
1199 2706 1295 2746 cur
1346 2688 1656 2746 vulneribus
1692 2688 1826 2743 meis

243 2784 369 2837 illas
417 2798 608 2839 manus
650 2798 755 2837 non
805 2782 1033 2852 optabo?
1088 2782 1154 2838 ad
1206 2782 1323 2838 illas
1366 2794 1555 2836 manus
1605 2791 1712 2834 non
1744 2777 1831 2834 fee

238 2876 496 2932 stinabo?
549 2876 618 2932 Ut
666 2876 767 2931 hoc
797 2874 1034 2931 dicerent
1081 2873 1345 2940 homines,
1377 2873 1497 2928 ideo
1522 2870 1718 2927 Saulus
1742 2869 1829 2925 la-

238 2977 367 3021 ruis
429 2976 512 3022 est
566 2983 632 3025 ex
701 2974 1040 3036 persecutore
1093 2965 1363 3035 apostolus
1412 2965 1547 3037 (Act.
1618 2963 1831 3032 vit-ts).

239 3056 381 3123 Quia
419 3073 527 3127 quo
575 3056 719 3112 venit
747 3057 1002 3119 medicus,
1025 3057 1216 3126 quierit
1242 3056 1470 3126 aliquem
1522 3053 1592 3109 ibi
1630 3053 1825 3121 despe-

241 3157 446 3215 ratum,
472 3157 529 3203 et
560 3148 731 3217 ipsum
754 3157 908 3204 sanat
938 3164 951 3200 :
980 3156 1036 3203 et
1065 3148 1110 3201 si
1142 3145 1536 3217 pauperrimum
1567 3144 1821 3212 inveniat,

242 3250 426 3293 tamen
480 3238 817 3309 desperatum
875 3240 1103 3295 inveniat
1129 3254 1167 3304 ;‹
1192 3248 1295 3293 ηοη
1336 3235 1411 3292 ibi
1446 3236 1641 3307 quierit
1677 3252 1822 3292 mer-

236 3333 455 3389 cedem.
513 3330 606 3388 sed
653 3330 993 3386 commendat
1031 3339 1220 3384 artem.
1279 3328 1462 3384 Dicam
1512 3343 1639 3398 ergo
1680 3326 1825 3397 quod

236 3438 537 3491 «cperam.
563 3422 841 3489 Quomodo
866 3437 993 3492 ergo
1030 3421 1224 3477 Saulus
1261 3420 1658 3490 eongratulatur
1699 3433 1759 3472 se
1790 3432 1820 3471 a

236 3514 481 3579 Christo,
512 3513 631 3582 quia
680 3521 927 3582 peceator
953 3521 1088 3578 erat,
1115 3521 1442 3581 assumptum
1483 3517 1642 3580 atque
1667 3522 1823 3563 sana—

240 3617 381 3671 tum,
409 3620 511 3661 nec
536 3606 688 3672 dixit,
722 3606 959 3660 Maneam
991 3605 1045 3659 in
1085 3612 1320 3672 peccato,
1349 3604 1468 3673 quia
1498 3610 1714 3671 propter
1738 3614 1827 3655 me

241 3698 391 3753 venit
415 3696 681 3762 Christus,
713 3710 819 3750 non
851 3704 1064 3764 propter
1079 3696 1277 3764 justum
1308 3711 1324 3747 :
1354 3695 1425 3748 ita
1451 3693 1609 3748 etiam
1639 3688 1823 3759 tu,qni

238 3789 492 3844 audieras
513 3789 638 3858 quia
665 3786 909 3842 Christus
938 3795 1155 3855 promer
1188 3792 1496 3856 peccatores
1517 3783 1678 3845 venit,
1711 3780 1822 3836 noli

239 3880 338 3933 tibi
366 3877 603 3933 dormire
631 3876 684 3931 in
717 3876 855 3932 dulci
881 3884 1077 3939 stratu;
1106 3875 1199 3929 sed
1231 3874 1353 3929 audi
1381 3873 1552 3942 ipsum
1600 3871 1819 3926 Paulum

237 3972 531 4032 dicentem,
581 3968 767 4039 Surge,
796 3968 882 4033 qui
910 3966 1120 4032 dormis,
1148 3975 1199 4021 et
1224 3981 1433 4035 exsurge
1451 3981 1487 4018 α
1517 3964 1747 4026 mortuis,
1775 3971 1823 4017 et

234 4060 551 4115 illuminabit
601 4068 649 4113 te
693 4056 921 4114 Christus
978 4055 1191 4129 (Ephes.
1229 4071 1285 4123 v,
1327 4055 1440 4124 14).
1489 4054 1602 4109 Noli
1640 4068 1823 4109 amare

234 4159 466 4205 stmtnm
498 4148 720 4219 peccati.
754 4147 934 4201 Totum
960 4156 1174 4201 stratum
1209 4146 1320 4216 ejus
1356 4147 1544 4200 vertisti
1570 4147 1623 4200 in
1668 4145 1823 4215 infir-

236 4241 417 4293 mitate
438 4240 549 4311 ejus
575 4238 745 4311 (Psal.
774 4255 860 4295 ιι..
886 4236 965 4310 4),
993 4237 1190 4293 dictum
1217 4244 1301 4292 est
1324 4244 1500 4291 antea.
1527 4235 1715 4306 Surge,
1733 4251 1821 4292 sa.

234 4346 345 4385 nus
370 4340 507 4396 esto,
538 4332 815 4385 sanitatem
844 4345 991 4394 ama,
1043 4339 1098 4384 et
1142 4329 1247 4383 noli
1277 4342 1462 4383 rursus
1489 4342 1588 4397 per
1630 4341 1821 4397 super-

237 4423 388 4477 biam
414 4423 484 4491 de
523 4422 741 4478 dextera
772 4422 848 4477 ire
874 4421 944 4478 ad
983 4421 1274 4484 sinistram,
1307 4421 1374 4475 de
1404 4419 1537 4474 valle
1561 4419 1627 4473 ad
1667 4435 1822 4475 mon-

242 4527 378 4581 tem,
409 4514 479 4569 de
527 4514 822 4570 humilitate
863 4513 927 4570 ad
959 4523 1242 4568 tumorem.
1290 4509 1423 4567 Cum
1452 4510 1623 4566 factus
1656 4509 1825 4567 lueris

232 4621 426 4669 sanus,
452 4605 503 4659 id
547 4615 650 4671 est,
672 4620 793 4662 cum
816 4604 960 4675 justo
1004 4605 1233 4674 coeperis
1260 4602 1457 4668 vivere,
1488 4602 1599 4657 Deo
1624 4601 1821 4667 tribue,

233 4713 348 4753 non
376 4697 492 4752 tibi.
514 4697 628 4752 Non
651 4702 791 4751 enim
821 4696 1083 4753 laudando
1110 4704 1183 4762 te,
1211 4696 1387 4749 salvus
1416 4693 1699 4760 lactuscs;
1723 4693 1823 4749 sed

231 4797 424 4842 coiitra
450 4786 506 4843 te
532 4786 940 4857 pronuntiando.
959 4784 1090 4839 Nam
1117 4785 1161 4839 si
1202 4792 1253 4839 te
1279 4781 1580 4838 laudaveris
1609 4798 1701 4851 per
1728 4797 1819 4838 stt-

232 4879 512 4947 perbiam,
566 4877 779 4948 gravius
839 4877 1141 4947 :egrotnbis.
1189 4874 1374 4935 Omnis
1418 4875 1564 4930 enim
1615 4875 1705 4945 qui
1757 4891 1825 4932 se

233 4968 459 5033 exultat,
490 4966 882 5032 humiliabitur;
910 4964 1069 5037 ctqui
1099 4979 1159 5021 se
1200 4962 1464 5031 ltutniliat,
1502 4964 1820 5023 excitabitur

234 5055 397 5117 (Luc.
416 5072 566 5124 svnt,
589 5057 702 5129 ll).
731 5054 983 5119 Conversi
1013 5056 1078 5111 ad
1103 5056 1404 5118 Dominum,
1435 5064 1539 5110 etc.

695 5147 926 5203 διεκδιο
963 5146 1217 5203 CLXXVI
1256 5146 1393 5218 ‘(a).

235 5237 318 5292 De
342 5239 499 5293 tribus
524 5238 817 5294 lectionibus
877 5238 1105 5308 Apostoli
1125 5279 1140 5305 ,
1174 5238 1194 5293 Ι
1224 5237 1356 5293 Tim.
1384 5254 1497 5305 cap.
1528 5253 1566 5301 t,
1597 5237 1663 5293 15
1682 5279 1697 5302 ,
1728 5240 1816 5302 16.

312 5328 512 5384 Fidelis
563 5343 740 5384 sermo
795 5337 850 5384 et
890 5329 1034 5384 omni
1081 5330 1392 5399 acceptione
1443 5327 1672 5398 dignus,
1719 5339 1815 5384 etc.

318 5419 513 5475 Psalmi
533 5435 678 5488 xciv,
706 5421 761 5485 ti,
786 5420 847 5488 2,
874 5419 1062 5476 Venite
1086 5419 1390 5484 adoremus,
1423 5428 1477 5474 et
1507 5429 1816 5488 prosterna-

285 5556 321 5623 }
346 5562 526 5606 Omnes
544 5562 672 5617 ttae,
695 5555 968 5606 (:ratulatur
987 5569 1039 5608 se
1056 5554 1123 5608 ad
1143 5554 1237 5608 Dei
1251 5553 1535 5621 pertinuisse
1556 5554 1822 5609 misericor-

236 5625 637 5744 mni'mendnos
651 5679 709 5730 ad
732 5691 779 5729 a.
799 5679 884 5730 bu.
917 5678 979 5729 cl.
998 5679 1079 5730 cb.
1100 5678 1135 5728 r.
1153 5677 1215 5730 fe.
1237 5693 1287 5744 ε.
1335 5680 1393 5730 ir.
1430 5692 1501 5730 ιι.
1520 5692 1594 5743 pr.
1620 5693 1712 5730 rm.
1739 5681 1815 5730 vd.

235 5747 288 5788 et
312 5740 367 5787 ad
386 5749 484 5790 am.
504 5748 576 5789 Er.
602 5749 703 5791 Par.
724 5749 831 5792 ιον.

324 5803 395 5863 (tt)
421 5799 556 5864 Alias,
592 5803 656 5854 de
689 5802 1081 5867 \"et‘liisApostoli
1101 5802 1171 5853 10.

1544 394 1551 401 ’
1631 389 1866 448 εειωο
1905 390 2181 449 CLXXVI.

3406 404 3517 461 950

2010 525 2130 564 mur
2154 510 2226 577 ei,
2248 520 2370 579 etc,
2400 528 2462 567 ac
2499 512 2761 585 Esaugdii
2802 514 2986 583 Lam,
3017 532 3132 587 cap.
3157 534 3264 573 xvii
3287 560 3301 584 ,
3329 519 3512 582 li-lt'.

2009 602 2093 655 ubi
2132 602 2197 656 de
2239 603 2407 657 decem
2449 606 2660 675 temeri:
2700 626 2730 660 α
2770 607 2987 662 Domino
3022 608 3295 663 mundatis.
3329 608 3531 665 Contra»

2016 689 2316 763 Pelagianos
2342 695 2440 764 (rt).
3262 734 3267 737 ι

2004 781 2234 840 carm
2272 785 2554 843 PRIMUM.
2598 767 2672 826 ἓ-
2730 789 2774 841 l.
2839 786 3092 845 Lectiones
3152 799 3199 843 et
3235 801 3417 845 [conm
3462 793 3525 846 ire

1940 872 2186 928 Ecclesia.
2214 876 2287 931 De
2314 877 2509 932 divinis
2529 878 2840 933 lectionibus
2867 880 3005 950 quod
3034 880 3287 936 Dominus
3323 883 3512 941 adtno-

1937 980 2069 1021 nere
2090 966 2356 1036 dignatur,
2390 967 2575 1024 liuenti
2601 971 2777 1024 audite
2795 1012 2810 1036 ,
2839 971 3048 1034 fratres,
3080 972 3170 1028 illo
3191 972 3353 1028 dante
3376 1014 3390 1037 ,
3422 989 3512 1029 me

1937 1055 2290 1113 ministrante.
2316 1059 2547 1115 Primam
2576 1060 2856 1116 lectionem
2894 1061 3191 1119 audivimus
3228 1062 3468 1132 Apostoli
3495 1081 3509 1117 :

1938 1147 2136 1205 Fidelis
2163 1168 2328 1216 sermo
2348 1164 2396 1206 et
2418 1154 2556 1207 omni
2582 1165 2871 1222 acceptione
2897 1156 3102 1226 dignus,
3130 1158 3251 1225 quia
3274 1156 3509 1213 Christus

1932 1239 2085 1294 Jcstts
2113 1242 2244 1296 venit
2265 1244 2319 1297 in
2339 1244 2581 1298 mundum
2601 1255 2885 1315 peccatores
2904 1245 3072 1302 salvos
3094 1250 3274 1317 facere,
3297 1265 3509 1319 quorum

1936 1330 2126 1399 primus
2170 1348 2260 1403 ego
2299 1349 2431 1386 sum.
2474 1333 2581 1390 Sed
2626 1334 2739 1388 ideo
2781 1336 3179 1390 misericordiam
3212 1346 3508 1390 consecutus

1933 1437 2064 1482 sum,
2098 1432 2151 1476 ut
2178 1425 2230 1477 in
2250 1441 2329 1478 nte
2352 1426 2627 1481 ostenderet
2656 1426 2883 1482 Christus
2918 1426 3069 1483 Iesus
3096 1445 3291 1482 munem
3331 1428 3511 1497 lenem

1934 1515 2210 1569 uimitotent
2233 1533 2394 1584 suout,
2421 1518 2489 1571 ad
2524 1519 2928 1587 informationem
2961 1536 3133 1577 eorum
3166 1521 3251 1590 qui
3269 1522 3509 1575 credituri

1932 1617 2047 1661 sunt
2065 1606 2143 1661 illi
2164 1608 2218 1664 in
2238 1610 2391 1664 vitam
2414 1618 2671 1665 retentam.
2710 1611 2824 1667 Hoc
2847 1613 2915 1667 de
2950 1612 3236 1682 apostolica
3276 1613 3506 1667 lectione

1934 1700 2284 1767 percepimus.
2317 1702 2518 1757 Deinde
2536 1705 2861 1758 cantavimus
2890 1704 3152 1758 Psalmum
3175 1745 3188 1767 ,
3215 1704 3504 1759 exhortatio

1936 1796 2015 1842 tes
2035 1804 2132 1844 nos
2152 1791 2399 1857 invicem,
2430 1808 2534 1848 una
2554 1808 2701 1856 voce.
2728 1808 2835 1848 uno
2852 1794 3014 1848 corde
3036 1794 3299 1857 dicentes,
3337 1792 3508 1848 Venite

1930 1882 2200 1937 adoremus
2219 1925 2234 1948 ,
2267 1893 2314 1937 et
2359 1894 2735 1955 prosternamur
2768 1887 2816 1939 ei
2832 1928 2846 1947 ,
2877 1895 2925 1940 et
2950 1888 3164 1956 ﬂeamus
3197 1900 3369 1940 eorum
3396 1885 3505 1940 Do-

1931 1973 2068 2027 mino
2085 1974 2169 2045 qui
2190 1974 2304 2045 fecit
2340 1991 2433 2029 nos
2461 1985 2553 2031 :et
2590 1977 3055 2047 ibi'prteocniamus
3094 1978 3275 2047 faciem
3307 1978 3416 2049 ejus
3454 1980 3506 2032 in

1931 2064 2256 2133 confessione,
2286 2074 2335 2120 et
2360 2065 2415 2118 in
2438 2065 2643 2135 psalmis
2648 2065 2921 2136 jubilentus
2942 2068 3005 2120 ei.
3036 2065 3162 2121 Post
3185 2066 3317 2129 lure,
3341 2081 3503 2121 emn-

1929 2153 2094 2223 gelica
2116 2154 2272 2208 lectio
2289 2154 2472 2209 decem
2500 2155 2737 2224 leprosos
2757 2155 3037 2210 inundatos
3060 2156 3211 2211 nobis
3233 2157 3465 2210 ostendit
3487 2198 3504 2221 ,

1932 2254 1986 2299 et
2015 2261 2175 2300 unum
2205 2262 2268 2301 ex
2295 2248 2374 2303 eis
2393 2249 2739 2317 alienigenam
2766 2250 2963 2318 gratias
2999 2257 3242 2319 agentem
3281 2249 3506 2305 munda-

1930 2338 2033 2394 tori
2077 2348 2193 2393 suo.
2233 2338 2340 2394 llas
2376 2349 2484 2395 tres
2524 2339 2776 2395 lectiones
2800 2382 2815 2407 ,
2839 2350 3092 2411 quantum
3132 2356 3228 2411 pro
3263 2352 3504 2411 tempore

1930 2444 2231 2499 possumus,
2264 2441 2649 2501 pertractemus
2668 2470 2686 2499 ,
2711 2433 2947 2488 dicentes
2976 2448 3139 2503 pauca
3161 2433 3227 2488 de
3251 2435 3501 2505 singulis;

1930 2531 1983 2576 et
2005 2530 2257 2592 quantum
2284 2522 2463 2577 conari
2492 2537 2793 2593 possumus,
2817 2522 3100 2593 adjuvante
3124 2524 3365 2586 Domino,
3396 2540 3502 2578 non

1931 2612 1983 2667 in
2012 2612 2184 2682 aliqua
2211 2627 2393 2667 earum
2423 2612 2500 2668 sic
2537 2614 2878 2668 immorantcs
2899 2654 2913 2680 ,
2934 2624 2990 2668 ut
3016 2614 3137 2669 aliis
3174 2613 3378 2669 duabus
3399 2607 3504 2669 im-

1930 2703 2287 2773 pedimentum
2314 2704 2616 2760 aderamus.
2932 2712 2935 2713 '
3246 2704 3255 2711 ⁷

1997 2793 2081 2849 CA
2091 2796 2221 2852 PUT
2260 2796 2324 2851 ll.
2349 2827 2423 2838 -
2441 2797 2496 2851 2.
2529 2797 2815 2852 Gratiarum
2853 2797 2986 2852 actio
3008 2796 3071 2851 ab
3091 2797 3320 2852 omnibus
3339 2796 3505 2851 debita

1930 2887 2142 2942 medico.
2188 2885 2461 2942 Peccatum
2514 2889 2760 2960 originale
2817 2890 2868 2942 in
2913 2889 3157 2960 porculis.
3183 2887 3507 2959 Pupillorunr

1929 2988 2118 3033 tutores
2144 2979 2386 3050 episcopi.
2418 2980 2673 3048 Proponit
2711 2981 2862 3034 nobis
2904 2980 3188 3049 Apostolus
3222 2978 3499 3034 scientiam

1927 3071 2219 3142 gratiarum
2245 3071 2491 3126 actionis.
2511 3071 2973 3141 Mementmequid
2998 3070 3182 3127 ultima
3197 3069 3501 3141 evangelica

1930 3163 2090 3218 lectio
2116 3171 2350 3226 resonet,
2393 3163 2660 3232 quomodo
2695 3161 2850 3218 lesus
2896 3161 3151 3216 Dominus
3179 3160 3507 3229 laudat‘gra-

1928 3255 2028 3310 tias
2050 3261 2314 3325 agentem,
2344 3253 2578 3325 ingratos
2604 3253 2894 3324 improbat,
2926 3251 3211 3307 mundatus
3251 3252 3302 3305 in
3341 3258 3459 3305 cute
3483 3291 3502 3314 ,

1927 3347 2170 3417 leprosos
2192 3347 2245 3401 in
2272 3348 2454 3401 corde.
2485 3345 2622 3413 Quid
2650 3360 2779 3415 ergo
2817 3344 3144 3415 Apostolus?
3166 3342 3384 3407 Fidelis,
3415 3342 3509 3394 inr-v

1927 3437 2057 3507 quit,
2101 3452 2264 3492 sermo
2302 3445 2350 3490 et
2399 3437 2536 3490 enini
2573 3437 2861 3507 acceptiores
2895 3435 3096 3505 dignus.
3124 3433 3368 3501 Quisest
3405 3433 3507 3486 iste

1927 3525 2146 3581 sermo?
2173 3525 2306 3593 Quia
2331 3525 2558 3581 Christus
2585 3524 2730 3580 Iesus
2759 3526 2886 3578 venit
2911 3526 2962 3577 in
2985 3522 3248 3587 mundum,
3273 3521 3505 3590 thuidi

1930 3614 2225 3669 Pcecatores
2248 3615 2412 3669 salvos
2440 3615 2622 3683 facere.
2655 3614 2789 3680 Quid
2813 3613 2905 3667 tu?
2938 3612 3163 3681 Quorum
3195 3612 3386 3681 primus
3411 3630 3503 3682 ego

1928 3720 2057 3758 sum.
2084 3704 2186 3772 Qui
2227 3703 2373 3770 dicit,
2400 3702 2483 3757 vel
2526 3701 2640 3757 Non
2685 3718 2801 3755 sum
2833 3711 3116 3770 peccator,
3146 3703 3231 3757 vel
3253 3701 3367 3756 Non
3394 3702 3499 3766 lui,

1929 3794 2163 3864 ingratus
2207 3803 2290 3849 est
2317 3793 2599 3849 Salvatori.
2638 3793 2826 3848 Nullus
2862 3793 3134 3848 hominum
3163 3793 3215 3848 in
3254 3793 3352 3847 ista
3380 3808 3503 3863 qua:

1928 3902 1991 3941 ex
2016 3886 2184 3942 Adam
2212 3886 2396 3942 deﬂuit
2419 3900 2591 3941 massa
2620 3886 2942 3954 mortalium,
2972 3886 3153 3941 nullus
3176 3885 3394 3942 omnino
3415 3885 3503 3938 bo-

1929 3977 2130 4031 minum
2161 3991 2264 4031 non
2294 3984 2524 4048 aegrotus
2546 4018 2561 4043 ,
2593 3978 2764 4031 nullus
2790 3975 2904 4030 sine
2924 3977 3096 4047 gratia
3124 3976 3316 4031 Christi
3345 3989 3501 4029 sana-

1928 4077 2031 4124 tus.
2062 4067 2197 4136 Quid
2233 4068 2300 4124 de
2338 4068 2571 4139 parvulis
2607 4069 2786 4139 pueris
2815 4070 2852 4132 ι,
2881 4069 2924 4121 si
2963 4083 3027 4122 ex
3076 4067 3242 4121 Adam
3281 4067 3507 4136 a-grotit

1926 4160 2056 4215 Nam
2081 4170 2137 4216 et
2156 4161 2253 4230 ipsi
2280 4167 2561 4230 portantur
2584 4159 2648 4214 ad
2679 4159 2971 4214 Ecclesiam
2996 4176 3011 4212 :
3039 4158 3158 4213 etsi
3185 4156 3405 4228 pedibus
3434 4158 3499 4212 il-

1925 4253 2012 4308 luc
2038 4267 2252 4308 currere
2290 4267 2393 4306 non
2420 4261 2673 4322 possunt,
2696 4252 2884 4306 alienis
2918 4252 3139 4321 pedibus
3163 4259 3416 4313 currunt,
3444 4259 3503 4304 ut

1924 4335 2196 4399 sanentur.
2241 4343 2621 4400 Accommodat
2656 4343 2762 4396 illis
2805 4351 2974 4396 mater
3006 4342 3239 4397 Ecclesia
3278 4340 3502 4394 aliormu

1925 4434 2088 4505 pedes
2111 4443 2167 4489 ut
2193 4434 2426 4499 veniant,
2449 4433 2671 4488 aliorum
2696 4445 2793 4488 cor
2812 4439 2870 4487 ut
2890 4432 3128 4498 credant,
3156 4431 3377 4487 aliorum
3407 4434 3501 4485 lin-

1922 4543 2079 4596 guam
2109 4537 2167 4582 ut
2194 4526 2460 4582 fateantur
2489 4535 2584 4582 :ut
2609 4526 2859 4596 quoniam
2898 4525 3038 4596 quod
3075 4527 3203 4597 aegri
3249 4533 3371 4581 sunt
3396 4526 3515 4579 aliis

1925 4627 2180 4690 peccante
2230 4626 2659 4690 prmgravantnr,
2688 4619 2767 4674 sic
2793 4633 2913 4673 cum
2955 4617 3007 4672 hi
3036 4620 3149 4674 sani
3180 4620 3371 4685 sunt’,
3397 4620 3502 4673 alio

1926 4727 2023 4781 pro
2049 4713 2128 4768 eis
2148 4711 2432 4767 confitente
2457 4715 2747 4767 solventur.
2772 4711 2939 4766 Nemo
2975 4726 3103 4782 ergo
3133 4712 3280 4766 vobis
3312 4724 3500 4767 susur-

1924 4813 2006 4859 ret
2047 4805 2315 4860 doctrinas
2359 4804 2578 4859 alienas.
2604 4802 2718 4858 Hoc
2762 4802 2998 4857 Ecclesia
3035 4816 3253 4870 semper
3295 4801 3501 4862 habuit,-

1923 4910 2136 4967 semper
2161 4897 2325 4951 tenuit
2351 4913 2366 4949 :
2396 4895 2500 4949 hoc
2526 4910 2555 4947 a
2580 4893 2842 4975 majorum
2869 4894 2970 4946 [ide
2995 4893 3267 4961 percepit;
3299 4891 3398 4945 hoc
3420 4907 3502 4947 us-

1922 5003 2026 5058 que
2055 4989 2107 5042 in
2138 4988 2294 5041 linem
2318 4992 2721 5054 perseveranter
2739 4983 2984 5039 custodit.
3006 4983 3270 5052 Quoniam
3289 4998 3394 5037 non
3416 4994 3500 5039 est

1922 5090 2056 5147 opus
2082 5077 2224 5133 sanis
2251 5075 2508 5139 medicus,
2533 5074 2627 5131 sed
2652 5075 3049 5144 mgrotantibus.
3083 5074 3220 5143 Quid
3246 5090 3495 5128 necessa-

1922 5174 2059 5227 li‘lﬂl
2089 5182 2216 5236 ergo
2252 5166 2435 5222 habuit
2470 5166 2647 5222 infans
2682 5165 2974 5232 Christum,
3018 5166 3061 5220 si
3092 5180 3194 5221 non
3234 5168 3499 5237 aegrotat?

1921 5261 1979 5316 Si
2000 5270 2159 5312 sanus
2176 5266 2276 5324 est,
2305 5270 2466 5326 quare
2496 5269 2590 5326 per
2613 5269 2707 5311 eos
2727 5256 2816 5326 qui
2836 5270 2956 5310 eum
2974 5255 3215 5328 diligunt,
3230 5258 3495 5314 medicum

1921 5353 2151 5424 quierit?
2172 5351 2229 5408 Si
2270 5350 2480 5422 quando
2509 5356 2783 5419 portantur
2819 5348 3044 5406 infantes
3063 5391 3076 5415 ,
3105 5352 3354 5406 dicuntur
3378 5367 3499 5407 om—
3568 5422 3587 5431 κ

1924 5451 2049 5503 n?no
2077 5446 2274 5500 nullum
2303 5443 2606 5515 propaginis
2640 5441 2837 5499 habere
2862 5452 3134 5512 peccatum
3154 5485 3170 5511 ,
3200 5453 3253 5498 ct
3280 5444 3498 5499 veniunt

1923 5542 1987 5595 ad
2013 5538 2321 5602 Christum;
2349 5550 2515 5607 quare
2562 5551 2666 5590 non
2697 5535 2773 5589 eis
2806 5533 3001 5589 dicitur
3029 5535 3079 5590 in
3130 5534 3364 5592 Ecclesia
3404 5538 3516 5607 qui‘

1987 5677 2000 5708 ¹
2022 5680 2182 5731 Forte,
2204 5671 2327 5733 Quid
2350 5666 2410 5722 de
2431 5667 2643 5734 parvulis
2662 5666 2858 5734 quieris.

1987 5729 3045 5791 'Am.F.rIetttss.,ctunlticssanisunt.-..
3102 5762 3151 5791 ρ
3222 5780 3227 5787 ,
3318 5760 3325 5767 ι
3394 5766 3403 5775 .

1987 5798 2062 5859 (α)
2083 5804 2362 5848 Sermonem
2385 5788 2510 5845 hunc
2530 5788 2675 5843 citant
2694 5794 2813 5842 Beda
2848 5802 2899 5843 ct
2924 5794 3085 5842 Florus
3108 5788 3164 5841 ad
3194 5799 3208 5840 ι
3242 5796 3347 5842 l‘im.
3372 5806 3409 5841 ι.
3500 5818 3511 5835 .
