  <div class='ocr_page' id='page_1' title='image "/cluster/home/n/w/nwhite01/storage/ocr_20150623/38/hvd.32044096580600/481.png"; bbox 0 0 3886 6188; ppageno 0'>
   <div class='ocr_carea' id='block_1_1' title="bbox 413 338 513 398">
    <p class='ocr_par' dir='ltr' id='par_1_1' title="bbox 413 338 513 398">
     <span class='ocr_line' id='line_1_1' title="bbox 413 338 513 398; baseline 0.02 -2"><span class='ocrx_word' id='word_1_1' title='bbox 413 338 513 398; x_wconf 65' lang='lat' dir='ltr'><strong>mi</strong></span> 
     </span>
    </p>
   </div>
   <div class='ocr_carea' id='block_1_2' title="bbox 413 458 1996 531">
    <p class='ocr_par' dir='ltr' id='par_1_2' title="bbox 413 458 1996 531">
     <span class='ocr_line' id='line_1_2' title="bbox 413 458 1996 531; baseline -0.004 -16"><span class='ocrx_word' id='word_1_2' title='bbox 413 475 509 515; x_wconf 63' lang='lat' dir='ltr'><strong>eis</strong></span> <span class='ocrx_word' id='word_1_3' title='bbox 535 469 834 531; x_wconf 81' lang='lat' dir='ltr'><strong>apportant,</strong></span> <span class='ocrx_word' id='word_1_4' title='bbox 863 458 1081 516; x_wconf 76' lang='lat' dir='ltr'><strong>Auferte</strong></span> <span class='ocrx_word' id='word_1_5' title='bbox 1102 460 1227 516; x_wconf 87' lang='lat' dir='ltr'><strong>hinc</strong></span> <span class='ocrx_word' id='word_1_6' title='bbox 1251 460 1562 516; x_wconf 81' lang='lat' dir='ltr'><strong>innocentes</strong></span> <span class='ocrx_word' id='word_1_7' title='bbox 1585 459 1716 515; x_wconf 83' lang='lat' dir='ltr'><strong>istos</strong></span> <span class='ocrx_word' id='word_1_8' title='bbox 1738 472 1886 518; x_wconf 72' lang='lat' dir='ltr'><strong>utan</strong></span> <span class='ocrx_word' id='word_1_9' title='bbox 1910 463 1996 510; x_wconf 88' lang='lat' dir='ltr'><strong>est</strong></span> 
     </span>
    </p>
   </div>
   <div class='ocr_carea' id='block_1_3' title="bbox 414 546 1997 624">
    <p class='ocr_par' dir='ltr' id='par_1_3' title="bbox 414 546 1997 624">
     <span class='ocr_line' id='line_1_3' title="bbox 414 546 1997 624; baseline -0.004 -17"><span class='ocrx_word' id='word_1_10' title='bbox 414 567 550 624; x_wconf 78' lang='lat' dir='ltr'><strong>opus</strong></span> <span class='ocrx_word' id='word_1_11' title='bbox 573 551 718 607; x_wconf 82' lang='lat' dir='ltr'><strong>sanis</strong></span> <span class='ocrx_word' id='word_1_12' title='bbox 746 550 1013 619; x_wconf 72' lang='lat' dir='ltr'><strong>medicus;</strong></span> <span class='ocrx_word' id='word_1_13' title='bbox 1037 552 1131 607; x_wconf 85' lang='lat' dir='ltr'><strong>sed</strong></span> <span class='ocrx_word' id='word_1_14' title='bbox 1169 551 1310 608; x_wconf 89' lang='lat' dir='ltr'><strong>male</strong></span> <span class='ocrx_word' id='word_1_15' title='bbox 1336 550 1690 615; x_wconf 69' lang='lat' dir='ltr'><strong>habentibus;</strong></span> <span class='ocrx_word' id='word_1_16' title='bbox 1722 554 1829 604; x_wconf 80' lang='lat' dir='ltr'><strong>nea</strong></span> <span class='ocrx_word' id='word_1_17' title='bbox 1853 546 1997 602; x_wconf 86' lang='lat' dir='ltr'><strong>venit</strong></span> 
     </span>
    </p>
   </div>
   <div class='ocr_carea' id='block_1_4' title="bbox 416 636 1993 721">
    <p class='ocr_par' dir='ltr' id='par_1_4' title="bbox 416 636 1993 721">
     <span class='ocr_line' id='line_1_4' title="bbox 416 636 1993 721; baseline -0.003 -25"><span class='ocrx_word' id='word_1_18' title='bbox 416 640 657 697; x_wconf 74' lang='lat' dir='ltr'><strong>Christus</strong></span> <span class='ocrx_word' id='word_1_19' title='bbox 673 656 865 698; x_wconf 81' lang='lat' dir='ltr'><strong>vocare</strong></span> <span class='ocrx_word' id='word_1_20' title='bbox 887 642 1088 713; x_wconf 83' lang='lat' dir='ltr'><strong>justus,</strong></span> <span class='ocrx_word' id='word_1_21' title='bbox 1117 642 1209 698; x_wconf 75' lang='lat' dir='ltr'><strong>sed</strong></span> <span class='ocrx_word' id='word_1_22' title='bbox 1233 652 1541 721; x_wconf 79' lang='lat' dir='ltr'><strong>peccatores</strong></span> <span class='ocrx_word' id='word_1_23' title='bbox 1566 639 1779 714; x_wconf 71' lang='lat' dir='ltr'><strong>(Matth.</strong></span> <span class='ocrx_word' id='word_1_24' title='bbox 1801 650 1876 706; x_wconf 78' lang='lat' dir='ltr'><strong>ix,</strong></span> <span class='ocrx_word' id='word_1_25' title='bbox 1904 636 1993 706; x_wconf 71' lang='lat'><strong>{2,</strong></span> 
     </span>
    </p>
   </div>
   <div class='ocr_carea' id='block_1_5' title="bbox 415 728 1994 803">
    <p class='ocr_par' dir='ltr' id='par_1_5' title="bbox 415 728 1994 803">
     <span class='ocr_line' id='line_1_5' title="bbox 415 728 1994 803; baseline -0.001 -17"><span class='ocrx_word' id='word_1_26' title='bbox 415 728 548 801; x_wconf 58' lang='grc' dir='ltr'><strong>ιδῃ</strong></span> <span class='ocrx_word' id='word_1_27' title='bbox 571 730 848 803; x_wconf 83' lang='lat' dir='ltr'><strong>Nunquam</strong></span> <span class='ocrx_word' id='word_1_28' title='bbox 887 732 1086 789; x_wconf 87' lang='lat' dir='ltr'><strong>dictum</strong></span> <span class='ocrx_word' id='word_1_29' title='bbox 1131 742 1249 789; x_wconf 87' lang='lat' dir='ltr'><strong>est:</strong></span> <span class='ocrx_word' id='word_1_30' title='bbox 1276 733 1368 789; x_wconf 88' lang='lat' dir='ltr'><strong>sed</strong></span> <span class='ocrx_word' id='word_1_31' title='bbox 1399 747 1501 789; x_wconf 88' lang='lat' dir='ltr'><strong>nec</strong></span> <span class='ocrx_word' id='word_1_32' title='bbox 1523 731 1809 803; x_wconf 78' lang='lat' dir='ltr'><strong>aliquando</strong></span> <span class='ocrx_word' id='word_1_33' title='bbox 1845 730 1994 787; x_wconf 87' lang='lat' dir='ltr'><strong>dice-</strong></span> 
     </span>
    </p>
   </div>
   <div class='ocr_carea' id='block_1_6' title="bbox 416 819 1997 894">
    <p class='ocr_par' dir='ltr' id='par_1_6' title="bbox 416 819 1997 894">
     <span class='ocr_line' id='line_1_6' title="bbox 416 819 1997 894; baseline -0.001 -18"><span class='ocrx_word' id='word_1_34' title='bbox 416 826 519 876; x_wconf 84' lang='lat' dir='ltr'><strong>tur.</strong></span> <span class='ocrx_word' id='word_1_35' title='bbox 542 819 777 893; x_wconf 80' lang='lat' dir='ltr'><strong>Quisque</strong></span> <span class='ocrx_word' id='word_1_36' title='bbox 801 837 927 894; x_wconf 78' lang='lat' dir='ltr'><strong>ergo</strong></span> <span class='ocrx_word' id='word_1_37' title='bbox 960 823 1101 893; x_wconf 86' lang='lat' dir='ltr'><strong>quod</strong></span> <span class='ocrx_word' id='word_1_38' title='bbox 1129 832 1302 894; x_wconf 84' lang='lat' dir='ltr'><strong>potest</strong></span> <span class='ocrx_word' id='word_1_39' title='bbox 1326 863 1343 891; x_wconf 92' lang='lat'><strong>,</strong></span> <span class='ocrx_word' id='word_1_40' title='bbox 1364 822 1556 879; x_wconf 89' lang='lat' dir='ltr'><strong>fratres</strong></span> <span class='ocrx_word' id='word_1_41' title='bbox 1581 865 1597 890; x_wconf 91' lang='lat'><strong>,</strong></span> <span class='ocrx_word' id='word_1_42' title='bbox 1625 823 1870 892; x_wconf 88' lang='lat' dir='ltr'><strong>loquatur</strong></span> <span class='ocrx_word' id='word_1_43' title='bbox 1897 835 1997 892; x_wconf 89' lang='lat' dir='ltr'><strong>pro</strong></span> 
     </span>
    </p>
   </div>
   <div class='ocr_carea' id='block_1_7' title="bbox 414 912 1994 985">
    <p class='ocr_par' dir='ltr' id='par_1_7' title="bbox 414 912 1994 985">
     <span class='ocr_line' id='line_1_7' title="bbox 414 912 1994 985; baseline 0 -18"><span class='ocrx_word' id='word_1_44' title='bbox 414 925 482 967; x_wconf 87' lang='lat' dir='ltr'><strong>eo</strong></span> <span class='ocrx_word' id='word_1_45' title='bbox 505 912 596 983; x_wconf 90' lang='lat' dir='ltr'><strong>qui</strong></span> <span class='ocrx_word' id='word_1_46' title='bbox 623 913 766 984; x_wconf 74' lang='lat' dir='ltr'><strong>loqui</strong></span> <span class='ocrx_word' id='word_1_47' title='bbox 793 928 890 984; x_wconf 89' lang='lat' dir='ltr'><strong>pro</strong></span> <span class='ocrx_word' id='word_1_48' title='bbox 909 930 967 970; x_wconf 85' lang='lat' dir='ltr'><strong>se</strong></span> <span class='ocrx_word' id='word_1_49' title='bbox 993 930 1101 970; x_wconf 89' lang='lat' dir='ltr'><strong>non</strong></span> <span class='ocrx_word' id='word_1_50' title='bbox 1130 923 1327 985; x_wconf 86' lang='lat' dir='ltr'><strong>potest.</strong></span> <span class='ocrx_word' id='word_1_51' title='bbox 1369 915 1473 969; x_wconf 84' lang='lat' dir='ltr'><strong>Pro</strong></span> <span class='ocrx_word' id='word_1_52' title='bbox 1499 916 1692 984; x_wconf 74' lang='lat' dir='ltr'><strong>magno</strong></span> <span class='ocrx_word' id='word_1_53' title='bbox 1718 926 1994 968; x_wconf 81' lang='lat' dir='ltr'><strong>commen-</strong></span> 
     </span>
    </p>
   </div>
   <div class='ocr_carea' id='block_1_8' title="bbox 417 1001 1997 1076">
    <p class='ocr_par' dir='ltr' id='par_1_8' title="bbox 417 1001 1997 1076">
     <span class='ocr_line' id='line_1_8' title="bbox 417 1001 1997 1076; baseline 0.001 -19"><span class='ocrx_word' id='word_1_54' title='bbox 417 1003 612 1059; x_wconf 85' lang='lat' dir='ltr'><strong>dantur</strong></span> <span class='ocrx_word' id='word_1_55' title='bbox 625 1006 891 1075; x_wconf 85' lang='lat' dir='ltr'><strong>episcopis</strong></span> <span class='ocrx_word' id='word_1_56' title='bbox 909 1007 1224 1076; x_wconf 84' lang='lat' dir='ltr'><strong>patrimonia</strong></span> <span class='ocrx_word' id='word_1_57' title='bbox 1250 1004 1589 1076; x_wconf 84' lang='lat' dir='ltr'><strong>pupillorum,</strong></span> <span class='ocrx_word' id='word_1_58' title='bbox 1609 1012 1807 1075; x_wconf 85' lang='lat' dir='ltr'><strong>quanto</strong></span> <span class='ocrx_word' id='word_1_59' title='bbox 1829 1001 1997 1072; x_wconf 79' lang='lat' dir='ltr'><strong>magis</strong></span> 
     </span>
    </p>
   </div>
   <div class='ocr_carea' id='block_1_9' title="bbox 414 1095 1998 1168">
    <p class='ocr_par' dir='ltr' id='par_1_9' title="bbox 414 1095 1998 1168">
     <span class='ocr_line' id='line_1_9' title="bbox 414 1095 1998 1168; baseline 0 -19"><span class='ocrx_word' id='word_1_60' title='bbox 414 1095 582 1163; x_wconf 69' lang='lat' dir='ltr'><strong>gratia</strong></span> <span class='ocrx_word' id='word_1_61' title='bbox 632 1097 1006 1166; x_wconf 79' lang='lat' dir='ltr'><strong>parvulorum?</strong></span> <span class='ocrx_word' id='word_1_62' title='bbox 1032 1098 1299 1168; x_wconf 79' lang='lat' dir='ltr'><strong>Popilium</strong></span> <span class='ocrx_word' id='word_1_63' title='bbox 1344 1106 1520 1152; x_wconf 83' lang='lat' dir='ltr'><strong>tuetur</strong></span> <span class='ocrx_word' id='word_1_64' title='bbox 1560 1096 1882 1166; x_wconf 86' lang='lat' dir='ltr'><strong>episcopus,</strong></span> <span class='ocrx_word' id='word_1_65' title='bbox 1926 1109 1998 1149; x_wconf 89' lang='lat' dir='ltr'><strong>ne</strong></span> 
     </span>
    </p>
   </div>
   <div class='ocr_carea' id='block_1_10' title="bbox 415 1188 1996 1260">
    <p class='ocr_par' dir='ltr' id='par_1_10' title="bbox 415 1188 1996 1260">
     <span class='ocr_line' id='line_1_10' title="bbox 415 1188 1996 1260; baseline 0.001 -20"><span class='ocrx_word' id='word_1_66' title='bbox 415 1188 643 1245; x_wconf 84' lang='lat' dir='ltr'><strong>mortuis</strong></span> <span class='ocrx_word' id='word_1_67' title='bbox 667 1190 976 1260; x_wconf 76' lang='lat' dir='ltr'><strong>parentibus</strong></span> <span class='ocrx_word' id='word_1_68' title='bbox 1000 1190 1068 1245; x_wconf 86' lang='lat' dir='ltr'><strong>ab</strong></span> <span class='ocrx_word' id='word_1_69' title='bbox 1090 1189 1358 1246; x_wconf 65' lang='lat' dir='ltr'><strong>extraneis</strong></span> <span class='ocrx_word' id='word_1_70' title='bbox 1395 1189 1742 1259; x_wconf 75' lang='lat' dir='ltr'><strong>opprimatur.</strong></span> <span class='ocrx_word' id='word_1_71' title='bbox 1785 1188 1996 1242; x_wconf 77' lang='lat' dir='ltr'><strong>Clamet</strong></span> 
     </span>
    </p>
   </div>
   <div class='ocr_carea' id='block_1_11' title="bbox 416 1278 1997 1350">
    <p class='ocr_par' dir='ltr' id='par_1_11' title="bbox 416 1278 1997 1350">
     <span class='ocr_line' id='line_1_11' title="bbox 416 1278 1997 1350; baseline -0.001 -16"><span class='ocrx_word' id='word_1_72' title='bbox 416 1278 539 1347; x_wconf 89' lang='lat' dir='ltr'><strong>plus</strong></span> <span class='ocrx_word' id='word_1_73' title='bbox 568 1293 665 1349; x_wconf 87' lang='lat' dir='ltr'><strong>pro</strong></span> <span class='ocrx_word' id='word_1_74' title='bbox 690 1281 932 1350; x_wconf 84' lang='lat' dir='ltr'><strong>parvulo,</strong></span> <span class='ocrx_word' id='word_1_75' title='bbox 961 1282 1047 1337; x_wconf 86' lang='lat' dir='ltr'><strong>cui</strong></span> <span class='ocrx_word' id='word_1_76' title='bbox 1091 1282 1241 1337; x_wconf 80' lang='lat' dir='ltr'><strong>timet</strong></span> <span class='ocrx_word' id='word_1_77' title='bbox 1285 1296 1352 1335; x_wconf 90' lang='lat' dir='ltr'><strong>ne</strong></span> <span class='ocrx_word' id='word_1_78' title='bbox 1382 1295 1412 1334; x_wconf 89' lang='lat' dir='ltr'><strong>a</strong></span> <span class='ocrx_word' id='word_1_79' title='bbox 1439 1279 1746 1350; x_wconf 81' lang='lat' dir='ltr'><strong>parentibus</strong></span> <span class='ocrx_word' id='word_1_80' title='bbox 1788 1278 1997 1334; x_wconf 85' lang='lat' dir='ltr'><strong>occida-</strong></span> 
     </span>
    </p>
   </div>
   <div class='ocr_carea' id='block_1_12' title="bbox 416 1369 1997 1441">
    <p class='ocr_par' dir='ltr' id='par_1_12' title="bbox 416 1369 1997 1441">
     <span class='ocr_line' id='line_1_12' title="bbox 416 1369 1997 1441; baseline 0.001 -19"><span class='ocrx_word' id='word_1_81' title='bbox 416 1369 574 1423; x_wconf 82' lang='lat' dir='ltr'><strong>datur</strong></span> <span class='ocrx_word' id='word_1_82' title='bbox 596 1386 611 1426; x_wconf 89' lang='lat'><strong>:</strong></span> <span class='ocrx_word' id='word_1_83' title='bbox 634 1371 829 1426; x_wconf 81' lang='lat' dir='ltr'><strong>ciainct</strong></span> <span class='ocrx_word' id='word_1_84' title='bbox 868 1387 988 1428; x_wconf 90' lang='lat' dir='ltr'><strong>eum</strong></span> <span class='ocrx_word' id='word_1_85' title='bbox 1032 1372 1320 1441; x_wconf 87' lang='lat' dir='ltr'><strong>Apostoio,</strong></span> <span class='ocrx_word' id='word_1_86' title='bbox 1347 1370 1542 1426; x_wconf 82' lang='lat' dir='ltr'><strong>Fidelis</strong></span> <span class='ocrx_word' id='word_1_87' title='bbox 1578 1387 1741 1426; x_wconf 79' lang='lat' dir='ltr'><strong>sermo</strong></span> <span class='ocrx_word' id='word_1_88' title='bbox 1777 1378 1821 1425; x_wconf 86' lang='lat' dir='ltr'><strong>et</strong></span> <span class='ocrx_word' id='word_1_89' title='bbox 1859 1370 1997 1424; x_wconf 82' lang='lat' dir='ltr'><strong>omni</strong></span> 
     </span>
    </p>
   </div>
   <div class='ocr_carea' id='block_1_13' title="bbox 416 1463 1994 1535">
    <p class='ocr_par' dir='ltr' id='par_1_13' title="bbox 416 1463 1994 1535">
     <span class='ocr_line' id='line_1_13' title="bbox 416 1463 1994 1535; baseline 0.001 -20"><span class='ocrx_word' id='word_1_90' title='bbox 416 1463 706 1534; x_wconf 69' lang='lat' dir='ltr'><strong>deceptione</strong></span> <span class='ocrx_word' id='word_1_91' title='bbox 718 1464 922 1535; x_wconf 74' lang='lat' dir='ltr'><strong>dignus,</strong></span> <span class='ocrx_word' id='word_1_92' title='bbox 946 1466 1064 1535; x_wconf 82' lang='lat' dir='ltr'><strong>quia</strong></span> <span class='ocrx_word' id='word_1_93' title='bbox 1083 1463 1313 1523; x_wconf 78' lang='lat' dir='ltr'><strong>Christus</strong></span> <span class='ocrx_word' id='word_1_94' title='bbox 1331 1463 1363 1519; x_wconf 83' lang='lat' dir='ltr'><strong><em>J</em></strong></span> <span class='ocrx_word' id='word_1_95' title='bbox 1369 1481 1487 1520; x_wconf 87' lang='lat' dir='ltr'><strong>esus</strong></span> <span class='ocrx_word' id='word_1_96' title='bbox 1503 1464 1636 1519; x_wconf 76' lang='lat' dir='ltr'><strong>venit</strong></span> <span class='ocrx_word' id='word_1_97' title='bbox 1651 1465 1705 1518; x_wconf 83' lang='lat' dir='ltr'><strong>in</strong></span> <span class='ocrx_word' id='word_1_98' title='bbox 1729 1463 1994 1531; x_wconf 80' lang='lat' dir='ltr'><strong>mundum,</strong></span> 
     </span>
    </p>
   </div>
   <div class='ocr_carea' id='block_1_14' title="bbox 418 1556 1994 1630">
    <p class='ocr_par' dir='ltr' id='par_1_14' title="bbox 418 1556 1994 1630">
     <span class='ocr_line' id='line_1_14' title="bbox 418 1556 1994 1630; baseline 0 -20"><span class='ocrx_word' id='word_1_99' title='bbox 418 1556 615 1611; x_wconf 82' lang='lat' dir='ltr'><strong>nullam</strong></span> <span class='ocrx_word' id='word_1_100' title='bbox 639 1557 797 1612; x_wconf 89' lang='lat' dir='ltr'><strong>aliam</strong></span> <span class='ocrx_word' id='word_1_101' title='bbox 822 1558 894 1612; x_wconf 91' lang='lat' dir='ltr'><strong>ob</strong></span> <span class='ocrx_word' id='word_1_102' title='bbox 914 1573 1150 1625; x_wconf 77' lang='lat' dir='ltr'><strong>causam,</strong></span> <span class='ocrx_word' id='word_1_103' title='bbox 1178 1557 1279 1612; x_wconf 79' lang='lat' dir='ltr'><strong>nisi</strong></span> <span class='ocrx_word' id='word_1_104' title='bbox 1308 1566 1591 1630; x_wconf 82' lang='lat' dir='ltr'><strong>peccatores</strong></span> <span class='ocrx_word' id='word_1_105' title='bbox 1614 1557 1781 1612; x_wconf 73' lang='lat' dir='ltr'><strong>salvos</strong></span> <span class='ocrx_word' id='word_1_106' title='bbox 1808 1560 1994 1626; x_wconf 70' lang='lat' dir='ltr'><strong>facem</strong></span> 
     </span>
    </p>
   </div>
   <div class='ocr_carea' id='block_1_15' title="bbox 417 1644 1996 1720">
    <p class='ocr_par' dir='ltr' id='par_1_15' title="bbox 417 1644 1996 1720">
     <span class='ocr_line' id='line_1_15' title="bbox 417 1644 1996 1720; baseline 0.003 -21"><span class='ocrx_word' id='word_1_107' title='bbox 417 1644 518 1712; x_wconf 83' lang='lat' dir='ltr'><strong>Qui</strong></span> <span class='ocrx_word' id='word_1_108' title='bbox 542 1646 687 1702; x_wconf 79' lang='lat' dir='ltr'><strong>venit</strong></span> <span class='ocrx_word' id='word_1_109' title='bbox 704 1648 772 1702; x_wconf 90' lang='lat' dir='ltr'><strong>ad</strong></span> <span class='ocrx_word' id='word_1_110' title='bbox 792 1647 1083 1716; x_wconf 82' lang='lat' dir='ltr'><strong>Christum,</strong></span> <span class='ocrx_word' id='word_1_111' title='bbox 1107 1648 1268 1705; x_wconf 84' lang='lat' dir='ltr'><strong>habet</strong></span> <span class='ocrx_word' id='word_1_112' title='bbox 1291 1648 1434 1720; x_wconf 87' lang='lat' dir='ltr'><strong>quod</strong></span> <span class='ocrx_word' id='word_1_113' title='bbox 1458 1648 1513 1703; x_wconf 89' lang='lat' dir='ltr'><strong>in</strong></span> <span class='ocrx_word' id='word_1_114' title='bbox 1538 1664 1604 1704; x_wconf 91' lang='lat' dir='ltr'><strong>eo</strong></span> <span class='ocrx_word' id='word_1_115' title='bbox 1622 1658 1838 1704; x_wconf 83' lang='lat' dir='ltr'><strong>sanetur</strong></span> <span class='ocrx_word' id='word_1_116' title='bbox 1864 1666 1878 1702; x_wconf 91' lang='lat'><strong>:</strong></span> <span class='ocrx_word' id='word_1_117' title='bbox 1906 1648 1996 1718; x_wconf 91' lang='lat' dir='ltr'><strong>qui</strong></span> 
     </span>
    </p>
   </div>
   <div class='ocr_carea' id='block_1_16' title="bbox 418 1734 1992 1809">
    <p class='ocr_par' dir='ltr' id='par_1_16' title="bbox 418 1734 1992 1809">
     <span class='ocr_line' id='line_1_16' title="bbox 418 1734 1992 1809; baseline 0.004 -22"><span class='ocrx_word' id='word_1_118' title='bbox 418 1747 524 1787; x_wconf 83' lang='lat' dir='ltr'><strong>non</strong></span> <span class='ocrx_word' id='word_1_119' title='bbox 568 1734 765 1800; x_wconf 84' lang='lat' dir='ltr'><strong>habet,</strong></span> <span class='ocrx_word' id='word_1_120' title='bbox 804 1753 910 1792; x_wconf 86' lang='lat' dir='ltr'><strong>non</strong></span> <span class='ocrx_word' id='word_1_121' title='bbox 945 1748 1222 1794; x_wconf 84' lang='lat' dir='ltr'><strong>estcausa</strong></span> <span class='ocrx_word' id='word_1_122' title='bbox 1263 1753 1427 1809; x_wconf 88' lang='lat' dir='ltr'><strong>quare</strong></span> <span class='ocrx_word' id='word_1_123' title='bbox 1471 1737 1677 1794; x_wconf 84' lang='lat' dir='ltr'><strong>medico</strong></span> <span class='ocrx_word' id='word_1_124' title='bbox 1723 1737 1992 1793; x_wconf 84' lang='lat' dir='ltr'><strong>oli‘eratur.</strong></span> 
     </span>
    </p>
   </div>
   <div class='ocr_carea' id='block_1_17' title="bbox 420 1821 2004 1892">
    <p class='ocr_par' dir='ltr' id='par_1_17' title="bbox 420 1821 2004 1892">
     <span class='ocr_line' id='line_1_17' title="bbox 420 1821 2004 1892; baseline 0.006 -16"><span class='ocrx_word' id='word_1_125' title='bbox 420 1821 636 1892; x_wconf 76' lang='lat' dir='ltr'><strong>Eligant</strong></span> <span class='ocrx_word' id='word_1_126' title='bbox 658 1830 911 1892; x_wconf 83' lang='lat' dir='ltr'><strong>parentes</strong></span> <span class='ocrx_word' id='word_1_127' title='bbox 930 1838 1097 1877; x_wconf 84' lang='lat' dir='ltr'><strong>unum</strong></span> <span class='ocrx_word' id='word_1_128' title='bbox 1121 1823 1188 1879; x_wconf 85' lang='lat' dir='ltr'><strong>de</strong></span> <span class='ocrx_word' id='word_1_129' title='bbox 1214 1825 1433 1881; x_wconf 87' lang='lat' dir='ltr'><strong>duobus</strong></span> <span class='ocrx_word' id='word_1_130' title='bbox 1461 1840 1477 1879; x_wconf 90' lang='lat'><strong>:</strong></span> <span class='ocrx_word' id='word_1_131' title='bbox 1509 1835 1605 1882; x_wconf 89' lang='lat' dir='ltr'><strong>aut</strong></span> <span class='ocrx_word' id='word_1_132' title='bbox 1634 1827 2004 1886; x_wconf 78' lang='lat' dir='ltr'><strong>conﬁteantur</strong></span> 
     </span>
    </p>
   </div>
   <div class='ocr_carea' id='block_1_18' title="bbox 417 1909 2005 1982">
    <p class='ocr_par' dir='ltr' id='par_1_18' title="bbox 417 1909 2005 1982">
     <span class='ocr_line' id='line_1_18' title="bbox 417 1909 2005 1982; baseline 0.007 -18"><span class='ocrx_word' id='word_1_133' title='bbox 417 1916 473 1966; x_wconf 86' lang='lat' dir='ltr'><strong>in</strong></span> <span class='ocrx_word' id='word_1_134' title='bbox 493 1910 737 1982; x_wconf 82' lang='lat' dir='ltr'><strong>parvulis</strong></span> <span class='ocrx_word' id='word_1_135' title='bbox 753 1909 873 1966; x_wconf 87' lang='lat' dir='ltr'><strong>suis</strong></span> <span class='ocrx_word' id='word_1_136' title='bbox 891 1911 1076 1965; x_wconf 86' lang='lat' dir='ltr'><strong>sanari</strong></span> <span class='ocrx_word' id='word_1_137' title='bbox 1099 1921 1411 1982; x_wconf 85' lang='lat' dir='ltr'><strong>peccatum,</strong></span> <span class='ocrx_word' id='word_1_138' title='bbox 1436 1925 1532 1970; x_wconf 89' lang='lat' dir='ltr'><strong>aut</strong></span> <span class='ocrx_word' id='word_1_139' title='bbox 1552 1929 1648 1971; x_wconf 88' lang='lat' dir='ltr'><strong>eos</strong></span> <span class='ocrx_word' id='word_1_140' title='bbox 1678 1917 1890 1975; x_wconf 84' lang='lat' dir='ltr'><strong>medico</strong></span> <span class='ocrx_word' id='word_1_141' title='bbox 1920 1920 2005 1975; x_wconf 82' lang='lat' dir='ltr'><strong>of-</strong></span> 
     </span>
    </p>
   </div>
   <div class='ocr_carea' id='block_1_19' title="bbox 419 2000 1999 2075">
    <p class='ocr_par' dir='ltr' id='par_1_19' title="bbox 419 2000 1999 2075">
     <span class='ocr_line' id='line_1_19' title="bbox 419 2000 1999 2075; baseline 0.007 -19"><span class='ocrx_word' id='word_1_142' title='bbox 419 2002 561 2059; x_wconf 82' lang='lat' dir='ltr'><strong>ferre</strong></span> <span class='ocrx_word' id='word_1_143' title='bbox 579 2001 856 2058; x_wconf 79' lang='lat' dir='ltr'><strong>desinant.</strong></span> <span class='ocrx_word' id='word_1_144' title='bbox 870 2000 988 2058; x_wconf 79' lang='lat' dir='ltr'><strong>Hoc</strong></span> <span class='ocrx_word' id='word_1_145' title='bbox 1006 2003 1142 2058; x_wconf 82' lang='lat' dir='ltr'><strong>nihil</strong></span> <span class='ocrx_word' id='word_1_146' title='bbox 1159 2011 1243 2059; x_wconf 89' lang='lat' dir='ltr'><strong>est</strong></span> <span class='ocrx_word' id='word_1_147' title='bbox 1259 2004 1409 2060; x_wconf 82' lang='lat' dir='ltr'><strong>aliud</strong></span> <span class='ocrx_word' id='word_1_148' title='bbox 1436 2020 1600 2075; x_wconf 80' lang='lat' dir='ltr'><strong>quam</strong></span> <span class='ocrx_word' id='word_1_149' title='bbox 1621 2008 1759 2064; x_wconf 91' lang='lat' dir='ltr'><strong>velle</strong></span> <span class='ocrx_word' id='word_1_150' title='bbox 1782 2009 1999 2068; x_wconf 81' lang='lat' dir='ltr'><strong>medico</strong></span> 
     </span>
    </p>
   </div>
   <div class='ocr_carea' id='block_1_20' title="bbox 410 2092 2005 2169">
    <p class='ocr_par' dir='ltr' id='par_1_20' title="bbox 410 2092 2005 2169">
     <span class='ocr_line' id='line_1_20' title="bbox 410 2092 2005 2169; baseline 0.008 -22"><span class='ocrx_word' id='word_1_151' title='bbox 410 2109 609 2149; x_wconf 71' lang='lat' dir='ltr'><strong>unum</strong></span> <span class='ocrx_word' id='word_1_152' title='bbox 641 2094 861 2151; x_wconf 70' lang='lat' dir='ltr'><strong>oﬂ‘erre.</strong></span> <span class='ocrx_word' id='word_1_153' title='bbox 897 2092 1039 2162; x_wconf 82' lang='lat' dir='ltr'><strong>Quid</strong></span> <span class='ocrx_word' id='word_1_154' title='bbox 1083 2095 1281 2152; x_wconf 77' lang='lat' dir='ltr'><strong>oll‘ers?</strong></span> <span class='ocrx_word' id='word_1_155' title='bbox 1313 2097 1732 2168; x_wconf 83' lang='lat' dir='ltr'><strong>Baptizandum.</strong></span> <span class='ocrx_word' id='word_1_156' title='bbox 1786 2101 2005 2169; x_wconf 76' lang='lat' dir='ltr'><strong>Quem?</strong></span> 
     </span>
    </p>
   </div>
   <div class='ocr_carea' id='block_1_21' title="bbox 410 2180 1998 2263">
    <p class='ocr_par' dir='ltr' id='par_1_21' title="bbox 410 2180 1998 2263">
     <span class='ocr_line' id='line_1_21' title="bbox 410 2180 1998 2263; baseline 0.008 -26"><span class='ocrx_word' id='word_1_157' title='bbox 410 2180 703 2243; x_wconf 78' lang='lat' dir='ltr'><strong>Infantem.</strong></span> <span class='ocrx_word' id='word_1_158' title='bbox 736 2186 840 2242; x_wconf 91' lang='lat' dir='ltr'><strong>Cui</strong></span> <span class='ocrx_word' id='word_1_159' title='bbox 869 2186 1069 2242; x_wconf 85' lang='lat' dir='ltr'><strong>oli‘ers?</strong></span> <span class='ocrx_word' id='word_1_160' title='bbox 1096 2187 1336 2245; x_wconf 82' lang='lat' dir='ltr'><strong>Christo.</strong></span> <span class='ocrx_word' id='word_1_161' title='bbox 1367 2188 1429 2244; x_wconf 86' lang='lat' dir='ltr'><strong>Ei</strong></span> <span class='ocrx_word' id='word_1_162' title='bbox 1463 2199 1612 2247; x_wconf 86' lang='lat' dir='ltr'><strong>certe</strong></span> <span class='ocrx_word' id='word_1_163' title='bbox 1646 2192 1741 2263; x_wconf 88' lang='lat' dir='ltr'><strong>qui</strong></span> <span class='ocrx_word' id='word_1_164' title='bbox 1766 2196 1904 2249; x_wconf 74' lang='lat' dir='ltr'><strong>venit</strong></span> <span class='ocrx_word' id='word_1_165' title='bbox 1937 2196 1998 2251; x_wconf 86' lang='lat' dir='ltr'><strong>in</strong></span> 
     </span>
    </p>
   </div>
   <div class='ocr_carea' id='block_1_22' title="bbox 411 2276 1999 2349">
    <p class='ocr_par' dir='ltr' id='par_1_22' title="bbox 411 2276 1999 2349">
     <span class='ocr_line' id='line_1_22' title="bbox 411 2276 1999 2349; baseline 0.009 -20"><span class='ocrx_word' id='word_1_166' title='bbox 411 2276 704 2331; x_wconf 65' lang='lat' dir='ltr'><strong>tuendum!</strong></span> <span class='ocrx_word' id='word_1_167' title='bbox 737 2276 842 2341; x_wconf 85' lang='lat' dir='ltr'><strong>ita,</strong></span> <span class='ocrx_word' id='word_1_168' title='bbox 867 2277 1067 2349; x_wconf 86' lang='lat' dir='ltr'><strong>inquit.</strong></span> <span class='ocrx_word' id='word_1_169' title='bbox 1087 2276 1271 2345; x_wconf 85' lang='lat' dir='ltr'><strong>Quare</strong></span> <span class='ocrx_word' id='word_1_170' title='bbox 1295 2281 1443 2337; x_wconf 87' lang='lat' dir='ltr'><strong>venit</strong></span> <span class='ocrx_word' id='word_1_171' title='bbox 1466 2281 1519 2336; x_wconf 89' lang='lat' dir='ltr'><strong>in</strong></span> <span class='ocrx_word' id='word_1_172' title='bbox 1544 2284 1811 2339; x_wconf 81' lang='lat' dir='ltr'><strong>mundum</strong></span> <span class='ocrx_word' id='word_1_173' title='bbox 1828 2286 1999 2343; x_wconf 70' lang='lat' dir='ltr'><strong>iPec-</strong></span> 
     </span>
    </p>
   </div>
   <div class='ocr_carea' id='block_1_23' title="bbox 408 2368 1990 2451">
    <p class='ocr_par' dir='ltr' id='par_1_23' title="bbox 408 2368 1990 2451">
     <span class='ocr_line' id='line_1_23' title="bbox 408 2368 1990 2451; baseline 0.011 -31"><span class='ocrx_word' id='word_1_174' title='bbox 408 2378 615 2423; x_wconf 80' lang='lat' dir='ltr'><strong>calores</strong></span> <span class='ocrx_word' id='word_1_175' title='bbox 646 2368 822 2425; x_wconf 76' lang='lat' dir='ltr'><strong>salsos</strong></span> <span class='ocrx_word' id='word_1_176' title='bbox 853 2369 1047 2439; x_wconf 79' lang='lat' dir='ltr'><strong>facere.</strong></span> <span class='ocrx_word' id='word_1_177' title='bbox 1081 2368 1224 2441; x_wconf 75' lang='lat' dir='ltr'><strong>Ergo</strong></span> <span class='ocrx_word' id='word_1_178' title='bbox 1242 2388 1404 2442; x_wconf 84' lang='lat' dir='ltr'><strong>quem</strong></span> <span class='ocrx_word' id='word_1_179' title='bbox 1437 2373 1622 2440; x_wconf 78' lang='lat' dir='ltr'><strong>oﬂ‘ers,</strong></span> <span class='ocrx_word' id='word_1_180' title='bbox 1651 2377 1816 2434; x_wconf 87' lang='lat' dir='ltr'><strong>habet</strong></span> <span class='ocrx_word' id='word_1_181' title='bbox 1842 2382 1990 2451; x_wconf 86' lang='lat' dir='ltr'><strong>quod</strong></span> 
     </span>
    </p>
   </div>
   <div class='ocr_carea' id='block_1_24' title="bbox 409 2459 1998 2533">
    <p class='ocr_par' dir='ltr' id='par_1_24' title="bbox 409 2459 1998 2533">
     <span class='ocr_line' id='line_1_24' title="bbox 409 2459 1998 2533; baseline 0.013 -24"><span class='ocrx_word' id='word_1_182' title='bbox 409 2459 462 2512; x_wconf 90' lang='lat' dir='ltr'><strong>iu</strong></span> <span class='ocrx_word' id='word_1_183' title='bbox 500 2459 592 2516; x_wconf 86' lang='lat' dir='ltr'><strong>illo</strong></span> <span class='ocrx_word' id='word_1_184' title='bbox 622 2461 836 2515; x_wconf 83' lang='lat' dir='ltr'><strong>salvum</strong></span> <span class='ocrx_word' id='word_1_185' title='bbox 885 2461 1014 2516; x_wconf 83' lang='lat' dir='ltr'><strong>fiat?</strong></span> <span class='ocrx_word' id='word_1_186' title='bbox 1063 2460 1120 2516; x_wconf 90' lang='lat' dir='ltr'><strong>Si</strong></span> <span class='ocrx_word' id='word_1_187' title='bbox 1151 2462 1394 2530; x_wconf 79' lang='lat' dir='ltr'><strong>dixeris,</strong></span> <span class='ocrx_word' id='word_1_188' title='bbox 1444 2463 1998 2533; x_wconf 81' lang='lat' dir='ltr'><strong>liabet;-coulitendo</strong></span> 
     </span>
    </p>
   </div>
   <div class='ocr_carea' id='block_1_25' title="bbox 405 2549 1780 2625">
    <p class='ocr_par' dir='ltr' id='par_1_25' title="bbox 405 2549 1780 2625">
     <span class='ocr_line' id='line_1_25' title="bbox 405 2549 1780 2625; baseline 0.008 -22"><span class='ocrx_word' id='word_1_189' title='bbox 405 2549 582 2605; x_wconf 84' lang='lat' dir='ltr'><strong>deles:</strong></span> <span class='ocrx_word' id='word_1_190' title='bbox 618 2551 667 2606; x_wconf 91' lang='lat' dir='ltr'><strong>si</strong></span> <span class='ocrx_word' id='word_1_191' title='bbox 696 2552 927 2618; x_wconf 82' lang='lat' dir='ltr'><strong>dixeris,</strong></span> <span class='ocrx_word' id='word_1_192' title='bbox 962 2551 1081 2608; x_wconf 86' lang='lat' dir='ltr'><strong>Non</strong></span> <span class='ocrx_word' id='word_1_193' title='bbox 1116 2553 1308 2622; x_wconf 83' lang='lat' dir='ltr'><strong>habet;</strong></span> <span class='ocrx_word' id='word_1_194' title='bbox 1336 2557 1585 2625; x_wconf 79' lang='lat' dir='ltr'><strong>negando</strong></span> <span class='ocrx_word' id='word_1_195' title='bbox 1609 2569 1780 2616; x_wconf 87' lang='lat' dir='ltr'><strong>tenes.</strong></span> 
     </span>
    </p>
   </div>
   <div class='ocr_carea' id='block_1_26' title="bbox 482 2638 1994 2721">
    <p class='ocr_par' dir='ltr' id='par_1_26' title="bbox 482 2638 1994 2721">
     <span class='ocr_line' id='line_1_26' title="bbox 482 2638 1994 2721; baseline 0.009 -27"><span class='ocrx_word' id='word_1_196' title='bbox 482 2638 710 2696; x_wconf 80' lang='lat' dir='ltr'><strong>CAPUT</strong></span> <span class='ocrx_word' id='word_1_197' title='bbox 723 2640 948 2698; x_wconf 77' lang='lat' dir='ltr'><strong>[IL—3.</strong></span> <span class='ocrx_word' id='word_1_198' title='bbox 969 2641 1167 2699; x_wconf 81' lang='lat' dir='ltr'><strong>Paulus</strong></span> <span class='ocrx_word' id='word_1_199' title='bbox 1184 2647 1434 2714; x_wconf 76' lang='lat' dir='ltr'><strong>quomodo</strong></span> <span class='ocrx_word' id='word_1_200' title='bbox 1449 2654 1764 2717; x_wconf 79' lang='lat' dir='ltr'><strong>peccatorum</strong></span> <span class='ocrx_word' id='word_1_201' title='bbox 1778 2652 1994 2721; x_wconf 79' lang='lat' dir='ltr'><strong>primus.</strong></span> 
     </span>
    </p>
   </div>
   <div class='ocr_carea' id='block_1_27' title="bbox 411 2727 1998 2812">
    <p class='ocr_par' dir='ltr' id='par_1_27' title="bbox 411 2727 1998 2812">
     <span class='ocr_line' id='line_1_27' title="bbox 411 2727 1998 2812; baseline 0.009 -29"><span class='ocrx_word' id='word_1_202' title='bbox 411 2756 484 2773; x_wconf 84' lang='lat'><strong>—-</strong></span> <span class='ocrx_word' id='word_1_203' title='bbox 508 2727 827 2795; x_wconf 71' lang='lat' dir='ltr'><strong>Peream-es.</strong></span> <span class='ocrx_word' id='word_1_204' title='bbox 880 2731 1083 2804; x_wconf 89' lang='lat' dir='ltr'><strong>inquit,</strong></span> <span class='ocrx_word' id='word_1_205' title='bbox 1136 2734 1302 2791; x_wconf 81' lang='lat' dir='ltr'><strong>salvas</strong></span> <span class='ocrx_word' id='word_1_206' title='bbox 1334 2740 1503 2808; x_wconf 80' lang='lat' dir='ltr'><strong>facere</strong></span> <span class='ocrx_word' id='word_1_207' title='bbox 1526 2779 1540 2805; x_wconf 89' lang='lat'><strong>,</strong></span> <span class='ocrx_word' id='word_1_208' title='bbox 1566 2748 1781 2809; x_wconf 73' lang='lat' dir='ltr'><strong>quarum</strong></span> <span class='ocrx_word' id='word_1_209' title='bbox 1805 2742 1998 2812; x_wconf 83' lang='lat' dir='ltr'><strong>primus</strong></span> 
     </span>
    </p>
   </div>
   <div class='ocr_carea' id='block_1_28' title="bbox 411 2823 1998 2899">
    <p class='ocr_par' dir='ltr' id='par_1_28' title="bbox 411 2823 1998 2899">
     <span class='ocr_line' id='line_1_28' title="bbox 411 2823 1998 2899; baseline 0.01 -26"><span class='ocrx_word' id='word_1_210' title='bbox 411 2832 658 2892; x_wconf 66' lang='lat' dir='ltr'><strong>qosum.</strong></span> <span class='ocrx_word' id='word_1_211' title='bbox 706 2823 844 2877; x_wconf 78' lang='lat' dir='ltr'><strong>Ante</strong></span> <span class='ocrx_word' id='word_1_212' title='bbox 881 2823 1102 2880; x_wconf 82' lang='lat' dir='ltr'><strong>Paulum</strong></span> <span class='ocrx_word' id='word_1_213' title='bbox 1132 2840 1239 2880; x_wconf 89' lang='lat' dir='ltr'><strong>non</strong></span> <span class='ocrx_word' id='word_1_214' title='bbox 1276 2836 1431 2884; x_wconf 88' lang='lat' dir='ltr'><strong>erant</strong></span> <span class='ocrx_word' id='word_1_215' title='bbox 1471 2832 1813 2899; x_wconf 80' lang='lat' dir='ltr'><strong>peccatores?</strong></span> <span class='ocrx_word' id='word_1_216' title='bbox 1838 2831 1998 2890; x_wconf 85' lang='lat' dir='ltr'><strong>Certe</strong></span> 
     </span>
    </p>
   </div>
   <div class='ocr_carea' id='block_1_29' title="bbox 410 2910 1994 2988">
    <p class='ocr_par' dir='ltr' id='par_1_29' title="bbox 410 2910 1994 2988">
     <span class='ocr_line' id='line_1_29' title="bbox 410 2910 1994 2988; baseline 0.009 -23"><span class='ocrx_word' id='word_1_217' title='bbox 410 2910 497 2965; x_wconf 71' lang='lat' dir='ltr'><strong>vel</strong></span> <span class='ocrx_word' id='word_1_218' title='bbox 517 2910 630 2980; x_wconf 82' lang='lat' dir='ltr'><strong>ipse</strong></span> <span class='ocrx_word' id='word_1_219' title='bbox 656 2912 823 2968; x_wconf 79' lang='lat' dir='ltr'><strong>Adam</strong></span> <span class='ocrx_word' id='word_1_220' title='bbox 843 2921 968 2969; x_wconf 87' lang='lat' dir='ltr'><strong>ante</strong></span> <span class='ocrx_word' id='word_1_221' title='bbox 987 2930 1194 2983; x_wconf 89' lang='lat' dir='ltr'><strong>omnes,</strong></span> <span class='ocrx_word' id='word_1_222' title='bbox 1215 2925 1270 2972; x_wconf 88' lang='lat' dir='ltr'><strong>et</strong></span> <span class='ocrx_word' id='word_1_223' title='bbox 1290 2917 1443 2987; x_wconf 77' lang='lat' dir='ltr'><strong>plena</strong></span> <span class='ocrx_word' id='word_1_224' title='bbox 1472 2922 1835 2988; x_wconf 72' lang='lat' dir='ltr'><strong>peccatoribus</strong></span> <span class='ocrx_word' id='word_1_225' title='bbox 1854 2932 1994 2979; x_wconf 82' lang='lat' dir='ltr'><strong>terra</strong></span> 
     </span>
    </p>
   </div>
   <div class='ocr_carea' id='block_1_30' title="bbox 413 2999 1994 3079">
    <p class='ocr_par' dir='ltr' id='par_1_30' title="bbox 413 2999 1994 3079">
     <span class='ocr_line' id='line_1_30' title="bbox 413 2999 1994 3079; baseline 0.009 -22"><span class='ocrx_word' id='word_1_226' title='bbox 413 2999 588 3058; x_wconf 83' lang='lat' dir='ltr'><strong>deleta</strong></span> <span class='ocrx_word' id='word_1_227' title='bbox 612 3003 834 3072; x_wconf 87' lang='lat' dir='ltr'><strong>diluvio,</strong></span> <span class='ocrx_word' id='word_1_228' title='bbox 873 3012 930 3062; x_wconf 84' lang='lat' dir='ltr'><strong>et</strong></span> <span class='ocrx_word' id='word_1_229' title='bbox 960 3005 1215 3078; x_wconf 75' lang='lat' dir='ltr'><strong>deinceps</strong></span> <span class='ocrx_word' id='word_1_230' title='bbox 1240 3024 1400 3079; x_wconf 81' lang='lat' dir='ltr'><strong>quam</strong></span> <span class='ocrx_word' id='word_1_231' title='bbox 1429 3009 1603 3066; x_wconf 87' lang='lat' dir='ltr'><strong>multi.</strong></span> <span class='ocrx_word' id='word_1_232' title='bbox 1631 3011 1785 3069; x_wconf 85' lang='lat' dir='ltr'><strong>Unde</strong></span> <span class='ocrx_word' id='word_1_233' title='bbox 1810 3030 1994 3071; x_wconf 82' lang='lat' dir='ltr'><strong>verum</strong></span> 
     </span>
    </p>
   </div>
   <div class='ocr_carea' id='block_1_31' title="bbox 410 3095 1994 3172">
    <p class='ocr_par' dir='ltr' id='par_1_31' title="bbox 410 3095 1994 3172">
     <span class='ocr_line' id='line_1_31' title="bbox 410 3095 1994 3172; baseline 0.008 -23"><span class='ocrx_word' id='word_1_234' title='bbox 410 3102 515 3161; x_wconf 78' lang='lat' dir='ltr'><strong>est,</strong></span> <span class='ocrx_word' id='word_1_235' title='bbox 546 3110 636 3166; x_wconf 73' lang='lat' dir='ltr'><strong>ego</strong></span> <span class='ocrx_word' id='word_1_236' title='bbox 660 3095 854 3165; x_wconf 72' lang='lat' dir='ltr'><strong>primis</strong></span> <span class='ocrx_word' id='word_1_237' title='bbox 880 3098 1030 3152; x_wconf 69' lang='lat' dir='ltr'><strong>sum?</strong></span> <span class='ocrx_word' id='word_1_238' title='bbox 1056 3097 1290 3153; x_wconf 86' lang='lat' dir='ltr'><strong>Primum</strong></span> <span class='ocrx_word' id='word_1_239' title='bbox 1328 3113 1389 3155; x_wconf 85' lang='lat' dir='ltr'><strong>se</strong></span> <span class='ocrx_word' id='word_1_240' title='bbox 1416 3098 1549 3155; x_wconf 78' lang='lat' dir='ltr'><strong>dixit</strong></span> <span class='ocrx_word' id='word_1_241' title='bbox 1566 3142 1579 3163; x_wconf 84' lang='lat'><em>.</em></span> <span class='ocrx_word' id='word_1_242' title='bbox 1611 3116 1719 3159; x_wconf 82' lang='lat' dir='ltr'><strong>non</strong></span> <span class='ocrx_word' id='word_1_243' title='bbox 1744 3113 1994 3172; x_wconf 82' lang='lat' dir='ltr'><strong>peccato-</strong></span> 
     </span>
    </p>
   </div>
   <div class='ocr_carea' id='block_1_32' title="bbox 411 3185 1993 3265">
    <p class='ocr_par' dir='ltr' id='par_1_32' title="bbox 411 3185 1993 3265">
     <span class='ocr_line' id='line_1_32' title="bbox 411 3185 1993 3265; baseline 0.009 -25"><span class='ocrx_word' id='word_1_244' title='bbox 411 3201 533 3241; x_wconf 84' lang='lat' dir='ltr'><strong>rum</strong></span> <span class='ocrx_word' id='word_1_245' title='bbox 560 3185 769 3255; x_wconf 86' lang='lat' dir='ltr'><strong>ordine,</strong></span> <span class='ocrx_word' id='word_1_246' title='bbox 795 3188 891 3244; x_wconf 86' lang='lat' dir='ltr'><strong>sed</strong></span> <span class='ocrx_word' id='word_1_247' title='bbox 919 3191 1119 3260; x_wconf 87' lang='lat' dir='ltr'><strong>peccati</strong></span> <span class='ocrx_word' id='word_1_248' title='bbox 1160 3190 1537 3265; x_wconf 71' lang='lat' dir='ltr'><strong>magnitudine.</strong></span> <span class='ocrx_word' id='word_1_249' title='bbox 1575 3192 1993 3264; x_wconf 68' lang='lat' dir='ltr'><strong>Magnitudinem</strong></span> 
     </span>
    </p>
   </div>
   <div class='ocr_carea' id='block_1_33' title="bbox 410 3278 1994 3355">
    <p class='ocr_par' dir='ltr' id='par_1_33' title="bbox 410 3278 1994 3355">
     <span class='ocr_line' id='line_1_33' title="bbox 410 3278 1994 3355; baseline 0.009 -25"><span class='ocrx_word' id='word_1_250' title='bbox 410 3278 615 3348; x_wconf 88' lang='lat' dir='ltr'><strong>peccati</strong></span> <span class='ocrx_word' id='word_1_251' title='bbox 652 3278 733 3334; x_wconf 89' lang='lat' dir='ltr'><strong>sui</strong></span> <span class='ocrx_word' id='word_1_252' title='bbox 760 3279 1017 3345; x_wconf 78' lang='lat' dir='ltr'><strong>attendit,</strong></span> <span class='ocrx_word' id='word_1_253' title='bbox 1039 3279 1182 3337; x_wconf 82' lang='lat' dir='ltr'><strong>unde</strong></span> <span class='ocrx_word' id='word_1_254' title='bbox 1218 3297 1281 3338; x_wconf 87' lang='lat' dir='ltr'><strong>se</strong></span> <span class='ocrx_word' id='word_1_255' title='bbox 1324 3283 1550 3353; x_wconf 87' lang='lat' dir='ltr'><strong>primum</strong></span> <span class='ocrx_word' id='word_1_256' title='bbox 1576 3283 1708 3339; x_wconf 77' lang='lat' dir='ltr'><strong>dixit</strong></span> <span class='ocrx_word' id='word_1_257' title='bbox 1745 3297 1994 3355; x_wconf 83' lang='lat' dir='ltr'><strong>peccato-</strong></span> 
     </span>
    </p>
   </div>
   <div class='ocr_carea' id='block_1_34' title="bbox 409 3370 1991 3447">
    <p class='ocr_par' dir='ltr' id='par_1_34' title="bbox 409 3370 1991 3447">
     <span class='ocr_line' id='line_1_34' title="bbox 409 3370 1991 3447; baseline 0.007 -24"><span class='ocrx_word' id='word_1_258' title='bbox 409 3384 565 3436; x_wconf 76' lang='lat' dir='ltr'><strong>rum;</strong></span> <span class='ocrx_word' id='word_1_259' title='bbox 587 3370 855 3441; x_wconf 67' lang='lat' dir='ltr'><strong>quosnodo</strong></span> <span class='ocrx_word' id='word_1_260' title='bbox 871 3371 1121 3428; x_wconf 82' lang='lat' dir='ltr'><strong>dicuntur</strong></span> <span class='ocrx_word' id='word_1_261' title='bbox 1142 3372 1282 3428; x_wconf 85' lang='lat' dir='ltr'><strong>inter</strong></span> <span class='ocrx_word' id='word_1_262' title='bbox 1301 3372 1607 3440; x_wconf 87' lang='lat' dir='ltr'><strong>advocatos,</strong></span> <span class='ocrx_word' id='word_1_263' title='bbox 1630 3376 1776 3432; x_wconf 89' lang='lat' dir='ltr'><strong>verbi</strong></span> <span class='ocrx_word' id='word_1_264' title='bbox 1792 3378 1991 3447; x_wconf 71' lang='lat' dir='ltr'><strong>gratia,</strong></span> 
     </span>
    </p>
   </div>
   <div class='ocr_carea' id='block_1_35' title="bbox 409 3459 1990 3533">
    <p class='ocr_par' dir='ltr' id='par_1_35' title="bbox 409 3459 1990 3533">
     <span class='ocr_line' id='line_1_35' title="bbox 409 3459 1990 3533; baseline 0.006 -19"><span class='ocrx_word' id='word_1_265' title='bbox 409 3459 569 3530; x_wconf 84' lang='lat' dir='ltr'><strong>primi</strong></span> <span class='ocrx_word' id='word_1_266' title='bbox 600 3478 616 3517; x_wconf 87' lang='lat'><strong>:</strong></span> <span class='ocrx_word' id='word_1_267' title='bbox 648 3460 852 3531; x_wconf 83' lang='lat' dir='ltr'><strong>primus</strong></span> <span class='ocrx_word' id='word_1_268' title='bbox 872 3459 1094 3531; x_wconf 79' lang='lat' dir='ltr'><strong>estistc,</strong></span> <span class='ocrx_word' id='word_1_269' title='bbox 1126 3476 1230 3517; x_wconf 90' lang='lat' dir='ltr'><strong>non</strong></span> <span class='ocrx_word' id='word_1_270' title='bbox 1259 3463 1381 3533; x_wconf 85' lang='lat' dir='ltr'><strong>quia</strong></span> <span class='ocrx_word' id='word_1_271' title='bbox 1409 3464 1591 3533; x_wconf 90' lang='lat' dir='ltr'><strong>plures</strong></span> <span class='ocrx_word' id='word_1_272' title='bbox 1618 3478 1787 3522; x_wconf 87' lang='lat' dir='ltr'><strong>annos</strong></span> <span class='ocrx_word' id='word_1_273' title='bbox 1808 3467 1990 3530; x_wconf 88' lang='lat' dir='ltr'><strong>habet.</strong></span> 
     </span>
    </p>
   </div>
   <div class='ocr_carea' id='block_1_36' title="bbox 409 3552 1995 3628">
    <p class='ocr_par' dir='ltr' id='par_1_36' title="bbox 409 3552 1995 3628">
     <span class='ocr_line' id='line_1_36' title="bbox 409 3552 1995 3628; baseline 0.008 -21"><span class='ocrx_word' id='word_1_274' title='bbox 409 3567 478 3607; x_wconf 76' lang='lat' dir='ltr'><strong>ex</strong></span> <span class='ocrx_word' id='word_1_275' title='bbox 518 3567 626 3623; x_wconf 87' lang='lat' dir='ltr'><strong>quo</strong></span> <span class='ocrx_word' id='word_1_276' title='bbox 660 3567 850 3609; x_wconf 84' lang='lat' dir='ltr'><strong>causas</strong></span> <span class='ocrx_word' id='word_1_277' title='bbox 884 3555 1028 3626; x_wconf 79' lang='lat' dir='ltr'><strong>agit;</strong></span> <span class='ocrx_word' id='word_1_278' title='bbox 1054 3552 1153 3610; x_wconf 89' lang='lat' dir='ltr'><strong>sed</strong></span> <span class='ocrx_word' id='word_1_279' title='bbox 1178 3555 1299 3624; x_wconf 86' lang='lat' dir='ltr'><strong>quia</strong></span> <span class='ocrx_word' id='word_1_280' title='bbox 1337 3569 1403 3611; x_wconf 79' lang='lat' dir='ltr'><strong>ex</strong></span> <span class='ocrx_word' id='word_1_281' title='bbox 1431 3572 1538 3626; x_wconf 90' lang='lat' dir='ltr'><strong>quo</strong></span> <span class='ocrx_word' id='word_1_282' title='bbox 1563 3559 1744 3628; x_wconf 74' lang='lat' dir='ltr'><strong>ctepit,</strong></span> <span class='ocrx_word' id='word_1_283' title='bbox 1771 3568 1995 3619; x_wconf 69' lang='lat' dir='ltr'><strong>omth</strong></span> 
     </span>
    </p>
   </div>
   <div class='ocr_carea' id='block_1_37' title="bbox 409 3642 1994 3717">
    <p class='ocr_par' dir='ltr' id='par_1_37' title="bbox 409 3642 1994 3717">
     <span class='ocr_line' id='line_1_37' title="bbox 409 3642 1994 3717; baseline 0.006 -21"><span class='ocrx_word' id='word_1_284' title='bbox 409 3643 700 3712; x_wconf 77' lang='lat' dir='ltr'><strong>superavit.</strong></span> <span class='ocrx_word' id='word_1_285' title='bbox 731 3642 880 3698; x_wconf 89' lang='lat' dir='ltr'><strong>Dicat</strong></span> <span class='ocrx_word' id='word_1_286' title='bbox 902 3659 1033 3715; x_wconf 68' lang='lat' dir='ltr'><strong>ergo</strong></span> <span class='ocrx_word' id='word_1_287' title='bbox 1050 3644 1334 3714; x_wconf 83' lang='lat' dir='ltr'><strong>Apostolus</strong></span> <span class='ocrx_word' id='word_1_288' title='bbox 1355 3645 1461 3701; x_wconf 86' lang='lat' dir='ltr'><strong>alio</strong></span> <span class='ocrx_word' id='word_1_289' title='bbox 1484 3646 1604 3701; x_wconf 92' lang='lat' dir='ltr'><strong>loco</strong></span> <span class='ocrx_word' id='word_1_290' title='bbox 1624 3647 1765 3704; x_wconf 88' lang='lat' dir='ltr'><strong>unde</strong></span> <span class='ocrx_word' id='word_1_291' title='bbox 1788 3649 1994 3717; x_wconf 85' lang='lat' dir='ltr'><strong>primus</strong></span> 
     </span>
    </p>
   </div>
   <div class='ocr_carea' id='block_1_38' title="bbox 408 3730 1991 3809">
    <p class='ocr_par' dir='ltr' id='par_1_38' title="bbox 408 3730 1991 3809">
     <span class='ocr_line' id='line_1_38' title="bbox 408 3730 1991 3809; baseline 0.004 -23"><span class='ocrx_word' id='word_1_292' title='bbox 408 3731 481 3786; x_wconf 83' lang='lat' dir='ltr'><strong>sit</strong></span> <span class='ocrx_word' id='word_1_293' title='bbox 504 3740 838 3803; x_wconf 81' lang='lat' dir='ltr'><strong>peccatorum</strong></span> <span class='ocrx_word' id='word_1_294' title='bbox 864 3750 879 3787; x_wconf 90' lang='lat'><strong>:</strong></span> <span class='ocrx_word' id='word_1_295' title='bbox 911 3730 1042 3804; x_wconf 79' lang='lat' dir='ltr'><strong>Ego,</strong></span> <span class='ocrx_word' id='word_1_296' title='bbox 1066 3731 1255 3806; x_wconf 67' lang='lat' dir='ltr'><strong>inquit.</strong></span> <span class='ocrx_word' id='word_1_297' title='bbox 1287 3750 1400 3788; x_wconf 85' lang='lat' dir='ltr'><strong>sum</strong></span> <span class='ocrx_word' id='word_1_298' title='bbox 1437 3735 1736 3791; x_wconf 82' lang='lat' dir='ltr'><strong>novissimus</strong></span> <span class='ocrx_word' id='word_1_299' title='bbox 1770 3738 1991 3809; x_wconf 77' lang='lat' dir='ltr'><strong>Aposto-</strong></span> 
     </span>
    </p>
   </div>
   <div class='ocr_carea' id='block_1_39' title="bbox 410 3822 1996 3899">
    <p class='ocr_par' dir='ltr' id='par_1_39' title="bbox 410 3822 1996 3899">
     <span class='ocr_line' id='line_1_39' title="bbox 410 3822 1996 3899; baseline 0.004 -23"><span class='ocrx_word' id='word_1_300' title='bbox 410 3825 577 3877; x_wconf 70' lang='lat' dir='ltr'><strong>lorum</strong></span> <span class='ocrx_word' id='word_1_301' title='bbox 594 3864 611 3890; x_wconf 93' lang='lat'><strong>,</strong></span> <span class='ocrx_word' id='word_1_302' title='bbox 640 3824 725 3895; x_wconf 77' lang='lat' dir='ltr'><strong>qui</strong></span> <span class='ocrx_word' id='word_1_303' title='bbox 763 3840 862 3878; x_wconf 80' lang='lat' dir='ltr'><strong>non</strong></span> <span class='ocrx_word' id='word_1_304' title='bbox 886 3840 998 3879; x_wconf 80' lang='lat' dir='ltr'><strong>sum</strong></span> <span class='ocrx_word' id='word_1_305' title='bbox 1023 3822 1203 3892; x_wconf 81' lang='lat' dir='ltr'><strong>dignus</strong></span> <span class='ocrx_word' id='word_1_306' title='bbox 1231 3824 1399 3878; x_wconf 77' lang='lat' dir='ltr'><strong>uocari</strong></span> <span class='ocrx_word' id='word_1_307' title='bbox 1425 3826 1703 3894; x_wconf 75' lang='lat' dir='ltr'><strong>apostolus,</strong></span> <span class='ocrx_word' id='word_1_308' title='bbox 1734 3828 1853 3898; x_wconf 73' lang='lat' dir='ltr'><strong>quia</strong></span> <span class='ocrx_word' id='word_1_309' title='bbox 1878 3844 1996 3899; x_wconf 80' lang='lat' dir='ltr'><strong>pcr-</strong></span> 
     </span>
    </p>
   </div>
   <div class='ocr_carea' id='block_1_40' title="bbox 408 3910 1994 3986">
    <p class='ocr_par' dir='ltr' id='par_1_40' title="bbox 408 3910 1994 3986">
     <span class='ocr_line' id='line_1_40' title="bbox 408 3910 1994 3986; baseline 0.006 -21"><span class='ocrx_word' id='word_1_310' title='bbox 408 3922 609 3967; x_wconf 83' lang='lat' dir='ltr'><strong>secutus</strong></span> <span class='ocrx_word' id='word_1_311' title='bbox 633 3928 743 3967; x_wconf 76' lang='lat' dir='ltr'><strong>sum</strong></span> <span class='ocrx_word' id='word_1_312' title='bbox 773 3911 1053 3967; x_wconf 75' lang='lat' dir='ltr'><strong>Ecclesium</strong></span> <span class='ocrx_word' id='word_1_313' title='bbox 1080 3911 1175 3966; x_wconf 69' lang='lat' dir='ltr'><strong>Dei</strong></span> <span class='ocrx_word' id='word_1_314' title='bbox 1204 3912 1248 3979; x_wconf 92' lang='grc'><strong>(1</strong></span> <span class='ocrx_word' id='word_1_315' title='bbox 1266 3910 1388 3969; x_wconf 69' lang='lat' dir='ltr'><strong>Cor&#39;.</strong></span> <span class='ocrx_word' id='word_1_316' title='bbox 1412 3929 1497 3979; x_wconf 81' lang='lat' dir='ltr'><strong>xv,</strong></span> <span class='ocrx_word' id='word_1_317' title='bbox 1525 3914 1605 3986; x_wconf 83' lang='lat'><strong>9).</strong></span> <span class='ocrx_word' id='word_1_318' title='bbox 1637 3914 1804 3970; x_wconf 85' lang='lat' dir='ltr'><strong>Nemo</strong></span> <span class='ocrx_word' id='word_1_319' title='bbox 1819 3918 1994 3974; x_wconf 90' lang='lat' dir='ltr'><strong>acrior</strong></span> 
     </span>
    </p>
   </div>
   <div class='ocr_carea' id='block_1_41' title="bbox 410 4002 1988 4075">
    <p class='ocr_par' dir='ltr' id='par_1_41' title="bbox 410 4002 1988 4075">
     <span class='ocr_line' id='line_1_41' title="bbox 410 4002 1988 4075; baseline 0.005 -19"><span class='ocrx_word' id='word_1_320' title='bbox 410 4002 555 4057; x_wconf 87' lang='lat' dir='ltr'><strong>inter</strong></span> <span class='ocrx_word' id='word_1_321' title='bbox 594 4011 967 4073; x_wconf 88' lang='lat' dir='ltr'><strong>persecutores</strong></span> <span class='ocrx_word' id='word_1_322' title='bbox 990 4021 1003 4057; x_wconf 92' lang='lat'>:</span> <span class='ocrx_word' id='word_1_323' title='bbox 1024 4017 1152 4074; x_wconf 81' lang='lat' dir='ltr'><strong>ergo</strong></span> <span class='ocrx_word' id='word_1_324' title='bbox 1168 4018 1326 4059; x_wconf 89' lang='lat' dir='ltr'><strong>nemo</strong></span> <span class='ocrx_word' id='word_1_325' title='bbox 1349 4004 1492 4073; x_wconf 84' lang='lat' dir='ltr'><strong>prior</strong></span> <span class='ocrx_word' id='word_1_326' title='bbox 1508 4004 1646 4061; x_wconf 88' lang='lat' dir='ltr'><strong>inter</strong></span> <span class='ocrx_word' id='word_1_327' title='bbox 1661 4015 1988 4075; x_wconf 85' lang='lat' dir='ltr'><strong>peccatores.</strong></span> 
     </span>
    </p>
   </div>
   <div class='ocr_carea' id='block_1_42' title="bbox 477 4090 1993 4167">
    <p class='ocr_par' dir='ltr' id='par_1_42' title="bbox 477 4090 1993 4167">
     <span class='ocr_line' id='line_1_42' title="bbox 477 4090 1993 4167; baseline 0.003 -19"><span class='ocrx_word' id='word_1_328' title='bbox 477 4090 704 4153; x_wconf 83' lang='lat' dir='ltr'><strong>CAPUT</strong></span> <span class='ocrx_word' id='word_1_329' title='bbox 741 4092 828 4151; x_wconf 78' lang='lat' dir='ltr'><strong>iV.</strong></span> <span class='ocrx_word' id='word_1_330' title='bbox 853 4124 926 4136; x_wconf 90' lang='lat'><strong>—-</strong></span> <span class='ocrx_word' id='word_1_331' title='bbox 948 4095 1003 4150; x_wconf 70' lang='lat'><strong>4.</strong></span> <span class='ocrx_word' id='word_1_332' title='bbox 1027 4093 1094 4150; x_wconf 84' lang='lat' dir='ltr'><strong>In</strong></span> <span class='ocrx_word' id='word_1_333' title='bbox 1121 4093 1274 4149; x_wconf 83' lang='lat' dir='ltr'><strong>Pauli</strong></span> <span class='ocrx_word' id='word_1_334' title='bbox 1295 4093 1552 4153; x_wconf 78' lang='lat' dir='ltr'><strong>curatione</strong></span> <span class='ocrx_word' id='word_1_335' title='bbox 1577 4112 1692 4167; x_wconf 83' lang='lat' dir='ltr'><strong>spes</strong></span> <span class='ocrx_word' id='word_1_336' title='bbox 1708 4097 1889 4153; x_wconf 74' lang='lat' dir='ltr'><strong>salutis</strong></span> <span class='ocrx_word' id='word_1_337' title='bbox 1913 4098 1993 4153; x_wconf 86' lang='lat' dir='ltr'><strong>al-</strong></span> 
     </span>
    </p>
   </div>
   <div class='ocr_carea' id='block_1_43' title="bbox 404 4184 1991 4258">
    <p class='ocr_par' dir='ltr' id='par_1_43' title="bbox 404 4184 1991 4258">
     <span class='ocr_line' id='line_1_43' title="bbox 404 4184 1991 4258; baseline 0.003 -17"><span class='ocrx_word' id='word_1_338' title='bbox 404 4187 515 4241; x_wconf 78' lang='lat' dir='ltr'><strong>lata</strong></span> <span class='ocrx_word' id='word_1_339' title='bbox 543 4184 1026 4257; x_wconf 80' lang='lat' dir='ltr'><strong>desperatis.—Sed</strong></span> <span class='ocrx_word' id='word_1_340' title='bbox 1061 4185 1477 4250; x_wconf 79' lang='lat' dir='ltr'><strong>misericordiam,</strong></span> <span class='ocrx_word' id='word_1_341' title='bbox 1497 4187 1991 4258; x_wconf 82' lang='lat' dir='ltr'><strong>inquit.cousecutus</strong></span> 
     </span>
    </p>
   </div>
   <div class='ocr_carea' id='block_1_44' title="bbox 404 4274 1992 4351">
    <p class='ocr_par' dir='ltr' id='par_1_44' title="bbox 404 4274 1992 4351">
     <span class='ocr_line' id='line_1_44' title="bbox 404 4274 1992 4351; baseline 0.005 -23"><span class='ocrx_word' id='word_1_342' title='bbox 404 4290 541 4328; x_wconf 70' lang='lat' dir='ltr'><strong>sum.</strong></span> <span class='ocrx_word' id='word_1_343' title='bbox 571 4274 638 4330; x_wconf 86' lang='lat' dir='ltr'><strong>Et</strong></span> <span class='ocrx_word' id='word_1_344' title='bbox 665 4290 830 4345; x_wconf 86' lang='lat' dir='ltr'><strong>quare</strong></span> <span class='ocrx_word' id='word_1_345' title='bbox 859 4276 928 4330; x_wconf 87' lang='lat' dir='ltr'><strong>sit</strong></span> <span class='ocrx_word' id='word_1_346' title='bbox 950 4276 1365 4332; x_wconf 87' lang='lat' dir='ltr'><strong>misericordiam</strong></span> <span class='ocrx_word' id='word_1_347' title='bbox 1394 4288 1711 4334; x_wconf 87' lang='lat' dir='ltr'><strong>consecutus</strong></span> <span class='ocrx_word' id='word_1_348' title='bbox 1729 4321 1746 4346; x_wconf 88' lang='lat'><strong>,</strong></span> <span class='ocrx_word' id='word_1_349' title='bbox 1768 4281 1992 4351; x_wconf 74' lang='lat' dir='ltr'><strong>exponit</strong></span> 
     </span>
    </p>
   </div>
   <div class='ocr_carea' id='block_1_45' title="bbox 404 4364 1991 4435">
    <p class='ocr_par' dir='ltr' id='par_1_45' title="bbox 404 4364 1991 4435">
     <span class='ocr_line' id='line_1_45' title="bbox 404 4364 1991 4435; baseline 0.006 -15"><span class='ocrx_word' id='word_1_350' title='bbox 404 4379 622 4421; x_wconf 84' lang='lat' dir='ltr'><strong>causam</strong></span> <span class='ocrx_word' id='word_1_351' title='bbox 647 4383 663 4421; x_wconf 83' lang='lat'><strong>:</strong></span> <span class='ocrx_word' id='word_1_352' title='bbox 688 4364 757 4420; x_wconf 77' lang='lat' dir='ltr'><strong>Ut</strong></span> <span class='ocrx_word' id='word_1_353' title='bbox 781 4364 835 4420; x_wconf 78' lang='lat' dir='ltr'><strong>in</strong></span> <span class='ocrx_word' id='word_1_354' title='bbox 866 4381 982 4430; x_wconf 80' lang='lat' dir='ltr'><strong>me,</strong></span> <span class='ocrx_word' id='word_1_355' title='bbox 1024 4365 1226 4435; x_wconf 85' lang='lat' dir='ltr'><strong>inquit,</strong></span> <span class='ocrx_word' id='word_1_356' title='bbox 1269 4368 1551 4424; x_wconf 79' lang='lat' dir='ltr'><strong>ostenderet</strong></span> <span class='ocrx_word' id='word_1_357' title='bbox 1578 4367 1808 4426; x_wconf 72' lang='lat' dir='ltr'><strong>Christus</strong></span> <span class='ocrx_word' id='word_1_358' title='bbox 1836 4369 1991 4429; x_wconf 73' lang='lat' dir='ltr'><strong>Iesus</strong></span> 
     </span>
    </p>
   </div>
   <div class='ocr_carea' id='block_1_46' title="bbox 404 4455 1991 4532">
    <p class='ocr_par' dir='ltr' id='par_1_46' title="bbox 404 4455 1991 4532">
     <span class='ocr_line' id='line_1_46' title="bbox 404 4455 1991 4532; baseline 0.006 -23"><span class='ocrx_word' id='word_1_359' title='bbox 404 4469 605 4509; x_wconf 67' lang='lat' dir='ltr'><strong>attinent</strong></span> <span class='ocrx_word' id='word_1_360' title='bbox 642 4455 1099 4523; x_wconf 76' lang='lat' dir='ltr'><strong>longauintitatem,</strong></span> <span class='ocrx_word' id='word_1_361' title='bbox 1141 4456 1211 4509; x_wconf 83' lang='lat' dir='ltr'><strong>ad</strong></span> <span class='ocrx_word' id='word_1_362' title='bbox 1240 4456 1646 4526; x_wconf 78' lang='lat' dir='ltr'><strong>informationem</strong></span> <span class='ocrx_word' id='word_1_363' title='bbox 1689 4476 1862 4516; x_wconf 77' lang='lat' dir='ltr'><strong>eorum</strong></span> <span class='ocrx_word' id='word_1_364' title='bbox 1901 4463 1991 4532; x_wconf 72' lang='lat' dir='ltr'><strong>qui</strong></span> 
     </span>
    </p>
   </div>
   <div class='ocr_carea' id='block_1_47' title="bbox 406 4542 1986 4625">
    <p class='ocr_par' dir='ltr' id='par_1_47' title="bbox 406 4542 1986 4625">
     <span class='ocr_line' id='line_1_47' title="bbox 406 4542 1986 4625; baseline 0.005 -24"><span class='ocrx_word' id='word_1_365' title='bbox 406 4542 650 4601; x_wconf 73' lang='lat' dir='ltr'><strong>credituri</strong></span> <span class='ocrx_word' id='word_1_366' title='bbox 670 4552 789 4599; x_wconf 77' lang='lat' dir='ltr'><strong>sunt</strong></span> <span class='ocrx_word' id='word_1_367' title='bbox 810 4544 889 4599; x_wconf 89' lang='lat' dir='ltr'><strong>illi</strong></span> <span class='ocrx_word' id='word_1_368' title='bbox 924 4545 978 4599; x_wconf 86' lang='lat' dir='ltr'><strong>in</strong></span> <span class='ocrx_word' id='word_1_369' title='bbox 1005 4544 1160 4599; x_wconf 79' lang='lat' dir='ltr'><strong>vitam</strong></span> <span class='ocrx_word' id='word_1_370' title='bbox 1185 4556 1447 4601; x_wconf 72' lang='lat' dir='ltr'><strong>wternam.</strong></span> <span class='ocrx_word' id='word_1_371' title='bbox 1477 4547 1720 4606; x_wconf 84' lang='lat' dir='ltr'><strong>Christus</strong></span> <span class='ocrx_word' id='word_1_372' title='bbox 1736 4593 1753 4619; x_wconf 97' lang='lat'><strong>,</strong></span> <span class='ocrx_word' id='word_1_373' title='bbox 1782 4551 1986 4625; x_wconf 81' lang='lat' dir='ltr'><strong>inquit,</strong></span> 
     </span>
    </p>
   </div>
   <div class='ocr_carea' id='block_1_48' title="bbox 404 4632 1985 4714">
    <p class='ocr_par' dir='ltr' id='par_1_48' title="bbox 404 4632 1985 4714">
     <span class='ocr_line' id='line_1_48' title="bbox 404 4632 1985 4714; baseline 0.006 -23"><span class='ocrx_word' id='word_1_374' title='bbox 404 4635 625 4691; x_wconf 77' lang='lat' dir='ltr'><strong>damnis</strong></span> <span class='ocrx_word' id='word_1_375' title='bbox 666 4632 875 4690; x_wconf 82' lang='lat' dir='ltr'><strong>veniam</strong></span> <span class='ocrx_word' id='word_1_376' title='bbox 918 4635 1191 4691; x_wconf 86' lang='lat' dir='ltr'><strong>conversis</strong></span> <span class='ocrx_word' id='word_1_377' title='bbox 1230 4634 1299 4691; x_wconf 87' lang='lat' dir='ltr'><strong>ad</strong></span> <span class='ocrx_word' id='word_1_378' title='bbox 1326 4651 1385 4691; x_wconf 86' lang='lat' dir='ltr'><strong>se</strong></span> <span class='ocrx_word' id='word_1_379' title='bbox 1410 4638 1777 4707; x_wconf 84' lang='lat' dir='ltr'><strong>peccatoribus</strong></span> <span class='ocrx_word' id='word_1_380' title='bbox 1814 4658 1985 4714; x_wconf 84' lang='lat' dir='ltr'><strong>usque</strong></span> 
     </span>
    </p>
   </div>
   <div class='ocr_carea' id='block_1_49' title="bbox 404 4725 1983 4804">
    <p class='ocr_par' dir='ltr' id='par_1_49' title="bbox 404 4725 1983 4804">
     <span class='ocr_line' id='line_1_49' title="bbox 404 4725 1983 4804; baseline 0.004 -22"><span class='ocrx_word' id='word_1_381' title='bbox 404 4727 471 4782; x_wconf 89' lang='lat' dir='ltr'><strong>ad</strong></span> <span class='ocrx_word' id='word_1_382' title='bbox 495 4726 738 4783; x_wconf 88' lang='lat' dir='ltr'><strong>inimicos</strong></span> <span class='ocrx_word' id='word_1_383' title='bbox 758 4739 901 4793; x_wconf 85' lang='lat' dir='ltr'><strong>suos,</strong></span> <span class='ocrx_word' id='word_1_384' title='bbox 921 4741 1008 4781; x_wconf 83' lang='lat' dir='ltr'><strong>me</strong></span> <span class='ocrx_word' id='word_1_385' title='bbox 1028 4725 1200 4798; x_wconf 83' lang='lat' dir='ltr'><strong>primo</strong></span> <span class='ocrx_word' id='word_1_386' title='bbox 1214 4726 1377 4799; x_wconf 70' lang='lat' dir='ltr'><strong>elegit</strong></span> <span class='ocrx_word' id='word_1_387' title='bbox 1395 4727 1658 4785; x_wconf 88' lang='lat' dir='ltr'><strong>acriorem</strong></span> <span class='ocrx_word' id='word_1_388' title='bbox 1682 4730 1983 4804; x_wconf 87' lang='lat' dir='ltr'><strong>inimicum;</strong></span> 
     </span>
    </p>
   </div>
   <div class='ocr_carea' id='block_1_50' title="bbox 402 4816 1988 4891">
    <p class='ocr_par' dir='ltr' id='par_1_50' title="bbox 402 4816 1988 4891">
     <span class='ocr_line' id='line_1_50' title="bbox 402 4816 1988 4891; baseline 0.005 -18"><span class='ocrx_word' id='word_1_389' title='bbox 402 4832 564 4889; x_wconf 84' lang='lat' dir='ltr'><strong>quem</strong></span> <span class='ocrx_word' id='word_1_390' title='bbox 590 4832 714 4874; x_wconf 90' lang='lat' dir='ltr'><strong>cum</strong></span> <span class='ocrx_word' id='word_1_391' title='bbox 749 4826 995 4882; x_wconf 86' lang='lat' dir='ltr'><strong>sanaret,</strong></span> <span class='ocrx_word' id='word_1_392' title='bbox 1028 4832 1186 4874; x_wconf 88' lang='lat' dir='ltr'><strong>nemo</strong></span> <span class='ocrx_word' id='word_1_393' title='bbox 1209 4816 1262 4874; x_wconf 89' lang='lat' dir='ltr'><strong>in</strong></span> <span class='ocrx_word' id='word_1_394' title='bbox 1290 4819 1500 4875; x_wconf 74' lang='lat' dir='ltr'><strong>caneris</strong></span> <span class='ocrx_word' id='word_1_395' title='bbox 1526 4817 1854 4891; x_wconf 84' lang='lat' dir='ltr'><strong>desperaret.</strong></span> <span class='ocrx_word' id='word_1_396' title='bbox 1884 4823 1988 4881; x_wconf 83' lang='lat' dir='ltr'><strong>Fa-</strong></span> 
     </span>
    </p>
   </div>
   <div class='ocr_carea' id='block_1_51' title="bbox 403 4906 1984 4979">
    <p class='ocr_par' dir='ltr' id='par_1_51' title="bbox 403 4906 1984 4979">
     <span class='ocr_line' id='line_1_51' title="bbox 403 4906 1984 4979; baseline 0.004 -15"><span class='ocrx_word' id='word_1_397' title='bbox 403 4908 556 4965; x_wconf 88' lang='lat' dir='ltr'><strong>ciunt</strong></span> <span class='ocrx_word' id='word_1_398' title='bbox 599 4907 700 4964; x_wconf 87' lang='lat' dir='ltr'><strong>hoc</strong></span> <span class='ocrx_word' id='word_1_399' title='bbox 741 4906 974 4964; x_wconf 84' lang='lat' dir='ltr'><strong>medici:</strong></span> <span class='ocrx_word' id='word_1_400' title='bbox 1006 4907 1220 4979; x_wconf 76' lang='lat' dir='ltr'><strong>quando</strong></span> <span class='ocrx_word' id='word_1_401' title='bbox 1264 4908 1331 4964; x_wconf 89' lang='lat' dir='ltr'><strong>ad</strong></span> <span class='ocrx_word' id='word_1_402' title='bbox 1374 4923 1440 4965; x_wconf 90' lang='lat' dir='ltr'><strong>ca</strong></span> <span class='ocrx_word' id='word_1_403' title='bbox 1484 4908 1598 4966; x_wconf 88' lang='lat' dir='ltr'><strong>loca</strong></span> <span class='ocrx_word' id='word_1_404' title='bbox 1642 4911 1862 4969; x_wconf 86' lang='lat' dir='ltr'><strong>veniunt</strong></span> <span class='ocrx_word' id='word_1_405' title='bbox 1895 4914 1984 4971; x_wconf 89' lang='lat' dir='ltr'><strong>ubi</strong></span> 
     </span>
    </p>
   </div>
   <div class='ocr_carea' id='block_1_52' title="bbox 403 4999 1983 5075">
    <p class='ocr_par' dir='ltr' id='par_1_52' title="bbox 403 4999 1983 5075">
     <span class='ocr_line' id='line_1_52' title="bbox 403 4999 1983 5075; baseline 0.003 -19"><span class='ocrx_word' id='word_1_406' title='bbox 403 4999 571 5071; x_wconf 72' lang='lat' dir='ltr'><strong>ignoti</strong></span> <span class='ocrx_word' id='word_1_407' title='bbox 596 5006 740 5065; x_wconf 87' lang='lat' dir='ltr'><strong>sunt,</strong></span> <span class='ocrx_word' id='word_1_408' title='bbox 765 5014 897 5070; x_wconf 87' lang='lat' dir='ltr'><strong>quos</strong></span> <span class='ocrx_word' id='word_1_409' title='bbox 919 5007 1106 5056; x_wconf 86' lang='lat' dir='ltr'><strong>curent</strong></span> <span class='ocrx_word' id='word_1_410' title='bbox 1131 4999 1377 5071; x_wconf 84' lang='lat' dir='ltr'><strong>primitus</strong></span> <span class='ocrx_word' id='word_1_411' title='bbox 1412 4999 1614 5073; x_wconf 71' lang='lat' dir='ltr'><strong>eligunt</strong></span> <span class='ocrx_word' id='word_1_412' title='bbox 1637 5001 1983 5075; x_wconf 82' lang='lat' dir='ltr'><strong>desperatos;</strong></span> 
     </span>
    </p>
   </div>
   <div class='ocr_carea' id='block_1_53' title="bbox 401 5090 1986 5160">
    <p class='ocr_par' dir='ltr' id='par_1_53' title="bbox 401 5090 1986 5160">
     <span class='ocr_line' id='line_1_53' title="bbox 401 5090 1986 5160; baseline 0.004 -12"><span class='ocrx_word' id='word_1_413' title='bbox 401 5100 462 5148; x_wconf 84' lang='lat' dir='ltr'><strong>ut</strong></span> <span class='ocrx_word' id='word_1_414' title='bbox 485 5091 538 5148; x_wconf 89' lang='lat' dir='ltr'><strong>in</strong></span> <span class='ocrx_word' id='word_1_415' title='bbox 563 5091 642 5146; x_wconf 86' lang='lat' dir='ltr'><strong>eis</strong></span> <span class='ocrx_word' id='word_1_416' title='bbox 667 5099 722 5148; x_wconf 91' lang='lat' dir='ltr'><strong>et</strong></span> <span class='ocrx_word' id='word_1_417' title='bbox 745 5090 1170 5149; x_wconf 81' lang='lat' dir='ltr'><strong>benevolentiam</strong></span> <span class='ocrx_word' id='word_1_418' title='bbox 1199 5100 1501 5160; x_wconf 78' lang='lat' dir='ltr'><strong>exerceant,</strong></span> <span class='ocrx_word' id='word_1_419' title='bbox 1531 5101 1586 5151; x_wconf 88' lang='lat' dir='ltr'><strong>et</strong></span> <span class='ocrx_word' id='word_1_420' title='bbox 1606 5096 1986 5155; x_wconf 66' lang='lat' dir='ltr'><strong>consentient</strong></span> 
     </span>
    </p>
   </div>
   <div class='ocr_carea' id='block_1_54' title="bbox 402 5179 1986 5255">
    <p class='ocr_par' dir='ltr' id='par_1_54' title="bbox 402 5179 1986 5255">
     <span class='ocr_line' id='line_1_54' title="bbox 402 5179 1986 5255; baseline 0.006 -20"><span class='ocrx_word' id='word_1_421' title='bbox 402 5181 742 5248; x_wconf 81' lang='lat' dir='ltr'><strong>doctrinam;</strong></span> <span class='ocrx_word' id='word_1_422' title='bbox 766 5189 824 5237; x_wconf 90' lang='lat' dir='ltr'><strong>ut</strong></span> <span class='ocrx_word' id='word_1_423' title='bbox 840 5179 1204 5253; x_wconf 78' lang='lat' dir='ltr'><strong>unusquisque</strong></span> <span class='ocrx_word' id='word_1_424' title='bbox 1232 5181 1284 5238; x_wconf 87' lang='lat' dir='ltr'><strong>in</strong></span> <span class='ocrx_word' id='word_1_425' title='bbox 1311 5181 1401 5238; x_wconf 88' lang='lat' dir='ltr'><strong>illo</strong></span> <span class='ocrx_word' id='word_1_426' title='bbox 1427 5181 1549 5239; x_wconf 88' lang='lat' dir='ltr'><strong>loco</strong></span> <span class='ocrx_word' id='word_1_427' title='bbox 1573 5180 1717 5240; x_wconf 85' lang='lat' dir='ltr'><strong>dicat</strong></span> <span class='ocrx_word' id='word_1_428' title='bbox 1736 5185 1986 5255; x_wconf 74' lang='lat' dir='ltr'><strong>proximo</strong></span> 
     </span>
    </p>
   </div>
   <div class='ocr_carea' id='block_1_55' title="bbox 399 5269 1976 5342">
    <p class='ocr_par' dir='ltr' id='par_1_55' title="bbox 399 5269 1976 5342">
     <span class='ocr_line' id='line_1_55' title="bbox 399 5269 1976 5342; baseline 0.004 -15"><span class='ocrx_word' id='word_1_429' title='bbox 399 5290 519 5335; x_wconf 66' lang='lat' dir='ltr'><strong>ﬁlitl,</strong></span> <span class='ocrx_word' id='word_1_430' title='bbox 552 5271 695 5329; x_wconf 83' lang='lat' dir='ltr'><strong>Vade</strong></span> <span class='ocrx_word' id='word_1_431' title='bbox 720 5271 788 5328; x_wconf 88' lang='lat' dir='ltr'><strong>ad</strong></span> <span class='ocrx_word' id='word_1_432' title='bbox 814 5269 961 5328; x_wconf 89' lang='lat' dir='ltr'><strong>illum</strong></span> <span class='ocrx_word' id='word_1_433' title='bbox 990 5271 1276 5338; x_wconf 84' lang='lat' dir='ltr'><strong>medicum.</strong></span> <span class='ocrx_word' id='word_1_434' title='bbox 1303 5286 1525 5331; x_wconf 83' lang='lat' dir='ltr'><strong>securus</strong></span> <span class='ocrx_word' id='word_1_435' title='bbox 1553 5283 1690 5342; x_wconf 78' lang='lat' dir='ltr'><strong>esto,</strong></span> <span class='ocrx_word' id='word_1_436' title='bbox 1722 5285 1876 5333; x_wconf 80' lang='lat' dir='ltr'><strong>sanat</strong></span> <span class='ocrx_word' id='word_1_437' title='bbox 1904 5287 1976 5335; x_wconf 87' lang='lat' dir='ltr'><strong>te.</strong></span> 
     </span>
    </p>
   </div>
   <div class='ocr_carea' id='block_1_56' title="bbox 400 5364 1982 5442">
    <p class='ocr_par' dir='ltr' id='par_1_56' title="bbox 400 5364 1982 5442">
     <span class='ocr_line' id='line_1_56' title="bbox 400 5364 1982 5442; baseline 0.006 -23"><span class='ocrx_word' id='word_1_438' title='bbox 400 5365 596 5430; x_wconf 78' lang='lat' dir='ltr'><strong>Etille,</strong></span> <span class='ocrx_word' id='word_1_439' title='bbox 628 5365 711 5422; x_wconf 73' lang='lat' dir='ltr'><strong>hic</strong></span> <span class='ocrx_word' id='word_1_440' title='bbox 748 5364 1078 5425; x_wconf 76' lang='lat' dir='ltr'><strong>sanatiNon</strong></span> <span class='ocrx_word' id='word_1_441' title='bbox 1123 5366 1274 5423; x_wconf 84' lang='lat' dir='ltr'><strong>vides</strong></span> <span class='ocrx_word' id='word_1_442' title='bbox 1309 5366 1436 5439; x_wconf 85' lang='lat' dir='ltr'><strong>quid</strong></span> <span class='ocrx_word' id='word_1_443' title='bbox 1479 5366 1822 5442; x_wconf 66' lang='grc' dir='ltr'><strong>μύει-21³3εο</strong></span> <span class='ocrx_word' id='word_1_444' title='bbox 1859 5373 1982 5428; x_wconf 88' lang='lat' dir='ltr'><strong>novi</strong></span> 
     </span>
    </p>
   </div>
   <div class='ocr_carea' id='block_1_57' title="bbox 398 5456 1984 5532">
    <p class='ocr_par' dir='ltr' id='par_1_57' title="bbox 398 5456 1984 5532">
     <span class='ocr_line' id='line_1_57' title="bbox 398 5456 1984 5532; baseline 0.005 -21"><span class='ocrx_word' id='word_1_445' title='bbox 398 5456 525 5525; x_wconf 81' lang='lat' dir='ltr'><strong>quid</strong></span> <span class='ocrx_word' id='word_1_446' title='bbox 554 5457 726 5514; x_wconf 87' lang='lat' dir='ltr'><strong>simile</strong></span> <span class='ocrx_word' id='word_1_447' title='bbox 753 5476 768 5513; x_wconf 87' lang='lat'><strong>:</strong></span> <span class='ocrx_word' id='word_1_448' title='bbox 794 5466 850 5513; x_wconf 93' lang='lat' dir='ltr'><strong>tu</strong></span> <span class='ocrx_word' id='word_1_449' title='bbox 893 5456 1034 5529; x_wconf 84' lang='lat' dir='ltr'><strong>quod</strong></span> <span class='ocrx_word' id='word_1_450' title='bbox 1076 5458 1269 5528; x_wconf 87' lang='lat' dir='ltr'><strong>pateris</strong></span> <span class='ocrx_word' id='word_1_451' title='bbox 1291 5499 1307 5525; x_wconf 92' lang='lat'><strong>,</strong></span> <span class='ocrx_word' id='word_1_452' title='bbox 1339 5467 1393 5515; x_wconf 91' lang='lat' dir='ltr'><strong>et</strong></span> <span class='ocrx_word' id='word_1_453' title='bbox 1412 5472 1511 5530; x_wconf 72' lang='lat' dir='ltr'><strong>ego</strong></span> <span class='ocrx_word' id='word_1_454' title='bbox 1538 5458 1752 5531; x_wconf 84' lang='lat' dir='ltr'><strong>quidem</strong></span> <span class='ocrx_word' id='word_1_455' title='bbox 1796 5476 1984 5532; x_wconf 85' lang='lat' dir='ltr'><strong>passus</strong></span> 
     </span>
    </p>
   </div>
   <div class='ocr_carea' id='block_1_58' title="bbox 397 5548 1982 5623">
    <p class='ocr_par' dir='ltr' id='par_1_58' title="bbox 397 5548 1982 5623">
     <span class='ocr_line' id='line_1_58' title="bbox 397 5548 1982 5623; baseline 0.006 -22"><span class='ocrx_word' id='word_1_456' title='bbox 397 5561 518 5602; x_wconf 74' lang='lat' dir='ltr'><strong>sum</strong></span> <span class='ocrx_word' id='word_1_457' title='bbox 542 5548 583 5601; x_wconf 79' lang='grc' dir='ltr'>ι.</span> <span class='ocrx_word' id='word_1_458' title='bbox 632 5548 723 5606; x_wconf 84' lang='lat' dir='ltr'><strong>Sic</strong></span> <span class='ocrx_word' id='word_1_459' title='bbox 746 5548 877 5605; x_wconf 89' lang='lat' dir='ltr'><strong>dicit</strong></span> <span class='ocrx_word' id='word_1_460' title='bbox 904 5548 1101 5606; x_wconf 85' lang='lat' dir='ltr'><strong>Paulus</strong></span> <span class='ocrx_word' id='word_1_461' title='bbox 1143 5550 1428 5623; x_wconf 88' lang='lat' dir='ltr'><strong>unicuique</strong></span> <span class='ocrx_word' id='word_1_462' title='bbox 1467 5561 1669 5623; x_wconf 72' lang='lat' dir='ltr'><strong>aegroto</strong></span> <span class='ocrx_word' id='word_1_463' title='bbox 1690 5593 1706 5619; x_wconf 91' lang='lat'><strong>,</strong></span> <span class='ocrx_word' id='word_1_464' title='bbox 1736 5561 1793 5608; x_wconf 90' lang='lat' dir='ltr'><strong>et</strong></span> <span class='ocrx_word' id='word_1_465' title='bbox 1833 5553 1900 5610; x_wconf 91' lang='lat' dir='ltr'><strong>de</strong></span> <span class='ocrx_word' id='word_1_466' title='bbox 1924 5569 1982 5611; x_wconf 86' lang='lat' dir='ltr'><strong>se</strong></span> 
     </span>
    </p>
   </div>
   <div class='ocr_carea' id='block_1_59' title="bbox 394 5679 1981 5795">
    <p class='ocr_par' dir='ltr' id='par_1_59' title="bbox 394 5679 1981 5795">
     <span class='ocr_line' id='line_1_59' title="bbox 394 5679 1981 5795; baseline 0.002 -45"><span class='ocrx_word' id='word_1_467' title='bbox 394 5679 1981 5795; x_wconf 44' lang='grc' dir='ltr'><strong>ὠωοιοοησιὴίτηυῦιψοάραενῦενκορομωεω</strong></span> 
     </span>
    </p>
   </div>
   <div class='ocr_carea' id='block_1_60' title="bbox 1643 335 2444 398">
    <p class='ocr_par' dir='ltr' id='par_1_60' title="bbox 1643 335 2444 398">
     <span class='ocr_line' id='line_1_60' title="bbox 1643 335 2444 398; baseline -0.005 0"><span class='ocrx_word' id='word_1_468' title='bbox 1643 341 1701 398; x_wconf 74' lang='lat'><strong>3.</strong></span> <span class='ocrx_word' id='word_1_469' title='bbox 1742 335 2103 396; x_wconf 66' lang='grc' dir='ltr'><strong>Αυϐυετιὲιι</strong></span> <span class='ocrx_word' id='word_1_470' title='bbox 2142 336 2444 394; x_wconf 74' lang='grc' dir='ltr'><strong>ειηδεοιη</strong></span> 
     </span>
    </p>
   </div>
   <div class='ocr_carea' id='block_1_61' title="bbox 2103 452 3604 551">
    <p class='ocr_par' dir='ltr' id='par_1_61' title="bbox 2103 452 3604 551">
     <span class='ocr_line' id='line_1_61' title="bbox 2103 452 3604 551; baseline 0.021 -47"><span class='ocrx_word' id='word_1_471' title='bbox 2103 452 2294 510; x_wconf 80' lang='lat' dir='ltr'><strong>volenti</strong></span> <span class='ocrx_word' id='word_1_472' title='bbox 2331 454 2667 527; x_wconf 77' lang='lat' dir='ltr'><strong>desperare:</strong></span> <span class='ocrx_word' id='word_1_473' title='bbox 2696 458 2813 526; x_wconf 75' lang='lat' dir='ltr'><strong>Qui-</strong></span> <span class='ocrx_word' id='word_1_474' title='bbox 2834 462 3038 518; x_wconf 77' lang='lat' dir='ltr'><strong>curavit</strong></span> <span class='ocrx_word' id='word_1_475' title='bbox 3074 479 3159 521; x_wconf 86' lang='lat' dir='ltr'><strong>me</strong></span> <span class='ocrx_word' id='word_1_476' title='bbox 3180 508 3194 529; x_wconf 89' lang='lat'><strong>,</strong></span> <span class='ocrx_word' id='word_1_477' title='bbox 3224 470 3355 524; x_wconf 81' lang='lat' dir='ltr'><strong>misit</strong></span> <span class='ocrx_word' id='word_1_478' title='bbox 3373 487 3449 529; x_wconf 73' lang='lat' dir='ltr'><strong>me</strong></span> <span class='ocrx_word' id='word_1_479' title='bbox 3467 479 3527 533; x_wconf 79' lang='lat' dir='ltr'><strong>td</strong></span> <span class='ocrx_word' id='word_1_480' title='bbox 3543 489 3604 551; x_wconf 79' lang='lat' dir='ltr'><strong>te,</strong></span> 
     </span>
    </p>
   </div>
   <div class='ocr_carea' id='block_1_62' title="bbox 2099 546 3608 636">
    <p class='ocr_par' dir='ltr' id='par_1_62' title="bbox 2099 546 3608 636">
     <span class='ocr_line' id='line_1_62' title="bbox 2099 546 3608 636; baseline 0.017 -36"><span class='ocrx_word' id='word_1_481' title='bbox 2099 546 2318 602; x_wconf 61' lang='lat' dir='ltr'><strong>etdisit</strong></span> <span class='ocrx_word' id='word_1_482' title='bbox 2359 547 2630 614; x_wconf 59' lang='grc' dir='ltr'><strong>κείω,Ηῆ</strong></span> <span class='ocrx_word' id='word_1_483' title='bbox 2675 551 3237 623; x_wconf 73' lang='lat' dir='ltr'><strong>dcaperantivade,et</strong></span> <span class='ocrx_word' id='word_1_484' title='bbox 3274 560 3356 620; x_wconf 86' lang='lat' dir='ltr'><strong>die</strong></span> <span class='ocrx_word' id='word_1_485' title='bbox 3386 564 3495 636; x_wconf 81' lang='lat' dir='ltr'><strong>quid</strong></span> <span class='ocrx_word' id='word_1_486' title='bbox 3528 546 3608 630; x_wconf 69' lang='grc' dir='ltr'>ιιιζ</span> 
     </span>
    </p>
   </div>
   <div class='ocr_carea' id='block_1_63' title="bbox 2101 635 3611 721">
    <p class='ocr_par' dir='ltr' id='par_1_63' title="bbox 2101 635 3611 721">
     <span class='ocr_line' id='line_1_63' title="bbox 2101 635 3611 721; baseline 0.016 -30"><span class='ocrx_word' id='word_1_487' title='bbox 2101 635 2281 705; x_wconf 74' lang='lat' dir='ltr'><strong>beisti,</strong></span> <span class='ocrx_word' id='word_1_488' title='bbox 2311 639 2437 710; x_wconf 78' lang='lat' dir='ltr'><strong>quid</strong></span> <span class='ocrx_word' id='word_1_489' title='bbox 2465 641 2517 696; x_wconf 82' lang='lat' dir='ltr'><strong>ia</strong></span> <span class='ocrx_word' id='word_1_490' title='bbox 2542 649 2601 697; x_wconf 76' lang='lat' dir='ltr'><strong>te</strong></span> <span class='ocrx_word' id='word_1_491' title='bbox 2624 646 2803 700; x_wconf 62' lang='grc' dir='ltr'>ιπηινὶ</span> <span class='ocrx_word' id='word_1_492' title='bbox 2823 686 2839 712; x_wconf 85' lang='grc'><em>,</em></span> <span class='ocrx_word' id='word_1_493' title='bbox 2867 661 3025 717; x_wconf 82' lang='lat' dir='ltr'><strong>quam</strong></span> <span class='ocrx_word' id='word_1_494' title='bbox 3062 650 3167 705; x_wconf 85' lang='lat' dir='ltr'><strong>cito</strong></span> <span class='ocrx_word' id='word_1_495' title='bbox 3201 655 3389 711; x_wconf 70' lang='lat' dir='ltr'><strong>sanari.</strong></span> <span class='ocrx_word' id='word_1_496' title='bbox 3406 635 3479 714; x_wconf 74' lang='lat' dir='ltr'><strong>lie</strong></span> <span class='ocrx_word' id='word_1_497' title='bbox 3498 664 3611 721; x_wconf 68' lang='lat' dir='ltr'><strong>ceto</strong></span> 
     </span>
    </p>
   </div>
   <div class='ocr_carea' id='block_1_64' title="bbox 2100 729 3613 813">
    <p class='ocr_par' dir='ltr' id='par_1_64' title="bbox 2100 729 3613 813">
     <span class='ocr_line' id='line_1_64' title="bbox 2100 729 3613 813; baseline 0.018 -31"><span class='ocrx_word' id='word_1_498' title='bbox 2100 729 2303 794; x_wconf 82' lang='lat' dir='ltr'><strong>vocavi,</strong></span> <span class='ocrx_word' id='word_1_499' title='bbox 2326 745 2428 785; x_wconf 83' lang='lat' dir='ltr'><strong>una</strong></span> <span class='ocrx_word' id='word_1_500' title='bbox 2454 745 2589 789; x_wconf 62' lang='lat' dir='ltr'><strong>voce</strong></span> <span class='ocrx_word' id='word_1_501' title='bbox 2609 737 2845 803; x_wconf 78' lang='lat' dir='ltr'><strong>percussi</strong></span> <span class='ocrx_word' id='word_1_502' title='bbox 2871 747 2926 793; x_wconf 89' lang='lat' dir='ltr'><strong>et</strong></span> <span class='ocrx_word' id='word_1_503' title='bbox 2947 738 3115 809; x_wconf 73' lang='lat' dir='ltr'><strong>deieci</strong></span> <span class='ocrx_word' id='word_1_504' title='bbox 3138 783 3153 803; x_wconf 90' lang='lat'><strong>.</strong></span> <span class='ocrx_word' id='word_1_505' title='bbox 3181 744 3278 798; x_wconf 87' lang='lat' dir='ltr'><strong>alia</strong></span> <span class='ocrx_word' id='word_1_506' title='bbox 3299 750 3432 804; x_wconf 75' lang='lat' dir='ltr'><strong>erexi</strong></span> <span class='ocrx_word' id='word_1_507' title='bbox 3457 761 3503 807; x_wconf 88' lang='lat' dir='ltr'><strong>et</strong></span> <span class='ocrx_word' id='word_1_508' title='bbox 3523 755 3613 813; x_wconf 80' lang='lat' dir='ltr'><strong>ele-</strong></span> 
     </span>
    </p>
   </div>
   <div class='ocr_carea' id='block_1_65' title="bbox 2099 821 3610 903">
    <p class='ocr_par' dir='ltr' id='par_1_65' title="bbox 2099 821 3610 903">
     <span class='ocr_line' id='line_1_65' title="bbox 2099 821 3610 903; baseline 0.02 -30"><span class='ocrx_word' id='word_1_509' title='bbox 2099 821 2173 891; x_wconf 74' lang='lat' dir='ltr'><strong>gi,</strong></span> <span class='ocrx_word' id='word_1_510' title='bbox 2204 823 2355 881; x_wconf 83' lang='lat' dir='ltr'><strong>tertia</strong></span> <span class='ocrx_word' id='word_1_511' title='bbox 2384 824 2601 894; x_wconf 81' lang='lat' dir='ltr'><strong>implevi</strong></span> <span class='ocrx_word' id='word_1_512' title='bbox 2625 829 2837 896; x_wconf 82' lang='lat' dir='ltr'><strong>etmisi,</strong></span> <span class='ocrx_word' id='word_1_513' title='bbox 2855 843 3039 903; x_wconf 80' lang='lat' dir='ltr'><strong>quarta</strong></span> <span class='ocrx_word' id='word_1_514' title='bbox 3065 834 3340 894; x_wconf 69' lang='lat' dir='ltr'><strong>iiberaviel</strong></span> <span class='ocrx_word' id='word_1_515' title='bbox 3369 849 3610 902; x_wconf 80' lang='lat' dir='ltr'><strong>coronari&#39;</strong></span> 
     </span>
    </p>
   </div>
   <div class='ocr_carea' id='block_1_66' title="bbox 2101 910 3616 996">
    <p class='ocr_par' dir='ltr' id='par_1_66' title="bbox 2101 910 3616 996">
     <span class='ocr_line' id='line_1_66' title="bbox 2101 910 3616 996; baseline 0.018 -30"><span class='ocrx_word' id='word_1_516' title='bbox 2101 910 2362 987; x_wconf 57' lang='lat' dir='ltr'><strong>(Actus).</strong></span> <span class='ocrx_word' id='word_1_517' title='bbox 2387 915 2553 984; x_wconf 82' lang='lat' dir='ltr'><strong>Vade,</strong></span> <span class='ocrx_word' id='word_1_518' title='bbox 2582 918 2667 973; x_wconf 82' lang='lat' dir='ltr'><strong>dic</strong></span> <span class='ocrx_word' id='word_1_519' title='bbox 2694 923 2928 990; x_wconf 63' lang='lat' dir='ltr'><strong>aegrotis,</strong></span> <span class='ocrx_word' id='word_1_520' title='bbox 2956 924 3121 980; x_wconf 81' lang='lat' dir='ltr'><strong>clama</strong></span> <span class='ocrx_word' id='word_1_521' title='bbox 3150 927 3461 996; x_wconf 86' lang='lat' dir='ltr'><strong>desperatis;</strong></span> <span class='ocrx_word' id='word_1_522' title='bbox 3486 932 3616 992; x_wconf 57' lang='lat' dir='ltr'><strong>Fide.</strong></span> 
     </span>
    </p>
   </div>
   <div class='ocr_carea' id='block_1_67' title="bbox 2101 1003 3616 1089">
    <p class='ocr_par' dir='ltr' id='par_1_67' title="bbox 2101 1003 3616 1089">
     <span class='ocr_line' id='line_1_67' title="bbox 2101 1003 3616 1089; baseline 0.017 -32"><span class='ocrx_word' id='word_1_523' title='bbox 2101 1003 2167 1058; x_wconf 86' lang='lat' dir='ltr'><strong>lis</strong></span> <span class='ocrx_word' id='word_1_524' title='bbox 2189 1021 2374 1071; x_wconf 80' lang='lat' dir='ltr'><strong>sermo,</strong></span> <span class='ocrx_word' id='word_1_525' title='bbox 2405 1017 2454 1061; x_wconf 88' lang='lat' dir='ltr'><strong>et</strong></span> <span class='ocrx_word' id='word_1_526' title='bbox 2476 1009 2615 1063; x_wconf 76' lang='lat' dir='ltr'><strong>omni</strong></span> <span class='ocrx_word' id='word_1_527' title='bbox 2641 1013 2931 1082; x_wconf 84' lang='lat' dir='ltr'><strong>acceptione</strong></span> <span class='ocrx_word' id='word_1_528' title='bbox 2947 1014 3157 1085; x_wconf 79' lang='lat' dir='ltr'><strong>dignus,</strong></span> <span class='ocrx_word' id='word_1_529' title='bbox 3182 1020 3298 1089; x_wconf 71' lang='lat' dir='ltr'><strong>ostia</strong></span> <span class='ocrx_word' id='word_1_530' title='bbox 3319 1021 3520 1080; x_wconf 74' lang='lat' dir='ltr'><strong>Christus</strong></span> <span class='ocrx_word' id='word_1_531' title='bbox 3538 1027 3616 1082; x_wconf 81' lang='lat' dir='ltr'><strong>le-</strong></span> 
     </span>
    </p>
   </div>
   <div class='ocr_carea' id='block_1_68' title="bbox 2100 1096 3616 1182">
    <p class='ocr_par' dir='ltr' id='par_1_68' title="bbox 2100 1096 3616 1182">
     <span class='ocr_line' id='line_1_68' title="bbox 2100 1096 3616 1182; baseline 0.016 -35"><span class='ocrx_word' id='word_1_532' title='bbox 2100 1104 2187 1148; x_wconf 72' lang='lat' dir='ltr'><strong>sus</strong></span> <span class='ocrx_word' id='word_1_533' title='bbox 2209 1096 2343 1149; x_wconf 76' lang='lat' dir='ltr'><strong>sonit</strong></span> <span class='ocrx_word' id='word_1_534' title='bbox 2361 1097 2415 1150; x_wconf 81' lang='lat' dir='ltr'><strong>in</strong></span> <span class='ocrx_word' id='word_1_535' title='bbox 2437 1099 2679 1154; x_wconf 70' lang='lat' dir='ltr'><strong>mundum</strong></span> <span class='ocrx_word' id='word_1_536' title='bbox 2703 1113 2986 1173; x_wconf 81' lang='lat' dir='ltr'><strong>peccatores</strong></span> <span class='ocrx_word' id='word_1_537' title='bbox 3016 1106 3180 1163; x_wconf 69' lang='lat' dir='ltr'><strong>salsos</strong></span> <span class='ocrx_word' id='word_1_538' title='bbox 3219 1112 3392 1181; x_wconf 76' lang='lat' dir='ltr'><strong>facere.</strong></span> <span class='ocrx_word' id='word_1_539' title='bbox 3422 1114 3540 1182; x_wconf 75' lang='lat' dir='ltr'><strong>Quid</strong></span> <span class='ocrx_word' id='word_1_540' title='bbox 3560 1120 3616 1172; x_wconf 89' lang='lat' dir='ltr'><strong>ti-</strong></span> 
     </span>
    </p>
   </div>
   <div class='ocr_carea' id='block_1_69' title="bbox 2102 1185 3615 1277">
    <p class='ocr_par' dir='ltr' id='par_1_69' title="bbox 2102 1185 3615 1277">
     <span class='ocr_line' id='line_1_69' title="bbox 2102 1185 3615 1277; baseline 0.013 -36"><span class='ocrx_word' id='word_1_541' title='bbox 2102 1185 2301 1242; x_wconf 75' lang='lat' dir='ltr'><strong>metis?</strong></span> <span class='ocrx_word' id='word_1_542' title='bbox 2329 1188 2453 1258; x_wconf 82' lang='lat' dir='ltr'><strong>quid</strong></span> <span class='ocrx_word' id='word_1_543' title='bbox 2483 1192 2791 1261; x_wconf 70' lang='lat' dir='ltr'><strong>trepidantis?</strong></span> <span class='ocrx_word' id='word_1_544' title='bbox 2822 1194 3047 1263; x_wconf 84' lang='lat' dir='ltr'><strong>Quorum</strong></span> <span class='ocrx_word' id='word_1_545' title='bbox 3072 1200 3262 1268; x_wconf 85' lang='lat' dir='ltr'><strong>primus</strong></span> <span class='ocrx_word' id='word_1_546' title='bbox 3279 1216 3488 1272; x_wconf 72' lang='lat' dir='ltr'><strong>egerem.</strong></span> <span class='ocrx_word' id='word_1_547' title='bbox 3511 1208 3615 1277; x_wconf 64' lang='lat' dir='ltr'><strong>Ego,</strong></span> 
     </span>
    </p>
   </div>
   <div class='ocr_carea' id='block_1_70' title="bbox 2069 1277 3618 1365">
    <p class='ocr_par' dir='ltr' id='par_1_70' title="bbox 2069 1277 3618 1365">
     <span class='ocr_line' id='line_1_70' title="bbox 2069 1277 3618 1365; baseline -0.01 -6"><span class='ocrx_word' id='word_1_548' title='bbox 2069 1277 2289 1360; x_wconf 58' lang='lat' dir='ltr'><strong>.imi‘i‘v</strong></span> <span class='ocrx_word' id='word_1_549' title='bbox 2312 1280 2468 1337; x_wconf 61' lang='lat' dir='ltr'><strong>“bis</strong></span> <span class='ocrx_word' id='word_1_550' title='bbox 2502 1281 2719 1352; x_wconf 52' lang='lat' dir='ltr'><strong>Minor,</strong></span> <span class='ocrx_word' id='word_1_551' title='bbox 2750 1298 2914 1341; x_wconf 85' lang='lat' dir='ltr'><strong>sanus</strong></span> <span class='ocrx_word' id='word_1_552' title='bbox 2958 1291 3362 1358; x_wconf 69' lang='lat' dir='ltr'><strong>aegrotantibus,</strong></span> <span class='ocrx_word' id='word_1_553' title='bbox 3390 1304 3521 1350; x_wconf 75' lang='lat' dir='ltr'><strong>stans</strong></span> <span class='ocrx_word' id='word_1_554' title='bbox 3553 1297 3618 1365; x_wconf 69' lang='lat' dir='ltr'><strong>ja-</strong></span> 
     </span>
    </p>
   </div>
   <div class='ocr_carea' id='block_1_71' title="bbox 2099 1369 3620 1446">
    <p class='ocr_par' dir='ltr' id='par_1_71' title="bbox 2099 1369 3620 1446">
     <span class='ocr_line' id='line_1_71' title="bbox 2099 1369 3620 1446; baseline 0.012 -22"><span class='ocrx_word' id='word_1_555' title='bbox 2099 1369 2360 1437; x_wconf 82' lang='lat' dir='ltr'><strong>ocutibus,</strong></span> <span class='ocrx_word' id='word_1_556' title='bbox 2404 1386 2625 1429; x_wconf 85' lang='lat' dir='ltr'><strong>securus</strong></span> <span class='ocrx_word' id='word_1_557' title='bbox 2670 1373 3091 1446; x_wconf 73' lang='lat' dir='ltr'><strong>desperantibus.</strong></span> <span class='ocrx_word' id='word_1_558' title='bbox 3138 1380 3265 1437; x_wconf 85' lang='lat' dir='ltr'><strong>Ideo</strong></span> <span class='ocrx_word' id='word_1_559' title='bbox 3295 1384 3425 1440; x_wconf 85' lang='lat' dir='ltr'><strong>enim</strong></span> <span class='ocrx_word' id='word_1_560' title='bbox 3462 1389 3620 1443; x_wconf 53' lang='lat' dir='ltr'><strong>miseri</strong></span> 
     </span>
    </p>
   </div>
   <div class='ocr_carea' id='block_1_72' title="bbox 2098 1461 3621 1538">
    <p class='ocr_par' dir='ltr' id='par_1_72' title="bbox 2098 1461 3621 1538">
     <span class='ocr_line' id='line_1_72' title="bbox 2098 1461 3621 1538; baseline 0.014 -24"><span class='ocrx_word' id='word_1_561' title='bbox 2098 1461 2324 1515; x_wconf 72' lang='lat' dir='ltr'><strong>sordium</strong></span> <span class='ocrx_word' id='word_1_562' title='bbox 2359 1475 2652 1520; x_wconf 77' lang='lat' dir='ltr'><strong>consecutus</strong></span> <span class='ocrx_word' id='word_1_563' title='bbox 2675 1484 2787 1522; x_wconf 81' lang='lat' dir='ltr'><strong>sunt</strong></span> <span class='ocrx_word' id='word_1_564' title='bbox 2804 1510 2820 1535; x_wconf 88' lang='lat'><strong>,</strong></span> <span class='ocrx_word' id='word_1_565' title='bbox 2850 1481 2908 1523; x_wconf 75' lang='lat' dir='ltr'><strong>ut</strong></span> <span class='ocrx_word' id='word_1_566' title='bbox 2932 1472 2986 1525; x_wconf 84' lang='lat' dir='ltr'><strong>in</strong></span> <span class='ocrx_word' id='word_1_567' title='bbox 3024 1486 3113 1528; x_wconf 81' lang='lat' dir='ltr'><strong>me</strong></span> <span class='ocrx_word' id='word_1_568' title='bbox 3149 1476 3417 1532; x_wconf 77' lang='lat' dir='ltr'><strong>ostenderet</strong></span> <span class='ocrx_word' id='word_1_569' title='bbox 3437 1479 3621 1538; x_wconf 62' lang='lat' dir='ltr'><strong>Christus</strong></span> 
     </span>
    </p>
   </div>
   <div class='ocr_carea' id='block_1_73' title="bbox 2098 1548 3623 1642">
    <p class='ocr_par' dir='ltr' id='par_1_73' title="bbox 2098 1548 3623 1642">
     <span class='ocr_line' id='line_1_73' title="bbox 2098 1548 3623 1642; baseline 0.015 -38"><span class='ocrx_word' id='word_1_570' title='bbox 2098 1548 2250 1606; x_wconf 75' lang='lat' dir='ltr'><strong>Iesus</strong></span> <span class='ocrx_word' id='word_1_571' title='bbox 2271 1568 2467 1608; x_wconf 79' lang='lat' dir='ltr'><strong>omnem</strong></span> <span class='ocrx_word' id='word_1_572' title='bbox 2489 1555 3199 1628; x_wconf 67' lang='lat' dir='ltr'><strong>longonimitatern.lorbum</strong></span> <span class='ocrx_word' id='word_1_573' title='bbox 3237 1583 3403 1624; x_wconf 88' lang='lat' dir='ltr'><strong>meum</strong></span> <span class='ocrx_word' id='word_1_574' title='bbox 3434 1570 3511 1625; x_wconf 89' lang='lat' dir='ltr'><strong>diu</strong></span> <span class='ocrx_word' id='word_1_575' title='bbox 3529 1585 3623 1642; x_wconf 85' lang='lat' dir='ltr'><strong>per-</strong></span> 
     </span>
    </p>
   </div>
   <div class='ocr_carea' id='block_1_74' title="bbox 2100 1641 3622 1731">
    <p class='ocr_par' dir='ltr' id='par_1_74' title="bbox 2100 1641 3622 1731">
     <span class='ocr_line' id='line_1_74' title="bbox 2100 1641 3622 1731; baseline 0.015 -36"><span class='ocrx_word' id='word_1_576' title='bbox 2100 1641 2236 1708; x_wconf 84' lang='lat' dir='ltr'><strong>tulit,</strong></span> <span class='ocrx_word' id='word_1_577' title='bbox 2265 1644 2416 1699; x_wconf 86' lang='lat' dir='ltr'><strong>etsic</strong></span> <span class='ocrx_word' id='word_1_578' title='bbox 2441 1645 2687 1715; x_wconf 86' lang='lat' dir='ltr'><strong>abstulit;</strong></span> <span class='ocrx_word' id='word_1_579' title='bbox 2716 1660 2963 1723; x_wconf 78' lang='lat' dir='ltr'><strong>tanquam</strong></span> <span class='ocrx_word' id='word_1_580' title='bbox 2983 1653 3157 1711; x_wconf 88' lang='lat' dir='ltr'><strong>bonus</strong></span> <span class='ocrx_word' id='word_1_581' title='bbox 3185 1658 3409 1715; x_wconf 84' lang='lat' dir='ltr'><strong>medicus</strong></span> <span class='ocrx_word' id='word_1_582' title='bbox 3433 1641 3622 1731; x_wconf 82' lang='lat' dir='ltr'><strong>phrene-</strong></span> 
     </span>
    </p>
   </div>
   <div class='ocr_carea' id='block_1_75' title="bbox 2101 1732 3623 1820">
    <p class='ocr_par' dir='ltr' id='par_1_75' title="bbox 2101 1732 3623 1820">
     <span class='ocr_line' id='line_1_75' title="bbox 2101 1732 3623 1820; baseline 0.015 -33"><span class='ocrx_word' id='word_1_583' title='bbox 2101 1732 2261 1787; x_wconf 89' lang='lat' dir='ltr'><strong>ticum</strong></span> <span class='ocrx_word' id='word_1_584' title='bbox 2294 1735 2556 1805; x_wconf 84' lang='lat' dir='ltr'><strong>patienter</strong></span> <span class='ocrx_word' id='word_1_585' title='bbox 2584 1741 2854 1810; x_wconf 83' lang='lat' dir='ltr'><strong>toleravit,</strong></span> <span class='ocrx_word' id='word_1_586' title='bbox 2878 1748 3131 1802; x_wconf 83' lang='lat' dir='ltr'><strong>sustinuit</strong></span> <span class='ocrx_word' id='word_1_587' title='bbox 3168 1765 3253 1804; x_wconf 88' lang='lat' dir='ltr'><strong>me</strong></span> <span class='ocrx_word' id='word_1_588' title='bbox 3275 1749 3529 1808; x_wconf 80' lang='lat' dir='ltr'><strong>ferientem</strong></span> <span class='ocrx_word' id='word_1_589' title='bbox 3549 1769 3623 1820; x_wconf 85' lang='lat' dir='ltr'><strong>se,</strong></span> 
     </span>
    </p>
   </div>
   <div class='ocr_carea' id='block_1_76' title="bbox 2097 1823 3626 1915">
    <p class='ocr_par' dir='ltr' id='par_1_76' title="bbox 2097 1823 3626 1915">
     <span class='ocr_line' id='line_1_76' title="bbox 2097 1823 3626 1915; baseline 0.015 -38"><span class='ocrx_word' id='word_1_590' title='bbox 2097 1823 2311 1881; x_wconf 83' lang='lat' dir='ltr'><strong>donavit</strong></span> <span class='ocrx_word' id='word_1_591' title='bbox 2353 1828 2481 1882; x_wconf 88' lang='lat' dir='ltr'><strong>mihi</strong></span> <span class='ocrx_word' id='word_1_592' title='bbox 2508 1828 2653 1886; x_wconf 85' lang='lat' dir='ltr'><strong>feriri</strong></span> <span class='ocrx_word' id='word_1_593' title='bbox 2699 1845 2796 1903; x_wconf 85' lang='lat' dir='ltr'><strong>pro</strong></span> <span class='ocrx_word' id='word_1_594' title='bbox 2824 1850 2903 1892; x_wconf 88' lang='lat' dir='ltr'><strong>se.</strong></span> <span class='ocrx_word' id='word_1_595' title='bbox 2948 1836 3203 1908; x_wconf 80' lang='lat' dir='ltr'><strong>Omnem,</strong></span> <span class='ocrx_word' id='word_1_596' title='bbox 3231 1842 3409 1912; x_wconf 87' lang='lat' dir='ltr'><strong>inquit,</strong></span> <span class='ocrx_word' id='word_1_597' title='bbox 3436 1844 3626 1915; x_wconf 73' lang='lat' dir='ltr'><strong>longest-</strong></span> 
     </span>
    </p>
   </div>
   <div class='ocr_carea' id='block_1_77' title="bbox 2099 1915 3627 2006">
    <p class='ocr_par' dir='ltr' id='par_1_77' title="bbox 2099 1915 3627 2006">
     <span class='ocr_line' id='line_1_77' title="bbox 2099 1915 3627 2006; baseline 0.017 -40"><span class='ocrx_word' id='word_1_598' title='bbox 2099 1915 2319 1969; x_wconf 75' lang='lat' dir='ltr'><strong>mitatem</strong></span> <span class='ocrx_word' id='word_1_599' title='bbox 2362 1920 2580 1974; x_wconf 79' lang='lat' dir='ltr'><strong>ostendit</strong></span> <span class='ocrx_word' id='word_1_600' title='bbox 2616 1922 2669 1976; x_wconf 83' lang='lat' dir='ltr'><strong>in</strong></span> <span class='ocrx_word' id='word_1_601' title='bbox 2717 1940 2813 1989; x_wconf 80' lang='lat' dir='ltr'><strong>me,</strong></span> <span class='ocrx_word' id='word_1_602' title='bbox 2844 1926 2913 1980; x_wconf 85' lang='lat' dir='ltr'><strong>ad</strong></span> <span class='ocrx_word' id='word_1_603' title='bbox 2948 1927 3349 1999; x_wconf 78' lang='lat' dir='ltr'><strong>informationem</strong></span> <span class='ocrx_word' id='word_1_604' title='bbox 3378 1950 3531 1990; x_wconf 71' lang='lat' dir='ltr'><strong>eorum</strong></span> <span class='ocrx_word' id='word_1_605' title='bbox 3559 1937 3627 2006; x_wconf 74' lang='lat' dir='ltr'><strong>qui</strong></span> 
     </span>
    </p>
   </div>
   <div class='ocr_carea' id='block_1_78' title="bbox 2098 2007 3116 2076">
    <p class='ocr_par' dir='ltr' id='par_1_78' title="bbox 2098 2007 3116 2076">
     <span class='ocr_line' id='line_1_78' title="bbox 2098 2007 3116 2076; baseline 0.017 -18"><span class='ocrx_word' id='word_1_606' title='bbox 2098 2007 2335 2061; x_wconf 72' lang='lat' dir='ltr'><strong>credituri</strong></span> <span class='ocrx_word' id='word_1_607' title='bbox 2359 2019 2473 2063; x_wconf 76' lang='lat' dir='ltr'><strong>sunt</strong></span> <span class='ocrx_word' id='word_1_608' title='bbox 2500 2011 2575 2065; x_wconf 81' lang='lat' dir='ltr'><strong>illi</strong></span> <span class='ocrx_word' id='word_1_609' title='bbox 2600 2013 2653 2067; x_wconf 79' lang='lat' dir='ltr'><strong>in</strong></span> <span class='ocrx_word' id='word_1_610' title='bbox 2679 2014 2829 2069; x_wconf 73' lang='lat' dir='ltr'><strong>vitam</strong></span> <span class='ocrx_word' id='word_1_611' title='bbox 2853 2028 3116 2076; x_wconf 64' lang='lat' dir='ltr'><strong>(sternam.</strong></span> 
     </span>
    </p>
   </div>
   <div class='ocr_carea' id='block_1_79' title="bbox 2168 2098 3626 2178">
    <p class='ocr_par' dir='ltr' id='par_1_79' title="bbox 2168 2098 3626 2178">
     <span class='ocr_line' id='line_1_79' title="bbox 2168 2098 3626 2178; baseline 0.014 -26"><span class='ocrx_word' id='word_1_612' title='bbox 2168 2098 2392 2155; x_wconf 84' lang='lat' dir='ltr'><strong>CAPUT</strong></span> <span class='ocrx_word' id='word_1_613' title='bbox 2433 2101 2496 2155; x_wconf 72' lang='grc' dir='ltr'><strong>ν.</strong></span> <span class='ocrx_word' id='word_1_614' title='bbox 2525 2132 2597 2144; x_wconf 90' lang='lat'><strong>-</strong></span> <span class='ocrx_word' id='word_1_615' title='bbox 2621 2105 2675 2161; x_wconf 71' lang='grc' dir='ltr'><strong>ὅ.</strong></span> <span class='ocrx_word' id='word_1_616' title='bbox 2712 2106 2868 2161; x_wconf 82' lang='lat' dir='ltr'><strong>Salus</strong></span> <span class='ocrx_word' id='word_1_617' title='bbox 2895 2117 3073 2164; x_wconf 82' lang='lat' dir='ltr'><strong>nostra</strong></span> <span class='ocrx_word' id='word_1_618' title='bbox 3099 2126 3162 2166; x_wconf 77' lang='lat' dir='ltr'><strong>ea:</strong></span> <span class='ocrx_word' id='word_1_619' title='bbox 3188 2110 3294 2168; x_wconf 80' lang='lat' dir='ltr'><strong>Deo</strong></span> <span class='ocrx_word' id='word_1_620' title='bbox 3317 2155 3330 2178; x_wconf 89' lang='lat'><strong>,</strong></span> <span class='ocrx_word' id='word_1_621' title='bbox 3359 2126 3451 2169; x_wconf 80' lang='lat' dir='ltr'><strong>non</strong></span> <span class='ocrx_word' id='word_1_622' title='bbox 3474 2132 3529 2171; x_wconf 75' lang='lat' dir='ltr'><strong>es</strong></span> <span class='ocrx_word' id='word_1_623' title='bbox 3553 2132 3626 2171; x_wconf 76' lang='lat' dir='ltr'><strong>uo-</strong></span> 
     </span>
    </p>
   </div>
   <div class='ocr_carea' id='block_1_80' title="bbox 2099 2184 3624 2276">
    <p class='ocr_par' dir='ltr' id='par_1_80' title="bbox 2099 2184 3624 2276">
     <span class='ocr_line' id='line_1_80' title="bbox 2099 2184 3624 2276; baseline 0.018 -37"><span class='ocrx_word' id='word_1_624' title='bbox 2099 2184 2192 2241; x_wconf 84' lang='lat' dir='ltr'><strong>bis.</strong></span> <span class='ocrx_word' id='word_1_625' title='bbox 2238 2186 2429 2245; x_wconf 65' lang='lat' dir='ltr'><strong>Gratia</strong></span> <span class='ocrx_word' id='word_1_626' title='bbox 2470 2192 2729 2263; x_wconf 80' lang='lat' dir='ltr'><strong>beneﬁcia.</strong></span> <span class='ocrx_word' id='word_1_627' title='bbox 2771 2197 3032 2270; x_wconf 79' lang='lat' dir='ltr'><strong>Confessio</strong></span> <span class='ocrx_word' id='word_1_628' title='bbox 3073 2202 3278 2273; x_wconf 63' lang='lat' dir='ltr'><strong>duplex.</strong></span> <span class='ocrx_word' id='word_1_629' title='bbox 3318 2205 3478 2262; x_wconf 82' lang='lat' dir='ltr'><strong>Nolite</strong></span> <span class='ocrx_word' id='word_1_630' title='bbox 3508 2221 3624 2276; x_wconf 70' lang='lat' dir='ltr'><strong>erga.</strong></span> 
     </span>
    </p>
   </div>
   <div class='ocr_carea' id='block_1_81' title="bbox 2097 2276 3627 2367">
    <p class='ocr_par' dir='ltr' id='par_1_81' title="bbox 2097 2276 3627 2367">
     <span class='ocr_line' id='line_1_81' title="bbox 2097 2276 3627 2367; baseline 0.016 -36"><span class='ocrx_word' id='word_1_631' title='bbox 2097 2276 2399 2347; x_wconf 80' lang='lat' dir='ltr'><strong>desperare.</strong></span> <span class='ocrx_word' id='word_1_632' title='bbox 2431 2282 2639 2355; x_wconf 67' lang='grc' dir='ltr'><strong>Εενοιί</strong></span> <span class='ocrx_word' id='word_1_633' title='bbox 2665 2289 2824 2356; x_wconf 85' lang='lat' dir='ltr'><strong>estis,</strong></span> <span class='ocrx_word' id='word_1_634' title='bbox 2854 2292 3103 2350; x_wconf 88' lang='lat' dir='ltr'><strong>accedite</strong></span> <span class='ocrx_word' id='word_1_635' title='bbox 3143 2296 3210 2351; x_wconf 88' lang='lat' dir='ltr'><strong>ad</strong></span> <span class='ocrx_word' id='word_1_636' title='bbox 3235 2313 3352 2353; x_wconf 88' lang='lat' dir='ltr'><strong>eum</strong></span> <span class='ocrx_word' id='word_1_637' title='bbox 3373 2340 3388 2367; x_wconf 90' lang='lat'><strong>,</strong></span> <span class='ocrx_word' id='word_1_638' title='bbox 3418 2311 3466 2355; x_wconf 89' lang='lat' dir='ltr'><strong>et</strong></span> <span class='ocrx_word' id='word_1_639' title='bbox 3500 2315 3627 2355; x_wconf 82' lang='lat' dir='ltr'><strong>sana-</strong></span> 
     </span>
    </p>
   </div>
   <div class='ocr_carea' id='block_1_82' title="bbox 2099 2370 3626 2452">
    <p class='ocr_par' dir='ltr' id='par_1_82' title="bbox 2099 2370 3626 2452">
     <span class='ocr_line' id='line_1_82' title="bbox 2099 2370 3626 2452; baseline 0.014 -29"><span class='ocrx_word' id='word_1_640' title='bbox 2099 2370 2225 2423; x_wconf 80' lang='lat' dir='ltr'><strong>mini</strong></span> <span class='ocrx_word' id='word_1_641' title='bbox 2251 2388 2264 2424; x_wconf 91' lang='lat'><strong>:</strong></span> <span class='ocrx_word' id='word_1_642' title='bbox 2293 2372 2419 2426; x_wconf 71' lang='grc' dir='ltr'><strong>(εωεί</strong></span> <span class='ocrx_word' id='word_1_643' title='bbox 2443 2377 2573 2430; x_wconf 91' lang='lat' dir='ltr'><strong>estis</strong></span> <span class='ocrx_word' id='word_1_644' title='bbox 2598 2418 2614 2444; x_wconf 95' lang='lat'><strong>,</strong></span> <span class='ocrx_word' id='word_1_645' title='bbox 2644 2379 2879 2437; x_wconf 86' lang='lat' dir='ltr'><strong>accedite</strong></span> <span class='ocrx_word' id='word_1_646' title='bbox 2904 2382 2972 2438; x_wconf 91' lang='lat' dir='ltr'><strong>ad</strong></span> <span class='ocrx_word' id='word_1_647' title='bbox 3005 2400 3136 2441; x_wconf 88' lang='lat' dir='ltr'><strong>eum</strong></span> <span class='ocrx_word' id='word_1_648' title='bbox 3160 2429 3175 2452; x_wconf 86' lang='lat'><strong>,</strong></span> <span class='ocrx_word' id='word_1_649' title='bbox 3202 2398 3255 2443; x_wconf 90' lang='lat' dir='ltr'><strong>et</strong></span> <span class='ocrx_word' id='word_1_650' title='bbox 3291 2388 3626 2445; x_wconf 84' lang='lat' dir='ltr'><strong>illuminamini.</strong></span> 
     </span>
    </p>
   </div>
   <div class='ocr_carea' id='block_1_83' title="bbox 2099 2461 3625 2555">
    <p class='ocr_par' dir='ltr' id='par_1_83' title="bbox 2099 2461 3625 2555">
     <span class='ocr_line' id='line_1_83' title="bbox 2099 2461 3625 2555; baseline 0.014 -38"><span class='ocrx_word' id='word_1_651' title='bbox 2099 2461 2175 2517; x_wconf 82' lang='lat' dir='ltr'><strong>Et</strong></span> <span class='ocrx_word' id='word_1_652' title='bbox 2197 2463 2286 2532; x_wconf 88' lang='lat' dir='ltr'><strong>qui</strong></span> <span class='ocrx_word' id='word_1_653' title='bbox 2316 2467 2429 2520; x_wconf 88' lang='lat' dir='ltr'><strong>sani</strong></span> <span class='ocrx_word' id='word_1_654' title='bbox 2455 2470 2607 2538; x_wconf 90' lang='lat' dir='ltr'><strong>estis,</strong></span> <span class='ocrx_word' id='word_1_655' title='bbox 2625 2472 2712 2528; x_wconf 71' lang='grc' dir='ltr'><strong>ἐἰ</strong></span> <span class='ocrx_word' id='word_1_656' title='bbox 2732 2476 2928 2543; x_wconf 72' lang='lat' dir='ltr'><strong>gratias</strong></span> <span class='ocrx_word' id='word_1_657' title='bbox 2955 2479 3103 2548; x_wconf 75' lang='lat' dir='ltr'><strong>agile</strong></span> <span class='ocrx_word' id='word_1_658' title='bbox 3131 2497 3146 2535; x_wconf 90' lang='lat'><strong>:</strong></span> <span class='ocrx_word' id='word_1_659' title='bbox 3174 2490 3229 2535; x_wconf 88' lang='lat' dir='ltr'><strong>et</strong></span> <span class='ocrx_word' id='word_1_660' title='bbox 3253 2483 3337 2552; x_wconf 89' lang='lat' dir='ltr'><strong>qui</strong></span> <span class='ocrx_word' id='word_1_661' title='bbox 3370 2483 3625 2555; x_wconf 61' lang='lat' dir='ltr'><strong>multis,</strong></span> 
     </span>
    </p>
   </div>
   <div class='ocr_carea' id='block_1_84' title="bbox 2097 2554 3628 2639">
    <p class='ocr_par' dir='ltr' id='par_1_84' title="bbox 2097 2554 3628 2639">
     <span class='ocr_line' id='line_1_84' title="bbox 2097 2554 3628 2639; baseline 0.014 -31"><span class='ocrx_word' id='word_1_662' title='bbox 2097 2554 2164 2609; x_wconf 86' lang='lat' dir='ltr'><strong>ad</strong></span> <span class='ocrx_word' id='word_1_663' title='bbox 2194 2572 2311 2611; x_wconf 87' lang='lat' dir='ltr'><strong>eum</strong></span> <span class='ocrx_word' id='word_1_664' title='bbox 2339 2562 2559 2617; x_wconf 75' lang='lat' dir='ltr'><strong>sanandi</strong></span> <span class='ocrx_word' id='word_1_665' title='bbox 2585 2567 2784 2622; x_wconf 77' lang='lat' dir='ltr'><strong>currite</strong></span> <span class='ocrx_word' id='word_1_666' title='bbox 2812 2585 2827 2623; x_wconf 89' lang='lat'><strong>:</strong></span> <span class='ocrx_word' id='word_1_667' title='bbox 2857 2568 3023 2625; x_wconf 81' lang='lat' dir='ltr'><strong>dicite</strong></span> <span class='ocrx_word' id='word_1_668' title='bbox 3054 2586 3263 2639; x_wconf 86' lang='lat' dir='ltr'><strong>omnes,</strong></span> <span class='ocrx_word' id='word_1_669' title='bbox 3302 2574 3463 2629; x_wconf 76' lang='lat' dir='ltr'><strong>Venite</strong></span> <span class='ocrx_word' id='word_1_670' title='bbox 3484 2576 3628 2629; x_wconf 84' lang='lat' dir='ltr'><strong>adore-</strong></span> 
     </span>
    </p>
   </div>
   <div class='ocr_carea' id='block_1_85' title="bbox 2096 2658 3628 2731">
    <p class='ocr_par' dir='ltr' id='par_1_85' title="bbox 2096 2658 3628 2731">
     <span class='ocr_line' id='line_1_85' title="bbox 2096 2658 3628 2731; baseline 0.014 -32"><span class='ocrx_word' id='word_1_671' title='bbox 2096 2662 2228 2720; x_wconf 78' lang='lat' dir='ltr'><strong>mus,</strong></span> <span class='ocrx_word' id='word_1_672' title='bbox 2261 2658 2309 2702; x_wconf 78' lang='lat' dir='ltr'><strong>et</strong></span> <span class='ocrx_word' id='word_1_673' title='bbox 2342 2662 2723 2721; x_wconf 77' lang='lat' dir='ltr'><strong>prestornamur</strong></span> <span class='ocrx_word' id='word_1_674' title='bbox 2759 2659 2826 2725; x_wconf 87' lang='lat' dir='ltr'><strong>ei,</strong></span> <span class='ocrx_word' id='word_1_675' title='bbox 2874 2670 2923 2714; x_wconf 90' lang='lat' dir='ltr'><strong>et</strong></span> <span class='ocrx_word' id='word_1_676' title='bbox 2948 2661 3211 2731; x_wconf 78' lang='lat' dir='ltr'><strong>pler-emus</strong></span> <span class='ocrx_word' id='word_1_677' title='bbox 3253 2681 3416 2719; x_wconf 76' lang='lat' dir='ltr'><strong>eorum</strong></span> <span class='ocrx_word' id='word_1_678' title='bbox 3452 2665 3628 2720; x_wconf 64' lang='lat' dir='ltr'><strong>Dauniae</strong></span> 
     </span>
    </p>
   </div>
   <div class='ocr_carea' id='block_1_86' title="bbox 2097 2736 3628 2815">
    <p class='ocr_par' dir='ltr' id='par_1_86' title="bbox 2097 2736 3628 2815">
     <span class='ocr_line' id='line_1_86' title="bbox 2097 2736 3628 2815; baseline 0.012 -22"><span class='ocrx_word' id='word_1_679' title='bbox 2097 2736 2184 2806; x_wconf 79' lang='lat' dir='ltr'><strong>qui</strong></span> <span class='ocrx_word' id='word_1_680' title='bbox 2209 2739 2327 2809; x_wconf 81' lang='lat' dir='ltr'><strong>fecit</strong></span> <span class='ocrx_word' id='word_1_681' title='bbox 2370 2756 2462 2796; x_wconf 87' lang='lat' dir='ltr'><strong>nos</strong></span> <span class='ocrx_word' id='word_1_682' title='bbox 2482 2783 2497 2810; x_wconf 96' lang='lat'><strong>,</strong></span> <span class='ocrx_word' id='word_1_683' title='bbox 2523 2753 2576 2799; x_wconf 88' lang='lat' dir='ltr'><strong>et</strong></span> <span class='ocrx_word' id='word_1_684' title='bbox 2602 2744 2876 2815; x_wconf 83' lang='lat' dir='ltr'><strong>homines,</strong></span> <span class='ocrx_word' id='word_1_685' title='bbox 2900 2758 2954 2804; x_wconf 91' lang='lat' dir='ltr'><strong>et</strong></span> <span class='ocrx_word' id='word_1_686' title='bbox 2988 2752 3192 2807; x_wconf 81' lang='lat' dir='ltr'><strong>salvos.</strong></span> <span class='ocrx_word' id='word_1_687' title='bbox 3221 2753 3345 2808; x_wconf 84' lang='lat' dir='ltr'><strong>Nam</strong></span> <span class='ocrx_word' id='word_1_688' title='bbox 3373 2756 3413 2810; x_wconf 89' lang='lat' dir='ltr'><strong>si</strong></span> <span class='ocrx_word' id='word_1_689' title='bbox 3446 2756 3523 2810; x_wconf 88' lang='lat' dir='ltr'><strong>ille</strong></span> <span class='ocrx_word' id='word_1_690' title='bbox 3553 2769 3628 2810; x_wconf 78' lang='lat' dir='ltr'><strong>nos</strong></span> 
     </span>
    </p>
   </div>
   <div class='ocr_carea' id='block_1_87' title="bbox 2098 2827 3625 2915">
    <p class='ocr_par' dir='ltr' id='par_1_87' title="bbox 2098 2827 3625 2915">
     <span class='ocr_line' id='line_1_87' title="bbox 2098 2827 3625 2915; baseline 0.014 -33"><span class='ocrx_word' id='word_1_691' title='bbox 2098 2827 2226 2884; x_wconf 84' lang='lat' dir='ltr'><strong>fecit</strong></span> <span class='ocrx_word' id='word_1_692' title='bbox 2267 2830 2512 2891; x_wconf 86' lang='lat' dir='ltr'><strong>homines</strong></span> <span class='ocrx_word' id='word_1_693' title='bbox 2534 2877 2550 2903; x_wconf 93' lang='lat'><strong>,</strong></span> <span class='ocrx_word' id='word_1_694' title='bbox 2580 2851 2681 2894; x_wconf 88' lang='lat' dir='ltr'><strong>nos</strong></span> <span class='ocrx_word' id='word_1_695' title='bbox 2719 2848 2897 2897; x_wconf 86' lang='lat' dir='ltr'><strong>autem</strong></span> <span class='ocrx_word' id='word_1_696' title='bbox 2945 2842 3054 2913; x_wconf 88' lang='lat' dir='ltr'><strong>ipsi</strong></span> <span class='ocrx_word' id='word_1_697' title='bbox 3084 2860 3183 2901; x_wconf 83' lang='lat' dir='ltr'><strong>nos</strong></span> <span class='ocrx_word' id='word_1_698' title='bbox 3211 2845 3422 2904; x_wconf 84' lang='lat' dir='ltr'><strong>fecimus</strong></span> <span class='ocrx_word' id='word_1_699' title='bbox 3458 2848 3625 2915; x_wconf 78' lang='lat' dir='ltr'><strong>salvos;</strong></span> 
     </span>
    </p>
   </div>
   <div class='ocr_carea' id='block_1_88' title="bbox 2097 2918 3628 2993">
    <p class='ocr_par' dir='ltr' id='par_1_88' title="bbox 2097 2918 3628 2993">
     <span class='ocr_line' id='line_1_88' title="bbox 2097 2918 3628 2993; baseline 0.012 -20"><span class='ocrx_word' id='word_1_700' title='bbox 2097 2918 2294 2991; x_wconf 75' lang='lat' dir='ltr'><strong>aliquid</strong></span> <span class='ocrx_word' id='word_1_701' title='bbox 2331 2922 2423 2979; x_wconf 86' lang='lat' dir='ltr'><strong>illo</strong></span> <span class='ocrx_word' id='word_1_702' title='bbox 2455 2926 2646 2982; x_wconf 82' lang='lat' dir='ltr'><strong>melius</strong></span> <span class='ocrx_word' id='word_1_703' title='bbox 2682 2929 2920 2986; x_wconf 81' lang='lat' dir='ltr'><strong>fecinms.</strong></span> <span class='ocrx_word' id='word_1_704' title='bbox 2964 2932 3158 2991; x_wconf 67' lang='lat' dir='ltr'><strong>Melior</strong></span> <span class='ocrx_word' id='word_1_705' title='bbox 3187 2948 3270 2992; x_wconf 84' lang='lat' dir='ltr'><strong>est</strong></span> <span class='ocrx_word' id='word_1_706' title='bbox 3309 2938 3441 2992; x_wconf 85' lang='lat' dir='ltr'><strong>enim</strong></span> <span class='ocrx_word' id='word_1_707' title='bbox 3486 2938 3628 2993; x_wconf 68' lang='lat' dir='ltr'><strong>Salvus</strong></span> 
     </span>
    </p>
   </div>
   <div class='ocr_carea' id='block_1_89' title="bbox 2098 3007 3628 3096">
    <p class='ocr_par' dir='ltr' id='par_1_89' title="bbox 2098 3007 3628 3096">
     <span class='ocr_line' id='line_1_89' title="bbox 2098 3007 3628 3096; baseline 0.01 -32"><span class='ocrx_word' id='word_1_708' title='bbox 2098 3007 2281 3079; x_wconf 87' lang='lat' dir='ltr'><strong>homo,</strong></span> <span class='ocrx_word' id='word_1_709' title='bbox 2311 3027 2471 3083; x_wconf 86' lang='lat' dir='ltr'><strong>quam</strong></span> <span class='ocrx_word' id='word_1_710' title='bbox 2501 3016 2724 3086; x_wconf 81' lang='lat' dir='ltr'><strong>quilibet</strong></span> <span class='ocrx_word' id='word_1_711' title='bbox 2750 3017 2932 3075; x_wconf 87' lang='lat' dir='ltr'><strong>homo.</strong></span> <span class='ocrx_word' id='word_1_712' title='bbox 2951 3022 3009 3079; x_wconf 85' lang='lat' dir='ltr'><strong>Si</strong></span> <span class='ocrx_word' id='word_1_713' title='bbox 3042 3039 3175 3096; x_wconf 75' lang='lat' dir='ltr'><strong>ergo</strong></span> <span class='ocrx_word' id='word_1_714' title='bbox 3196 3035 3248 3083; x_wconf 89' lang='lat' dir='ltr'><strong>te</strong></span> <span class='ocrx_word' id='word_1_715' title='bbox 3273 3026 3407 3084; x_wconf 85' lang='lat' dir='ltr'><strong>Deus</strong></span> <span class='ocrx_word' id='word_1_716' title='bbox 3424 3028 3529 3083; x_wconf 81' lang='lat' dir='ltr'><strong>fecit</strong></span> <span class='ocrx_word' id='word_1_717' title='bbox 3550 3028 3628 3081; x_wconf 73' lang='lat' dir='ltr'><strong>ho.</strong></span> 
     </span>
    </p>
   </div>
   <div class='ocr_carea' id='block_1_90' title="bbox 2098 3102 3630 3191">
    <p class='ocr_par' dir='ltr' id='par_1_90' title="bbox 2098 3102 3630 3191">
     <span class='ocr_line' id='line_1_90' title="bbox 2098 3102 3630 3191; baseline 0.012 -34"><span class='ocrx_word' id='word_1_718' title='bbox 2098 3102 2317 3173; x_wconf 87' lang='lat' dir='ltr'><strong>minem,</strong></span> <span class='ocrx_word' id='word_1_719' title='bbox 2343 3112 2400 3160; x_wconf 88' lang='lat' dir='ltr'><strong>et</strong></span> <span class='ocrx_word' id='word_1_720' title='bbox 2423 3113 2479 3162; x_wconf 90' lang='lat' dir='ltr'><strong>tu</strong></span> <span class='ocrx_word' id='word_1_721' title='bbox 2508 3114 2563 3164; x_wconf 88' lang='lat' dir='ltr'><strong>te</strong></span> <span class='ocrx_word' id='word_1_722' title='bbox 2589 3109 2759 3166; x_wconf 81' lang='lat' dir='ltr'><strong>iecisti</strong></span> <span class='ocrx_word' id='word_1_723' title='bbox 2782 3114 2994 3189; x_wconf 60' lang='lat' dir='ltr'><strong>bonan;</strong></span> <span class='ocrx_word' id='word_1_724' title='bbox 3008 3114 3320 3183; x_wconf 86' lang='lat' dir='ltr'><strong>hominem;</strong></span> <span class='ocrx_word' id='word_1_725' title='bbox 3347 3121 3474 3191; x_wconf 85' lang='lat' dir='ltr'><strong>quod</strong></span> <span class='ocrx_word' id='word_1_726' title='bbox 3500 3130 3545 3174; x_wconf 89' lang='lat' dir='ltr'><strong>tu</strong></span> <span class='ocrx_word' id='word_1_727' title='bbox 3566 3118 3630 3174; x_wconf 82' lang='lat' dir='ltr'><strong>le-</strong></span> 
     </span>
    </p>
   </div>
   <div class='ocr_carea' id='block_1_91' title="bbox 2097 3192 3626 3279">
    <p class='ocr_par' dir='ltr' id='par_1_91' title="bbox 2097 3192 3626 3279">
     <span class='ocr_line' id='line_1_91' title="bbox 2097 3192 3626 3279; baseline 0.011 -32"><span class='ocrx_word' id='word_1_728' title='bbox 2097 3192 2215 3248; x_wconf 84' lang='lat' dir='ltr'><strong>cisti</strong></span> <span class='ocrx_word' id='word_1_729' title='bbox 2239 3195 2429 3253; x_wconf 86' lang='lat' dir='ltr'><strong>melius</strong></span> <span class='ocrx_word' id='word_1_730' title='bbox 2451 3208 2551 3254; x_wconf 86' lang='lat' dir='ltr'><strong>est.</strong></span> <span class='ocrx_word' id='word_1_731' title='bbox 2580 3199 2700 3256; x_wconf 79' lang='lat' dir='ltr'><strong>Noli</strong></span> <span class='ocrx_word' id='word_1_732' title='bbox 2730 3210 2781 3260; x_wconf 78' lang='lat' dir='ltr'><strong>te</strong></span> <span class='ocrx_word' id='word_1_733' title='bbox 2799 3204 3073 3262; x_wconf 74' lang='lat' dir='ltr'><strong>extollam</strong></span> <span class='ocrx_word' id='word_1_734' title='bbox 3088 3221 3253 3279; x_wconf 83' lang='lat' dir='ltr'><strong>super</strong></span> <span class='ocrx_word' id='word_1_735' title='bbox 3277 3211 3434 3266; x_wconf 86' lang='lat' dir='ltr'><strong>Deum</strong></span> <span class='ocrx_word' id='word_1_736' title='bbox 3457 3229 3469 3264; x_wconf 92' lang='lat'><strong>:</strong></span> <span class='ocrx_word' id='word_1_737' title='bbox 3491 3210 3626 3266; x_wconf 84' lang='lat' dir='ltr'><strong>subde</strong></span> 
     </span>
    </p>
   </div>
   <div class='ocr_carea' id='block_1_92' title="bbox 2100 3284 3627 3371">
    <p class='ocr_par' dir='ltr' id='par_1_92' title="bbox 2100 3284 3627 3371">
     <span class='ocr_line' id='line_1_92' title="bbox 2100 3284 3627 3371; baseline 0.009 -33"><span class='ocrx_word' id='word_1_738' title='bbox 2100 3292 2153 3338; x_wconf 84' lang='lat' dir='ltr'><strong>te</strong></span> <span class='ocrx_word' id='word_1_739' title='bbox 2177 3284 2308 3349; x_wconf 87' lang='lat' dir='ltr'><strong>Deo,</strong></span> <span class='ocrx_word' id='word_1_740' title='bbox 2336 3287 2523 3354; x_wconf 74' lang='lat' dir='ltr'><strong>adora,</strong></span> <span class='ocrx_word' id='word_1_741' title='bbox 2556 3302 2914 3362; x_wconf 81' lang='lat' dir='ltr'><strong>prosternere,</strong></span> <span class='ocrx_word' id='word_1_742' title='bbox 2934 3297 3201 3354; x_wconf 79' lang='lat' dir='ltr'><strong>confitere</strong></span> <span class='ocrx_word' id='word_1_743' title='bbox 3222 3299 3295 3355; x_wconf 86' lang='lat' dir='ltr'><strong>illi</strong></span> <span class='ocrx_word' id='word_1_744' title='bbox 3320 3300 3402 3371; x_wconf 88' lang='lat' dir='ltr'><strong>qui</strong></span> <span class='ocrx_word' id='word_1_745' title='bbox 3426 3300 3534 3355; x_wconf 87' lang='lat' dir='ltr'><strong>fecit</strong></span> <span class='ocrx_word' id='word_1_746' title='bbox 3554 3310 3627 3354; x_wconf 86' lang='lat' dir='ltr'><strong>te:</strong></span> 
     </span>
    </p>
   </div>
   <div class='ocr_carea' id='block_1_93' title="bbox 2097 3379 3628 3458">
    <p class='ocr_par' dir='ltr' id='par_1_93' title="bbox 2097 3379 3628 3458">
     <span class='ocr_line' id='line_1_93' title="bbox 2097 3379 3628 3458; baseline 0.008 -26"><span class='ocrx_word' id='word_1_747' title='bbox 2097 3379 2217 3449; x_wconf 85' lang='lat' dir='ltr'><strong>quia</strong></span> <span class='ocrx_word' id='word_1_748' title='bbox 2246 3395 2405 3436; x_wconf 87' lang='lat' dir='ltr'><strong>nemo</strong></span> <span class='ocrx_word' id='word_1_749' title='bbox 2433 3392 2672 3453; x_wconf 87' lang='lat' dir='ltr'><strong>recreat,</strong></span> <span class='ocrx_word' id='word_1_750' title='bbox 2701 3387 2803 3442; x_wconf 87' lang='lat' dir='ltr'><strong>nisi</strong></span> <span class='ocrx_word' id='word_1_751' title='bbox 2828 3388 2917 3458; x_wconf 89' lang='lat' dir='ltr'><strong>qui</strong></span> <span class='ocrx_word' id='word_1_752' title='bbox 2948 3399 3132 3458; x_wconf 78' lang='lat' dir='ltr'><strong>creat;</strong></span> <span class='ocrx_word' id='word_1_753' title='bbox 3160 3408 3317 3449; x_wconf 87' lang='lat' dir='ltr'><strong>nemo</strong></span> <span class='ocrx_word' id='word_1_754' title='bbox 3343 3393 3499 3449; x_wconf 83' lang='lat' dir='ltr'><strong>reiicit</strong></span> <span class='ocrx_word' id='word_1_755' title='bbox 3520 3432 3532 3455; x_wconf 91' lang='lat'><strong>,</strong></span> <span class='ocrx_word' id='word_1_756' title='bbox 3551 3392 3628 3446; x_wconf 81' lang='lat' dir='ltr'><strong>nisi</strong></span> 
     </span>
    </p>
   </div>
   <div class='ocr_carea' id='block_1_94' title="bbox 2096 3469 3628 3557">
    <p class='ocr_par' dir='ltr' id='par_1_94' title="bbox 2096 3469 3628 3557">
     <span class='ocr_line' id='line_1_94' title="bbox 2096 3469 3628 3557; baseline 0.01 -36"><span class='ocrx_word' id='word_1_757' title='bbox 2096 3470 2187 3540; x_wconf 90' lang='lat' dir='ltr'><strong>qui</strong></span> <span class='ocrx_word' id='word_1_758' title='bbox 2212 3470 2354 3527; x_wconf 86' lang='lat' dir='ltr'><strong>fecit.</strong></span> <span class='ocrx_word' id='word_1_759' title='bbox 2390 3469 2498 3527; x_wconf 80' lang='lat' dir='ltr'><strong>Hoc</strong></span> <span class='ocrx_word' id='word_1_760' title='bbox 2523 3481 2578 3527; x_wconf 89' lang='lat' dir='ltr'><strong>et</strong></span> <span class='ocrx_word' id='word_1_761' title='bbox 2605 3475 2655 3529; x_wconf 90' lang='lat' dir='ltr'><strong>in</strong></span> <span class='ocrx_word' id='word_1_762' title='bbox 2677 3477 2782 3531; x_wconf 81' lang='lat' dir='ltr'><strong>alio</strong></span> <span class='ocrx_word' id='word_1_763' title='bbox 2810 3478 3019 3548; x_wconf 81' lang='lat' dir='ltr'><strong>psalmo</strong></span> <span class='ocrx_word' id='word_1_764' title='bbox 3046 3499 3061 3535; x_wconf 93' lang='lat'><strong>:</strong></span> <span class='ocrx_word' id='word_1_765' title='bbox 3095 3481 3218 3553; x_wconf 85' lang='lat' dir='ltr'><strong>Ipse</strong></span> <span class='ocrx_word' id='word_1_766' title='bbox 3234 3486 3351 3557; x_wconf 79' lang='lat' dir='ltr'><strong>fecit</strong></span> <span class='ocrx_word' id='word_1_767' title='bbox 3374 3502 3473 3549; x_wconf 85' lang='lat' dir='ltr'><strong>nos,</strong></span> <span class='ocrx_word' id='word_1_768' title='bbox 3490 3494 3531 3539; x_wconf 80' lang='lat' dir='ltr'><strong>et</strong></span> <span class='ocrx_word' id='word_1_769' title='bbox 3551 3499 3628 3537; x_wconf 79' lang='lat' dir='ltr'><strong>non</strong></span> 
     </span>
    </p>
   </div>
   <div class='ocr_carea' id='block_1_95' title="bbox 2095 3561 3623 3645">
    <p class='ocr_par' dir='ltr' id='par_1_95' title="bbox 2095 3561 3623 3645">
     <span class='ocr_line' id='line_1_95' title="bbox 2095 3561 3623 3645; baseline 0.01 -31"><span class='ocrx_word' id='word_1_770' title='bbox 2095 3561 2195 3631; x_wconf 77' lang='lat' dir='ltr'><strong>ipsi</strong></span> <span class='ocrx_word' id='word_1_771' title='bbox 2219 3572 2308 3617; x_wconf 83' lang='lat' dir='ltr'><strong>nos</strong></span> <span class='ocrx_word' id='word_1_772' title='bbox 2333 3561 2501 3632; x_wconf 71' lang='lat' dir='ltr'><strong>(l’tal.</strong></span> <span class='ocrx_word' id='word_1_773' title='bbox 2532 3578 2671 3629; x_wconf 72' lang='lat' dir='ltr'><strong>XCIX,</strong></span> <span class='ocrx_word' id='word_1_774' title='bbox 2695 3566 2774 3636; x_wconf 78' lang='lat' dir='ltr'><strong>ii).</strong></span> <span class='ocrx_word' id='word_1_775' title='bbox 2803 3568 2940 3624; x_wconf 83' lang='lat' dir='ltr'><strong>Sane</strong></span> <span class='ocrx_word' id='word_1_776' title='bbox 2967 3573 3188 3641; x_wconf 83' lang='lat' dir='ltr'><strong>quando</strong></span> <span class='ocrx_word' id='word_1_777' title='bbox 3216 3585 3266 3629; x_wconf 87' lang='lat' dir='ltr'><strong>le</strong></span> <span class='ocrx_word' id='word_1_778' title='bbox 3295 3576 3432 3643; x_wconf 82' lang='lat' dir='ltr'><strong>fecit,</strong></span> <span class='ocrx_word' id='word_1_779' title='bbox 3454 3573 3558 3645; x_wconf 81' lang='lat' dir='ltr'><strong>quid</strong></span> <span class='ocrx_word' id='word_1_780' title='bbox 3582 3583 3623 3625; x_wconf 84' lang='lat' dir='ltr'><strong>tu</strong></span> 
     </span>
    </p>
   </div>
   <div class='ocr_carea' id='block_1_96' title="bbox 2095 3651 3629 3738">
    <p class='ocr_par' dir='ltr' id='par_1_96' title="bbox 2095 3651 3629 3738">
     <span class='ocr_line' id='line_1_96' title="bbox 2095 3651 3629 3738; baseline 0.007 -30"><span class='ocrx_word' id='word_1_781' title='bbox 2095 3651 2299 3710; x_wconf 77' lang='lat' dir='ltr'><strong>faceres</strong></span> <span class='ocrx_word' id='word_1_782' title='bbox 2324 3667 2428 3711; x_wconf 82' lang='lat' dir='ltr'><strong>non</strong></span> <span class='ocrx_word' id='word_1_783' title='bbox 2450 3655 2683 3735; x_wconf 76' lang='lat' dir='ltr'><strong>habebas</strong></span> <span class='ocrx_word' id='word_1_784' title='bbox 2710 3676 2724 3713; x_wconf 88' lang='lat'><strong>:</strong></span> <span class='ocrx_word' id='word_1_785' title='bbox 2750 3665 2964 3729; x_wconf 85' lang='lat' dir='ltr'><strong>quando</strong></span> <span class='ocrx_word' id='word_1_786' title='bbox 2981 3674 3164 3721; x_wconf 84' lang='lat' dir='ltr'><strong>autem</strong></span> <span class='ocrx_word' id='word_1_787' title='bbox 3190 3666 3298 3738; x_wconf 82' lang='lat' dir='ltr'><strong>jam</strong></span> <span class='ocrx_word' id='word_1_788' title='bbox 3326 3681 3399 3732; x_wconf 77' lang='lat' dir='ltr'><strong>es,</strong></span> <span class='ocrx_word' id='word_1_789' title='bbox 3429 3664 3569 3721; x_wconf 80' lang='lat' dir='ltr'><strong>habes</strong></span> <span class='ocrx_word' id='word_1_790' title='bbox 3588 3673 3629 3719; x_wconf 86' lang='lat' dir='ltr'><strong>et</strong></span> 
     </span>
    </p>
   </div>
   <div class='ocr_carea' id='block_1_97' title="bbox 2096 3747 3624 3823">
    <p class='ocr_par' dir='ltr' id='par_1_97' title="bbox 2096 3747 3624 3823">
     <span class='ocr_line' id='line_1_97' title="bbox 2096 3747 3624 3823; baseline 0.006 -21"><span class='ocrx_word' id='word_1_791' title='bbox 2096 3753 2152 3802; x_wconf 89' lang='lat' dir='ltr'><strong>tu</strong></span> <span class='ocrx_word' id='word_1_792' title='bbox 2197 3749 2309 3817; x_wconf 86' lang='lat' dir='ltr'><strong>ipse</strong></span> <span class='ocrx_word' id='word_1_793' title='bbox 2346 3747 2487 3818; x_wconf 86' lang='lat' dir='ltr'><strong>quod</strong></span> <span class='ocrx_word' id='word_1_794' title='bbox 2518 3748 2711 3815; x_wconf 80' lang='lat' dir='ltr'><strong>iacias;</strong></span> <span class='ocrx_word' id='word_1_795' title='bbox 2737 3751 2806 3805; x_wconf 89' lang='lat' dir='ltr'><strong>ad</strong></span> <span class='ocrx_word' id='word_1_796' title='bbox 2845 3752 3118 3811; x_wconf 88' lang='lat' dir='ltr'><strong>medicum</strong></span> <span class='ocrx_word' id='word_1_797' title='bbox 3162 3774 3364 3823; x_wconf 65' lang='lat' dir='ltr'><strong>curras,</strong></span> <span class='ocrx_word' id='word_1_798' title='bbox 3406 3758 3624 3813; x_wconf 81' lang='lat' dir='ltr'><strong>medicum</strong></span> 
     </span>
    </p>
   </div>
   <div class='ocr_carea' id='block_1_98' title="bbox 2096 3836 3628 3918">
    <p class='ocr_par' dir='ltr' id='par_1_98' title="bbox 2096 3836 3628 3918">
     <span class='ocr_line' id='line_1_98' title="bbox 2096 3836 3628 3918; baseline 0.005 -27"><span class='ocrx_word' id='word_1_799' title='bbox 2096 3837 2369 3907; x_wconf 79' lang='lat' dir='ltr'><strong>implores,</strong></span> <span class='ocrx_word' id='word_1_800' title='bbox 2391 3836 2479 3908; x_wconf 88' lang='lat' dir='ltr'><strong>qui</strong></span> <span class='ocrx_word' id='word_1_801' title='bbox 2523 3839 2715 3911; x_wconf 88' lang='lat' dir='ltr'><strong>ubique</strong></span> <span class='ocrx_word' id='word_1_802' title='bbox 2738 3851 2839 3897; x_wconf 85' lang='lat' dir='ltr'><strong>est.</strong></span> <span class='ocrx_word' id='word_1_803' title='bbox 2877 3843 2942 3898; x_wconf 88' lang='lat' dir='ltr'><strong>Et</strong></span> <span class='ocrx_word' id='word_1_804' title='bbox 2970 3853 3027 3899; x_wconf 93' lang='lat' dir='ltr'><strong>ut</strong></span> <span class='ocrx_word' id='word_1_805' title='bbox 3056 3847 3398 3918; x_wconf 84' lang='lat' dir='ltr'><strong>implorares,</strong></span> <span class='ocrx_word' id='word_1_806' title='bbox 3426 3845 3628 3903; x_wconf 72' lang='lat' dir='ltr'><strong>excitavit</strong></span> 
     </span>
    </p>
   </div>
   <div class='ocr_carea' id='block_1_99' title="bbox 2093 3929 3626 4009">
    <p class='ocr_par' dir='ltr' id='par_1_99' title="bbox 2093 3929 3626 4009">
     <span class='ocr_line' id='line_1_99' title="bbox 2093 3929 3626 4009; baseline 0.009 -27"><span class='ocrx_word' id='word_1_807' title='bbox 2093 3929 2189 3983; x_wconf 84' lang='lat' dir='ltr'><strong>c&#39;or</strong></span> <span class='ocrx_word' id='word_1_808' title='bbox 2216 3938 2359 3985; x_wconf 87' lang='lat' dir='ltr'><strong>tuum</strong></span> <span class='ocrx_word' id='word_1_809' title='bbox 2385 3973 2400 3997; x_wconf 90' lang='lat'><strong>,</strong></span> <span class='ocrx_word' id='word_1_810' title='bbox 2432 3936 2487 3987; x_wconf 76' lang='lat' dir='ltr'><strong>ct</strong></span> <span class='ocrx_word' id='word_1_811' title='bbox 2529 3947 2686 4004; x_wconf 90' lang='lat' dir='ltr'><strong>posse</strong></span> <span class='ocrx_word' id='word_1_812' title='bbox 2718 3935 3002 4006; x_wconf 88' lang='lat' dir='ltr'><strong>implorare</strong></span> <span class='ocrx_word' id='word_1_813' title='bbox 3031 3938 3256 3997; x_wconf 80' lang='lat' dir='ltr'><strong>donavit</strong></span> <span class='ocrx_word' id='word_1_814' title='bbox 3284 3944 3406 4009; x_wconf 84' lang='lat' dir='ltr'><strong>tibi;</strong></span> <span class='ocrx_word' id='word_1_815' title='bbox 3436 3942 3554 3996; x_wconf 77' lang='lat' dir='ltr'><strong>Dens</strong></span> <span class='ocrx_word' id='word_1_816' title='bbox 3572 3950 3626 3993; x_wconf 74' lang='lat' dir='ltr'><strong>est</strong></span> 
     </span>
    </p>
   </div>
   <div class='ocr_carea' id='block_1_100' title="bbox 2093 4018 3624 4104">
    <p class='ocr_par' dir='ltr' id='par_1_100' title="bbox 2093 4018 3624 4104">
     <span class='ocr_line' id='line_1_100' title="bbox 2093 4018 3624 4104; baseline 0.013 -31"><span class='ocrx_word' id='word_1_817' title='bbox 2093 4018 2242 4080; x_wconf 82' lang='lat' dir='ltr'><strong>enim.</strong></span> <span class='ocrx_word' id='word_1_818' title='bbox 2274 4022 2459 4089; x_wconf 86' lang='lat' dir='ltr'><strong>inquit,</strong></span> <span class='ocrx_word' id='word_1_819' title='bbox 2490 4024 2577 4089; x_wconf 84' lang='lat' dir='ltr'><strong>qui</strong></span> <span class='ocrx_word' id='word_1_820' title='bbox 2600 4035 2836 4095; x_wconf 84' lang='lat' dir='ltr'><strong>aperatur</strong></span> <span class='ocrx_word' id='word_1_821' title='bbox 2861 4028 2913 4082; x_wconf 88' lang='lat' dir='ltr'><strong>in</strong></span> <span class='ocrx_word' id='word_1_822' title='bbox 2947 4031 3091 4087; x_wconf 75' lang='lat' dir='ltr'><strong>vobis</strong></span> <span class='ocrx_word' id='word_1_823' title='bbox 3112 4042 3162 4086; x_wconf 87' lang='lat' dir='ltr'><strong>et</strong></span> <span class='ocrx_word' id='word_1_824' title='bbox 3187 4035 3308 4088; x_wconf 80' lang='lat' dir='ltr'><strong>velle</strong></span> <span class='ocrx_word' id='word_1_825' title='bbox 3327 4077 3341 4101; x_wconf 89' lang='lat'><strong>,</strong></span> <span class='ocrx_word' id='word_1_826' title='bbox 3368 4044 3412 4089; x_wconf 83' lang='lat' dir='ltr'><strong>et</strong></span> <span class='ocrx_word' id='word_1_827' title='bbox 3430 4031 3624 4104; x_wconf 67' lang='lat' dir='ltr'><strong>operari.</strong></span> 
     </span>
    </p>
   </div>
   <div class='ocr_carea' id='block_1_101' title="bbox 2094 4111 3626 4194">
    <p class='ocr_par' dir='ltr' id='par_1_101' title="bbox 2094 4111 3626 4194">
     <span class='ocr_line' id='line_1_101' title="bbox 2094 4111 3626 4194; baseline 0.008 -31"><span class='ocrx_word' id='word_1_828' title='bbox 2094 4126 2186 4181; x_wconf 88' lang='lat' dir='ltr'><strong>pro</strong></span> <span class='ocrx_word' id='word_1_829' title='bbox 2213 4111 2342 4165; x_wconf 81' lang='lat' dir='ltr'><strong>bona</strong></span> <span class='ocrx_word' id='word_1_830' title='bbox 2368 4113 2623 4171; x_wconf 83' lang='lat' dir='ltr'><strong>voluntate</strong></span> <span class='ocrx_word' id='word_1_831' title='bbox 2654 4116 2910 4190; x_wconf 80' lang='lat' dir='ltr'><strong>(Philipp.</strong></span> <span class='ocrx_word' id='word_1_832' title='bbox 2957 4136 3015 4181; x_wconf 82' lang='grc' dir='ltr'><strong>υ.</strong></span> <span class='ocrx_word' id='word_1_833' title='bbox 3052 4123 3163 4194; x_wconf 77' lang='grc'><strong>13).</strong></span> <span class='ocrx_word' id='word_1_834' title='bbox 3209 4125 3339 4194; x_wconf 81' lang='lat' dir='ltr'><strong>Quia</strong></span> <span class='ocrx_word' id='word_1_835' title='bbox 3366 4134 3422 4181; x_wconf 89' lang='lat' dir='ltr'><strong>ut</strong></span> <span class='ocrx_word' id='word_1_836' title='bbox 3442 4124 3626 4179; x_wconf 83' lang='lat' dir='ltr'><strong>haberes</strong></span> 
     </span>
    </p>
   </div>
   <div class='ocr_carea' id='block_1_102' title="bbox 2092 4199 3624 4283">
    <p class='ocr_par' dir='ltr' id='par_1_102' title="bbox 2092 4199 3624 4283">
     <span class='ocr_line' id='line_1_102' title="bbox 2092 4199 3624 4283; baseline 0.014 -30"><span class='ocrx_word' id='word_1_837' title='bbox 2092 4199 2287 4254; x_wconf 82' lang='lat' dir='ltr'><strong>bonam</strong></span> <span class='ocrx_word' id='word_1_838' title='bbox 2327 4202 2668 4272; x_wconf 82' lang='lat' dir='ltr'><strong>voluntatem,</strong></span> <span class='ocrx_word' id='word_1_839' title='bbox 2718 4207 2859 4263; x_wconf 89' lang='lat' dir='ltr'><strong>illius</strong></span> <span class='ocrx_word' id='word_1_840' title='bbox 2889 4212 3101 4267; x_wconf 80' lang='lat' dir='ltr'><strong>vacatio</strong></span> <span class='ocrx_word' id='word_1_841' title='bbox 3140 4214 3423 4283; x_wconf 69' lang='lat' dir='ltr'><strong>pmccssit.</strong></span> <span class='ocrx_word' id='word_1_842' title='bbox 3462 4210 3624 4274; x_wconf 65' lang='lat' dir='ltr'><strong>Gem.</strong></span> 
     </span>
    </p>
   </div>
   <div class='ocr_carea' id='block_1_103' title="bbox 2092 4290 3622 4376">
    <p class='ocr_par' dir='ltr' id='par_1_103' title="bbox 2092 4290 3622 4376">
     <span class='ocr_line' id='line_1_103' title="bbox 2092 4290 3622 4376; baseline 0.012 -31"><span class='ocrx_word' id='word_1_843' title='bbox 2092 4290 2229 4346; x_wconf 85' lang='lat' dir='ltr'><strong>Deus</strong></span> <span class='ocrx_word' id='word_1_844' title='bbox 2253 4306 2413 4362; x_wconf 83' lang='lat' dir='ltr'><strong>meus,</strong></span> <span class='ocrx_word' id='word_1_845' title='bbox 2441 4296 2785 4353; x_wconf 82' lang='lat' dir='ltr'><strong>misericordia</strong></span> <span class='ocrx_word' id='word_1_846' title='bbox 2807 4300 2914 4372; x_wconf 74' lang='lat' dir='ltr'><strong>ejus</strong></span> <span class='ocrx_word' id='word_1_847' title='bbox 2933 4306 3202 4373; x_wconf 68' lang='lat' dir='ltr'><strong>prmoeniet</strong></span> <span class='ocrx_word' id='word_1_848' title='bbox 3232 4323 3311 4359; x_wconf 82' lang='lat' dir='ltr'><strong>me</strong></span> <span class='ocrx_word' id='word_1_849' title='bbox 3328 4304 3489 4376; x_wconf 74' lang='lat' dir='ltr'><strong>(Ptol.</strong></span> <span class='ocrx_word' id='word_1_850' title='bbox 3507 4316 3622 4363; x_wconf 75' lang='lat' dir='ltr'><strong>mli.</strong></span> 
     </span>
    </p>
   </div>
   <div class='ocr_carea' id='block_1_104' title="bbox 2093 4382 3622 4461">
    <p class='ocr_par' dir='ltr' id='par_1_104' title="bbox 2093 4382 3622 4461">
     <span class='ocr_line' id='line_1_104' title="bbox 2093 4382 3622 4461; baseline 0.012 -22"><span class='ocrx_word' id='word_1_851' title='bbox 2093 4382 2203 4454; x_wconf 74' lang='lat' dir='ltr'><strong>il).</strong></span> <span class='ocrx_word' id='word_1_852' title='bbox 2232 4382 2301 4440; x_wconf 86' lang='lat' dir='ltr'><strong>Ut</strong></span> <span class='ocrx_word' id='word_1_853' title='bbox 2328 4394 2496 4452; x_wconf 87' lang='lat' dir='ltr'><strong>esses,</strong></span> <span class='ocrx_word' id='word_1_854' title='bbox 2529 4397 2587 4442; x_wconf 89' lang='lat' dir='ltr'><strong>ut</strong></span> <span class='ocrx_word' id='word_1_855' title='bbox 2612 4390 2860 4458; x_wconf 88' lang='lat' dir='ltr'><strong>sentires,</strong></span> <span class='ocrx_word' id='word_1_856' title='bbox 2888 4401 2950 4447; x_wconf 87' lang='lat' dir='ltr'><strong>ut</strong></span> <span class='ocrx_word' id='word_1_857' title='bbox 2974 4393 3212 4461; x_wconf 85' lang='lat' dir='ltr'><strong>audires,</strong></span> <span class='ocrx_word' id='word_1_858' title='bbox 3241 4403 3299 4450; x_wconf 89' lang='lat' dir='ltr'><strong>ut</strong></span> <span class='ocrx_word' id='word_1_859' title='bbox 3319 4395 3622 4457; x_wconf 70' lang='lat' dir='ltr'><strong>consentiret.</strong></span> 
     </span>
    </p>
   </div>
   <div class='ocr_carea' id='block_1_105' title="bbox 2090 4475 3621 4553">
    <p class='ocr_par' dir='ltr' id='par_1_105' title="bbox 2090 4475 3621 4553">
     <span class='ocr_line' id='line_1_105' title="bbox 2090 4475 3621 4553; baseline 0.005 -23"><span class='ocrx_word' id='word_1_860' title='bbox 2090 4475 2349 4545; x_wconf 67' lang='lat' dir='ltr'><strong>praevenit</strong></span> <span class='ocrx_word' id='word_1_861' title='bbox 2378 4485 2430 4533; x_wconf 89' lang='lat' dir='ltr'><strong>te</strong></span> <span class='ocrx_word' id='word_1_862' title='bbox 2469 4478 2832 4537; x_wconf 88' lang='lat' dir='ltr'><strong>misericordia</strong></span> <span class='ocrx_word' id='word_1_863' title='bbox 2865 4482 3001 4553; x_wconf 85' lang='lat' dir='ltr'><strong>ejus.</strong></span> <span class='ocrx_word' id='word_1_864' title='bbox 3030 4484 3296 4543; x_wconf 69' lang='lat' dir='ltr'><strong>Przevenit</strong></span> <span class='ocrx_word' id='word_1_865' title='bbox 3324 4497 3376 4544; x_wconf 90' lang='lat' dir='ltr'><strong>te</strong></span> <span class='ocrx_word' id='word_1_866' title='bbox 3411 4488 3462 4543; x_wconf 88' lang='lat' dir='ltr'><strong>in</strong></span> <span class='ocrx_word' id='word_1_867' title='bbox 3483 4485 3621 4541; x_wconf 81' lang='lat' dir='ltr'><strong>omni-</strong></span> 
     </span>
    </p>
   </div>
   <div class='ocr_carea' id='block_1_106' title="bbox 2090 4562 3623 4646">
    <p class='ocr_par' dir='ltr' id='par_1_106' title="bbox 2090 4562 3623 4646">
     <span class='ocr_line' id='line_1_106' title="bbox 2090 4562 3623 4646; baseline 0.007 -27"><span class='ocrx_word' id='word_1_868' title='bbox 2090 4562 2229 4620; x_wconf 84' lang='lat' dir='ltr'><strong>bus:</strong></span> <span class='ocrx_word' id='word_1_869' title='bbox 2263 4567 2494 4636; x_wconf 74' lang='lat' dir='ltr'><strong>praeveni</strong></span> <span class='ocrx_word' id='word_1_870' title='bbox 2527 4576 2582 4623; x_wconf 90' lang='lat' dir='ltr'><strong>et</strong></span> <span class='ocrx_word' id='word_1_871' title='bbox 2610 4576 2666 4624; x_wconf 92' lang='lat' dir='ltr'><strong>tu</strong></span> <span class='ocrx_word' id='word_1_872' title='bbox 2694 4570 2744 4625; x_wconf 90' lang='lat' dir='ltr'><strong>in</strong></span> <span class='ocrx_word' id='word_1_873' title='bbox 2781 4570 2962 4642; x_wconf 87' lang='lat' dir='ltr'><strong>aliquo</strong></span> <span class='ocrx_word' id='word_1_874' title='bbox 2986 4572 3121 4629; x_wconf 84' lang='lat' dir='ltr'><strong>iram</strong></span> <span class='ocrx_word' id='word_1_875' title='bbox 3162 4574 3300 4645; x_wconf 87' lang='lat' dir='ltr'><strong>ejus.</strong></span> <span class='ocrx_word' id='word_1_876' title='bbox 3326 4575 3382 4632; x_wconf 88' lang='lat' dir='ltr'><strong>in</strong></span> <span class='ocrx_word' id='word_1_877' title='bbox 3403 4591 3525 4646; x_wconf 86' lang='lat' dir='ltr'><strong>quo,</strong></span> <span class='ocrx_word' id='word_1_878' title='bbox 3561 4574 3623 4625; x_wconf 89' lang='lat' dir='ltr'><strong>in-</strong></span> 
     </span>
    </p>
   </div>
   <div class='ocr_carea' id='block_1_107' title="bbox 2089 4656 3624 4729">
    <p class='ocr_par' dir='ltr' id='par_1_107' title="bbox 2089 4656 3624 4729">
     <span class='ocr_line' id='line_1_107' title="bbox 2089 4656 3624 4729; baseline 0.008 -21"><span class='ocrx_word' id='word_1_879' title='bbox 2089 4656 2208 4726; x_wconf 80' lang='lat' dir='ltr'><strong>quis</strong></span> <span class='ocrx_word' id='word_1_880' title='bbox 2228 4688 2244 4720; x_wconf 90' lang='lat'><strong>-,</strong></span> <span class='ocrx_word' id='word_1_881' title='bbox 2274 4656 2327 4711; x_wconf 87' lang='lat' dir='ltr'><strong>in</strong></span> <span class='ocrx_word' id='word_1_882' title='bbox 2371 4658 2523 4729; x_wconf 77' lang='lat' dir='ltr'><strong>quo?</strong></span> <span class='ocrx_word' id='word_1_883' title='bbox 2550 4658 2819 4718; x_wconf 78' lang='lat' dir='ltr'><strong>Confitere</strong></span> <span class='ocrx_word' id='word_1_884' title='bbox 2860 4662 2961 4718; x_wconf 87' lang='lat' dir='ltr'><strong>ista</strong></span> <span class='ocrx_word' id='word_1_885' title='bbox 2994 4665 3176 4720; x_wconf 84' lang='lat' dir='ltr'><strong>omnia</strong></span> <span class='ocrx_word' id='word_1_886' title='bbox 3198 4682 3229 4720; x_wconf 87' lang='lat' dir='ltr'><strong>a</strong></span> <span class='ocrx_word' id='word_1_887' title='bbox 3260 4667 3368 4723; x_wconf 91' lang='lat' dir='ltr'><strong>Deo</strong></span> <span class='ocrx_word' id='word_1_888' title='bbox 3392 4675 3443 4723; x_wconf 87' lang='lat' dir='ltr'><strong>te</strong></span> <span class='ocrx_word' id='word_1_889' title='bbox 3469 4665 3624 4720; x_wconf 82' lang='lat' dir='ltr'><strong>habere</strong></span> 
     </span>
    </p>
   </div>
   <div class='ocr_carea' id='block_1_108' title="bbox 2089 4750 3623 4828">
    <p class='ocr_par' dir='ltr' id='par_1_108' title="bbox 2089 4750 3623 4828">
     <span class='ocr_line' id='line_1_108' title="bbox 2089 4750 3623 4828; baseline 0.003 -23"><span class='ocrx_word' id='word_1_890' title='bbox 2089 4750 2340 4823; x_wconf 85' lang='lat' dir='ltr'><strong>quidquid</strong></span> <span class='ocrx_word' id='word_1_891' title='bbox 2361 4753 2484 4808; x_wconf 88' lang='lat' dir='ltr'><strong>boni</strong></span> <span class='ocrx_word' id='word_1_892' title='bbox 2520 4752 2702 4820; x_wconf 86' lang='lat' dir='ltr'><strong>habes,</strong></span> <span class='ocrx_word' id='word_1_893' title='bbox 2728 4770 2758 4809; x_wconf 91' lang='lat' dir='ltr'><strong>a</strong></span> <span class='ocrx_word' id='word_1_894' title='bbox 2787 4765 2840 4812; x_wconf 90' lang='lat' dir='ltr'><strong>te</strong></span> <span class='ocrx_word' id='word_1_895' title='bbox 2862 4757 3115 4828; x_wconf 81' lang='lat' dir='ltr'><strong>quidquid</strong></span> <span class='ocrx_word' id='word_1_896' title='bbox 3150 4760 3297 4815; x_wconf 86' lang='lat' dir='ltr'><strong>mali.</strong></span> <span class='ocrx_word' id='word_1_897' title='bbox 3327 4759 3402 4815; x_wconf 77' lang='lat' dir='ltr'><strong>Ne</strong></span> <span class='ocrx_word' id='word_1_898' title='bbox 3419 4760 3469 4815; x_wconf 90' lang='lat' dir='ltr'><strong>in</strong></span> <span class='ocrx_word' id='word_1_899' title='bbox 3501 4757 3623 4813; x_wconf 87' lang='lat' dir='ltr'><strong>bonis</strong></span> 
     </span>
    </p>
   </div>
   <div class='ocr_carea' id='block_1_109' title="bbox 2088 4843 3626 4915">
    <p class='ocr_par' dir='ltr' id='par_1_109' title="bbox 2088 4843 3626 4915">
     <span class='ocr_line' id='line_1_109' title="bbox 2088 4843 3626 4915; baseline 0.001 -17"><span class='ocrx_word' id='word_1_900' title='bbox 2088 4843 2194 4899; x_wconf 79' lang='lat' dir='ltr'><strong>tuis</strong></span> <span class='ocrx_word' id='word_1_901' title='bbox 2214 4843 2365 4901; x_wconf 87' lang='lat' dir='ltr'><strong>illum</strong></span> <span class='ocrx_word' id='word_1_902' title='bbox 2383 4854 2694 4902; x_wconf 81' lang='lat' dir='ltr'><strong>contemnas</strong></span> <span class='ocrx_word' id='word_1_903' title='bbox 2712 4889 2727 4913; x_wconf 87' lang='lat'><strong>,</strong></span> <span class='ocrx_word' id='word_1_904' title='bbox 2757 4855 2810 4903; x_wconf 90' lang='lat' dir='ltr'><strong>te</strong></span> <span class='ocrx_word' id='word_1_905' title='bbox 2839 4847 3055 4915; x_wconf 85' lang='lat' dir='ltr'><strong>laudes;</strong></span> <span class='ocrx_word' id='word_1_906' title='bbox 3096 4864 3166 4905; x_wconf 91' lang='lat' dir='ltr'><strong>ne</strong></span> <span class='ocrx_word' id='word_1_907' title='bbox 3204 4850 3258 4905; x_wconf 90' lang='lat' dir='ltr'><strong>in</strong></span> <span class='ocrx_word' id='word_1_908' title='bbox 3286 4850 3432 4906; x_wconf 81' lang='lat' dir='ltr'><strong>malis</strong></span> <span class='ocrx_word' id='word_1_909' title='bbox 3462 4848 3551 4904; x_wconf 86' lang='lat' dir='ltr'><strong>tuis</strong></span> <span class='ocrx_word' id='word_1_910' title='bbox 3573 4844 3626 4899; x_wconf 84' lang='lat' dir='ltr'><strong>il-</strong></span> 
     </span>
    </p>
   </div>
   <div class='ocr_carea' id='block_1_110' title="bbox 2087 4935 3618 5011">
    <p class='ocr_par' dir='ltr' id='par_1_110' title="bbox 2087 4935 3618 5011">
     <span class='ocr_line' id='line_1_110' title="bbox 2087 4935 3618 5011; baseline -0.003 -19"><span class='ocrx_word' id='word_1_911' title='bbox 2087 4935 2197 4993; x_wconf 83' lang='lat' dir='ltr'><strong>lum</strong></span> <span class='ocrx_word' id='word_1_912' title='bbox 2218 4942 2460 5004; x_wconf 77' lang='lat' dir='ltr'><strong>accuses,</strong></span> <span class='ocrx_word' id='word_1_913' title='bbox 2483 4946 2536 4995; x_wconf 87' lang='lat' dir='ltr'><strong>to</strong></span> <span class='ocrx_word' id='word_1_914' title='bbox 2572 4944 2792 4996; x_wconf 79' lang='lat' dir='ltr'><strong>excuses</strong></span> <span class='ocrx_word' id='word_1_915' title='bbox 2821 4957 2836 4994; x_wconf 90' lang='lat'><strong>:</strong></span> <span class='ocrx_word' id='word_1_916' title='bbox 2865 4940 2982 5011; x_wconf 81' lang='lat' dir='ltr'><strong>ipsa</strong></span> <span class='ocrx_word' id='word_1_917' title='bbox 3002 4948 3090 4997; x_wconf 84' lang='lat' dir='ltr'><strong>est</strong></span> <span class='ocrx_word' id='word_1_918' title='bbox 3108 4957 3235 4998; x_wconf 85' lang='lat' dir='ltr'><strong>vera</strong></span> <span class='ocrx_word' id='word_1_919' title='bbox 3258 4939 3525 4997; x_wconf 85' lang='lat' dir='ltr'><strong>confessio.</strong></span> <span class='ocrx_word' id='word_1_920' title='bbox 3548 4936 3618 4989; x_wconf 85' lang='lat' dir='ltr'><strong>ille</strong></span> 
     </span>
    </p>
   </div>
   <div class='ocr_carea' id='block_1_111' title="bbox 2088 5028 3622 5103">
    <p class='ocr_par' dir='ltr' id='par_1_111' title="bbox 2088 5028 3622 5103">
     <span class='ocr_line' id='line_1_111' title="bbox 2088 5028 3622 5103; baseline 0.001 -20"><span class='ocrx_word' id='word_1_921' title='bbox 2088 5028 2178 5098; x_wconf 92' lang='lat' dir='ltr'><strong>qui</strong></span> <span class='ocrx_word' id='word_1_922' title='bbox 2205 5029 2259 5085; x_wconf 93' lang='lat' dir='ltr'><strong>iu</strong></span> <span class='ocrx_word' id='word_1_923' title='bbox 2290 5028 2452 5086; x_wconf 77' lang='lat' dir='ltr'><strong>tantis</strong></span> <span class='ocrx_word' id='word_1_924' title='bbox 2475 5030 2631 5086; x_wconf 85' lang='lat' dir='ltr'><strong>bonis</strong></span> <span class='ocrx_word' id='word_1_925' title='bbox 2652 5033 2910 5103; x_wconf 59' lang='lat' dir='ltr'><strong>praevenit</strong></span> <span class='ocrx_word' id='word_1_926' title='bbox 2936 5042 3009 5099; x_wconf 85' lang='lat' dir='ltr'><strong>te,</strong></span> <span class='ocrx_word' id='word_1_927' title='bbox 3035 5044 3295 5090; x_wconf 86' lang='lat' dir='ltr'><strong>venturus</strong></span> <span class='ocrx_word' id='word_1_928' title='bbox 3318 5040 3400 5089; x_wconf 87' lang='lat' dir='ltr'><strong>est</strong></span> <span class='ocrx_word' id='word_1_929' title='bbox 3414 5032 3474 5088; x_wconf 86' lang='lat' dir='ltr'><strong>ad</strong></span> <span class='ocrx_word' id='word_1_930' title='bbox 3498 5041 3559 5095; x_wconf 84' lang='lat' dir='ltr'><strong>te,</strong></span> <span class='ocrx_word' id='word_1_931' title='bbox 3580 5032 3622 5080; x_wconf 74' lang='lat' dir='ltr'><strong>el</strong></span> 
     </span>
    </p>
   </div>
   <div class='ocr_carea' id='block_1_112' title="bbox 2087 5119 3621 5196">
    <p class='ocr_par' dir='ltr' id='par_1_112' title="bbox 2087 5119 3621 5196">
     <span class='ocr_line' id='line_1_112' title="bbox 2087 5119 3621 5196; baseline 0.001 -22"><span class='ocrx_word' id='word_1_932' title='bbox 2087 5119 2424 5189; x_wconf 84' lang='lat' dir='ltr'><strong>inspecturus</strong></span> <span class='ocrx_word' id='word_1_933' title='bbox 2467 5120 2606 5177; x_wconf 88' lang='lat' dir='ltr'><strong>dona</strong></span> <span class='ocrx_word' id='word_1_934' title='bbox 2649 5137 2743 5179; x_wconf 82' lang='lat' dir='ltr'><strong>sua</strong></span> <span class='ocrx_word' id='word_1_935' title='bbox 2780 5132 2837 5180; x_wconf 84' lang='lat' dir='ltr'><strong>et</strong></span> <span class='ocrx_word' id='word_1_936' title='bbox 2876 5124 3014 5179; x_wconf 82' lang='lat' dir='ltr'><strong>mala</strong></span> <span class='ocrx_word' id='word_1_937' title='bbox 3054 5131 3184 5188; x_wconf 89' lang='lat' dir='ltr'><strong>tua;</strong></span> <span class='ocrx_word' id='word_1_938' title='bbox 3215 5122 3474 5196; x_wconf 89' lang='lat' dir='ltr'><strong>quomodo</strong></span> <span class='ocrx_word' id='word_1_939' title='bbox 3507 5119 3621 5174; x_wconf 74' lang='lat' dir='ltr'><strong>bona</strong></span> 
     </span>
    </p>
   </div>
   <div class='ocr_carea' id='block_1_113' title="bbox 2085 5210 3621 5288">
    <p class='ocr_par' dir='ltr' id='par_1_113' title="bbox 2085 5210 3621 5288">
     <span class='ocr_line' id='line_1_113' title="bbox 2085 5210 3621 5288; baseline -0.003 -21"><span class='ocrx_word' id='word_1_940' title='bbox 2085 5212 2201 5283; x_wconf 79' lang='lat' dir='ltr'><strong>ejus</strong></span> <span class='ocrx_word' id='word_1_941' title='bbox 2243 5222 2371 5271; x_wconf 86' lang='lat' dir='ltr'><strong>usus</strong></span> <span class='ocrx_word' id='word_1_942' title='bbox 2406 5212 2604 5281; x_wconf 82' lang='lat' dir='ltr'><strong>fueris,</strong></span> <span class='ocrx_word' id='word_1_943' title='bbox 2634 5214 2848 5287; x_wconf 82' lang='lat' dir='ltr'><strong>inspicit</strong></span> <span class='ocrx_word' id='word_1_944' title='bbox 2878 5225 2951 5273; x_wconf 86' lang='lat' dir='ltr'><strong>te.</strong></span> <span class='ocrx_word' id='word_1_945' title='bbox 2984 5214 3128 5287; x_wconf 65' lang='lat' dir='ltr'><strong>Ergo</strong></span> <span class='ocrx_word' id='word_1_946' title='bbox 3174 5219 3295 5288; x_wconf 85' lang='lat' dir='ltr'><strong>quia</strong></span> <span class='ocrx_word' id='word_1_947' title='bbox 3332 5217 3383 5272; x_wconf 89' lang='lat' dir='ltr'><strong>in</strong></span> <span class='ocrx_word' id='word_1_948' title='bbox 3412 5210 3621 5268; x_wconf 82' lang='lat' dir='ltr'><strong>omnibus</strong></span> 
     </span>
    </p>
   </div>
   <div class='ocr_carea' id='block_1_114' title="bbox 2086 5300 3620 5378">
    <p class='ocr_par' dir='ltr' id='par_1_114' title="bbox 2086 5300 3620 5378">
     <span class='ocr_line' id='line_1_114' title="bbox 2086 5300 3620 5378; baseline -0.007 -17"><span class='ocrx_word' id='word_1_949' title='bbox 2086 5304 2202 5361; x_wconf 87' lang='lat' dir='ltr'><strong>istis</strong></span> <span class='ocrx_word' id='word_1_950' title='bbox 2239 5304 2396 5361; x_wconf 84' lang='lat' dir='ltr'><strong>donis</strong></span> <span class='ocrx_word' id='word_1_951' title='bbox 2423 5305 2679 5376; x_wconf 66' lang='lat' dir='ltr'><strong>praevenit</strong></span> <span class='ocrx_word' id='word_1_952' title='bbox 2707 5312 2758 5361; x_wconf 89' lang='lat' dir='ltr'><strong>te</strong></span> <span class='ocrx_word' id='word_1_953' title='bbox 2776 5348 2791 5373; x_wconf 96' lang='lat'><strong>,</strong></span> <span class='ocrx_word' id='word_1_954' title='bbox 2823 5306 2942 5362; x_wconf 84' lang='lat' dir='ltr'><strong>vide</strong></span> <span class='ocrx_word' id='word_1_955' title='bbox 2963 5306 3014 5362; x_wconf 90' lang='lat' dir='ltr'><strong>in</strong></span> <span class='ocrx_word' id='word_1_956' title='bbox 3040 5300 3146 5378; x_wconf 68' lang='lat' dir='ltr'><strong>quo</strong></span> <span class='ocrx_word' id='word_1_957' title='bbox 3174 5315 3231 5361; x_wconf 87' lang='lat' dir='ltr'><strong>tu</strong></span> <span class='ocrx_word' id='word_1_958' title='bbox 3275 5303 3539 5375; x_wconf 69' lang='lat' dir='ltr'><strong>pnei&#39;enias</strong></span> <span class='ocrx_word' id='word_1_959' title='bbox 3558 5300 3620 5351; x_wconf 87' lang='lat' dir='ltr'><strong>la-</strong></span> 
     </span>
    </p>
   </div>
   <div class='ocr_carea' id='block_1_115' title="bbox 2085 5396 3617 5467">
    <p class='ocr_par' dir='ltr' id='par_1_115' title="bbox 2085 5396 3617 5467">
     <span class='ocr_line' id='line_1_115' title="bbox 2085 5396 3617 5467; baseline -0.005 -14"><span class='ocrx_word' id='word_1_960' title='bbox 2085 5397 2221 5453; x_wconf 88' lang='lat' dir='ltr'><strong>ciem</strong></span> <span class='ocrx_word' id='word_1_961' title='bbox 2264 5396 2472 5453; x_wconf 87' lang='lat' dir='ltr'><strong>venturi</strong></span> <span class='ocrx_word' id='word_1_962' title='bbox 2488 5412 2510 5453; x_wconf 78' lang='lat'><strong>&#39;:</strong></span> <span class='ocrx_word' id='word_1_963' title='bbox 2550 5396 2674 5453; x_wconf 84' lang='lat' dir='ltr'><strong>audi</strong></span> <span class='ocrx_word' id='word_1_964' title='bbox 2714 5396 3006 5467; x_wconf 77' lang='lat' dir='ltr'><strong>Psalmum,</strong></span> <span class='ocrx_word' id='word_1_965' title='bbox 3059 5397 3425 5454; x_wconf 70' lang='lat' dir='ltr'><strong>Prceeaimnus</strong></span> <span class='ocrx_word' id='word_1_966' title='bbox 3468 5396 3617 5465; x_wconf 71' lang='lat' dir='ltr'><strong>foculi</strong></span> 
     </span>
    </p>
   </div>
   <div class='ocr_carea' id='block_1_116' title="bbox 2083 5467 3614 5562">
    <p class='ocr_par' dir='ltr' id='par_1_116' title="bbox 2083 5467 3614 5562">
     <span class='ocr_line' id='line_1_116' title="bbox 2083 5467 3614 5562; baseline -0.003 -20"><span class='ocrx_word' id='word_1_967' title='bbox 2083 5467 2194 5560; x_wconf 70' lang='lat' dir='ltr'><strong>ejus</strong></span> <span class='ocrx_word' id='word_1_968' title='bbox 2206 5487 2260 5541; x_wconf 85' lang='lat' dir='ltr'><strong>in</strong></span> <span class='ocrx_word' id='word_1_969' title='bbox 2281 5488 2610 5559; x_wconf 68' lang='lat' dir='ltr'><strong>confusione.</strong></span> <span class='ocrx_word' id='word_1_970' title='bbox 2635 5487 3007 5553; x_wconf 58' lang='lat' dir='ltr'><strong>Proloquium“</strong></span> <span class='ocrx_word' id='word_1_971' title='bbox 3024 5489 3205 5562; x_wconf 78' lang='lat' dir='ltr'><strong>[aciem</strong></span> <span class='ocrx_word' id='word_1_972' title='bbox 3220 5488 3327 5559; x_wconf 82' lang='lat' dir='ltr'><strong>ejus</strong></span> <span class='ocrx_word' id='word_1_973' title='bbox 3340 5502 3358 5537; x_wconf 88' lang='lat'><strong><em>:</em></strong></span> <span class='ocrx_word' id='word_1_974' title='bbox 3372 5489 3614 5552; x_wconf 60' lang='lat' dir='ltr'><strong>autem!”</strong></span> 
     </span>
    </p>
   </div>
   <div class='ocr_carea' id='block_1_117' title="bbox 2109 5624 3613 5702">
    <p class='ocr_par' dir='ltr' id='par_1_117' title="bbox 2109 5624 3613 5702">
     <span class='ocr_line' id='line_1_117' title="bbox 2109 5624 3613 5702; baseline -0.02 0"><span class='ocrx_word' id='word_1_975' title='bbox 2109 5632 2171 5702; x_wconf 83' lang='lat'><strong>..&#39;_</strong></span> <span class='ocrx_word' id='word_1_976' title='bbox 2186 5629 2509 5702; x_wconf 58' lang='grc' dir='ltr'><strong>Μινυεία</strong></span> <span class='ocrx_word' id='word_1_977' title='bbox 2524 5632 2665 5702; x_wconf 61' lang='grc' dir='ltr'><strong>κρατί</strong></span> <span class='ocrx_word' id='word_1_978' title='bbox 2683 5632 2890 5702; x_wconf 55' lang='lat' dir='ltr'><strong>attigi,</strong></span> <span class='ocrx_word' id='word_1_979' title='bbox 2908 5633 3047 5687; x_wconf 77' lang='lat' dir='ltr'><strong>tertio</strong></span> <span class='ocrx_word' id='word_1_980' title='bbox 3081 5630 3253 5700; x_wconf 56' lang='grc' dir='ltr'>ιφιεξτι</span> <span class='ocrx_word' id='word_1_981' title='bbox 3270 5624 3455 5696; x_wconf 59' lang='lat' dir='ltr'><strong>apes,</strong></span> <span class='ocrx_word' id='word_1_982' title='bbox 3474 5625 3613 5691; x_wconf 63' lang='lat' dir='ltr'><strong>oratio</strong></span> 
     </span>
    </p>
   </div>
   <div class='ocr_carea' id='block_1_118' title="bbox 2085 5690 3424 5812">
    <p class='ocr_par' dir='ltr' id='par_1_118' title="bbox 2085 5690 3424 5812">
     <span class='ocr_line' id='line_1_118' title="bbox 2085 5690 3424 5812; baseline 0.01 -10"><span class='ocrx_word' id='word_1_983' title='bbox 2085 5690 2632 5808; x_wconf 57' lang='lat' dir='ltr'><strong>&quot;&quot;fi%‘§:iu‘f&#39;ma.</strong></span> <span class='ocrx_word' id='word_1_984' title='bbox 2657 5740 2955 5812; x_wconf 55' lang='lat' dir='ltr'><strong>mea.</strong></span> <span class='ocrx_word' id='word_1_985' title='bbox 3404 5755 3424 5777; x_wconf 82' lang='lat'><strong>-</strong></span> 
     </span>
    </p>
   </div>
  </div>
