3886 6188
385 365 493 423 955

389 488 615 557 pictatis.
679 490 718 544 lt
752 508 777 543 r
808 490 1139 545 ιιιοηυὶἰιειὶίδ
1190 500 1471 545 commune
1497 499 1607 554 est;
1652 489 1777 544 illuc
1814 491 1956 544 enim

386 580 658 633 andmlant
686 596 870 634 omnes
897 583 1004 635 nati
1030 599 1042 634 :
1074 583 1199 636 illuc
1219 625 1234 644 ,
1266 583 1473 637 nonnisi
1504 582 1693 638 renati.
1727 583 1805 635 Ml
1833 581 1957 635 illttd

386 670 609 736 pertinet
656 670 829 731 nasci,
861 686 1131 733 CI'CSCI‘I'C,
1172 686 1487 737 senescere,
1524 672 1678 726 amri.
1737 672 1960 740 Propter

384 759 483 813 hoc
511 762 841 814 necessarius
867 772 946 816 est
990 763 1158 817 victus
1184 772 1237 819 et
1266 773 1646 835 legumentum.
1672 761 1958 818 Sufficien-

383 858 464 905 tes
507 852 612 905 sint
664 853 818 921 hujus
850 855 1052 909 itineris
1107 867 1368 926 sumptus.
1400 857 1574 924 Quare
1630 865 1682 912 te
1726 856 1956 928 gravas?

380 944 554 1008 Quare
584 953 786 1000 tantum
819 958 995 1016 portas
1025 948 1075 1002 in
1101 951 1182 1003 via
1212 950 1356 1004 brevi
1379 991 1394 1010 .
1429 965 1534 1003 non
1563 951 1700 1005 unde
1725 950 1791 1003 ad
1822 950 1956 1005 hanc

383 1034 520 1087 viam
567 1034 848 1090 ﬁniendam
889 1038 1124 1107 juveris,
1157 1041 1249 1094 sed
1309 1040 1447 1095 unde
1496 1040 1668 1110 potius
1708 1041 1773 1094 ad
1821 1041 1955 1094 hanc

386 1126 523 1179 viam
557 1126 836 1181 finiendam
867 1129 940 1201 (η)
969 1133 1179 1199 gravius
1204 1133 1481 1187 onercris?
1510 1131 1735 1186 Nimium
1763 1133 1956 1201 quippe

379 1215 621 1271 mirabile
643 1229 723 1273 est
745 1261 757 1277 .
788 1220 927 1289 quod
959 1221 1047 1275 tibi
1097 1222 1179 1276 vis
1222 1230 1279 1277 ut
1308 1222 1609 1290 contingat:
1644 1237 1834 1275 oneras
1862 1233 1913 1274 te
1936 1263 1952 1286 ,

379 1307 600 1361 ιιιιιίιιιιιι
627 1318 833 1377 portas,
864 1313 1053 1380 premit
1095 1322 1144 1366 te
1173 1313 1223 1366 in
1254 1313 1353 1367 hac
1378 1313 1457 1366 via
1491 1314 1709 1383 pecunia
1732 1356 1745 1377 ,
1777 1323 1829 1367 et
1862 1327 1955 1381 per

380 1397 513 1451 hanc
559 1399 694 1451 viam
730 1402 920 1468 premit
951 1412 1000 1454 te
1028 1403 1266 1457 avaritia.
1319 1404 1551 1457 Avaritia
1592 1404 1730 1458 enim
1776 1402 1953 1458 cnrdis

375 1497 456 1540 est
487 1488 835 1543 inunutnlitia.
893 1492 1026 1546 Nihil
1058 1492 1200 1547 tollis
1244 1493 1312 1549 de
1355 1495 1457 1549 hoc
1509 1494 1741 1555 mundo,
1795 1509 1950 1562 quem

375 1580 561 1634 amasti
593 1598 606 1633 ι
639 1582 732 1636 sed
765 1583 903 1639 tollis
944 1586 1129 1640 vitium
1176 1586 1317 1656 quod
1366 1587 1574 1640 amasti.
1622 1587 1679 1641 Si
1715 1601 1953 1655 perseve-

378 1680 557 1724 ranter
620 1688 769 1726 amas
809 1675 1097 1740 mundum;
1143 1677 1232 1746 qui
1277 1676 1402 1731 fecit
1427 1677 1711 1738 mundum,
1754 1693 1857 1730 non
1902 1686 1950 1733 te

371 1756 571 1814 invenit
598 1765 869 1819 amntium.
901 1766 955 1821 Si
988 1782 1113 1836 ergo
1137 1769 1187 1822 in
1219 1782 1373 1821 usum
1403 1770 1742 1837 temporalem
1768 1769 1949 1822 modi--

374 1864 486 1905 rata
541 1856 759 1920 pee:.nia
809 1856 879 1908 sit
926 1857 1138 1921 viatici,
1199 1858 1250 1911 iu
1282 1875 1346 1913 eo
1386 1859 1488 1913 fine
1524 1860 1810 1914 constituto
1857 1859 1947 1927 qui

371 1942 601 2010 scriptus
646 1954 755 2008 est,
808 1945 933 2000 Sine
973 1964 1167 2010 nutare,
1214 1949 1412 2018 inquit,
1467 1951 1726 2021 pecunite,
1772 1950 1948 2005 modus

368 2033 612 2103 stcﬁicietts
651 2044 721 2090 est
757 2038 1082 2107 prccsentibus
1125 2038 1306 2106 (Hebr.
1353 2056 1480 2103 xm,
1532 2040 1607 2111 5).
1648 2040 1779 2095 V'lde
1825 2049 1946 2096 ante

369 2124 543 2177 omnia
571 2126 694 2194 quid
738 2120 1044 2194 prarstt'uvit
1072 2145 1087 2182 :
1118 2128 1242 2184 Sine
1261 2146 1464 2195 amore,
1494 2130 1661 2199 inquit
1686 2146 1700 2182 :
1728 2132 1796 2184 ita
1829 2146 1945 2184 ma-

369 2228 494 2267 num
526 2216 674 2268 mitte
694 2259 708 2273 .
737 2225 792 2268 ut
828 2232 922 2270 cor
965 2218 1086 2271 inde
1114 2221 1309 2274 solvas.
1334 2219 1467 2274 Nam
1495 2224 1541 2274 si
1569 2220 1803 2289 pecuniae
1848 2236 1947 2293 per

365 2320 601 2358 amorem
629 2321 722 2359 cor
759 2307 980 2377 alligare
1024 2308 1287 2373 volueris,
1339 2309 1529 2364 inseris
1568 2318 1621 2366 te
1670 2311 1943 2367 doloribus

366 2396 544 2448 multis
579 2414 592 2451 :
623 2406 675 2451 et
706 2397 791 2450 ubi
824 2397 958 2460 erit,
986 2397 1065 2452 Tu
1093 2410 1280 2465 autent,
1312 2401 1462 2455 homo
1488 2400 1616 2466 Dei,
1650 2403 1756 2457 tunc
1784 2405 1944 2475 fuge?

364 2485 476 2539 Non
506 2488 645 2541 cnim
674 2488 774 2552 ait,
800 2489 1089 2571 Relinque,
1121 2499 1174 2544 et
1213 2491 1436 2556 desere;
1466 2491 1592 2555 sed,
1625 2492 1765 2564 Fuge
1790 2495 1941 2564 quasi

364 2574 589 2631 hostem.
620 2576 904 2645 Qumrchas
931 2578 1112 2648 fugere
1149 2593 1270 2635 cum
1311 2596 1475 2647 auro,
1511 2582 1629 2654 fuge
1649 2599 1837 2638 aurum
1872 2587 1886 2617 ⁸
1921 2602 1935 2639 :

360 2684 455 2719 cur
501 2674 645 2720 tuum
688 2665 885 2738 fugiat,
937 2677 991 2723 et
1019 2684 1203 2724 servus
1232 2679 1316 2726 est
1362 2681 1502 2726 tuus.
1532 2674 1800 2744 Cupiditas
1833 2691 1937 2732 non

360 2758 457 2822 sit,
490 2758 659 2828 pietas
702 2767 878 2814 tamen
918 2777 1021 2814 non
1054 2761 1224 2829 desit;
1270 2765 1522 2835 estquod
1551 2766 1709 2822 facias
1748 2768 1818 2823 de
1844 2784 1939 2823 au-

359 2861 421 2900 ro
441 2889 456 2906 .
499 2851 541 2900 si
570 2846 815 2902 dominus
835 2864 894 2904 es
914 2851 1064 2916 auri,
1094 2867 1198 2907 non
1236 2866 1446 2909 servus.
1474 2854 1527 2910 Si
1557 2856 1801 2912 dominus
1823 2860 1937 2914 auri

357 2953 445 3004 rs,
481 2938 607 2993 facis
636 2939 702 2994 dc
731 2940 822 2995 illo
852 2943 991 3012 quod
1021 2944 1215 2999 bomnn
1241 2954 1325 3001 est
1356 2965 1369 3001 :
1397 2947 1442 3002 si
1473 2962 1657 3003 servus
1679 2992 1694 3015 ,
1720 2950 1841 3006 facit
1868 2950 1936 3007 de

356 3038 408 3082 te
434 3029 572 3098 quod
602 3031 795 3084 malum
828 3041 928 3086 est.
961 3031 1019 3086 Si
1063 3034 1312 3090 dominus
1337 3037 1448 3090 auri
1479 3051 1575 3103 es,
1618 3041 1843 3094 vestitus
1867 3042 1936 3098 de

355 3130 406 3172 tn
440 3122 718 3176 Dmniuum
763 3123 939 3200 laudat
968 3140 982 3177 :
1012 3125 1059 3179 si
1106 3139 1293 3181 servus
1318 3130 1431 3182 auri
1460 3144 1552 3196 es,
1590 3132 1844 3200 spoliatus
1866 3133 1935 3190 de

356 3222 405 3263 te
426 3209 773 3278 blasphemat.
798 3194 1019 3268 Servum
1047 3224 1225 3271 autem
1257 3228 1308 3273 te
1336 3217 1460 3272 facit
1479 3194 1737 3289 cupiditas
1759 3264 1772 3286 ,
1804 3224 1934 3279 Iibe-

352 3315 468 3351 rum
499 3298 751 3371 cbaritas.
784 3300 910 3381 Inde
938 3319 1127 3359 servus
1148 3347 1161 3370 ,
1191 3305 1237 3361 si
1260 3324 1365 3361 non
1394 3307 1609 3379 fugeris.
1633 3309 1707 3365 Tu
1730 3321 1928 3378 autem,

352 3390 500 3444 homo
531 3391 621 3445 Dei
641 3435 654 3456 ,
679 3394 785 3446 Ιιαέ
807 3395 943 3465 fuge.
976 3395 1032 3450 in
1061 3396 1158 3452 hac
1186 3414 1342 3453 causa
1368 3399 1413 3453 si
1442 3415 1548 3455 non
1577 3402 1657 3457 vis
1682 3417 1800 3459 esse
1818 3419 1932 3460 ser-

352 3501 447 3539 vus
467 3526 480 3548 ,
513 3496 630 3540 esto
661 3484 928 3555 fugitivus.

419 3578 471 3631 4.
512 3575 710 3632 Divitiw
738 3579 999 3634 interiores
1024 3581 1293 3636 sectanda.
1339 3583 1540 3639 Audisti
1567 3585 1692 3656 quid
1724 3585 1890 3657 fugias
1910 3630 1926 3654 ,

347 3667 514 3722 habes
532 3677 584 3721 et
609 3668 747 3738 quod
787 3671 1028 3726 secteris.
1061 3671 1173 3726 Non
1205 3674 1344 3727 enim
1377 3674 1602 3730 inaniter
1624 3676 1793 3748 fugis,
1840 3688 1931 3733 aut

346 3756 424 3812 sic
450 3757 704 3828 rt-linquis
730 3769 787 3813 ut
818 3774 922 3814 non
966 3761 1355 3832 apprehendas.
1403 3765 1611 3821 Sectare
1636 3784 1754 3839 ergo
1769 3770 1928 3839 justi-

347 3848 468 3900 tiam
485 3891 498 3909 ,
527 3846 676 3916 [idem
697 3890 711 3911 ,
745 3848 973 3918 pietatem
993 3892 1008 3916 ,
1039 3851 1354 3906 clmritatent.
1380 3854 1503 3911 limo
1530 3864 1582 3911 te
1605 3856 1823 3914 divitem
1854 3858 1929 3912 fa-

345 3942 505 3994 ciant.
537 3939 627 3992 lla:
658 3939 852 3994 divitia:
883 3941 1025 3995 intus
1064 3943 1170 3997 sint
1200 3962 1214 3998 :
1243 3942 1329 3999 fur
1350 3945 1417 4000 ad
1440 3961 1534 4002 eas
1554 3962 1659 4001 nou
1688 3949 1923 4016 accedit,

344 4031 443 4085 nisi
475 4032 608 4085 mala
636 4033 879 4088 voluntas
898 4038 946 4089 ei
968 4033 1173 4091 dederit
1201 4035 1392 4091 locum.
1425 4037 1564 4094 Huni
1592 4054 1768 4095 arcam
1800 4042 1928 4098 inte-

343 4122 536 4177 riorem
558 4164 572 4187 ,
609 4123 708 4178 hoc
738 4132 836 4185 cst.
881 4126 1282 4183 conscientiam.
1314 4127 1421 4184 Has
1447 4128 1657 4187 divitias
1683 4147 1785 4187 non
1830 4132 1923 4188 tibi

345 4212 512 4275 latm,
544 4228 649 4266 non
692 4214 911 4282 quilibet
954 4218 1350 4283 potentissimus
1380 4219 1654 4287 inimicus,
1702 4236 1809 4277 non
1854 4221 1928 4278 ir-

346 4317 504 4356 ruens
531 4303 696 4356 hostis
722 4315 810 4358 aut
851 4305 1142 4372 barbarus,
1188 4324 1293 4364 non
1335 4310 1566 4381 denique
1595 4314 1922 4385 naufragium

344 4392 534 4459 poterit
564 4391 807 4455 auferre,
841 4394 981 4447 unde
1023 4398 1067 4448 si
1116 4398 1287 4451 nudus
1331 4414 1523 4466 exeas,
1558 4404 1745 4468 plenus
1783 4404 1918 4458 exis.

341 4478 522 4547 Neque
559 4481 700 4534 enim
728 4496 852 4535 vere
880 4483 1049 4538 inanis
1102 4495 1236 4547 erat,
1261 4490 1501 4554 quamvis
1526 4491 1818 4549 forinsecus
1843 4495 1924 4548 ni-

343 4569 415 4622 hil
460 4568 654 4624 habere
695 4570 980 4635 videretur,
1031 4576 1119 4643 qui
1164 4574 1374 4631 dicebat
1414 4596 1429 4632 :
1463 4578 1706 4636 Dominus
1749 4584 1918 4650 dedit,

339 4657 588 4713 Dominus
627 4657 868 4722 abstulit;
912 4662 1043 4716 sicut
1081 4662 1301 4720 Domino
1341 4667 1563 4737 placuit,
1608 4671 1683 4725 ita
1727 4676 1921 4743 factum

335 4758 447 4804 est:
476 4749 542 4803 sit
599 4766 779 4805 nomen
814 4750 1020 4807 Domini
1045 4755 1352 4812 benedictum
1380 4757 1499 4829 (Job
1539 4762 1735 4835 1,21).
1782 4764 1923 4821 Lau-

332 4839 523 4894 tlabilis
555 4842 649 4895 ista
682 4841 982 4912 plenitudo.
1014 4844 1254 4916 ingentes
1282 4848 1511 4917 divitiae;
1545 4851 1716 4909 inanis
1750 4870 1914 4921 auro,

335 4949 346 4996 ι
371 4930 521 4987 lenus
549 4931 690 4998 Deo;
725 4934 896 4989 inanis
915 4938 1058 4991 omni
1087 4939 1388 4995 transitoria
1419 4942 1702 5012 facultate,
1731 4946 1916 5016 plenus

330 5026 411 5079 sui
455 5026 662 5080 Domini
690 5029 982 5086 voluntate.
1010 5030 1144 5098 Quid
1171 5034 1407 5100 quaeritis
1429 5052 1615 5092 aurum
1647 5040 1806 5096 tantis
1835 5040 1915 5096 la-

332 5117 547 5171 lmribus
566 5160 579 5180 ,
603 5125 656 5173 et
678 5121 1189 5189 peregrinationibus
1205 5123 1232 5177 ἲ
1257 5125 1446 5181 Amata
1474 5125 1568 5181 has
1588 5128 1801 5185 divitias
1819 5171 1835 5198 ,
1856 5143 1915 5187 et

329 5208 488 5260 tumin
511 5208 803 5291 implemini
830 5228 844 5264 :
878 5209 995 5265 fons
1017 5227 1198 5267 earum
1223 5231 1328 5270 non
1352 5216 1511 5282 latet,
1538 5219 1583 5272 si
1610 5234 1707 5274 cor
1729 5231 1872 5291 patet
1896 5241 1909 5276 :

325 5299 494 5365 aperit
521 5314 614 5354 cor
639 5300 801 5355 clavis
830 5302 946 5356 fidei
967 5344 981 5367 ,
1014 5313 1070 5359 et
1088 5306 1259 5375 aperit
1282 5316 1343 5361 et
1368 5310 1589 5364 mundat
1613 5312 1699 5366 ubi
1721 5327 1904 5383 ponas

324 5388 439 5446 Noli
468 5392 559 5447 tibi
598 5401 852 5463 angustus
887 5394 1053 5450 videri
1100 5412 1117 5450 :
1159 5397 1357 5454 divitia:
1386 5408 1493 5455 tum
1516 5444 1532 5465 ,
1583 5403 1727 5459 Dens
1752 5414 1905 5471 tuus;

327 5481 541 5548 quando
564 5483 776 5537 intravit
797 5524 812 5549 ,
845 5486 956 5553 ipse
984 5485 1240 5544 dilatavit.

389 5634 401 5660 ²
432 5630 575 5688 Beda,
598 5633 849 5691 outerch
866 5669 882 5694 ,
902 5635 1016 5702 Me
1043 5649 1061 5686 :
1085 5651 1145 5691 ue
1182 5653 1351 5705 pereas
1384 5655 1497 5694 cum
1517 5656 1664 5705 eum,
1687 5644 1800 5711 fuge
1823 5661 1909 5697 an-

322 5703 452 5736 rum.

354 5704 459 5807 uitri.)
480 5756 639 5805 Ferte.
660 5764 754 5801 tum
787 5753 865 5803 'im‘
887 5755 1054 5803 ‘ttf’ltm.

1617 373 1673 425 S.
1716 364 2079 427 AtiiiIS'l'iNl
2117 360 2418 428 Ei‘lSIOPi

2106 510 2109 511 ν
2138 488 2189 543 5.
2219 486 2582 544 Thesaurisnre
2595 492 2679 546 hic
2712 494 2985 551 coleum
3021 498 3183 572 inepta
3207 511 3590 571 Was»

2065 593 2175 631 sum
2202 594 2304 631 cor.
2334 579 2475 649 Ergo
2496 622 2512 644 ,
2554 582 2876 640 Sine-amore
2900 591 3356 657 paeniturum!“
3380 603 3593 670 «ﬁdem

2064 677 2137 719 est
2160 669 2489 737 praesentibus
2531 685 2552 725 ,ε’
2593 688 2762 741 quare
2804 678 3161 745 prmonitus!
3187 686 3301 753 quia
3321 726 3336 751 ,
3368 669 3504 747 Nihil
3523 697 3593 751 in.

2063 760 2271 813 tulimus
2295 761 2348 814 in
2373 762 2508 816 hunc
2545 766 2821 833 mundam,
2849 785 2940 823 nec
2980 772 3180 841 anime
3208 778 3394 849 aliquid
3432 801 3591 854 pom.

2064 865 2174 902 ms
2194 865 2214 904 ι’
2241 850 2360 905 ideo
2382 855 2739 923 precantibus,
2772 874 2890 913 non
2926 860 3128 919 futuris.
3152 865 3256 922 Sed
3279 887 3392 939 qua:
3508 879 3591 933 de.

2060 939 2188 1008 cipit
2220 939 2488 996 hominem
2531 944 2596 999 ad
2638 948 2872 1003 avuitia:
2913 959 3253 1021 catenatum?
3276 960 3431 1027 Quid,
3455 967 3497 1021 si
3516 969 3590 1027 diu

2059 1029 2214 1083 vivo?
2236 1030 2335 1098 Qui
2363 1032 2455 1087 dat
2491 1035 2650 1089 vitam
2670 1077 2687 1103 ,
2712 1036 2803 1092 dat
2831 1040 2973 1096 unde
3003 1043 3107 1097 vita
3148 1057 3477 1111 sustentetur.
3503 1058 3590 1113 Ροο

2059 1127 2260 1175 stretno
2299 1122 2406 1176 sint
2433 1124 2665 1192 reditus,
2717 1144 2883 1197 quare
2922 1135 3174 1202 quaeritur
3214 1148 3267 1194 et
3309 1142 3591 1207 thesaurus!

2060 1208 2216 1264 Redit
2237 1211 2432 1280 aliquid
2462 1215 2528 1269 de
2558 1218 2771 1287 negetio
2790 1261 2807 1284 ,
2853 1223 2991 1276 redit
3031 1227 3227 1295 aliquid
3254 1230 3318 1286 de
3360 1237 3591 1309 artificio,

2058 1301 2197 1356 redit
2220 1303 2423 1373 aliquid
2446 1307 2515 1361 de
2544 1309 2714 1376 pretio
2742 1327 2759 1365 :
2788 1313 3041 1380 sufﬁciat,
3071 1333 3176 1373 non
3208 1301 3588 1395 thesaurime

2058 1406 2123 1445 ne
2136 1392 2222 1446 ubi
2236 1407 2398 1461 pones
2411 1397 2715 1454 thesaurum
2730 1411 2898 1467 tuum,
2917 1405 2987 1460 ibi
3005 1421 3274 1467 remaneat
3284 1424 3336 1467 et
3346 1430 3433 1471 eor
3445 1392 3586 1487 tum,

2055 1495 2103 1536 et
2124 1493 2182 1538 ut
2198 1499 2408 1541 sursum
2432 1490 2519 1554 sit,
2544 1489 2737 1547 frustra
2751 1496 2956 1558 audias.
2973 1498 3264 1573 falsumque
3284 1511 3586 1578 resptmdeas.

2052 1574 2276 1640 Quando
2289 1578 2431 1632 enim
2442 1582 2740 1650 respondes
2752 1586 2816 1639 ad
2838 1586 2963 1642 illud
2983 1574 3587 1663 saeratissimnnverbum

2054 1676 2106 1718 ct
2131 1681 2261 1722 voce
2282 1671 2562 1736 suscribis,
2590 1673 2659 1729 ab
2682 1675 2799 1744 ipso
2825 1678 2988 1734 corde
3012 1681 3159 1737 intus
3180 1700 3283 1741 non
3322 1694 3589 1749 aestuat-isi

2053 1764 2302 1826 Lunamvis
2316 1781 2551 1833 pressum
2568 1778 2947 1840 etoppressum
2958 1790 3053 1830 cor
3065 1786 3232 1842 tuum,
3248 1796 3347 1836 non
3371 1784 3452 1839 tibi
3473 1787 3589 1843 intus

2050 1853 2196 1918 dicit,
2215 1855 2324 1908 Sub
2351 1867 2488 1911 terra
2506 1875 2592 1914 me
2618 1862 2788 1928 ponis,
2810 1880 2974 1933 quare
3002 1870 3242 1925 mentiris
3258 1871 3285 1925 r
3306 1873 3495 1943 Ergone
3511 1879 3588 1932 tibi

2050 1958 2153 1996 non
2183 1944 2311 1998 dicit
2336 1963 2349 1998 :
2377 1947 2562 2002 Nonne
2608 1950 2677 2004 ibi
2706 1965 2852 2015 sum,
2894 1955 2983 2010 ubi
3005 1956 3285 2015 thesaurus
3310 1963 3453 2019 tuus?
3472 1965 3589 2038 Ergo

2049 2035 2353 2113 mentiris..\
2364 2053 2398 2090 ιι
2414 2053 2538 2092 vero
2557 2040 2649 2096 ille
2668 2044 2943 2108 mentitur,
2963 2047 3059 2116 qui
3072 2049 3235 2105 dixit:
3255 2051 3349 2106 Ubi
3362 2055 3480 2108 enim
3493 2035 3588 2125 fue-

2046 2124 2113 2176 rit
2133 2110 2396 2182 thesaurus
2422 2137 2555 2192 tuus,
2575 2131 2681 2184 illic
2703 2134 2797 2186 erit
2813 2144 2864 2189 et
2884 2110 3140 2193 cor-tuum
3165 2141 3370 2207 (Matth.
3389 2160 3454 2212 Vt,
3475 2110 3589 2215 έιμ

2046 2212 2125 2269 Tu
2148 2216 2285 2271 dicis
2315 2235 2330 2272 :
2361 2218 2473 2273 Non
2506 2222 2617 2276 illic
2641 2222 2763 2278 erit.
2807 2225 3012 2282 Veritas
3024 2228 3166 2285 dicit
3182 2249 3208 2287 -:
3236 2232 3344 2289 illic
3360 2236 3473 2290 erit.
3500 2212 3588 2293 sit

2046 2322 2150 2362 non
2178 2309 2285 2365 illic
2310 2312 2432 2378 erit,
2453 2313 2573 2382 quia
2605 2330 2708 2369 non
2734 2331 2874 2371 amo»
2898 2318 3076 2376 Factis
3108 2323 3299 2392 proba.
3320 2325 3431 2381 Non
3449 2343 3589 2395 amas,

2043 2400 2136 2454 sed
2165 2400 2312 2456 dives
2340 2418 2419 2457 es.
2463 2404 2604 2459 Bene
2628 2406 2839 2476 quidem
2866 2411 3099 2466 sttendis
3136 2452 3153 2480 ,
3178 2424 3230 2469 et
3254 2415 3492 2473 discernis
3514 2428 3589 2476 te:

2041 2488 2112 2543 ab
2147 2503 2212 2545 eo
2250 2493 2338 2560 qui
2369 2492 2518 2547 dives
2556 2503 2674 2561 est,
2724 2495 2986 2554 discernis
3026 2516 3166 2558 eum
3210 2505 3297 2575 qui
3336 2508 3439 2562 vult
3466 2506 3593 2564 dives

2042 2593 2182 2635 esse.
2212 2580 2355 2637 inter
2377 2582 2595 2639 divitem
2613 2601 2734 2642 esse
2751 2627 2767 2652 ,
2797 2597 2854 2642 et
2893 2588 3128 2648 divitem
3155 2596 3289 2652 velle
3312 2612 3442 2666 esse,
3474 2601 3591 2669 just:

2038 2668 2292 2728 discretio
2315 2675 2494 2744 negari
2532 2691 2639 2732 non
2684 2687 2876 2748 potest.
2904 2678 2979 2736 lbi
3005 2680 3244 2744 facultas
3268 2696 3377 2756 est,
3415 2668 3490 2746 hic
3511 2704 3592 2747 ett-

2040 2761 2250 2830 piditas.

2109 2853 2162 2907 ϐ.
2185 2853 2489 2911 Diuitiarum
2512 2860 2763 2930 cupiditas
2780 2863 3099 2923 insatiabilis.
3140 2870 3269 2927 Nam
3287 2882 3340 2929 et
3355 2874 3458 2944 ipse
3475 2877 3588 2946 Apo-

2037 2943 2205 2999 stolus
2229 2961 2333 3000 non
2372 2948 2479 3013 ait,
2507 2950 2605 3016 Qui
2635 2951 2826 3008 divites
2852 2965 3013 3023 sunt;
3042 2961 3154 3015 sed
3176 3005 3190 3027 ,
3221 2965 3317 3031 Qui
3341 2967 3495 3023 uolunt

2036 3033 2156 3087 vites
2194 3036 2324 3102 ﬁeri,
2355 3038 2584 3094 incidunt
2622 3040 2674 3096 in
2702 3046 3023 3102 tentationem
3043 3059 3093 3103 et
3136 3052 3387 3122 laqueum,
3412 3068 3454 3110 et
3477 3058 3587 3112 desi-

2036 3122 2176 3178 deria
2215 3128 2376 3182 multa
2417 3137 2467 3183 et
2510 3133 2663 3186 noxia
2690 3148 2710 3187 :
2737 3136 2964 3191 volendo
3006 3138 3136 3196 fieri
3158 3185 3172 3207 ,
3203 3159 3305 3200 non
3331 3147 3587 3204 existendo.

2035 3218 2160 3275 ideo
2187 3221 2290 3286 ait,
2319 3223 2585 3278 desideria.
2617 3225 2943 3284 Desiderium
2969 3240 3053 3287 est
3077 3236 3234 3291 enim
3280 3238 3332 3292 iu
3373 3239 3584 3308 homine,

2033 3323 2139 3378 quo
2162 3312 2273 3364 vult
2299 3314 2597 3380 pervenire.
2622 3314 2754 3371 Nam
2783 3334 2944 3375 nemo
2970 3321 3253 3381 desiderat
3279 3330 3410 3398 quod
3436 3331 3587 3386 habet.

2032 3396 2341 3455 Insatiabilis
2367 3405 2685 3472 estquidem
2727 3411 2981 3473 avaritia;
3024 3430 3139 3472 nec
3186 3396 3354 3475 tamen
3394 3422 3440 3475 in
3484 3423 3586 3491 ipsis

2031 3490 2120 3559 qui
2149 3492 2371 3547 multum
2401 3494 2626 3563 habent,
2672 3498 2991 3558 desiderium
3035 3507 3332 3566 dicendum
3373 3523 3449 3569 est
3492 3515 3586 3584 ejus

2029 3583 2108 3637 rei
2149 3598 2303 3651 quam
2352 3584 2577 3652 habent,
2623 3590 2715 3645 sed
2760 3608 2920 3661 qutun
2967 3598 3165 3654 volunt
3206 3603 3412 3660 addere.
3447 3583 3585 3660 liabet

2030 3670 2186 3727 istam
2213 3673 2392 3730 villam
2410 3717 2425 3742 ,
2455 3676 2723 3735 desiderat
2749 3681 2942 3739 habere
2965 3696 3020 3741 et
3047 3688 3200 3746 illam
3221 3709 3372 3763 quam
3396 3712 3488 3751 non
3509 3696 3584 3751 ba-

2030 3762 2156 3830 bet;
2201 3765 2295 3821 sed
2333 3782 2453 3822 cum
2485 3766 2757 3837 habuerit,
2804 3775 2962 3830 aliam
3008 3762 3491 3849 desiderabit;nou
3519 3797 3581 3839 tae

2029 3871 2152 3912 mea
2177 3857 2497 3915 desiderabit
2521 3862 2666 3932 quod
2711 3864 2926 3933 habuit,
2954 3869 3051 3925 sed
3090 3876 3233 3943 quod
3276 3893 3378 3932 nou
3406 3879 3577 3935 habuit.

2028 3947 2268 4003 Voteudo
2293 3965 2423 4021 ergo
2460 3952 2611 4010 dives
2634 3970 2786 4021 esse,
2814 3959 3090 4019 desiderat
3109 4008 3126 4027 ,
3149 3978 3357 4034 metuat,
3385 3972 3512 4036 sitit;
3534 3979 3578 4026 et

2028 4046 2281 4109 tanquam
2304 4039 2608 4112 hydropisis
2640 4048 2857 4112 morbo,
2889 4050 3006 4119 plus
3037 4053 3300 4123 bibendo,
3332 4061 3440 4130 plus
3465 4062 3575 4116 sitit.

2029 4127 2155 4184 Mira
2186 4130 2284 4184 ista
2326 4132 2619 4188 similitudo
2652 4147 2736 4191 est
2777 4138 2829 4193 in
2873 4146 3117 4211 corporis
3146 4127 3366 4217 morbo,
3389 4154 3577 4207 aututino

2025 4232 2216 4272 avarus
2244 4220 2296 4274 in
2322 4221 2487 4277 corde
2516 4222 2755 4295 hydmps
2773 4240 2875 4285 est.
2899 4229 3037 4286 Nam
3076 4233 3311 4307 hydrops
3337 4239 3387 4293 in
3409 4255 3574 4304 carne.

2027 4306 2252 4365 lnuuore
2290 4311 2476 4379 plenus
2512 4324 2594 4369 est
2620 4315 2657 4380 ί,
2689 4315 2911 4373 hutnore
2937 4306 3283 4393 periclitatur,
3311 4340 3363 4384 et
3384 4330 3576 4389 humore

2025 4413 2130 4452 nou
2161 4400 2421 4457 satiatur:
2448 4403 2525 4458 sic
2553 4404 2784 4475 hydrops
2814 4408 2867 4463 in
2894 4411 3077 4475 corde,
3109 4428 3315 4485 quanto
3355 4420 3463 4489 plus
3498 4420 3575 4473 ha-

2024 4488 2140 4549 bet.
2175 4499 2321 4547 tanto
2350 4492 2465 4560 plus
2489 4503 2628 4565 eget.
2657 4496 2879 4565 Quando
2900 4501 3078 4560 minus
3108 4488 3379 4575 habebat,
3397 4512 3575 4567 minora

2022 4581 2236 4637 volebat
2257 4624 2272 4649 ,
2314 4586 2650 4653 paucioribus
2671 4590 2929 4657 gaudebat
2947 4634 2964 4660 ,
2990 4598 3206 4668 uigilis
3229 4600 3469 4657 buecellis
3488 4617 3573 4658 ex-

2022 4669 2348 4728 hilarabatur
2374 4692 2389 4729 :
2418 4676 2539 4745 quis
2568 4693 2696 4734 vero
2721 4680 2969 4750 impletus
2993 4696 3107 4753 est,
3141 4690 3403 4757 distentus
3426 4694 3575 4747 abun-

2018 4760 2366 4820 dantissimus
2386 4764 2555 4821 factus
2572 4777 2653 4824 est
2672 4769 2993 4829 haereditatis
3010 4775 3114 4848 la).
3138 4778 3385 4847 Quotidie
3422 4782 3570 4847 bibit,

2018 4855 2166 4908 venit
2193 4865 2247 4909 et
2273 4855 2403 4909 sitit.
2449 4856 2505 4912 Si
2550 4857 2655 4914 hoc
2702 4860 2950 4929 habebo,
2994 4866 3126 4922 illud
3168 4881 3385 4939 potero;
3413 4888 3574 4941 parum

2021 4959 2274 5014 possmu,
2320 4948 2440 5015 quia
2488 4962 2672 5016 parum
2721 4950 2911 5009 habeo.
2961 4957 3092 5012 Cum
3142 4970 3199 5014 et
3244 4961 3347 5018 hoc
3394 4963 3571 5016 habue-

2020 5038 2124 5097 ris.
2181 5040 2299 5109 plus
2348 5040 2513 5095 habes
2538 5044 2675 5100 velle
2717 5063 2731 5099 :
2779 5057 2987 5118 egestas
3024 5062 3174 5106 aucta
3206 5064 3327 5118 est,
3357 5070 3462 5109 non
3494 5070 3571 5123 νος

2019 5138 2202 5183 testas.
2852 5188 2855 5193 ι

2090 5219 2141 5273 7.
2177 5219 2376 5275 Divitiis
2394 5222 2500 5276 sine
2524 5225 2799 5294 cupiditate
2818 5229 2865 5283 si
2894 5230 3157 5298 habentur,
3177 5250 3283 5288 non
3306 5232 3567 5305 culpanda.

2025 5308 2246 5380 Pauperi
2285 5313 2508 5366 cavenda
2544 5316 2793 5384 cupiditas
2831 5319 3137 5375 divitiarum.
3184 5321 3340 5377 ι)ἰυὶιὲ
3372 5322 3570 5376 cavenda

2016 5397 2267 5466 superbia.
2312 5400 2417 5456 Sed
2447 5418 2549 5457 non
2577 5420 2729 5473 amo,
2762 5406 2957 5478 inquis,
2990 5409 3124 5479 quod
3171 5411 3365 5480 habeo,
3392 5424 3443 5467 ut
3464 5425 3567 5465 suto

2016 5506 2133 5542 sunt
2162 5504 2256 5545 cor
2279 5489 2518 5548 habeam.
2550 5494 2712 5553 Plane
2746 5500 3053 5566 consentio;
3080 5502 3122 5556 si
3144 5517 3265 5557 non
3284 5518 3453 5565 amas.
3479 5517 3563 5569 ρο·

2019 5588 2120 5632 ιρςι
2148 5595 2266 5635 esse
2291 5596 2501 5637 sursum
2530 5600 2624 5639 cor
2652 5596 2820 5641 tuum.
2847 5587 3021 5657 Quare
3046 5592 3185 5645 enim
3217 5604 3319 5646 non
3362 5591 3429 5646 sit
3461 5602 3562 5649 sur-

2082 5712 2195 5778 {s‘lc
2212 5716 2389 5778 tov._ln
2412 5718 2481 5778 β..
2505 5712 2702 5769 humore
2724 5717 2833 5778 plus
2852 5727 2940 5772 cst.
3010 5729 3059 5770 tt.

2078 5771 2146 5832 (lt)
2172 5773 2348 5823 Bencd.
2368 5773 2426 5823 ad
2449 5771 2756 5842 marginem}
2778 5771 2922 5837 Locus
2953 5783 3218 5864 mde

2402 5880 2437 5897 ν
