3886 6188
290 394 391 452 957

291 524 408 563 sunt
439 520 536 561 cor
580 496 850 558 liberum?
892 494 998 554 Sed
1029 494 1145 550 vide
1191 494 1233 548 si
1280 509 1383 546 non
1429 505 1574 544 amas
1601 530 1615 553 ,
1645 488 1758 560 ipse
1785 484 1881 541 tibi

295 596 525 653 ﬁdeliter
551 591 826 656 renuntia,
856 603 964 643 non
992 602 1021 640 a
1049 601 1133 641 me
1160 592 1472 647 accusatus,
1499 579 1595 635 sed
1631 594 1663 634 a
1706 588 1757 633 te
1800 576 1881 631 in-

290 694 611 758 tetrogatus.
640 685 805 739 Plane
826 723 841 749 ,
886 679 1058 749 inquis
1082 719 1096 743 ,
1140 692 1246 730 non
1278 688 1399 728 amo
1430 691 1443 727 :
1477 673 1626 726 dives
1667 668 1879 740 quidem

292 796 408 837 sum
429 821 446 846 ,
495 777 590 832 sed
637 776 757 846 quia
801 773 912 843 jam
962 785 1079 825 sum
1101 809 1117 835 ,
1151 782 1255 821 non
1286 776 1461 820 autem
1493 763 1615 817 volo
1643 776 1762 817 esse
1782 802 1796 825 ,
1825 769 1883 831 ut

286 870 528 928 incidam
583 866 634 920 in
687 863 1030 920 tentationem
1078 869 1131 914 et
1191 858 1471 927 laqueum,
1520 863 1575 909 et
1615 851 1881 908 desideria

288 960 450 1016 multa
482 967 534 1013 et
566 955 718 1011 noxia
743 994 758 1019 ,
782 969 902 1025 qua:
942 958 1186 1020 mergunt
1216 947 1483 1001 hominem
1529 945 1579 998 in
1622 943 1879 1015 perditio-

286 1070 433 1112 nem.
460 1052 636 1108 Grave
674 1048 871 1104 malum
895 1088 910 1110 ,
941 1041 1264 1098 horrendum
1289 1080 1304 1102 ,
1334 1038 1686 1109 periculosum
1711 1078 1727 1101 ,
1769 1034 1881 1090 cxi-

288 1147 505 1203 tiusunt.
536 1142 656 1197 .lam
680 1154 799 1194 sum
820 1176 835 1202 ,
867 1135 1071 1207 inquis,
1104 1133 1287 1196 dives,
1317 1147 1420 1185 non
1449 1144 1569 1185 esse
1596 1127 1733 1182 volo.
1760 1126 1879 1181 Jam

287 1256 348 1298 es
378 1240 527 1294 dives
547 1279 562 1302 ,
601 1240 710 1305 jam
757 1231 951 1302 inquis,
980 1243 1084 1284 non
1114 1242 1232 1282 esse
1261 1226 1358 1279 vis.
1389 1222 1540 1288 Non,
1587 1221 1781 1291 inquis.
1822 1218 1877 1274 Si

288 1348 398 1388 non
429 1345 578 1385 esses
603 1370 617 1393 ,
665 1323 873 1380 nolles?
918 1320 1159 1385 Nollent,
1205 1315 1400 1386 inquis.
1442 1315 1560 1369 iam
1598 1326 1729 1381 ergo
1757 1309 1879 1380 quia

284 1441 348 1482 cs
371 1467 387 1492 ,
426 1431 485 1480 et
512 1421 730 1475 verbum
759 1418 850 1472 Dei
881 1425 931 1470 te
963 1412 1091 1468 foris
1119 1412 1334 1465 divitem
1367 1407 1601 1471 invenit,
1635 1405 1774 1459 intus
1799 1402 1880 1456 di-

287 1518 450 1571 vitem
502 1512 661 1575 fecit;
706 1509 889 1579 accipe
927 1520 1045 1575 (pne
1093 1501 1343 1557 divitibus
1391 1499 1530 1552 dicta
1576 1504 1721 1553 sunt.
1769 1493 1880 1549 lloc

283 1612 432 1664 enim
458 1606 599 1677 quod
645 1604 729 1656 his
772 1600 1046 1656 dicebatur
1073 1597 1281 1662 verbis,
1330 1592 1479 1648 Nihil
1522 1591 1784 1647 intulimus
1826 1588 1880 1643 in

285 1703 423 1755 hunc
447 1698 725 1761 mundum,
767 1694 854 1748 sed
894 1708 985 1746 nec
1026 1693 1226 1759 auferre
1251 1686 1443 1758 aliquid
1471 1700 1735 1756 possumus
1755 1701 1774 1737 :
1802 1680 1879 1735 vi-

282 1794 423 1847 ritim
451 1800 498 1845 et
526 1794 861 1859 tegumentum
888 1782 1152 1846 Iutbenles,
1182 1778 1260 1833 his
1289 1778 1506 1831 contenti
1525 1777 1700 1830 simus.
1741 1772 1878 1829 Nam

283 1886 376 1955 qui
401 1883 572 1936 volunt
598 1879 775 1931 divites
804 1876 913 1934 lieri
933 1917 947 1938 ,
976 1873 1201 1945 incidunt
1230 1871 1283 1923 in
1321 1868 1641 1922 tentationem
1661 1908 1676 1931 ,
1700 1873 1754 1921 et
1778 1881 1878 1920 0:1:-

288 1989 422 2031 tera.
476 1973 577 2040 Qui
619 1972 817 2034 volunt,
866 1967 1067 2035 inquit,
1119 1963 1293 2016 ditites
1332 1961 1471 2030 ﬁeri;
1521 1968 1768 2027 tanquam
1811 1956 1880 2011 ad

286 2080 551 2141 pauperes
576 2063 906 2118 dicebantur.
949 2057 1073 2111 llsec
1102 2054 1261 2110 verba
1310 2050 1549 2122 Apostoli
1594 2063 1876 2119 pauperem

286 2140 343 2218 te
373 2153 730 2215 invenerunt?
775 2153 864 2206 Dic
888 2150 977 2217 illa
1004 2190 1018 2208 .
1047 2156 1100 2202 et
1128 2147 1275 2199 dives
1301 2159 1359 2197 cs
1388 2161 1401 2197 :
1432 2142 1517 2196 die
1544 2142 1594 2194 in
1623 2140 1784 2195 corde
1812 2155 1878 2192 ex

282 2254 491 2317 Corde,
522 2248 663 2304 Nihil
708 2245 860 2301 intuli
908 2244 960 2297 in
1002 2241 1145 2297 hunc
1190 2236 1477 2302 mundum,
1525 2232 1619 2290 sed
1657 2247 1755 2287 nec
1782 2246 1880 2284 au-

284 2347 431 2402 ferre
457 2316 653 2408 aliquid
687 2350 898 2408 possum
930 2352 943 2387 :
973 2333 1165 2386 victum
1187 2337 1241 2385 et
1267 2316 1627 2397 tegumentum
1654 2321 1877 2386 habens,

285 2436 375 2490 bis
397 2440 678 2489 contentus
705 2442 843 2481 sum.
874 2423 1006 2478 Nam
1056 2421 1101 2474 si
1147 2419 1366 2474 voluero
1391 2415 1539 2472 dives
1567 2413 1676 2467 fieri
1697 2455 1712 2478 ,
1746 2411 1881 2465 inei-

283 2527 409 2581 dam
440 2524 492 2578 itt
522 2520 865 2577 teutaliouem
893 2523 946 2571 et
971 2514 1235 2582 laqueum.
1268 2510 1360 2564 Dic
1382 2549 1398 2574 ,
1429 2516 1483 2563 et
1511 2507 1743 2561 consiste
1791 2504 1879 2557 tibi

285 2622 542 2674 inventus
570 2628 648 2669 es.
698 2610 811 2665 Noli
858 2617 909 2664 te
958 2608 1192 2662 inserere
1239 2592 1511 2658 doloribus
1556 2600 1770 2665 multis;
1814 2614 1881 2654 ne

284 2728 410 2770 cum
441 2709 674 2765 volueris
705 2716 755 2771 te
782 2718 994 2765 exuere,
1024 2700 1259 2755 lanieris.
1291 2696 1397 2754 Sed
1441 2695 1589 2750 dives
1634 2694 1881 2749 inventus

284 2806 393 2862 es?
420 2805 557 2859 Sunt
576 2810 630 2855 et
676 2799 776 2853 alia
808 2795 999 2856 verba,
1028 2808 1147 2863 qua;
1175 2793 1459 2845 recitemus
1489 2805 1504 2844 :
1551 2801 1654 2840 non
1700 2773 1881 2839 existi-

284 2907 400 2953 met
422 2896 488 2950 ad
520 2910 578 2950 se
609 2891 743 2946 nihil
777 2890 973 2942 dictum
1002 2885 1091 2956 qui
1116 2883 1265 2938 dives
1294 2883 1536 2938 inventus
1562 2887 1662 2934 est.
1695 2877 1879 2932 Eidem

284 2985 574 3042 Timotheo
602 2982 761 3045 dicit,
795 2978 968 3034 eidem
1014 2974 1299 3045 Apostolus
1327 2972 1487 3033 dicit,
1533 2971 1624 3025 sed
1664 2968 1881 3040 pauperi

280 3080 414 3135 dicit
439 3073 761 3131 Timotheo:
795 3068 1107 3125 Timotheus
1135 3066 1276 3121 enim
1322 3078 1523 3133 pauper
1546 3069 1694 3128 erat,
1745 3060 1885 3142 sicut

282 3169 508 3226 Paulus.
539 3164 675 3234 Quid
698 3178 823 3232 ergo
850 3158 1132 3215 Timotheo
1156 3156 1223 3210 de
1260 3155 1363 3209 hoc
1388 3154 1628 3209 dicturus
1655 3162 1759 3219 est,
1789 3152 1886 3206 ho-

285 3262 418 3317 mini
448 3256 703 3329 pauperi,
728 3253 867 3324 quod
900 3252 1162 3322 pertineat
1187 3247 1254 3303 ad
1288 3262 1382 3304 eos
1412 3246 1502 3317 qui
1534 3246 1729 3300 inventi
1760 3254 1883 3299 sunt

278 3354 525 3411 divites?
555 3350 690 3406 Audi
726 3346 852 3419 quid
887 3365 900 3402 :
934 3345 1191 3414 Prwcipe,
1238 3343 1441 3413 inquit,
1472 3342 1702 3396 divitibus
1732 3341 1885 3411 hujus

283 3448 471 3504 mundi
497 3462 517 3499 :
541 3443 662 3514 quia
692 3449 814 3496 sunt
851 3448 906 3494 et
946 3437 1137 3493 divites
1169 3436 1294 3499 Dei;
1324 3444 1377 3490 et
1404 3435 1513 3489 veli
1558 3434 1746 3488 divites
1776 3449 1881 3487 non

287 3547 417 3596 sunt
445 3538 545 3591 nisi
571 3535 765 3590 divites
793 3532 921 3595 Dei,
949 3530 1117 3601 qualis
1142 3536 1258 3583 erat
1285 3530 1397 3596 ipse
1428 3527 1649 3590 Paulus,
1678 3525 1767 3593 qui
1788 3525 1881 3589 ait,

286 3632 404 3704 Ego
428 3630 562 3685 enim
590 3628 607 3659 ί
636 3625 794 3681 didici
820 3625 872 3678 in
901 3622 1077 3694 quibus
1098 3638 1208 3676 sum
1231 3620 1477 3691 sufficiens
1496 3633 1602 3672 esse
1625 3616 1881 3688 (Philipp.

290 3744 361 3790 tv,
395 3724 507 3795 Η).
530 3724 702 3776 Avaro
731 3728 906 3773 autem
936 3717 1041 3771 neu
1064 3714 1277 3769 sul‘licit.
1307 3713 1448 3782 Ergo
1468 3753 1484 3777 ,
1518 3708 1780 3780 Prwcipe,
1806 3708 1887 3762 in-

282 3820 442 3889 quit,
478 3816 715 3869 divitibus
745 3813 897 3881 bujus
934 3808 1131 3862 mundi.
1163 3804 1301 3873 Quid
1330 3804 1407 3859 eis
1449 3801 1667 3858 dicam?
1709 3800 1885 3855 Nolite

288 3910 429 3965 velle
459 3898 579 3962 esse
603 3902 831 3959 divites?
870 3900 985 3956 Jam
1016 3899 1207 3954 divites
1250 3894 1447 3951 inventi
1476 3903 1599 3950 sunt
1626 3908 1641 3947 :
1670 3891 1886 3946 audiant

285 4000 435 4074 quod
467 3998 532 4052 ad
559 4010 653 4053 eos
678 3995 875 4050 dictum
905 4001 1022 4055 est,
1050 3989 1138 4045 ubi
1169 3996 1329 4058 caput
1368 3994 1451 4042 est
1470 4029 1485 4054 ,
1528 4002 1630 4040 non
1674 3982 1887 4055 superbe

290 4108 491 4160 sapere.
525 4088 710 4143 Adhuc
756 4083 1019 4138 habentur
1045 4079 1278 4145 divitiae,
1325 4078 1654 4146 multumque
1695 4089 1884 4129 amau-

286 4196 402 4241 tur.
433 4183 600 4239 Nidus
626 4179 891 4250 colligitur
927 4175 1189 4244 superbia:
1210 4211 1230 4241 ,
1250 4171 1340 4227 ubi
1387 4171 1651 4225 nutriatur
1684 4178 1739 4224 et
1764 4183 1884 4224 cre-

291 4285 437 4339 scat;
479 4272 622 4344 quod
667 4271 816 4343 pejus
846 4276 962 4333 est,
1005 4280 1113 4321 non
1157 4265 1331 4327 volet,
1363 4262 1455 4317 sed
1484 4268 1712 4315 maneat.
1747 4260 1886 4330 Ergo

286 4380 418 4424 ante
442 4367 619 4423 omnia
641 4406 656 4429 ,
689 4381 789 4417 non
819 4360 1031 4433 superbe
1056 4374 1250 4429 sapere.
1283 4355 1353 4412 Ut
1377 4355 1665 4425 intelligat,
1692 4354 1883 4423 sapiat,

291 4460 494 4529 cogitet
518 4472 576 4512 se
601 4455 899 4515 mortalem,
928 4463 980 4507 et
1008 4450 1256 4504 mortales
1285 4462 1544 4518 pauperes
1574 4459 1745 4517 pares.
1767 4446 1888 4500 Am-

288 4553 393 4607 bo's
416 4550 557 4606 enim
582 4556 721 4602 terra
749 4544 918 4598 nudos
943 4542 1153 4612 excepit
1172 4582 1187 4606 ,
1210 4540 1394 4593 ambos
1420 4546 1691 4608 exspectat
1719 4551 1883 4605 mors,

288 4644 484 4699 ambos
528 4657 632 4695 non
680 4638 830 4693 timet
874 4635 1060 4690 febris.
1114 4635 1282 4688 Habet
1319 4648 1436 4687 eam
1478 4647 1676 4701 panper
1718 4640 1891 4685 strato

290 4747 515 4792 terreno
533 4775 549 4799 ,
577 4730 671 4786 sed
694 4744 790 4784 nec
813 4728 961 4783 dives
981 4741 1099 4781 eam
1128 4725 1427 4779 venientem
1455 4723 1593 4778 lecto
1615 4730 1779 4777 terret
1805 4735 1893 4775 ar-

294 4834 511 4898 genteo.
544 4823 686 4892 Ergo
706 4863 720 4885 ,
759 4818 989 4887 Pra’cipe
1008 4818 1162 4888 hujus
1180 4816 1359 4869 mundi
1384 4815 1646 4880 divitibus,
1674 4830 1775 4867 non
1806 4829 1890 4866 su-

295 4919 447 4985 perbe
464 4932 664 4985 sapere.
692 4913 996 4983 Agnoscunt
1036 4922 1296 4979 pauperes
1321 4921 1447 4960 suos
1476 4905 1553 4975 (a)
1587 4923 1601 4959 :
1635 4918 1894 4974 pauperes

294 5009 541 5065 homines
566 5017 690 5063 sunt
713 5016 765 5061 ct
788 5005 1033 5059 homines
1054 5021 1066 5064 ;
1086 5000 1357 5057 dissimilis
1385 4999 1566 5064 vestis,
1585 4998 1677 5053 sed
1704 4998 1896 5052 similis

295 5105 435 5160 cutis
473 5120 486 5157 :
514 5111 569 5156 et
597 5101 642 5155 si
671 5099 823 5154 dives
861 5105 1103 5152 mortuus
1132 5092 1380 5149 conditur
1420 5090 1766 5156 aromatibns,
1791 5105 1894 5145 non

297 5197 401 5249 erit
429 5193 571 5247 nulla
594 5190 842 5260 putredo,
861 5188 957 5242 sed
972 5202 1126 5250 sera;
1159 5185 1331 5239 serius
1351 5182 1623 5252 putrescit,
1644 5181 1896 5251 numquid

298 5301 405 5339 non
438 5279 735 5353 putreseit?
767 5279 875 5335 Sed
917 5290 1175 5348 ponamus
1194 5316 1208 5337 ,
1235 5289 1342 5328 non
1364 5272 1521 5325 ambo
1547 5278 1852 5341 putrescant
1877 5285 1897 5327 :
1948 5276 1987 5299 ‘

301 5385 482 5431 tamen
504 5390 609 5429 non
632 5372 790 5428 ambo
815 5385 923 5425 non
941 5365 1214 5425 sentiunt?
1243 5364 1470 5436 Prwcipe
1489 5362 1726 5419 divitibus
1750 5361 1901 5433 hujus

309 5466 490 5520 mundi
528 5482 629 5520 non
656 5464 870 5535 superbe
910 5477 1104 5531 sapere.
1147 5458 1262 5514 Non
1306 5458 1534 5527 superbe
1576 5457 1817 5527 sapiant;
1849 5465 1905 5510 et

371 5582 388 5615 ι
415 5579 557 5641 mliti,
579 5585 624 5631 et
648 5578 750 5630 veri
773 5576 956 5641 (times.
985 5583 1084 5641 Itjon
1102 5571 1190 5633 ait,
1222 5581 1319 5638 Ego
1344 5570 1492 5631 enim,
1510 5576 1609 5621 etc.
1632 5576 1803 5619 Loetrm
1826 5581 1908 5618 re-

311 5637 555 5693 stituimus
576 5655 641 5693 ex
666 5642 805 5691 Beda:
822 5637 1132 5689 Collectione.

367 5690 888 5767 (alimmelﬂlement.
905 5699 1085 5758 critic.,
1107 5709 1218 5760 με.
1240 5694 1350 5753 284,
1366 5695 1615 5767 existima
1634 5690 1906 5767 legendum

306 5754 459 5838 esse:
484 5754 746 5838 agnoscant
779 5754 1195 5838 pauperesjai'ei
1210 5770 1320 5809 suos
1338 5769 1366 5807 ;
1400 5757 1539 5820 cuius
1554 5754 1780 5806 lectionis
1811 5765 1909 5805 non

303 5836 372 5876 ut
383 5825 622 5880 iutes'dat
641 5825 955 5878 subicientes.
1020 5827 1061 5871 It

1632 356 1858 430 sentio
1895 368 2176 427 ccxxvu

3478 367 3584 427 958

1991 499 2112 537 vere
2134 483 2264 538 tales
2281 492 2453 548 erunt,
2475 485 2658 555 quales
2678 484 2839 542 videri
2861 500 2981 542 eSse
3008 478 3222 552 volunt;
3255 485 3370 541 sine
3394 502 3583 541 antut'e

1994 575 2371 647 possidebunt,
2403 592 2508 631 non
2540 578 2973 648 possidebuntur.

2061 667 2115 723 8.
2161 666 2290 738 Spes
2337 668 2389 721 in
2437 667 2623 721 divitiis
2664 685 2765 722 non
2810 667 3062 738 ponenda.
3097 667 3228 722 Frui
3253 678 3298 721 et
3329 669 3419 721 uti.
3472 667 3580 723 Sed

1989 776 2108 830 qua:
2135 770 2425 829 sequantur
2452 760 2570 816 vide
2597 778 2611 813 :
2646 759 2765 814 Non
2792 760 3002 834 superbe
3030 779 3237 833 sapere,
3282 778 3439 829 neque
3470 779 3587 834 spe-

1988 867 2103 903 rare
2126 850 2177 903 in
2212 850 2401 904 incerto
2421 849 2731 905 divitiarum.
2760 852 2920 905 Amas
2942 863 3164 918 aurum;
3195 853 3294 918 fac,
3322 853 3364 906 si
3398 862 3581 921 potes,

1988 951 2194 996 certum
2217 983 2233 1006 ,
2266 949 2451 996 utnon
2484 942 2672 998 timeas
2711 942 2977 996 amittere.
3023 942 3368 1013 Cougrcgasti
3408 942 3580 999 facul—

1990 1043 2186 1099 tatem;
2217 1034 2281 1088 da
2309 1033 2401 1088 tibi
2434 1036 2474 1100 ί,
2498 1035 2542 1089 si
2574 1046 2751 1104 potes,
2783 1036 3143 1091 securitatem.
3177 1035 3353 1108 Neque
3377 1055 3582 1108 sperare

1985 1126 2037 1177 in
2062 1126 2249 1179 incerto
2276 1125 2584 1179 divitiarum.
2608 1126 2758 1183 Tolle
2782 1127 2906 1183 inde
2933 1142 3081 1199 spem
3104 1171 3118 1193 ,
3148 1127 3235 1182 ubi
3265 1130 3443 1182 lixisti.
3469 1128 3581 1184 Sed

1987 1217 2037 1270 iu
2070 1216 2176 1270 Deo
2216 1218 2346 1271 viro.
2380 1215 2453 1272 lbi
2504 1218 2603 1288 fige
2641 1235 2813 1290 spem,
2844 1220 2912 1273 ibi
2945 1221 3235 1277 ancltoram
3262 1221 3441 1275 cordis
3468 1222 3579 1286 tui,

1980 1304 2044 1363 ut
2088 1320 2375 1379 tempestas
2412 1311 2590 1365 saeculi
2632 1328 2737 1366 ttott
2780 1321 2830 1366 te
2869 1311 2992 1367 inde
3028 1314 3308 1381 abrumpat
3338 1329 3351 1364 :
3380 1313 3433 1365 in
3470 1312 3581 1367 Dea

1985 1404 2114 1470 rivo,
2143 1407 2229 1474 qui
2254 1415 2456 1473 priestat
2485 1406 2627 1460 nobis
2670 1406 2840 1459 omnia
2869 1406 3066 1460 abunde
3090 1406 3158 1458 ad
3200 1405 3491 1475 fruendum.
3523 1406 3578 1462 Si

1985 1496 2190 1563 omnia,
2216 1505 2416 1566 quanto
2442 1498 2607 1564 magis
2633 1495 2730 1550 se?
2778 1496 2844 1550 Et
2891 1511 3014 1550 vere
3056 1495 3121 1549 ad
3162 1494 3440 1550 fruendum
3468 1496 3581 1564 ipse

1986 1587 2141 1641 nobis
2167 1587 2269 1642 erit
2296 1587 2494 1641 omnia.
2524 1584 2655 1642 Nam
2683 1602 2788 1641 non
2822 1587 2951 1640 mihi
2983 1587 3191 1642 videtur
3213 1588 3409 1642 dictttm
3429 1626 3446 1652 ,
3481 1586 3581 1654 Qui

1985 1679 2121 1731 dedit
2158 1678 2299 1731 nobis
2343 1679 2513 1731 omnia
2549 1678 2862 1732 abundanter
2907 1679 2975 1731 ad
3022 1679 3330 1748 finiendum,
3376 1679 3475 1732 nisi
3520 1694 3581 1736 se

1988 1768 2181 1838 ipsum.
2213 1768 2435 1823 Videtur
2478 1769 2619 1821 enim
2665 1770 2802 1821 aliud
2834 1784 2951 1823 esse
2982 1770 3090 1832 uti,
3123 1769 3263 1823 aliud
3297 1770 3418 1824 frui.
3463 1769 3578 1824 Uti-

1988 1875 2106 1912 tnur
2134 1857 2274 1912 enim
2324 1874 2418 1928 pro
2460 1860 2777 1913 necessitate
2798 1901 2812 1922 ,
2861 1858 3084 1913 fruimur
3112 1876 3205 1928 pro
3229 1860 3577 1928 jueutiditate.

1987 1947 2129 2020 Ergo
2158 1950 2256 2005 ista
2285 1951 2595 2018 temporalia
2623 1949 2767 2004 dedit
2792 1949 2856 2003 ad
2890 1950 3174 2015 utendum,
3217 1966 3275 2004 se
3302 1950 3367 2004 ad
3395 1951 3579 2005 fruen-

1984 2041 2132 2095 dum.
2163 2041 2218 2096 Si
2248 2058 2377 2112 ergo
2416 2057 2505 2103 se,
2535 2057 2700 2109 quare
2737 2039 2936 2096 dictum
2965 2051 3049 2096 est
3077 2040 3247 2093 omnia
3266 2082 3279 2102 ,
3313 2041 3411 2094 nisi
3454 2042 3579 2110 quia

1985 2133 2241 2201 scriptum
2269 2143 2349 2189 est
2367 2174 2381 2199 ,
2411 2131 2478 2188 Ut
2498 2134 2561 2187 sit
2587 2131 2723 2185 Deus
2750 2132 2918 2185 omnia
2943 2133 2994 2185 in
3020 2132 3249 2186 omnibus
3272 2131 3313 2203 (l
3337 2130 3454 2186 Cor.
3487 2146 3576 2199 xv,

1984 2223 2118 2294 28)?
2167 2224 2306 2294 Ergo
2350 2223 2420 2277 ibi
2456 2238 2550 2277 cor
2577 2222 2643 2275 ad
2692 2220 3009 2287 fruendum,
3035 2229 3091 2275 ut
3117 2223 3184 2277 sit
3224 2238 3433 2278 sursum
3463 2238 3577 2277 cor.

1987 2315 2147 2370 Solve
2178 2325 2229 2370 te
2270 2315 2391 2370 hinc
2410 2357 2426 2382 ,
2460 2314 2554 2370 sed
2582 2315 2737 2387 alliga
2766 2315 2834 2369 ibi
2867 2331 2880 2368 :
2915 2315 3268 2384 periculosum
3294 2324 3377 2370 est
3405 2316 3498 2371 tibi
3526 2315 3578 2371 in

1987 2405 2069 2461 bis
2097 2405 2476 2461 teutationibus
2504 2406 2620 2461 sine
2640 2406 2854 2461 vinculo
2887 2422 3186 2461 remanere.

2057 2498 2111 2553 9.
2167 2496 2376 2551 Homini
2417 2498 2596 2568 suﬁirit
2638 2497 2776 2552 solus
2819 2495 2981 2552 Deus.
3022 2497 3262 2553 Avaritia
3309 2498 3497 2553 crimen
3535 2508 3582 2552 et

1986 2606 2231 2660 parum—
2246 2588 2366 2643 Non
2394 2605 2598 2659 sperare
2622 2589 2676 2642 in
2695 2588 2884 2642 incerto
2904 2588 3191 2642 divitiarum
3219 2604 3238 2643 :
3268 2603 3372 2644 nOu
3405 2599 3580 2645 tamen

1987 2696 2282 2751 nusquam;
2314 2679 2401 2735 sed
2439 2680 2490 2733 in
2542 2677 2646 2732 Deo
2675 2679 2819 2741 vivo,
2864 2678 2951 2747 qui
2995 2687 3203 2747 prmstat
3236 2678 3377 2737 nobis
3411 2678 3582 2734 omnia

1987 2773 2300 2831 abundanter
2322 2771 2390 2825 ad
2415 2773 2707 2844 fruendum.
2745 2770 2882 2839 Quid
2914 2771 3219 2839 lamtomuia
3241 2811 3257 2835 ,
3290 2787 3447 2841 quam
3486 2775 3577 2841 qui

1989 2866 2112 2922 iecit
2135 2865 2350 2921 omnia?
2395 2864 2509 2921 Non
2551 2866 2694 2919 enim
2737 2863 2922 2919 abillo
2964 2865 3153 2920 fierent
3199 2863 3317 2927 hmo
3367 2864 3579 2924 omni...

1988 2959 2089 3014 uisi
2116 2974 2176 3013 ea
2205 2965 2403 3013 nosset.
2431 2957 2564 3023 Quis
2593 2955 2789 3011 audeat
2828 2954 3040 3021 dicere,
3075 2955 3185 3010 lloc
3229 2954 3353 3019 fecit
3399 2955 3576 3019 Deus.

1987 3049 2127 3121 quod
2155 3064 2258 3103 non
2289 3048 2543 3102 noverat?
2572 3046 2722 3114 Quod
2757 3055 2979 3102 noverat
3004 3045 3152 3102 fecit.
3184 3046 3423 3103 Habebat
3449 3060 3579 3113 ergo

1987 3148 2268 3209 antequam
2319 3137 2445 3194 fecit
2501 3154 2517 3192 :
2567 3136 2661 3193 sed
2713 3137 2942 3192 habebat
2997 3137 3148 3195 miris
3200 3136 3406 3203 anulis,
3475 3152 3582 3191 non

1987 3231 2126 3286 sicut
2152 3230 2306 3297 iecit,
2356 3238 2412 3284 ut
2455 3228 2580 3284 fecit
2636 3230 2947 3299 temporalia
2990 3236 3044 3285 et
3095 3230 3455 3292 transeuntia,
3487 3229 3580 3282 sed

1986 3322 2125 3378 sicut
2167 3320 2292 3376 facit
2333 3321 2541 3377 artifex.
2571 3320 2740 3376 llabet
2787 3321 2929 3375 intus
2959 3319 3099 3407 quod
3145 3329 3397 3390 operatur
3428 3320 3576 3375 foris.

1989 3414 2063 3469 lbi
2107 3428 2235 3483 ergo
2282 3421 2405 3467 sunt
2456 3412 2629 3467 omnia
2656 3413 2944 3481 pra‘cipua,
2992 3410 3338 3473 immortalia,
3392 3410 3585 3463 indeli-

1987 3505 2180 3561 eietttia
2207 3544 2223 3569 ,
2254 3503 2651 3572 permanentia,
2676 3511 2756 3556 -ct
2798 3502 2911 3571 ipse
2962 3501 3100 3554 Deus
3145 3500 3322 3555 omnia
3365 3500 3416 3553 in
3459 3517 3576 3553 otti-

1988 3599 2182 3653 nibus:
2216 3596 2309 3651 sed
2341 3597 2541 3651 sanctis
2568 3595 2678 3650 suis
2712 3594 2826 3664 ipse
2853 3593 2955 3647 erit
2983 3592 3160 3647 omnia
3215 3594 3264 3646 iu
3310 3593 3580 3649 omnibus.

1988 3690 2106 3760 Ipse
2155 3703 2284 3758 ergo
2343 3686 2574 3752 sufﬁcit,
2618 3685 2764 3741 solus
2819 3683 3050 3749 sufﬁcit,
3102 3684 3170 3740 de
3224 3699 3331 3754 quo
3373 3685 3574 3738 dictum

1988 3790 2099 3845 est,
2156 3778 2377 3834 Ostende
2421 3778 2561 3832 nobis
2610 3776 2850 3840 Patrem,
2903 3784 2952 3830 et
2996 3775 3177 3846 sufﬁcit
3225 3775 3385 3829 nobis.
3434 3774 3540 3829 Sed
3563 3816 3579 3838 ,

1992 3871 2155 3926 Tanto
2172 3913 2188 3937 ,
2215 3870 2418 3938 inquit,
2452 3878 2673 3939 tempore
2691 3867 2944 3921 vobiscum
2970 3883 3081 3921 sum
3104 3907 3122 3931 ,
3148 3874 3194 3919 et
3220 3881 3319 3919 non
3343 3868 3583 3936 cognoui-

1987 3964 2078 4019 stis
2107 3963 2224 4017 me?
2391 3978 2469 4015 me
2507 3961 2630 4015 vidit
2650 4003 2663 4025 ,
2690 3970 2735 4014 et
2771 3959 2977 4014 Patrem
3002 3959 3123 4014 vidit
3152 3957 3330 4030 (Joan.
3362 3973 3483 4025 xw,
3514 3958 3548 4014 8
3566 3998 3585 4024 ,

1989 4054 2068 4127 9).
2098 4054 2287 4110 Omnia
2322 4054 2463 4108 Deus
2494 4053 2650 4109 Pater
2685 4061 2735 4108 et
2770 4050 2936 4106 Filius
2976 4058 3031 4107 et
3068 4050 3299 4122 Spiritus
3346 4060 3584 4106 sanctus.

1988 4148 2177 4204 Merito
2203 4147 2350 4202 solus
2375 4144 2588 4200 sufﬁcit.
2616 4143 2674 4200 Si
2701 4145 2849 4200 avari
2875 4158 3092 4210 sumus,
3120 4144 3290 4213 ipsum
3319 4157 3586 4203 amemus.

1989 4243 2043 4300 Si
2073 4257 2204 4313 opes
2257 4239 2623 4296 desideramus
2647 4280 2663 4302 ,
2712 4239 2857 4293 solus
2901 4252 2998 4292 nos
3038 4237 3233 4293 satiare
3272 4238 3465 4307 poterit
3518 4235 3589 4291 de

1990 4351 2097 4405 quo
2121 4334 2319 4389 dictum
2345 4342 2460 4396 est,
2505 4331 2601 4399 Qui
2639 4331 2792 4385 satiat
2833 4329 2889 4384 in
2927 4328 3069 4384 bonis
3111 4328 3414 4384 desiderium
3443 4338 3585 4381 tuum

1994 4424 2163 4500 (Psal.
2195 4440 2294 4491 cn,
2325 4424 2399 4491 5).
2426 4423 2535 4476 lloc
2566 4420 2829 4492 peccatori
2849 4435 2951 4474 non
2976 4418 3211 4474 sufﬁcit?
3239 4419 3340 4474 hoc
3358 4427 3585 4480 tantum,

1995 4525 2100 4569 tant
2146 4528 2396 4584 magnum
2445 4512 2639 4566 bonum
2673 4510 2937 4580 peccatori
2965 4524 3069 4563 non
3099 4506 3327 4564 sufficit?
3354 4505 3589 4563 \‘olendo

1996 4606 2194 4662 habere
2222 4606 2402 4660 omnia
2426 4646 2440 4670 ,
2475 4604 2593 4674 plus
2621 4600 2851 4673 perdidit
2875 4601 3052 4656 omnia
3083 4618 3096 4653 :
3128 4599 3251 4671 quia
3270 4640 3287 4667 ,
3319 4598 3488 4653 Radix
3509 4604 3589 4653 est

1995 4703 2217 4754 omnium
2238 4698 2485 4750 malorum
2506 4694 2738 4749 avaritia.
2762 4692 2946 4746 Merito
2966 4707 3060 4760 per
3081 4676 3392 4761 prophetam
3424 4689 3603 4746 incre-

1997 4797 2089 4860 pat
2133 4787 2326 4842 animae
2379 4784 2656 4855 peccatrici
2695 4791 2751 4837 et
2793 4797 2823 4836 a
2870 4796 2928 4837 se
2975 4781 3287 4841 fornicanti,
3321 4790 3373 4834 et
3399 4779 3529 4834 dicit
3569 4795 3588 4835 :

2004 4880 2336 4943 Existimasti,
2355 4879 2398 4931 si
2421 4894 2453 4929 a
2475 4893 2552 4930 me
2580 4874 2881 4938 discederes,
2905 4873 3099 4944 aliquid
3123 4882 3172 4926 te
3197 4871 3414 4938 amplius
3439 4869 3586 4925 habi-

2002 4980 2187 5026 turam.
2209 4968 2311 5024 Sed
2339 4964 2606 5036 quomodo
2634 4964 2722 5018 ille
2745 4962 2882 5017 filius
2903 4963 3097 5027 minor,
3125 4976 3252 5018 ecce
3282 4975 3470 5030 porcos
3496 4975 3591 5031 pa-

2004 5063 2125 5116 visti
2171 5058 2318 5133 (Luc.
2355 5071 2457 5120 κν,
2511 5053 2599 5127 l5)
2644 5070 2657 5106 :
2705 5068 2833 5109 ecce
2881 5053 3058 5107 omnia
3108 5050 3415 5121 perdidiSti;
3465 5065 3594 5106 ecce

2005 5167 2166 5225 egens
2188 5146 2578 5209 remansisti,et
2603 5160 2726 5200 sero
2751 5147 2925 5199 lessus
2953 5142 3158 5197 redisti.
3198 5141 3315 5197 Jam
3355 5142 3591 5212 intelligo

2007 5243 2126 5312 quia
2170 5240 2219 5294 id
2261 5237 2400 5309 quod
2437 5237 2529 5292 tibi
2572 5247 2720 5306 pater
2743 5233 2932 5300 dabat,
2965 5233 3125 5289 tutius
3165 5233 3277 5302 ipse
3318 5232 3591 5289 servabat.

2010 5330 2325 5387 Existimasti
2342 5372 2355 5391 ,
2382 5329 2475 5384 sia
2502 5345 2579 5381 me
2606 5327 2889 5382 recessisses
2907 5367 2924 5389 ,
2947 5323 3140 5392 aliquid
3176 5323 3394 5393 amplius
3420 5333 3473 5378 te
3495 5324 3592 5376 ha—

2009 5427 2242 5481 bituram.
2272 5422 2316 5478 0
2344 5423 2517 5475 anima
2559 5420 2819 5491 peccatrix
2868 5428 2922 5475 et
2967 5417 3178 5486 impleta
3226 5415 3594 5471 fornicationi-

2012 5517 2110 5569 bus
2134 5557 2147 5578 ,
2178 5514 2311 5568 facta
2344 5512 2541 5580 turpis,
2570 5512 2707 5566 facta
2732 5509 2971 5575 decolor,
3018 5506 3155 5563 facta
3201 5505 3513 5571 immunda.
3539 5515 3595 5561 et

2011 5608 2087 5660 sic
2113 5614 2283 5659 amata
2310 5603 2324 5656 !
2359 5601 2488 5656 lledi
2518 5616 2647 5673 ergo
2674 5601 2739 5656 ad
2783 5601 3062 5672 pulchrum
3088 5642 3104 5667 ,
3129 5610 3183 5654 ut
3204 5598 3270 5655 ad
3296 5597 3592 5669 pulchritu-

2012 5697 2188 5752 dinem
2218 5694 2407 5749 redeas
2435 5710 2450 5746 :
2480 5694 2591 5749 redi
2615 5734 2628 5760 ,
2660 5702 2712 5749 ct
2737 5694 2819 5751 dic
2847 5694 2918 5750 illi
2946 5695 3033 5767 qui
3067 5692 3158 5750 tibi
3184 5693 3329 5751 solus
3352 5688 3580 5757 sufﬁcit:

2080 5814 2093 5844 ⁸
2121 5811 2263 5873 aeds,
2286 5810 2365 5874 [ac
2386 5806 2490 5862 tibi.
