3886 6188
373 299 490 386 sas

395 414 672 469 Perdidisti
697 431 891 469 omnem
915 415 1003 487 qui
1023 415 1302 487 fomicatur
1329 416 1417 472 abs
1443 426 1507 472 te.
1540 416 1674 485 Quid
1701 431 1830 487 ergo
1857 416 1969 472 suf-

395 506 535 569 ficit,
564 505 664 560 nisi
690 504 829 574 quod
851 506 1108 575 sequitur,
1133 503 1265 560 Mihi
1284 518 1449 560 autem
1477 507 1732 562 adlicerere
1757 507 1864 563 Deo
1896 511 1974 564 bo.

397 612 516 648 nam
544 606 614 649 est
644 593 812 667 (Psal.
840 612 1010 660 um,
1036 595 1128 662 27,
1159 596 1290 667 ‘28)?
1316 597 1452 667 Ergo
1479 615 1685 652 sursum
1727 614 1840 660 cor,
1867 615 1970 654 non

391 684 443 738 in
474 695 631 747 terra,
663 699 764 738 non
795 685 844 738 in
873 685 1276 740 mendacissimo
1305 690 1320 719 ¹
1347 685 1620 755 thesauro,
1649 705 1752 744 non
1781 689 1832 744 in
1856 688 1972 743 loco

395 773 706 840 putrediuis.
750 773 923 828 Radix
957 786 1029 829 est
1053 778 1183 829 enim
1217 778 1434 831 omnium
1464 779 1712 832 malorum
1737 781 1968 833 avaritia.

393 863 457 918 Et
499 865 549 917 in
601 864 714 933 ipso
763 865 928 920 Adam
980 869 1126 922 radix
1168 869 1402 922 omnium
1453 869 1709 924 malorum
1752 872 1970 926 avaritia

389 955 504 1010 fuit.
541 955 665 1009 Plus
685 956 826 1010 enim
857 957 1055 1023 voluit,
1106 975 1261 1028 quam
1291 960 1523 1028 acet-pit,
1564 961 1682 1030 quia
1729 960 1869 1015 Deus
1896 962 1970 1016 illi

388 1063 491 1100 non
521 1048 747 1102 suffecit.

463 1139 549 1192 10.
576 1138 778 1192 Divitiae
787 1139 884 1210 piis
900 1139 1130 1209 Operibus
1151 1140 1513 1210 imprudentiae.
1544 1141 1741 1197 Diritiis
1760 1145 1972 1200 emenda

396 1241 513 1278 vera
539 1229 658 1280 vita.
704 1228 838 1295 Quid
870 1245 997 1299 ergo
1037 1232 1110 1285 sis
1149 1230 1382 1286 facturus
1407 1249 1471 1287 ex
1500 1234 1582 1288 bis
1625 1251 1742 1305 qua:
1782 1236 1967 1304 habes,

391 1318 562 1382 dives,
604 1320 838 1374 attende.
884 1322 1000 1377 Jam
1033 1337 1135 1376 non
1173 1325 1398 1392 superbe
1433 1327 1612 1396 sapis:
1645 1337 1806 1382 recte.
1852 1328 1969 1382 Non

392 1422 576 1476 speras
620 1410 671 1464 in
702 1410 904 1466 incerto
930 1413 1250 1479 divitiarum,
1282 1415 1373 1470 sed
1402 1433 1584 1487 speras
1608 1419 1658 1472 in
1691 1420 1798 1474 Deo
1825 1421 1966 1488 vivo,

389 1501 478 1569 qui
531 1512 750 1572 praestat
784 1505 936 1559 nobis
961 1508 1140 1561 omnia
1191 1509 1521 1565 abundanter
1548 1511 1615 1566 ad
1644 1512 1922 1569 fruendum
1953 1534 1965 1569 :

389 1591 739 1650 laudabiliter.
775 1596 891 1652 Noli
922 1607 1059 1669 ergo
1093 1602 1237 1670 piger
1264 1617 1382 1657 esse
1414 1603 1465 1656 in
1493 1603 1575 1658 bis
1601 1621 1718 1675 quin
1745 1624 1974 1677 sequen-

392 1693 495 1738 tur.
525 1684 714 1741 Divites
740 1690 837 1741 sint
877 1690 927 1743 in
959 1691 1188 1759 operibus
1229 1691 1388 1746 bonis.
1424 1695 1547 1749 [laxe
1585 1694 1891 1761 videamus;
1915 1708 1971 1754 ct

388 1775 530 1842 quod
559 1791 661 1828 non
696 1777 950 1844 ridemus,
970 1782 1268 1836 credamus.
1295 1784 1536 1851 Dicebas,
1563 1787 1966 1856 Aurumbabeo,

389 1864 483 1916 sed
515 1880 620 1918 non
650 1882 770 1920 amo
804 1887 816 1922 :
844 1868 936 1922 sed
968 1887 1070 1924 non
1092 1887 1271 1926 amare
1291 1884 1434 1927 tuum
1458 1876 1599 1930 intus
1625 1888 1706 1932 est
1734 1896 1747 1942 ;
1783 1881 1968 1951 siquid

388 1957 456 2011 dc
502 1967 551 2012 te
596 1971 825 2027 mereo‘r,
869 1963 1030 2030 proba
1075 1971 1130 2018 et
1175 1966 1336 2030 mihi;
1368 1967 1508 2037 quod
1557 1985 1660 2023 non
1688 1972 1970 2030 abscondis
2047 1975 2058 1982 ’

393 2048 502 2101 Deo
531 2058 637 2113 tuo,
660 2051 822 2119 proba
854 2061 907 2106 ct
937 2052 1087 2107 fratri
1113 2065 1222 2109 tuo.
1258 2055 1426 2122 Unde,
1471 2058 1664 2126 inquis,
1696 2063 1968 2130 probabo?

396 2137 471 2192 Ex
501 2156 565 2192 eo
603 2140 744 2209 quod
773 2143 1031 2210 sequitur,
1071 2143 1258 2199 Divites
1284 2148 1380 2200 sint
1407 2149 1459 2200 in
1486 2151 1714 2218 operibus
1741 2152 1898 2216 bonis,
1913 2165 1968 2206 ut

391 2232 543 2298 {urile
586 2233 936 2298 tribuant._Ad
979 2235 1080 2290 hoc
1121 2236 1269 2292 dives
1315 2251 1448 2304 esto,
1482 2249 1537 2294 ut
1565 2243 1716 2297 facile
1747 2245 1963 2299 tribuas.

391 2319 596 2391 Pauper
615 2322 756 2377 enim
788 2325 899 2378 vult
925 2326 1177 2393 tribuere,
1204 2337 1256 2382 ct
1280 2345 1380 2382 non
1411 2339 1619 2400 potest:
1651 2335 1788 2404 apud
1823 2336 1964 2390 illum

385 2411 688 2479 difficultas,
723 2414 862 2484 apud
890 2423 940 2470 te
962 2415 1202 2472 facilitas.
1226 2418 1337 2474 Hoc
1351 2420 1440 2474 tibi
1469 2423 1636 2489 prosit
1661 2425 1799 2493 quod
1817 2425 1965 2481 dives

392 2519 473 2568 es,
505 2505 624 2572 quia
653 2519 773 2559 cum
806 2507 1036 2562 volueris
1078 2509 1270 2575 facere,
1301 2511 1478 2564 statim
1512 2513 1964 2570 facis.‘Facitetri-

399 2595 574 2656 ouant,
604 2596 983 2649 communicent.
1007 2596 1270 2668 Numquid
1311 2601 1576 2669 perdunt?
1604 2602 1965 2661 Tltesaurizent

386 2681 484 2736 sibi
513 2681 895 2752 fundamentum
922 2685 1105 2740 bonum
1147 2688 1199 2742 in
1245 2691 1492 2758 futurum.
1554 2692 1621 2747 Et
1672 2710 1740 2749 ne
1790 2697 1962 2767 ipsum

384 2787 574 2827 aurum
596 2781 650 2829 et
673 2783 950 2844 argentum
980 2786 1033 2831 et
1073 2779 1283 2848 prtedia,
1314 2791 1368 2836 et
1392 2797 1451 2836 ea
1485 2798 1603 2854 qua:
1630 2784 1848 2856 pulchra
1883 2787 1962 2843 vi-

384 2861 581 2917 dentur
606 2863 658 2918 in
698 2865 1033 2922 facultatibus
1077 2869 1369 2938 hominum,
1403 2874 1560 2928 etiam
1590 2875 1657 2930 ibi
1687 2876 1962 2934 desidere-

388 2968 526 3021 Inus,
545 2959 670 3009 cum‘
687 2956 882 3012 dicitur
897 2959 1071 3026 nobis,
1098 2959 1232 3017 illuc
1267 2964 1506 3034 migrate,
1539 2965 1845 3023 thesaurum
1874 2986 1960 3026 ve-

384 3054 552 3099 strum
575 3047 643 3101 ibi
662 3047 842 3118 ponite
875 3067 886 3102 :
915 3049 1190 3107 admonuit
1209 3069 1305 3109 nos
1334 3065 1519 3112 contra
1549 3059 1790 3115 carnales
1819 3063 1963 3132 cogi-

387 3133 634 3201 tationes,
673 3146 727 3192 et
762 3137 1110 3207 subjecitzUt
1137 3143 1516 3213 apprehendaut
1564 3162 1730 3201 veram
1765 3150 1917 3206 vitam
1940 3171 1959 3210 :

383 3241 492 3279 non
506 3241 714 3295 aurum,
732 3229 872 3300 quod
896 3230 1102 3286 interra
1126 3235 1398 3303 remansit,
1428 3252 1533 3292 non
1559 3238 1835 3298 facultates
1863 3258 1959 3311 pu-

382 3316 624 3384 tredinis,
657 3334 759 3374 non
791 3320 926 3380 bona
947 3324 1288 3391 transeuntia,
1314 3326 1407 3380 sed
1435 3343 1602 3382 verum
1627 3331 1798 3386 vitam.
1821 3334 1962 3399 Quo-

380 3408 502 3462 dam
533 3409 693 3465 modo
718 3425 844 3481 ergo
873 3412 1181 3484 migramus,
1213 3416 1426 3485 quando
1457 3417 1558 3474 hoc
1587 3420 1713 3476 illuc
1739 3425 1949 3501 transit,

381 3516 556 3572 neque
610 3501 712 3557 hoc
751 3503 822 3559 ibi
863 3503 1194 3572 habebimus,
1224 3501 1364 3578 q'uud
1408 3509 1532 3566 hinc
1571 3514 1956 3572 transierimus.

379 3591 619 3660 Quodam
643 3595 801 3650 modo
829 3596 1080 3652 Dominus
1108 3599 1245 3654 Deus
1276 3613 1458 3660 noster
1497 3617 1821 3664 mercatores
1859 3627 1960 3667 nos

381 3676 494 3739 vult
512 3699 652 3751 esse,
677 3691 1020 3745 mutationem
1039 3693 1310 3748 nobiscum
1336 3696 1458 3751 facit
1484 3715 1497 3763 ;
1530 3699 1668 3768 quod
1687 3701 1771 3756 hie
1789 3704 1959 3759 abun-

380 3777 472 3832 dat
495 3778 704 3844 damus,
737 3781 874 3851 quod
908 3783 977 3837 ibi
1004 3783 1235 3840 abundat
1258 3789 1543 3858 accipimus
1573 3811 1585 3844 :
1617 3796 1962 3864 quemadmo-

387 3868 506 3923 tlum
536 3871 772 3941 plerique
808 3874 1122 3942 trajeclitias
1149 3893 1352 3934 merces
1398 3879 1614 3947 faciunt,
1659 3885 1799 3941 aliud
1831 3887 1958 3944 dant

381 3967 523 4032 alibi,
554 3978 606 4023 et
625 3984 730 4040 quo
753 3969 973 4025 veniunt
1000 3971 1140 4026 aliud
1171 3973 1453 4042 accipiunt.
1481 3976 1639 4030 Verbi
1665 3981 1852 4048 gratia,
1881 3982 1961 4036 di-

379 4060 454 4113 cit
477 4061 648 4115 amico
668 4063 999 4134 suo,Accipe
1026 4063 1112 4119 hic
1134 4079 1162 4117 a
1196 4052 1531 4134 meiaurum,
1565 4079 1615 4124 et
1645 4069 1708 4124 da
1749 4071 1876 4126 mihi
1907 4075 1957 4128 in

381 4151 556 4207 Africa
588 4153 762 4208 oleum
797 4172 809 4210 :
842 4165 896 4210 et
935 4156 1125 4226 migrat
1172 4166 1228 4212 et
1280 4174 1384 4213 non
1416 4160 1642 4230 migrat;
1685 4163 1796 4230 jam
1818 4165 1958 4234 quod

378 4245 645 4300 desiderat
663 4247 887 4318 accepit.
912 4249 1055 4302 Talis
1105 4258 1188 4304 est
1221 4250 1317 4306 ista
1350 4254 1593 4318 mutatio,
1630 4255 1820 4324 qualis,
1853 4255 1961 4311 fra-

381 4343 491 4388 tres
521 4339 644 4395 mel.
675 4345 855 4391 nostra
873 4347 1143 4392 mercatio.
1179 4341 1312 4408 Quid
1342 4341 1549 4411 damus,
1577 4353 1632 4399 et
1655 4346 1779 4416 quid
1816 4349 1956 4403 acci-

381 4427 592 4495 pimus?
618 4427 727 4481 lloc
752 4429 938 4482 damus
977 4431 1116 4500 quod
1148 4433 1420 4489 nobiscmn
1449 4438 1655 4492 auferre
1683 4456 1785 4494 non
1834 4457 1958 4510 pos-

379 4529 582 4579 sumus,
613 4517 710 4569 ctsi
738 4518 1010 4572 vellemus.
1038 4519 1212 4585 Quare
1231 4536 1357 4591 ergo
1387 4527 1522 4592 perit
1545 4525 1568 4578 ?
1611 4527 1664 4581 ld
1687 4530 1823 4599 quod
1853 4533 1956 4585 mi-

380 4619 480 4660 nus
507 4615 589 4660 est
625 4605 799 4672 detur,
831 4608 1049 4679 utquod
1078 4617 1158 4664 est
1189 4610 1357 4680 majus
1384 4612 1454 4666 ibi
1501 4615 1816 4673 inveniatur.
1849 4620 1954 4675 Ila-

381 4712 499 4751 mus
527 4707 743 4763 terram,
787 4706 839 4752 et
884 4699 1171 4767 accipimus
1217 4702 1408 4757 caelum
1435 4719 1450 4769 ;
1481 4703 1667 4759 damus
1693 4716 1959 4778 tempora-

381 4787 470 4851 lia,
498 4797 549 4842 ct
567 4787 1099 4866 accipimusatterna;
1127 4791 1315 4845 damus
1342 4796 1712 4862 putrescentia,
1744 4808 1793 4852 et
1815 4801 1958 4857 acci-

377 4881 554 4954 pimus
583 4880 898 4935 immortalia
927 4900 940 4936 :
969 4891 1237 4951 postremo
1258 4883 1446 4940 damus
1462 4887 1601 4958 quod
1622 4888 1766 4944 dedit
1797 4892 1958 4961 Deus,

375 4981 434 5026 et
463 4971 754 5048 accipimus
807 4974 978 5042 ipsum
1007 4974 1190 5030 Deum.
1231 4975 1346 5031 Non
1373 4992 1499 5049 ergo
1522 4981 1687 5035 simus
1738 4983 1869 5055 pigri
1905 4984 1958 5041 in

382 5061 481 5116 ista
511 5065 810 5119 mutatione
839 5081 1040 5132 rerum,
1094 5065 1145 5120 in
1187 5067 1284 5122 ista
1341 5080 1640 5127 mercatura
1678 5076 1874 5144 Optima
1904 5085 1960 5132 et

377 5150 652 5208 inetl'abili.
674 5154 977 5226 Prositquia
997 5156 1084 5212 hic
1095 5173 1296 5222 sumus,
1320 5162 1484 5229 prosit
1499 5164 1615 5232 quia
1633 5166 1738 5219 nati
1751 5181 1954 5234 sumus,

379 5241 549 5310 prosit
572 5244 698 5314 quia
719 5247 1140 5317 pcregrinamur.
1171 5249 1288 5305 Non
1334 5252 1522 5323 inopes
1563 5271 1952 5316 remaneamus.

451 5332 538 5388 ll.
567 5334 726 5390 Tinea
755 5337 905 5392 mala:
927 5339 1246 5410 cogitationis
1261 5359 1496 5400 reuocem
1516 5363 1547 5398 a
1563 5347 1812 5417 faciendis
1831 5351 1958 5406 elee-

379 5426 624 5494 mosynis.
647 5426 762 5483 Non
791 5429 953 5485 intret
980 5444 1158 5484 arcam
1186 5432 1364 5488 cordis
1394 5435 1532 5490 tinea
1567 5439 1719 5494 mala:
1757 5443 1958 5511 cogita-

379 5514 571 5571 tionis:
596 5533 702 5574 non
737 5520 960 5586 dicatur,
991 5519 1105 5576 Non
1144 5522 1303 5591 dabo,
1332 5541 1398 5582 ne
1435 5542 1551 5584 cras
1575 5545 1679 5585 non
1710 5530 1950 5589 habeam.

443 5647 604 5727 διηερ-
625 5649 990 5727 nulelﬂuulcm
1013 5655 1140 5727 :Ased
1178 5656 1302 5707 forte
1343 5659 1625 5727 legendum,
1656 5666 1954 5721 mendicitat-

378 5717 490 5764 σιω
516 5719 610 5769 qua
633 5721 749 5758 voce
767 5707 980 5764 libenter
1003 5718 1151 5765 utitur
1168 5707 1473 5778 Augustinus.

1587 301 1646 360 ς.
1687 302 2053 398 Αιξουετικι
2093 304 2389 362 εινιεεοιιι
3503 335 3590 392 ςω

2079 416 2195 473 Noli
2217 421 2438 478 multum
2460 424 2693 495 cogitare
2723 426 2791 482 de
2838 427 3026 484 futuris
3049 449 3060 484 :
3086 431 3188 486 imo
3214 437 3414 493 multum
3451 447 3593 511 cogita

2079 511 2144 564 de
2187 511 2412 580 futuris;
2442 517 2535 572 sed
2581 519 2649 574 de
2699 519 2854 591 longe
2893 523 3116 578 futuris:
3147 521 3474 584 Thesaurisent
3518 537 3595 591 sibi

2079 601 2461 672 fundamentum
2491 608 2673 661 bonum
2702 609 2754 663 in
2796 611 3041 681 futurum,
3071 623 3124 668 ut
3164 619 3507 686 apprehendant
3529 641 3596 681 re-

2078 711 2187 746 rum
2215 695 2381 750 vitam.
2407 697 2529 753 llaec
2571 701 2663 764 ita,
2707 703 3146 771 quemadmodum
3182 708 3306 762 dixit
3333 712 3589 785 Apostolus,

2079 783 2200 838 Non
2244 798 2298 839 ut
2325 789 2440 842 aliis
2484 793 2709 861 refectio,
2761 793 2894 848 vobis
2945 805 3109 849 autent
3156 801 3394 868 angustia,
3439 807 3515 856 sed
3545 783 3587 860 ea

2074 876 2360 952 wqualitate
2385 880 2402 910 ¹
2437 878 2523 949 (ll
2571 880 2688 934 Cor.
2733 899 2845 951 \‘lll,
2899 886 2963 939 15
2989 888 3026 956 ).
3061 887 3201 942 llabc
3233 909 3246 943 :
3273 899 3458 946 tantum
3505 895 3591 951 noii

2076 982 2274 1034 amare,
2329 985 2561 1035 servare,
2613 973 2995 1045 thesaurizare,
3051 979 3294 1036 incubare
3323 975 3589 1043 reconditis

2076 1059 2178 1116 hoc
2204 1063 2372 1117 estde
2400 1065 2614 1120 incertis
2645 1083 2883 1137 Sperare.
2928 1073 3094 1137 Quam
3141 1075 3285 1128 mulli
3305 1075 3477 1132 divites
3498 1079 3600 1134 dor-

2075 1151 2322 1217 mierunt,
2375 1169 2635 1226 pauperes
2670 1163 3048 1216 surrexerunt!
3078 1161 3294 1232 Propter
3321 1165 3460 1220 istam
3483 1171 3598 1225 enim

2074 1242 2472 1312 cogitationem,
2505 1262 2624 1300 cum
2669 1248 3070 1307 dixisset:Sine
3107 1271 3273 1308 amore
3303 1258 3464 1310 modus
3480 1278 3600 1330 pecu-

2074 1337 2172 1390 m'at
2199 1338 2446 1407 sufﬁciens
2475 1350 2546 1393 est
2575 1343 2926 1410 praesentibus.
2949 1345 3171 1414 Propter
3187 1349 3345 1403 malas
3367 1353 3600 1422 cogitatio-

2075 1444 2190 1491 nes,
2233 1445 2348 1499 qua:
2391 1430 2594 1499 dicunt,
2648 1435 2702 1489 Si
2753 1435 3059 1492 thesaurum
3092 1455 3194 1493 non
3248 1441 3481 1507 habuero,
3506 1447 3601 1515 quis

2074 1520 2201 1574 mihi
2223 1517 2395 1585 'dabit,
2418 1538 2541 1579 cum
2569 1540 2726 1595 egere
2750 1528 3003 1597 coepero?
3033 1529 3247 1596 Deinde,
3272 1533 3495 1588 Abundat
3513 1552 3591 1592 ιιιι-

2072 1610 2139 1665 de
2161 1612 2348 1677 vivam,
2374 1613 2570 1669 sufficit
2594 1616 2721 1670 mihi
2764 1617 2907 1672 unde
2934 1621 3106 1674 vivam
3139 1639 3151 1675 :
3183 1623 3274 1676 sed
3301 1624 3434 1693 quid,
3464 1627 3502 1678 si
3526 1627 3604 1681 im-

2075 1703 2252 1773 pingat
2291 1705 2418 1758 mihi
2449 1707 2750 1761 calumnia?
2789 1709 2927 1764 unde
2970 1726 3057 1766 me
3084 1711 3542 1785 redimam?Quid,_
3567 1716 3602 1776 si

2074 1795 2204 1864 mihi
2228 1811 2444 1852 necesse
2478 1799 2543 1852 sit
2568 1799 2816 1868 litigare?
2845 1803 2986 1857 unde
3021 1812 3261 1872 sumptus
3301 1805 3600 1874 impendam?

2071 1875 2331 1952 Quamdiu
2361 1888 2534 1942 omnia
2567 1889 2701 1944 mala
2723 1906 2838 1960 qua:
2858 1903 3081 1960 possunt
3107 1894 3312 1948 evenire
3331 1897 3493 1965 generi
3517 1897 3602 1951 bu-

2071 1991 2228 2031 mano
2268 1993 2483 2034 narrare
2507 1989 2562 2034 et
2587 1991 2898 2050 computare
2928 1999 3036 2038 non
3090 1987 3306 2054 poteris,
3341 1987 3606 2056 plennnque

2071 2087 2171 2125 una
2199 2073 2472 2128 calamitas
2495 2074 2670 2128 turbat
2695 2085 3002 2146 computum
3041 2080 3377 2143 numerantis,
3402 2090 3448 2133 et
3469 2089 3605 2134 totum

2070 2164 2209 2232 quod
2241 2166 2636 2231 numerabatur,
2674 2183 2776 2220 non
2809 2169 2981 2222 solum
3043 2171 3199 2238 perit,
3233 2169 3321 2224 sed
3360 2185 3446 2224 nec
3472 2172 3514 2224 in
3539 2167 3604 2224 die

2067 2255 2189 2323 gitis
2237 2255 2566 2310 remanebit?
2593 2256 2715 2330 Ideo
2739 2269 2922 2312 contra
2954 2259 3121 2313 istum
3149 2262 3462 2330 cogitationis
3500 2277 3597 2315 ver-

2071 2347 2342 2412 Iniculum,
2365 2358 2546 2402 contra
2575 2349 2856 2420 malignam
2891 2350 3095 2406 tineam
3135 2353 3371 2422 apposuit
3412 2355 3530 2406 Deus
3564 2355 3604 2407 in

2063 2439 2335 2508 Scriptura
2367 2455 2482 2506 sua,
2510 2442 2780 2510 quomodo
2809 2443 2983 2497 solent
3008 2447 3206 2513 apponi
3255 2446 3470 2500 vestibus
3494 2445 3601 2499 odu-

2069 2541 2307 2585 ramenta
2339 2531 2603 2602 quaedam,
2631 2548 2699 2586 ne
2735 2535 2957 2610 tineeut.
2987 2533 3500 2605 Quidieogitabasnc
3531 2535 3604 2590 tibi

2067 2623 2566 2680 calamitates?non
2615 2627 2838 2682 timebas
2893 2643 3061 2682 unam
3110 2626 3605 2698 grandenI?Attende

2067 2713 2206 2783 quod
2225 2715 2492 2784 sequitur:
2508 2717 2632 2771 Sine
2649 2733 2819 2770 amore
2856 2718 3044 2773 modus
3069 2720 3290 2790 pecunire
3311 2720 3528 2790 sufﬁciens
3550 2728 3606 2772 est

2065 2806 2407 2874 prwsentibus.
2430 2805 2548 2874 Ipse
2571 2808 2711 2862 enim
2737 2808 2868 2862 dixit
2896 2827 2910 2862 :
2943 2807 3073 2863 Non
3103 2820 3150 2864 te
3168 2810 3503 2879 derelinquam,
3524 2825 3604 2862 non

2065 2904 2112 2948 te
2131 2895 2356 2950 deseram
2385 2897 2404 2969 (
2430 2897 2588 2952 Hebr.
2610 2914 2729 2965 xm,
2758 2899 2790 2954 5
2816 2899 2854 2969 ).
2883 2898 3143 2955 Timebas
3165 2901 3295 2955 mala
3316 2899 3477 2954 nescio
3489 2914 3604 2969 qua,

2065 2996 2345 3056 propterea
2399 2989 2677 3058 pecuniam
2737 2989 2993 3046 servabas
3032 3009 3050 3045 :
3084 3003 3207 3048 tene
3252 2991 3600 3060 lidejussorem;

2063 3075 2165 3132 hoc
2182 3078 2320 3134 Deus
2345 3078 2436 3133 tibi
2453 3079 2599 3146 dicit,
2621 3079 2738 3134 Non
2751 3089 2796 3135 te
2810 3080 3187 3152 derelinquam,
3210 3099 3307 3138 non
3328 3092 3372 3136 te
3389 3081 3599 3136 deseram.

2059 3163 2236 3222 llomo
2283 3169 2326 3224 si
2365 3173 2720 3240 promitteret,
2774 3171 3068 3238 crederes;
3109 3174 3249 3229 Deus
3291 3173 3607 3244 promittit,et

2063 3257 2271 3313 dubitas
2291 3259 2315 3312 ?
2342 3260 2608 3327 Promisit,
2628 3262 2859 3332 scripsit,
2889 3263 3200 3319 cautionem
3227 3263 3350 3320 fecit
3374 3282 3387 3318 :
3414 3271 3515 3318 esto
3531 3277 3598 3317 se-

2061 3365 2240 3404 curus.
2276 3351 2414 3422 Lege
2441 3352 2581 3422 quod
2630 3362 2798 3418 tenes,
2829 3355 3138 3410 cautionem
3183 3366 3346 3421 tenes,
3370 3357 3519 3425 ipsum
3539 3352 3608 3406 ile-

2061 3437 2288 3494 bitur-em
2313 3441 2543 3506 tenuisti,
2569 3458 2597 3496 τι
2630 3458 2735 3512 quo
2758 3453 2843 3496 tua
2873 3442 3057 3498 debita
3091 3445 3310 3500 relaxari
3339 3445 3517 3518 petisti.

2469 3551 2695 3609 SERMO
2731 3553 3040 3609 CLXXVIII
3078 3560 3096 3578 ·
3125 3556 3224 3628 (α).

2063 3660 2142 3715 De
2166 3663 2322 3717 verbis
2355 3664 2600 3736 Apostoli,
2634 3664 2736 3720 Tit.
2765 3683 2883 3736 cap.
2916 3668 3030 3734 I,9,
3065 3669 3134 3725 Ut
3163 3680 3346 3738 potens
3365 3669 3423 3722 sit
3447 3666 3606 3722 exhor-

2133 3753 2227 3806 tari
2253 3754 2302 3806 in
2328 3753 2566 3809 doctrina
2611 3770 2760 3822 sana,
2812 3767 2865 3812 et
2913 3760 3348 3818 contradicentes
3395 3771 3600 3829 arguere.

2134 3840 2318 3896 Contra
2339 3860 2505 3899 rerum
2524 3847 2802 3902 alienarum
2828 3858 3061 3918 raptores
3090 3850 3191 3923 (lt).

2132 3953 2356 4012 CAPUT
2395 3957 2834 4014 PRIMUM.—-l.
2876 3958 3253 4033 Episcoporum
3292 3979 3433 4018 onus.
3481 3961 3600 4018 Beati

2061 4046 2302 4116 Apostoli
2329 4047 2561 4118 Epistola
2593 4067 2714 4105 cum
2743 4052 3009 4122 legeretur
3028 4053 3100 4110 de
3118 4054 3487 4112 constituendis
3511 4053 3605 4125 epi-

2062 4137 2256 4205 scopis,
2302 4141 2740 4196 commemoravit
2777 4157 2875 4196 nos
2921 4143 3040 4198 sine
3087 4144 3250 4200 dubio
3288 4146 3530 4216 respicere
3563 4142 3604 4196 in

2064 4241 2160 4280 nos
2193 4244 2205 4280 :
2238 4237 2292 4282 et
2313 4243 2406 4283 vos
2436 4231 2873 4292 commemoravit
2910 4248 3015 4289 non
3037 4234 3282 4303 judicare
3307 4250 3400 4290 nos
3421 4252 3435 4302 ;
3460 4232 3598 4288 maxi-

2063 4333 2147 4373 me
2174 4320 2293 4388 quia
2321 4336 2506 4376 omnes
2527 4323 2828 4378 audivimus
2871 4325 3086 4393 capituli
3122 4327 3389 4397 Evangelii
3416 4323 3604 4380 recentis

2063 4407 2306 4465 lectionis
2335 4412 2672 4468 novissimam
2691 4415 3004 4468 sententiam
3033 4433 3046 4468 :
3081 4415 3262 4470 Nolite
3285 4417 3508 4486 judicare
3521 4428 3603 4483 per-

2057 4501 2317 4568 sonaliter,
2349 4503 2436 4556 sed
2447 4504 2640 4574 justum
2658 4504 3186 4578 judiciumjudicate(
3213 4507 3368 4562 Joan.
3398 4523 3482 4570 vn,
3499 4505 3602 4573 24).

2065 4591 2351 4659 Personam
2379 4593 2556 4663 itaque
2591 4594 2879 4664 judicando
2921 4613 3077 4651 nemo
3099 4599 3292 4670 accipit
3315 4599 3542 4662 alienam,
3568 4593 3603 4648 si

2064 4695 2168 4735 non
2195 4683 2386 4751 accipit
2414 4699 2583 4738 suam.
2612 4686 2803 4740 Beatus
2823 4687 3106 4757 Apostolus
3132 4689 3205 4743 ait
3227 4690 3448 4760 quodam
3475 4689 3602 4743 loco:

2065 4772 2186 4828 Non
2205 4774 2277 4828 sic
2319 4791 2506 4846 pugno,
2541 4777 2687 4845 quasi
2726 4793 2897 4832 aerem
2935 4779 3134 4833 credens
3162 4797 3183 4842 ξ
3211 4779 3301 4833 sed
3318 4779 3495 4849 castigo
3508 4791 3601 4830 cor-

2065 4882 2158 4934 pus
2187 4882 2371 4930 meum,
2404 4876 2450 4920 et
2479 4867 2531 4920 in
2555 4866 2839 4920 servitutem
2867 4868 3037 4939 redigo
3059 4885 3079 4934 ,'
3123 4885 3190 4924 ne
3225 4873 3354 4941 forte
3367 4870 3474 4922 aliis
3497 4879 3605 4936 pra-

2062 4958 2257 5025 dicans,
2286 4959 2393 5030 ipse
2416 4961 2656 5027 reprobus
2671 4960 2896 5014 inveniar
2917 4961 2936 5031 (
2959 4959 2974 5014 1
3004 4961 3124 5016 Cor.
3158 4979 3233 5028 Ix,
3251 4962 3340 5027 26,
3365 4961 3429 5016 27
3457 4961 3492 5031 ).
3513 4959 3604 5013 Suo

2063 5049 2252 5104 timore
2274 5063 2372 5105 nos
2397 5049 2603 5105 terruit.
2631 5049 2766 5118 Quid
2796 5051 2938 5106 enim
2965 5051 3121 5106 faciet
3155 5065 3324 5122 agnus
3372 5051 3456 5106 ubi
3482 5049 3599 5102 aries

2127 5181 2142 5212 ¹
2163 5181 2435 5258 essese,
2452 5181 2652 5258 sisset,
2670 5190 2810 5258 Na":
2833 5189 2886 5234 ει
2907 5197 3010 5258 βω.»
3041 5197 3105 5258 eo
3125 5183 3410 5258 semente»
3431 5177 3606 5258 1982b!-

2060 5246 2158 5300 tur,
2181 5254 2246 5292 ex
2263 5254 2319 5291 eo
2336 5241 2548 5316 quisque.
2573 5241 2836 5294 ﬁniendare
2868 5241 3080 5356 oportuit
3108 5247 3170 5296 ad
3184 5241 3435 5319 'Epistolain
3453 5241 3602 5293 scata-

2059 5302 2169 5352 dam
2184 5303 2243 5352 ad
2265 5305 2548 5371 (ξρςιιιῲιοε,
2569 5317 2676 5371 cap,
2699 5305 2746 5354 8.
2771 5314 2871 5365 Quo
2923 5321 3013 5357 oco
3036 5305 3232 5371 vulgata
3255 5307 3439 5371 qualem
3460 5303 3599 5358 habet.

2181 5341 2243 5415 ὗῑ
2251 5341 3514 5432 α”ιὲε“ἇ“ῗεῖνιῖεὲἶὸῖἰῖ“ῖυξςΐεῖιιὶῖε⁶ἷῖέὲἔὲ“ἕὸ”ιεῖῖ
3538 5341 3601 5410 re"-

2077 5438 2132 5474 ec
2151 5439 2214 5476 ιο.

2077 5438 2214 5476 ρσιιο.

2124 5489 2138 5505 ⁸
2165 5487 2452 5538 Emendatus
2489 5496 2566 5539 est
2587 5489 2646 5540 ad
2677 5503 2723 5539 a.
2745 5490 2829 5540 bu.
2853 5489 2916 5542 cl.
2942 5493 3021 5542 cb.
3044 5491 3075 5542 f.
3109 5491 3170 5542 fs.
3196 5504 3246 5553 g.
3276 5489 3333 5540 Ir.
3356 5503 3416 5538 tu.
3440 5499 3506 5549 pr.
3519 5495 3579 5532 rm

2062 5547 2138 5597 vd.
2161 5558 2261 5598 Am.
2281 5557 2353 5598 Er.
2375 5557 2479 5600 Par.
2503 5556 2610 5600 ιον.

2143 5612 2195 5672 a)
2227 5610 2364 5670 Alias,
2391 5613 2456 5662 de
2480 5614 2649 5664 verbis
2674 5615 2877 5676 Apostoli
2916 5616 2988 5664 19.
3409 5672 3417 5680 ,

2120 5609 2191 5728 ἕο)
2212 5673 2440 5725 nonnulla
2463 5685 2527 5726 ex
2552 5675 2643 5727 hoc
2662 5681 2892 5727 sermone
2913 5676 3074 5728 retulit
3110 5674 3273 5724 Florus
3293 5672 3349 5722 ad
3376 5677 3417 5720 η

2133 5671 2191 5785 {:2
2212 5673 2440 5725 nonnulla
2463 5685 2527 5726 ex
2552 5675 2643 5727 hoc
2662 5671 2892 5727 sermone
2913 5676 3074 5728 retulit
3110 5674 3273 5724 Florus
3293 5672 3349 5722 ad
3376 5672 3454 5720 ῆι.
3481 5683 3510 5727 ι,
3549 5672 3591 5710 et

2195 5771 2208 5784 .
2245 5747 2327 5785 ιιι.
