3886 6188
275 280 375 340 9m

276 392 500 454 tremit?
533 390 680 449 inter
701 388 863 446 multa
888 402 1038 461 ergo,
1068 384 1261 457 quibus
1278 384 1295 418 ⁸
1321 380 1531 451 scripsit
1550 377 1863 448 Apostolus,

277 484 452 559 qualis
481 498 602 541 esse
622 482 911 552 episcopus
938 476 1154 541 debeat,
1195 475 1354 531 etiam
1384 469 1514 527 illud
1540 468 1861 534 audivimus,

278 556 420 632 unde
455 572 619 629 modo
649 572 871 626 forsitan
914 567 1060 639 loqui
1108 576 1164 622 et
1216 564 1489 634 disputare
1534 560 1777 616 sufﬁciat.
1809 556 1868 614 Si

279 666 421 721 enim
451 661 662 733 singula
689 660 979 725 discutere,
1004 668 1058 713 et
1078 655 1146 711 de
1168 653 1410 725 singulis,
1440 660 1496 706 ut
1515 650 1733 721 dignum
1761 656 1866 716 est,

281 757 569 826 disputare
619 766 907 813 conemur;
939 763 1037 803 nec
1084 756 1280 801 nostrae
1318 744 1460 797 vires
1502 740 1775 796 sut‘ticiunt
1800 738 1869 794 ad

282 844 633 916 loquendum,
653 857 753 897 nec
779 840 969 896 vestra:
998 837 1062 892 ad
1091 834 1429 890 audiendum.
1458 831 1594 898 Quid
1623 845 1750 900 ergo
1790 837 1873 883 est

283 937 425 1008 quod
452 935 577 990 volo
603 933 802 998 dicere,
831 934 875 985 si
896 928 1109 1000 adjuvet
1131 942 1216 980 me
1243 924 1333 995 qui
1356 922 1542 977 terruit
1573 918 1698 975 me?
1730 919 1871 974 Inter

282 1038 475 1083 uetera
503 1026 577 1079 ait
602 1025 910 1095 episcopum
935 1030 1201 1091 potentem
1227 1031 1347 1071 esse
1367 1012 1564 1069 debere
1584 1012 1636 1065 in
1672 1009 1873 1066 doctri-

286 1133 355 1174 na
395 1132 545 1180 sana,
578 1123 636 1169 ut
690 1111 1118 1169 contradicentes
1168 1104 1489 1175 redarguere
1541 1102 1726 1172 possit.
1764 1099 1875 1155 Ma-

283 1225 449 1281 gumn
500 1221 634 1277 opus
661 1210 765 1272 est,
814 1203 990 1274 gravis
1020 1201 1250 1264 sarcina,
1299 1199 1466 1252 clivus
1494 1196 1710 1249 arduus.
1755 1193 1862 1250 Sed

288 1280 526 1372 sperabo,
555 1295 745 1367 inquit,
767 1296 820 1349 in
846 1292 1028 1357 Deum,
1055 1290 1291 1357 quoniam
1317 1289 1424 1358 ipse
1454 1285 1683 1365 liberabit
1712 1300 1790 1338 me
1814 1280 1876 1336 de

289 1364 470 1456 laqueo
498 1364 807 1451 venantium,
835 1393 880 1438 et
902 1400 934 1436 a
958 1383 1102 1436 uerbo
1123 1396 1301 1448 aspero
1331 1377 1349 1447 (
1382 1364 1527 1430 Psal.
1572 1390 1661 1439 xc,
1692 1375 1748 1439 ἓ,
1772 1375 1806 1429 3

290 1478 448 1535 Nulla
467 1479 609 1534 enim
634 1491 793 1532 causa
820 1482 921 1540 est,
950 1488 1067 1543 qua:
1096 1471 1261 1540 magis
1290 1467 1448 1523 faciat
1479 1467 1745 1521 hominem
1775 1464 1883 1519 dis-

290 1579 632 1640 pensatorem
671 1566 762 1621 Dei
808 1552 1089 1636 pigriorem
1159 1560 1223 1614 ad
1253 1556 1649 1629 redarguendos
1673 1562 1884 1611 contra-

298 1659 563 1721 dicentes,
585 1670 746 1726 quam
769 1654 926 1708 timor
950 1652 1095 1706 verbi
1117 1649 1312 1719 asperi.

366 1746 595 1804 CAPUT
636 1746 700 1799 ll.
728 1773 801 1785 σι·
826 1742 881 1797 ‘2.
908 1745 1100 1796 Avarus
1129 1755 1335 1794 suorum
1364 1735 1651 1791 reconditor
1677 1733 1885 1786 damna-

293 1851 405 1895 tur.
432 1838 588 1893 Prius
612 1851 741 1906 ergo
769 1833 895 1904 quid
932 1833 1020 1899 sit,
1050 1829 1446 1884 contradicentes
1482 1827 1798 1895 redarguere,
1832 1831 1889 1875 ut

294 1933 554 1987 Dominus
580 1927 878 1992 donaverit,
909 1939 1170 1995 exponam
1212 1921 1380 1976 vobis.
1448 1915 1890 1973 Contradicentes

295 2039 405 2079 ton
441 2039 549 2076 uno
574 2020 733 2075 modo
748 2015 1071 2087 intelligendi
1094 2021 1234 2069 sunt.
1254 2010 1560 2067 Paucissimi
1581 2007 1721 2062 enim
1741 2005 1887 2059 nobis

297 2113 675 2170 contradicunt
722 2107 984 2180 loquendo
1026 2124 1042 2161 :
1093 2103 1186 2160 sed
1251 2102 1399 2157 multi
1444 2101 1581 2154 male
1639 2094 1889 2151 vivendo.

297 2203 524 2273 Quando
547 2200 846 2257 mihiaudet
857 2199 1035 2254 dicere
1048 2195 1388 2258 Christianus,
1417 2192 1613 2245 bonum
1636 2202 1754 2242 esse
1800 2201 1890 2240 ra-

303 2310 436 2367 pere
486 2307 574 2349 res
606 2292 841 2354 alienas;
872 2284 1301 2358 quandoquidem
1352 2296 1456 2336 non
1502 2278 1663 2333 audet
1692 2277 1892 2340 dicere,

302 2385 504 2439 bonum
526 2397 646 2437 esse
662 2374 915 2452 tenaciter
931 2391 1146 2431 servare
1169 2388 1256 2428 res
1276 2384 1401 2426 suas
1423 2369 1449 2421 Ἰ
1474 2364 1736 2436 Numquid
1754 2364 1895 2419 enim

304 2475 458 2529 dives
483 2473 596 2535 ille,
631 2470 718 2525 cui
764 2473 1100 2523 successerat
1148 2462 1316 2533 regio,
1345 2468 1404 2516 et
1442 2474 1545 2513 non
1591 2454 1895 2510 inveniebat

309 2563 402 2620 ubi
432 2571 652 2634 poneret
681 2560 883 2614 fructus
931 2571 1079 2620 suos,
1110 2562 1165 2610 et
1210 2567 1268 2608 se
1314 2549 1594 2604 consilium
1637 2545 1900 2600 invenisse

309 2653 578 2727 gaudebat
596 2647 906 2706 destruendi
935 2655 1144 2702 veteres
1164 2641 1483 2713 apothecas,
1510 2647 1566 2693 et
1580 2644 1899 2692 construen-

312 2726 368 2799 di
398 2757 566 2799 novas
595 2740 903 2809 ampliores.
925 2734 1242 2806 utitnpleret
1259 2745 1371 2796 cas,
1403 2739 1455 2784 et
1481 2728 1686 2782 diceret
1704 2726 1897 2779 animae

312 2851 447 2904 sum,
488 2834 693 2900 Anima,
722 2829 873 2884 habes
902 2828 1061 2883 multa
1087 2825 1218 2880 bona
1243 2825 1295 2878 in
1323 2822 1533 2876 multum
1565 2829 1788 2888 tempus,
1807 2816 1895 2870 la:-

316 2937 441 2989 ωε,
462 2923 777 2995 jucundare,
800 2920 987 2974 satiare
1017 2931 1036 2971 :
1066 2913 1319 2985 numquid
1336 2926 1463 2982 ergo
1485 2911 1584 2965 iste
1607 2906 1759 2964 dives
1777 2906 1906 2961 alie-

315 3033 385 3073 na
412 2988 735 3088 quaerebat?
776 3011 1004 3068 Fructus
1032 3011 1159 3064 suos
1188 3006 1440 3075 colligere
1456 2999 1791 3071 disponebat,
1817 2988 1906 3052 ubi

316 3087 545 3177 poneret
575 3102 905 3167 consulebat,
939 3113 1047 3154 non
1076 3096 1142 3152 de
1168 3095 1505 3165 cujusquam
1529 3090 1687 3145 vicini
1731 3087 1903 3158 agris,

322 3215 427 3254 non
472 3197 644 3252 limite
690 3180 1016 3265 perturbato,
1066 3204 1174 3244 non
1226 3185 1452 3256 spoliato
1495 3194 1749 3254 paupere,
1802 3186 1908 3234 non

322 3292 688 3347 circumvento
715 3286 987 3356 simplice,
1014 3280 1114 3337 sed
1142 3275 1508 3333 tmitunnnodo
1535 3276 1603 3329 de
1626 3272 1741 3328 suis
1761 3270 1911 3325 colli-

323 3381 513 3450 gendis
529 3379 818 3449 cogitabat.
868 3374 1061 3430 Audite
1090 3370 1218 3442 quid
1257 3368 1503 3432 audierit,
1537 3365 1626 3436 qui
1653 3361 1911 3417 tenaciter

325 3473 569 3527 servabat
595 3482 721 3534 sua;
754 3475 807 3521 et
851 3464 978 3519 hinc
1003 3460 1281 3530 intelligite
1307 3456 1433 3527 quid
1460 3461 1789 3523 exspectent,
1820 3451 1911 3520 qui

326 3563 538 3632 rapiunt
561 3559 760 3614 aliena.
792 3556 924 3613 Cum
954 3567 1088 3623 ergo
1121 3566 1179 3605 se
1228 3545 1701 3620 prudentissimum
1732 3542 1912 3597 consi-

328 3631 453 3707 bum
476 3650 759 3706 invenisse
786 3645 1157 3706 arbitraretur,
1209 3640 1276 3694 de
1314 3635 1588 3706 apothecis
1644 3631 1916 3687 veteribus

332 3741 571 3814 angustis
595 3735 930 3809 dejiciendis,
958 3743 1013 3791 et
1033 3729 1378 3803 amplioribus
1403 3727 1553 3782 novis
1567 3721 1914 3789 aediﬁcandis,

327 3813 651 3889 etontnibus
679 3829 787 3885 suis
811 3826 1071 3883 fructibus
1112 3819 1426 3892 colligendis
1446 3825 1501 3873 et
1528 3813 1908 3881 recondendis,

329 3940 433 3981 non
472 3922 661 3979 alienis
701 3914 1143 3989 concupiscendis
1188 3921 1350 3983 atque
1406 3906 1711 3978 rapiendis;
1737 3906 1812 3959 ait
1840 3903 1919 3959 illi

335 4017 495 4082 Deus,
522 4013 693 4071 Stulte
712 4028 731 4067 :
759 4011 847 4089 ubi
879 4008 973 4065 tibi
1002 4006 1216 4078 sapiens
1243 4002 1462 4067 videris,
1480 3999 1549 4055 ibi
1572 3997 1749 4052 stulte.
1774 3994 1921 4051 Stul-

333 4115 399 4172 te,
422 4106 614 4177 inquit,
643 4104 739 4158 Itac
765 4087 911 4157 nocte
948 4108 1178 4170 repetunt
1205 4112 1235 4148 a
1257 4103 1303 4148 te
1321 4094 1546 4148 animum
1595 4098 1774 4152 tuam;
1800 4087 1908 4141 hinc

331 4213 440 4268 quae
490 4194 791 4268 properasti
831 4192 978 4264 cujus
1027 4198 1170 4245 erunt
1199 4189 1222 4258 (
1249 4185 1378 4240 Luc.
1426 4198 1521 4248 xu,
1574 4177 1822 4247 1620)?
1860 4177 1917 4233 Si

332 4291 647 4352 servaveris,
677 4295 765 4340 tua
793 4298 902 4339 non
926 4288 1083 4337 erunt
1116 4297 1130 4335 :
1158 4280 1203 4333 si
1251 4273 1585 4346 eregaveris,
1620 4279 1707 4324 tua
1737 4277 1914 4324 erunt.

333 4378 492 4447 Quid,
528 4377 718 4448 inquit,
778 4373 1012 4445 reponis,
1060 4368 1203 4442 quod
1229 4367 1510 4423 relicturus
1538 4362 1642 4418 es?
1674 4360 1812 4415 Ecce
1838 4360 1921 4414 in-

337 4477 694 4539 crepatus‘est
721 4466 917 4523 stultus
941 4463 1082 4519 male
1102 4459 1422 4517 recondens.
1453 4455 1509 4513 Si
1524 4454 1719 4511 stultus
1738 4452 1920 4523 estqui

338 4561 576 4620 recondit
599 4573 829 4627 sua,vos
853 4556 1089 4613 invenite
1112 4564 1308 4609 nomen
1334 4549 1393 4607 ei’
1414 4548 1505 4618 qui
1547 4546 1689 4602 tollit
1719 4545 1914 4600 aliena.

343 4654 400 4710 Si
422 4651 670 4709 sordidus
698 4657 782 4706 est
820 4645 1126 4704 reconditor
1166 4656 1408 4705 suorum,
1432 4637 1708 4694 ulcerosus
1731 4644 1814 4691 est
1837 4649 1924 4689 ra-

349 4753 467 4814 ptor
478 4742 796 4798 alienorum.
816 4737 922 4795 Sed
938 4751 1042 4792 non
1057 4722 1232 4806 qdalis
1256 4732 1346 4786 ille
1356 4730 1650 4791 ulcerosus,
1673 4725 1764 4797 qui
1776 4724 1925 4795 jace-

346 4838 435 4891 hat
448 4844 574 4892 ante
588 4834 813 4915 januam
829 4831 1029 4896 divitis,
1044 4837 1099 4886 et
1113 4825 1265 4898 cujus
1278 4837 1444 4881 canes
1456 4820 1765 4893 linguebant
1778 4820 1926 4877 ulce-

344 4943 419 4982 ra.
468 4927 567 4983 Ille
605 4925 754 4981 enim
795 4924 1076 4979 ulcerosus
1118 4927 1238 4977 erat
1284 4917 1341 4972 in
1380 4918 1606 4985 carpere
1642 4929 1659 4980 ;
1705 4920 1923 4984 raptor,

341 5018 397 5073 in
419 5016 585 5074 corde
602 5018 648 5071 ⁸.
961 5080 980 5090 η
1178 5082 1181 5083 ν

409 5105 640 5166 CAPUT
659 5104 751 5164 ili.
783 5134 855 5148 ——
874 5104 930 5161 3.
960 5080 1110 5157 Dives
1147 5082 1266 5172 quia
1290 5093 1663 5165 inmisericors,
1696 5078 1923 5165 punitur.

347 5200 612 5257 Fortassis
657 5194 849 5270 aliquis
893 5192 1250 5265 respondeat,
1294 5198 1350 5245 et
1395 5186 1575 5268 dicat:
1607 5184 1724 5241 Non
1749 5183 1928 5270 valde

348 5304 533 5361 magna
560 5302 716 5360 perna
742 5261 860 5342 erat
888 5282 965 5340 illi
988 5261 1196 5338 homini
1216 5276 1344 5347 ,'cui
1368 5261 1707 5341 dixit'Deus,
1738 5268 1925 5329 Stulte.

349 5380 464 5437 Non
486 5381 566 5438 sic
593 5379 723 5437 dicit
742 5379 908 5443 Deus,
927 5375 1111 5438 Stulte.
1136 5369 1405 5444 quomodo
1430 5367 1594 5424 homo
1617 5364 1767 5422 dicit.
1797 5364 1929 5419 Tale

351 5474 404 5528 in
430 5484 755 5545 quamquam
798 5469 893 5525 Dei
935 5466 1184 5530 verbum,
1220 5461 1478 5534 judicium
1518 5466 1620 5514 est.
1660 5454 1928 5526 Numquid

408 5604 1319 5661 ‘sicmar.etuss.ltttm.,quc.
1616 5634 1623 5657 λ

396 5660 583 5739 fuit”
607 5677 699 5715 non
722 5670 887 5739 raptor
919 5661 970 5712 in
1000 5659 1178 5722 corde;
1202 5652 1562 5720 refragantibus
1592 5646 1858 5704 editisallis
1879 5653 1931 5698 et

347 5728 525 5789 aliquot
546 5725 899 5786 manuscriptis.

1690 230 1918 321 statuo
1953 223 2301 319 anan."

1972 383 2115 439 enim
2146 379 2290 437 Deus
2314 379 2487 436 stultis
2509 379 2729 437 daturus
2749 389 2832 438 cst
2855 394 3074 451 regnum
3103 358 3404 439 celerrimi
3426 383 3555 452 Qui—

1973 472 2072 529 bus
2100 480 2275 526 autem
2299 485 2404 526 non
2424 480 2507 526 est
2534 470 2753 527 daturus
2772 486 2993 543 regnum
3014 472 3291 539 caelorum,
3320 473 3447 545 quid
3471 477 3557 533 eis

1975 570 2175 628 restat,
2202 560 2301 616 nisi
2332 574 2484 629 ptena
2513 561 2917 631 gehenuarum?
2952 561 3241 633 Conjieere
3273 563 3373 620 hoe
3400 565 3556 622 vide-

1977 667 2136 708 mur:
2169 660 2353 722 aperte
2380 651 2482 707 hoc
2511 651 2893 723 manili-Stellae
2927 653 3219 709 videamus.
3246 654 3377 709 Nam
3399 664 3454 711 et
3473 657 3561 714 ille

1976 742 2157 809 dives,
2185 754 2308 798 ante
2333 743 2484 813 cujus
2518 742 2734 811 januam
2774 743 2987 818 jacebat
3017 746 3387 815 pauperrimus
3414 748 3559 802 nieo-

1956 840 2162 900 'rosus,
2197 844 2317 890 non”
2341 844 2424 891 est
2460 836 2631 891 dictus
2661 846 2842 904 raptor
2871 852 3048 891 rerum
3090 820 3403 891 alia-durum.
3431 836 3562 893 Erat

1956 929 2182 1000 quidam
2210 929 2346 983 dives
2364 969 2380 995 ,
2405 928 2601 998 inquit,
2623 930 2706 996 qui
2727 928 3024 982 induebatur
3050 946 3282 1000 purpura
3310 939 3357 983 et
3380 930 3559 1000 bysso,

1980 1029 2028 1074 et
2065 1019 2364 1090 epulabatur
2401 1020 2624 1090 quotidie
2657 1019 2937 1090 splendide.
2984 1019 3161 1083 Dives,
3194 1021 3392 1091 inquit,
3418 1031 3563 1077 erat:

1981 1128 2087 1168 non
2131 1110 2294 1189 dixit,
2328 1109 2720 1187 Calumniator;
2769 1110 2873 1166 non
2917 1111 3049 1166 dixit
3068 1144 3092 1177 ,-
3116 1108 3413 1183 Pau‘perum
3463 1129 3564 1185 ep-

1981 1218 2227 1275 pressor;
2273 1219 2376 1257 non
2427 1202 2585 1265 dixit,
2636 1201 2832 1258 Rerum
2880 1203 3170 1257 alienarum
3221 1210 3422 1273 raptor,
3470 1214 3563 1260 aut

1984 1293 2212 1361 delator,
2261 1303 2354 1348 aut
2403 1303 2680 1364 receptor;
2717 1309 2818 1349 nou
2868 1292 3033 1357 dixit,
3062 1293 3387 1359 Pupillurum
3440 1308 3565 1362 spo-

1985 1383 2175 1450 liator;
2219 1400 2321 1439 non
2374 1382 2542 1450 dixit,
2574 1383 2863 1438 Viduarum
2915 1390 3252 1452 persmutor;
3286 1384 3414 1438 nihil
3464 1383 3567 1439 bn-

1986 1490 2103 1529 rum
2134 1492 2148 1529 :
2176 1473 2266 1528 sed
2291 1516 2306 1539 ,
2358 1474 2484 1527 Erat
2523 1468 2733 1543 quidam
2771 1474 2924 1529 dives.
2972 1457 3106 1542 Quid
3157 1488 3404 1545 magnum
3450 1476 3566 1531 est?

1988 1561 2148 1619 Dives
2172 1571 2287 1620 erat
2305 1605 2320 1629 ,
2352 1563 2417 1619 de
2438 1580 2534 1619 suo
2559 1564 2710 1619 dives
2733 1575 2862 1618 erat.
2892 1566 2986 1619 Cui
3008 1552 3202 1634 aliquid
3231 1565 3464 1620 tulerat?
3486 1569 3566 1621 Au

1990 1653 2125 1708 forte
2157 1655 2245 1710 ille
2274 1655 2505 1709 auferret
2528 1695 2543 1719 ,
2574 1664 2626 1708 et
2667 1654 2923 1708 Dominus
2962 1654 3029 1709 de
3079 1654 3183 1710 ilio-
3206 1657 3487 1723 reticeret,
3515 1666 3571 1711 et

1993 1759 2273 1813 personam
2296 1745 2409 1814 ejus
2432 1746 2724 1812 acciperet,
2750 1745 2791 1797 si
2813 1744 3170 1813 crimiua‘ejus
3198 1742 3569 1811 abswuderct,

1995 1837 2083 1906 qui
2117 1837 2268 1890 nobis
2313 1836 2469 1899 dicit,
2497 1835 2670 1888 Nolite
2712 1835 3042 1905 personaliter
3083 1835 3362 1906 judicare?
3389 1836 3447 1891 Si
3497 1836 3575 1891 vis

1994 1941 2121 1996 ergo
2152 1927 2334 1982 audire
2373 1928 2574 1982 crimen
2615 1924 2792 1980 divitis
2822 1926 2990 1990 illius,
3020 1926 3128 1980 noli
3169 1926 3396 1996 amplius
3427 1941 3574 1995 qua:-

1995 2028 2148 2082 rcrc,
2177 2032 2333 2086 quam
2360 2016 2511 2070 audis
2551 2031 2581 2070 a
2625 2016 2881 2070 Vcritate.
2918 2014 3066 2069 Dives
3109 2026 3254 2082 erat;
3281 2016 3580 2071 induebatur

1956 2122 1959 2127 ‘
1997 2124 2222 2180 purpura
2241 2118 2288 2161 et
2310 2109 2475 2177 bysso,
2499 2117 2545 2160 et
2565 2104 2865 2176 epulabatur
2883 2106 3103 2175 quotidie
3123 2106 3404 2175 splendide.
3418 2105 3578 2174 Quod

1998 2213 2124 2267 ergo
2152 2197 2266 2265 ejus
2304 2196 2540 2250 crimen?
2568 2195 2760 2271 lucens
2785 2205 2910 2249 ante
2944 2195 3162 2263 januam
3186 2192 3501 2262 ulcerosus,
3526 2204 3582 2251 et

2000 2302 2106 2341 non
2129 2280 2357 2356 adjutus.
2377 2285 2488 2341 Hoc
2513 2285 2654 2339 etaim
2675 2285 2859 2355 aperte
2882 2284 2950 2340 de
2975 2284 3066 2339 illo
3082 2284 3282 2340 dictum
3306 2293 3411 2351 est,
3437 2283 3582 2355 quod

2001 2376 2380 2431 immisericors
2427 2382 2559 2429 erat.
2617 2374 2885 2443 Numquid
2932 2374 3111 2439 enim,
3159 2373 3489 2438 cbarissimi.
3534 2372 3582 2428 si

2003 2481 2202 2537 pauper
2226 2466 2314 2521 ille
2340 2475 2469 2521 ante
2487 2466 2706 2536 januam
2727 2463 3294 2533 jacemsulﬁ'cientem
3326 2465 3520 2534 pineus
3549 2478 3581 2519 a

2002 2558 2167 2614 divite
2191 2551 2484 2629 acciperet,
2513 2557 2779 2612 diceretur
2806 2555 2873 2610 de
2903 2555 2997 2611 illo
3025 2556 3145 2624 quia
3182 2555 3414 2626 cupiebat
3440 2566 3585 2611 sutu-

2004 2650 2110 2705 rari
2137 2649 2199 2702 de
2223 2649 2364 2703 micis
2406 2662 2520 2720 qua:
2560 2646 2802 2700 cadebant
2835 2643 2899 2699 de
2933 2658 3107 2701 mensa
3134 2643 3341 2699 diuitis!
3368 2645 3588 2715 Propter

2007 2743 2145 2798 hanc
2172 2742 2340 2796 solum
2381 2739 2818 2794 inhuiuanitatem
2842 2738 2886 2804 ι,
2916 2743 3018 2807 qua
3046 2735 3420 2792 contemnebat
3456 2752 3589 2809 pau-

2010 2849 2190 2905 perem
2218 2840 2341 2886 ante
2377 2828 2588 2902 januam
2614 2840 2763 2884 Suam
2787 2828 3054 2899 iacentem
3076 2838 3220 2899 {nec
3241 2842 3481 2898 congrue
3504 2828 3590 2885 di-

2004 2930 2215 2996 'gneque
2264 2922 2538 2993 pascebat,
2569 2929 2808 2975 mortuus
2850 2928 2932 2974 est
2960 2926 3030 2973 et
3074 2918 3430 2988 sepultus;~et
3468 2933 3592 2975 cum

2011 3014 2150 3085 apud
2184 3013 2382 3069 inferos
2411 3013 2464 3067 in
2491 3012 2771 3068 tormentis
2791 3018 2933 3065 esset
2950 3048 2968 3075 ,
2997 3007 3191 3064 levavit
3217 3008 3404 3063 oculos
3429 3023 3557 3066 suos
3574 3041 3597 3074 ,-

2011 3117 2067 3162 et
2093 3106 2223 3161 vidit
2247 3119 2532 3176 pauperem
2565 3103 2623 3157 in
2643 3102 2778 3157 .sinu
2819 3094 3067 3156 Abrahae.
3099 3099 3166 3154 Et
3200 3097 3325 3170 quid
3358 3099 3598 3169 pluribus

2015 3198 2305 3256 immorer?
2334 3196 2664 3254 Desideravit
2682 3203 2882 3266 guttam
2902 3235 2918 3257 ,
2947 3193 3036 3264 qui
3059 3209 3163 3249 non
3190 3194 3337 3248 dedit
3359 3192 3549 3249 micant
3576 3211 3593 3250 :

2017 3308 2121 3347 non
2164 3291 2369 3358 accepit
2406 3290 2549 3358 justa
2590 3285 2852 3341 sententia
2883 3286 2926 3351 ³,
2957 3284 3047 3354 qui
3080 3300 3185 3339 nou
3206 3283 3354 3338 dedit
3395 3282 3599 3339 crudeli

2016 3384 2235 3438 avaritia
2259 3382 2407 3454 (Luc.
2434 3396 2543 3445 xvi,
2571 3378 2779 3450 19-26).
2806 3377 2864 3432 Si
2887 3377 3000 3431 haec
3026 3384 3165 3445 ergo
3179 3385 3337 3445 pinna
3363 3383 3449 3430 est
3470 3389 3599 3430 sva-

2018 3492 2197 3531 rerum
2218 3517 2232 3538 ,
2258 3488 2376 3542 quae
2409 3485 2563 3540 paena
2586 3478 2856 3537 raptorum
2878 3467 2909 3519 τα

2089 3564 2314 3620 CAPUT
2337 3562 2423 3616 IV.
2448 3592 2520 3601 —-
2555 3560 2609 3616 4.
2630 3557 2877 3629 'Raptort's
2899 3557 3225 3628 elemosyna:
3250 3555 3361 3612 Deo
3391 3573 3493 3613 non
3512 3572 3605 3612 se-

2020 3666 2194 3728 ceptaz.
2240 3652 2348 3709 Sed
2394 3652 2470 3707 ait
2506 3651 2634 3706 mihi
2691 3658 2874 3719 raptor
2913 3662 3091 3704 rerum
3128 3645 3606 3719 alicnarumzﬂgo

2020 3747 2210 3804 similis
2234 3744 2374 3800 illius
2400 3742 2579 3798 divitis
2604 3756 2711 3796 non
2735 3754 2874 3795 sum.
2901 3740 3109 3808 Agapes
3134 3737 3272 3793 facio
3289 3779 3305 3805 ,
3333 3738 3527 3794 vinctis
3547 3738 3604 3794 in

2021 3851 2238 3896 carcere
2263 3836 2455 3891 vietum
2478 3833 2658 3893 mitto.
2681 3831 2852 3886 nudos
2870 3830 3039 3885 vestio
3055 3869 3071 3895 ,
3086 3829 3407 3900 peregrinos
3431 3829 3607 3885 σηπίη

2022 3935 2131 4005 pio.
2160 3933 2302 3987 Dare
2343 3939 2397 3985 te
2439 3928 2629 3999 putas?
2653 3918 2862 3983 Tollere
2891 3916 2999 3980 noli
3019 3965 3035 3990 ,
3064 3934 3119 3980 et
3140 3922 3351 3979 dedisti.
3378 3921 3473 3979 Cui
3511 3922 3607 3978 de-

2022 4026 2200 4091 deris,
2228 4022 2449 4096 gaudet;
2479 4021 2564 4077 cui
2598 4018 2882 4074 abstuli-ris
2900 4059 2916 4084 ,
2945 4017 3117 4087 plorat
3139 4032 3156 4073 :
3180 4030 3347 4086 quem
3376 4015 3606 4070 duorum

2025 4118 2247 4175 istorum
2283 4113 2625 4170 exauditurus
2652 4119 2736 4166 est
2763 4106 3020 4165 Dominus
3037 4108 3063 4162 ν
3091 4102 3233 4162 Dicis
3256 4105 3306 4161 ei
3332 4106 3418 4162 cui
3442 4105 3607 4161 dede.

2024 4209 2137 4264 ris:
2165 4206 2374 4263 Gratias
2417 4218 2516 4274 age
2552 4202 2673 4273 quia
2702 4198 2972 4269 accepisti.
2998 4196 3102 4254 Sed
3132 4196 3268 4252 alter
3297 4196 3387 4251 tibi
3413 4211 3480 4252 es
3504 4196 3610 4251 alia

2026 4306 2178 4370 parte
2205 4295 2329 4352 dicit
2359 4312 2374 4348 :
2404 4293 2517 4365 Ego
2558 4304 2716 4363 gemo
2739 4276 2841 4346 cui
2868 4281 3150 4344 abstulisti.
3180 4286 3251 4342 Et
3429 4294 3611 4343 totum

2028 4390 2276 4455 tenuisti,
2304 4396 2357 4444 et
2393 4388 2640 4456 exiguum
2670 4382 2746 4439 illi
2788 4381 3001 4438 dedisti.
3030 4372 3093 4437 Si’
3116 4388 3245 4451 age
3284 4378 3425 4450 quod
3453 4376 3609 4434 alter;

2027 4481 2288 4541 abstulisti
2332 4476 2608 4551 egentibus
2635 4476 3038 4540 dedisses,‘nec
3079 4472 3208 4527 talia
3237 4486 3400 4543 opera
3441 4469 3615 4543 diligit

2029 4564 2190 4632 Deus:
2222 4573 2358 4628 Dicit
2386 4570 2480 4626 tibi
2503 4570 2642 4625 Deus
2665 4587 2681 4625 :
2705 4567 2880 4624 Stulte
2898 4607 2914 4635 ,
2941 4566 3076 4637 jussi
3103 4564 3364 4629 ut‘dares,
3385 4562 3615 4620 manu

2028 4670 2097 4728 de
2130 4670 2334 4728 'alie‘no.
2362 4666 2421 4724 Si
2448 4665 2640 4728 habes,
2671 4662 2738 4719 da
2762 4661 2836 4718 de
2866 4669 2995 4716 tuo:
3021 4659 3067 4716 si
3108 4673 3218 4715 non
3260 4658 3430 4715 babes
3471 4654 3616 4727 quod

2028 4763 2126 4821 des
2150 4762 2219 4818 de
2242 4773 2331 4817 tuo
2349 4801 2365 4829 ,
2394 4754 2587 4813 melius
2615 4752 2745 4809 nulli
2787 4751 2970 4816 dabis,
3000 4758 3159 4820 uuam
3186 4748 3385 4803 alteros
3418 4745 3614 4815 spolia—

2028 4844 2135 4910 bis.
2178 4852 2425 4922 Dicturus
2453 4854 2537 4903 est
2560 4845 2817 4901 Dominus
2858 4837 3140 4905 Christus,
3160 4851 3291 4892 cum
3333 4836 3389 4890 iu
3411 4832 3619 4904 judicio

2031 4949 2142 5001 suo'
2159 4940 2380 5007 sederit,
2405 4947 2461 4994 et
2482 4936 2616 4993 alios
2634 4938 2699 4989 ad
2721 4933 2994 4988 dexteram
3008 4926 3455 4984 'et'ad’sinistram
3478 4924 3616 4980 alios

2032 5020 2357 5106 separaverit
2377 5071 2394 5094 ,
2426 5027 2563 5107 bone
2586 5021 2931 5107 Operatttibus
2950 5035 2970 5073 :
3001 5017 3175 5073 Venite
3191 5057 3209 5083 ,
3235 5015 3476 5072 benedicti
3500 5012 3613 5070 Ps-

2035 5104 2126 5182 tris
2154 5123 2288 5190 nisi,”
2317 5104 2558 5191 percipit:
2576 5104 2782 5188 regnant
2801 5128 2821 5180 ;
2840 5109 3124 5168 sterilibus
3138 5112 3339 5170 autem,
3365 5106 3455 5178 qui
3482 5105 3615 5162 nihil

2032 5216 2158 5274 boni
2185 5216 2238 5272 in
2263 5206 2533 5286 pauperes
2551 5206 2753 5279 operati
2781 5211 2941 5260 sunt:
2966 5201 3050 5256 Ite
3072 5201 3127 5256 in
3153 5200 3322 5271 igneus
3344 5204 3610 5254 clauum.

2033 5298 2251 5383 Etiquae
2276 5304 2515 5364 dicturus
2541 5308 2627 5359 est
2666 5296 2857 5357 bonis?
2884 5294 3083 5351 Esurio!
3125 5293 3292 5358 enim,
3318 5299 3367 5345 et
3404 5289 3613 5345 dedistis

2034 5381 2167 5461 mihi
2186 5399 2538 5464 manducare,
2569 5402 2625 5451 et
2671 5398 2883 5448 caetera.
2929 5387 2999 5445 Ει
3049 5383 3451 5456 respondebunt
3495 5381 3612 5437 illi:

2036 5495 2275 5561 Domine,
2302 5488 2506 5564 quando
2529 5495 2578 5543 te
2593 5484 2809 5540 uidimus
2831 5480 3124 5537 esto-tentent
3141 5476 3169 5532 l
3189 5476 3253 5531 Et
3268 5475 3366 5531 illo
3392 5473 3460 5530 ad
3477 5486 3575 5530 eos
3596 5489 3615 5529 t

2099 5608 2859 5690 immaniinmanu.
2921 5676 2934 5688 ,

2100 5695 2119 5726 ι
2142 5669 2345 5742 13E.
2361 5669 3149 5743 ’ἑῖώῖζῖκοιύιεαειέτρῖῌιιειωπ
3166 5669 3465 5735 suum
3489 5678 3593 5720 etc.
