3886 6188
460 303 563 361 967

455 412 752 483 quendam?
781 411 917 466 Ecce
956 406 1185 464 studium
1228 412 1461 461 vestrum
1501 419 1599 460 nos
1640 419 1747 459 non
1776 403 2036 476 permittit

460 509 613 564 istam
642 519 855 562 servare
883 502 1224 558 sententiam.
1258 499 1473 554 Debetis
1500 512 1629 568 ergo
1657 510 1834 562 orare,
1863 495 2038 550 suble-

462 615 606 664 vare,
639 610 794 666 quem
824 593 1013 662 cogitis
1051 589 1360 661 periclitari.
1404 586 1779 642 Verumtamen
1799 625 1816 653 ,
1847 582 2039 638 fratres

459 689 584 747 mei.
611 687 784 742 dicam
829 683 998 746 vobis,
1045 681 1187 752 quod
1230 679 1350 734 volo
1392 677 1656 742 credatis;
1703 675 1824 746 quia
1855 672 2037 729 hocin

456 780 617 835 corde
659 794 779 832 meo
821 791 927 832 non
972 773 1185 828 videtis.
1229 773 1338 841 Ego
1379 770 1467 840 qui
1507 769 1659 822 vobis
1702 766 1915 823 assidue
1960 765 2040 820 lo-

457 886 612 940 quor,
664 868 885 938 jubente
939 865 1134 920 domno
1188 871 1242 917 et
1285 861 1446 915 fratre
1489 875 1609 914 meo
1652 859 1901 928 episcopo
1943 865 2035 909 ve-

456 970 568 1015 stro
592 959 692 1030 (a),
725 968 778 1014 et
802 956 1134 1026 exigentibus
1159 953 1329 1018 vobis,
1371 959 1499 1005 tunc
1536 949 1762 1004 solidum
1807 947 2035 1017 gaudeo,

457 1051 586 1105 dum
611 1049 789 1103 audio.
836 1047 1118 1109 Gaudium,
1153 1044 1386 1113 inquam,
1417 1055 1594 1096 meum
1645 1048 1768 1092 tunc
1807 1035 2038 1091 solidum

458 1152 562 1208 est,
594 1139 806 1212 quando
835 1138 1011 1199 audio,
1041 1150 1144 1188 non
1175 1132 1388 1202 quando
1417 1129 1666 1200 praedico.
1711 1127 1859 1180 Tunc
1895 1125 2036 1179 enim

458 1248 679 1289 securus
707 1227 1234 1296 delector.Voluptas
1262 1225 1349 1278 illa
1371 1237 1474 1276 non
1502 1221 1659 1274 habet
1688 1213 2035 1272 inflationem.

464 1324 578 1377 Non
612 1321 682 1375 ibi
711 1321 1022 1374 formidatur
1049 1315 1394 1388 prmeipitium
1423 1312 1688 1377 elationis,
1721 1309 1808 1364 ubi
1835 1315 1918 1362 est
1942 1322 2038 1377 pe-

465 1425 542 1470 tra
571 1414 752 1469 solida:
775 1411 1031 1468 veritatis.
1070 1410 1132 1462 Et
1158 1416 1214 1460 ut
1243 1405 1423 1459 sciatis
1452 1404 1520 1456 ita
1549 1416 1687 1465 esse,
1734 1399 1910 1454 audite
1948 1397 2037 1452 ubi

463 1507 659 1561 dictum
688 1514 790 1570 est,
812 1501 1020 1555 Auditui
1045 1514 1153 1552 meo
1171 1497 1313 1550 dabis
1329 1493 1710 1548 exsultationem
1725 1500 1770 1544 et
1792 1489 2036 1543 hetitiam.

467 1595 539 1650 lbi
570 1567 795 1663 gaudeo,
829 1592 913 1644 ubi
945 1589 1122 1642 audio.
1158 1584 1356 1639 Deinde
1387 1591 1597 1636 secutus
1621 1578 1884 1647 adjun'xit,
1925 1567 2037 1630 Ex-

462 1689 720 1740 sultabuut
752 1701 865 1737 ossa
895 1681 1158 1734 humiliata
1190 1674 1361 1747 (Psal.
1400 1690 1451 1737 L,
1496 1671 1618 1740 10).
1658 1669 1758 1725 Ubi
1799 1668 2040 1724 audimus

464 1795 612 1845 ergo,
643 1775 867 1829 humiles
894 1786 1075 1826 sumus
1106 1788 1118 1822 :
1148 1769 1235 1822 ubi
1273 1775 1447 1820 autem
1480 1761 1852 1833 prtrdicamus,
1895 1766 1948 1813 et
1993 1758 2039 1812 si

464 1885 568 1922 non
601 1868 828 1921 elatione
857 1864 1235 1932 periclitamur,
1270 1867 1414 1912 certe
1441 1856 1527 1908 vel
1557 1855 1842 1907 frenamur.
1889 1850 1956 1904 Et
1993 1849 2038 1904 si

467 1976 570 2011 non
602 1956 845 2020 extollar,
885 1953 1153 2023 periclitor
1178 1965 1244 2004 ne
1271 1947 1514 2003 extollar.
1537 1942 1638 2000 Ubi
1660 1951 1834 1996 autem
1860 1940 2036 2007 audio,

465 2050 579 2102 sine
605 2046 906 2100 l'raudutore
933 2042 1095 2106 fruor,
1123 2041 1238 2095 sine
1260 2047 1394 2093 teste
1417 2035 1672 2090 delector.
1691 2031 1923 2087 Noverat
1942 2031 2042 2086 hoc

464 2139 712 2210 gaudium
743 2139 900 2193 etiant
929 2136 1133 2190 amicus
1158 2133 1250 2188 ille
1279 2131 1494 2200 sponsi,
1533 2128 1625 2198 qui
1662 2127 1906 2181 dicebat:
1943 2125 2043 2192 Qui
2090 2155 2094 2158 -

464 2232 609 2285 habet
637 2245 898 2299 sponsam,
929 2243 1142 2297 sponsus
1169 2233 1242 2278 est
1270 2238 1288 2277 :
1311 2222 1504 2275 anticus
1532 2227 1698 2273 autem
1723 2217 1896 2288 sponsi
1919 2225 2038 2283 stat,

463 2332 508 2375 et
536 2322 676 2374 audit
704 2337 834 2374 etim.
868 2319 937 2373 Et
965 2317 1086 2372 ideo
1130 2323 1254 2377 stat,
1303 2313 1424 2382 quia
1454 2309 1602 2364 audit
1629 2323 1775 2364 eum.
1815 2306 1948 2374 Quia
1987 2314 2044 2361 et

466 2415 671 2483 primus
701 2411 862 2466 homo
899 2406 1164 2463 audiendo
1208 2405 1375 2460 Deum
1405 2401 1573 2466 stetit,
1617 2397 1878 2454 audiendo
1923 2411 2042 2451 ser-
2087 2413 2092 2416 ·

465 2513 678 2571 pontem
706 2499 918 2554 cecidit.
942 2496 1086 2566 Ergo
1101 2495 1294 2547 amicus
1315 2493 1490 2561 sponsi
1509 2499 1628 2552 stat,
1652 2498 1700 2542 et
1727 2487 1867 2540 audit
1892 2503 2006 2540 eum
2023 2501 2044 2541 :

471 2603 518 2646 et
545 2591 750 2663 gaudio,
787 2589 975 2658 inquit,
1021 2585 1204 2657 gaudet
1235 2592 1438 2652 propter
1457 2596 1621 2634 vocent
1648 2579 1818 2649 sponsi
1847 2578 1866 2648 (
1883 2577 2040 2632 Joan.

467 2699 543 2747 tn,
573 2682 643 2737 29
663 2681 704 2752 ).
733 2679 848 2735 Non
879 2686 1094 2748 propter
1120 2689 1302 2728 vocem
1330 2687 1510 2734 suam,
1552 2670 1646 2725 sed
1692 2678 1908 2740 propter
1949 2685 2046 2724 voc

466 2793 583 2830 cent
613 2773 815 2844 sponsi.
845 2772 1039 2827 Vocem
1084 2777 1258 2823 tamen
1289 2767 1468 2836 sponsi
1505 2779 1662 2835 quam
1696 2763 1836 2818 intus
1863 2760 2044 2817 audie-

468 2870 576 2935 bat,
610 2868 750 2922 foras
779 2864 987 2934 populis
1014 2876 1117 2916 non
1145 2858 1442 2914 claudebat.
1635 2849 1638 2852 ’
1963 2845 1966 2850 ’

535 2957 762 3015 CAPUT
802 2955 888 3009 Ill.
926 2983 1002 2996 ——
1037 2954 1089 3008 ὅ.
1131 2948 1315 3006 Maria:
1350 2960 1398 3002 et
1435 2945 1653 3001 Marthae
1689 2944 1869 3014 ofﬁcia.
1909 2941 2044 2999 Pars

474 3051 691 3104 Mart/ue
719 3048 868 3102 bona.
901 3042 1278 3112 Hospitalitatis
1305 3040 1509 3093 bonum.
1539 3037 1687 3091 lianc
1716 3044 1919 3106 partem
1943 3033 2044 3091 sibi

470 3144 706 3213 elegerat
730 3141 890 3194 etiam
922 3137 1006 3190 illa
1035 3133 1230 3198 Maria,
1276 3145 1394 3200 quae
1431 3129 1765 3186 ministrante
1809 3134 1864 3181 et
1903 3126 2043 3181 circa

471 3235 694 3289 multum
727 3226 1080 3296 ministerium
1105 3231 1362 3292 occupata
1388 3234 1571 3276 sorore
1596 3233 1711 3284 sua,
1739 3216 1955 3272 sedebat
1977 3216 2044 3270 ad

469 3325 632 3396 pedes
660 3321 887 3385 Domini,
913 3329 967 3374 et
994 3317 1165 3394 otiosa
1194 3313 1411 3368 verbum
1437 3309 1553 3380 ejus
1586 3306 1851 3362 audiebat.
1879 3304 2044 3360 Joan-

472 3395 568 3470 nes
593 3413 788 3478 stabat,
820 3410 905 3466 illa
935 3406 1155 3463 sedebat
1181 3423 1194 3459 :
1227 3402 1320 3458 sed
1351 3403 1437 3483 illa
1467 3398 1626 3455 corde
1655 3395 1849 3463 stabat,
1877 3405 1929 3451 et
1957 3396 2046 3450 ille
2104 3410 2108 3416 ’

471 3507 768 3570 humilitate
811 3501 1049 3557 sedebat.
1099 3496 1268 3552 Statio
1313 3493 1453 3549 enim
1493 3491 1756 3560 significat
1801 3504 2047 3560 perman-

466 3599 672 3654 sionem
697 3613 712 3660 ;
741 3594 929 3656 sessio,
963 3589 1335 3644 humilitatem.
1365 3585 1429 3640 Et
1455 3591 1512 3637 ut
1537 3583 1718 3638 sciatis
1741 3581 1863 3652 quia
1889 3580 2046 3634 statio

474 3690 900 3762 permansionem
930 3682 1212 3755 significat,
1242 3680 1378 3733 hanc
1408 3675 1831 3744 permansionem
1857 3671 2048 3727 dicitur

473 3784 718 3839 diabolus
743 3797 848 3835 non
876 3777 1154 3838 habuisse;
1177 3773 1245 3827 de
1270 3785 1374 3840 quo
1397 3768 1596 3822 dictum
1621 3774 1702 3820 est
1725 3783 1738 3817 :
1763 3763 1862 3818 Ille
1887 3763 2048 3817 horni-

473 3875 587 3930 cida
615 3883 720 3928 erat
745 3873 808 3925 ab
835 3870 998 3933 iuitio,
1029 3873 1077 3920 et
1105 3864 1157 3917 in
1183 3862 1387 3917 ueritate
1411 3874 1512 3912 non
1548 3856 1677 3912 stetit
1714 3853 1904 3928 (Joan.
1929 3867 2045 3917 vm,

471 3969 541 4022 44
567 3975 604 4035 >.
628 3963 754 4019 Item
782 3961 904 4031 quia
929 3957 1098 4012 sessio
1123 3951 1383 4024 significat
1403 3933 1774 4012 humilitatem,
1799 3945 1884 3998 ille
1911 3942 2049 4035 psal-

475 4027 592 4114 mus
619 4027 872 4116 ostendit,
918 4049 1006 4103 ubi
1051 4036 1311 4100 admonet
1332 4040 1400 4096 de
1427 4036 1758 4110 ptenitentia,
1787 4043 1842 4089 et
1873 4027 2002 4088 dicit
2028 4049 2043 4086 :

473 4149 679 4218 Surgite
706 4153 968 4216 postquam
991 4137 1206 4199 sedistis,
1235 4134 1319 4204 qui
1351 4128 1666 4186 manducatis
1693 4141 1871 4196 partem
1905 4122 2048 4176 dolo-

475 4241 544 4296 ris
569 4214 739 4310 (—Ps‘ul.
765 4214 947 4296 CXXVI,
977 4228 1057 4301 Ξ).
1086 4224 1222 4295 Quid
1248 4233 1351 4288 est,
1397 4219 1603 4290 Surgite
1633 4224 1892 4287 postquam
1918 4214 2049 4266 sedi-

473 4304 602 4388 stis?
631 4329 730 4396 Qui
754 4343 808 4382 se
834 4324 1086 4394 humiliat,
1117 4316 1419 4374 multabitur
1450 4310 1597 4382 (Luc.
1627 4324 1738 4375 xw,
1771 4306 1880 4376 tl).
1910 4304 2048 4373 Quid

472 4434 648 4480 autem
679 4417 804 4474 boni
833 4414 1026 4471 habeat
1057 4408 1278 4472 auditio,
1321 4407 1434 4474 ipse
1472 4401 1728 4457 Dominus
1766 4396 1914 4452 testis
1942 4402 2046 4463 est,

472 4517 694 4584 loquens
717 4509 786 4565 de
823 4505 984 4562 Maria
1015 4517 1134 4572 qua:
1160 4496 1378 4552 sedebat
1401 4492 1467 4547 ad
1499 4490 1660 4560 pedes
1689 4487 1823 4556 ejus,
1853 4495 1906 4541 et
1929 4489 2070 4540 ver--

474 4575 600 4663 bum
630 4604 746 4674 ejus
772 4596 1040 4658 audiebat.
1070 4593 1202 4646 Cum
1233 4587 1374 4642 enim
1410 4599 1564 4638 soror
1605 4581 1720 4648 ejus
1756 4575 2050 4645 occupatis-

469 4700 604 4756 sima
633 4670 774 4754 circa
804 4686 1156 4746 ministerium
1175 4723 1191 4746 ,
1235 4695 1263 4733 a
1303 4688 1553 4748 germana
1581 4686 1675 4726 sua
1700 4670 1964 4724 desertam
1990 4681 2050 4722 se

469 4807 594 4848 esse
635 4792 987 4860 quereretur,
1039 4776 1108 4831 ab
1153 4768 1485 4840 interpellate
1532 4764 1758 4820 Domino
1798 4759 2046 4815 audivit:

474 4882 706 4944 Martha,
732 4872 961 4938 Martha,
991 4869 1126 4924 circa
1155 4863 1314 4917 multa
1333 4876 1384 4914 es
1413 4865 1684 4928 occupata;
1719 4868 1869 4922 porro
1896 4867 2052 4906 unum

471 4985 543 5030 est
567 4943 922 5027 necessarium.
947 4959 1115 5016 Maria
1137 4955 1393 5010 meliorem
1420 4957 1610 5019 partem
1629 4943 1794 5015 elegit,
1815 4951 1928 5013 quas
1951 4956 2052 4994 non

471 5067 732 5136 auferetur
753 5056 813 5112 ab
837 5072 898 5109 ea
925 5051 1034 5126 (Id.
1065 5065 1122 5111 ι,
1155 5043 1325 5100 ’5842
1345 5041 1384 5110 ).
1414 5033 1674 5108 Numquid
1714 5034 1908 5136 malum
1935 5039 2054 5086 erat

476 5122 619 5226 quod
648 5148 850 5207 Martha
871 5122 1095 5214 agebat?
1115 5137 1244 5204 Quis
1270 5139 1506 5187 nostrum
1534 5126 1662 5182 satis
1686 5122 1915 5194 explicet
1935 5135 2055 5176 ver-

478 5213 591 5312 bis,
635 5251 888 5314 quantum
914 5213 1007 5290 isit
1050 5232 1249 5286 bonum
1295 5219 1705 5293 hospitalitatem
1751 5213 2053 5269 ministrare

474 5303 716 5394 sanctis?
740 5333 794 5390 Si
827 5321 1144 5402 quibuslibet
1167 5316 1386 5379 sanctis,
1404 5320 1600 5383 quanto
1625 5307 1792 5378 magis
1814 5303 1973 5374 capiti
1999 5312 2054 5357 et

476 5427 756 5504 ιδτειιςῑνιιὶς
805 5396 1098 5480 membris,
1145 5410 1358 5467 Christo
1406 5411 1462 5459 et
1506 5397 1821 5502 Apostolis?
1868 5396 2054 5504 Nepae

477 5487 842 5590 unusquisque
881 5517 1117 5566 vestrum
1161 5501 1366 5558 habens
1404 5495 1509 5551 hoc
1550 5489 1924 5590 hospitalitatis
1952 5487 2053 5590 bo:

476 5577 863 5680 numqua-udo
891 5601 1039 5658 audit
1065 5595 1190 5668 quid
1221 5589 1422 5649 Martha
1453 5585 1708 5650 faciebat,
1748 5581 1877 5637 dicit
1913 5577 2051 5651 apud

535 5722 608 5780 (α)
629 5722 746 5768 uiae
765 5713 1009 5778 intelligas
1027 5717 1303 5760 sermonem
1323 5702 1536 5753 habitum
1555 5694 1856 5758 carthagine.

2129 4959 2345 5015 -transit
2384 4973 2400 5010 :
2444 4954 2538 5010 sed
2563 4992 2579 5018 ,

1679 282 1742 350 ’8.
1783 288 2148 348 AUGUSTI.“
2185 290 2477 350 EPISCOPI
3561 306 3647 366 ω

2146 419 2204 460 se
2232 406 2403 475 ipsum
2429 423 2442 459 :
2465 406 2519 461 ‘0
2549 405 2720 470 beata.
2749 421 2783 460 ο
2816 405 2961 473 felix,
2991 421 3109 476 qua
3133 409 3384 481 suscipere
3411 414 3648 478 Domitium

2144 501 2375 565 meruit;
2407 502 2558 569 cujus
2591 500 2829 570 hospites
2857 499 3092 570 Apostoli
3124 499 3240 557 facti
3275 514 3392 560 sunt
3415 508 3650 567 ambulas-

2143 599 2223 644 tes
2264 590 2315 644 in
2359 591 2556 645 carne!
2597 590 2703 645 Nec
2731 598 2788 646 tu
2831 591 3067 658 deﬁcias,
3097 594 3216 662 quia
3252 609 3349 648 non
3381 608 3516 664 potes
3536 603 3649 670 quod

2141 678 2364 743 Martha,
2387 680 2657 749 suscipere
2675 679 2944 736 Christum
2968 682 3021 734 in
3045 684 3250 736 dolium
3273 693 3403 738 tuam
3422 701 3526 740 cum
3545 692 3653 760 Apo-

2141 770 2291 825 stolis
2310 769 2420 824 suis
2446 787 2460 824 :
2492 770 2616 825 facit
2641 780 2694 826 te
2723 771 2835 841 ipse
2859 787 3102 826 securum
3132 791 3145 827 :
3179 773 3380 839 Quando
3406 777 3484 830 tuti
3502 795 3556 832 et
3576 780 3651 834 tui-

2141 861 2291 914 nimis
2319 861 2440 914 meis
2465 862 2671 932 fecistis,
2689 862 2822 916 mihi
2839 861 3025 932 fecistis
3045 862 3247 932 (Matth.
3274 879 3394 930 xxv,
3413 867 3514 936 ιθ).
3535 868 3650 939 Opas

2141 965 2270 1021 ergo
2295 966 2542 1026 magnum
2569 961 2670 1017 est,
2693 953 2850 1008 valde
2873 968 3138 1023 magnum,
3159 954 3294 1023 quod
3313 955 3531 1026 praecipit
3546 959 3651 1029 Δί»

2140 1046 2308 1100 stolus
2335 1046 2556 1101 dicens:
2591 1045 2986 1100 Necessitatibus
3019 1057 3297 1100 sanctorum
3329 1051 3645 1104 communien-

2143 1144 2234 1196 tes,
2258 1135 2647 1203 hospitalitatem
2665 1143 2909 1188 sectantes
2930 1135 3106 1204 (Rom.
3127 1150 3224 1196 xu,
3252 1135 3315 1190 I3
3330 1134 3369 1205 ).
3393 1136 3541 1204 Quam
3561 1139 3652 1194 las--

2140 1223 2276 1279 dans
2304 1226 2355 1278 in
2388 1215 2712 1296 Epistola‘ad
2743 1225 2994 1280 Hebraeos
3019 1224 3147 1278 dicit
3172 1242 3185 1278 :
3219 1223 3325 1278 Per
3346 1226 3466 1279 hanc
3488 1228 3652 1296 quidm

2141 1315 2433 1380 nescientes,
2462 1311 2680 1384 hospitio
2703 1306 2994 1383 receperunt
3019 1313 3234 1384 Angelos
3259 1311 3430 1383 (Hebr.
3456 1331 3553 1379 snt,
3576 1316 3650 1387 2).

2140 1403 2384 1474 Magnum
2412 1419 2543 1475 ergo
2569 1405 2920 1459 ministerium
2947 1445 2962 1472 ,
2991 1419 3237 1473 magnum
3275 1404 3474 1458 donum.
3510 1407 3566 1460 Et
3594 1417 3654 1460 tu-

2141 1511 2268 1551 men
2300 1490 2470 1550 Maria
2499 1495 2755 1549 meliorem
2782 1493 2974 1563 partem
2998 1495 3178 1565 elegit;
3208 1496 3326 1565 quia
3352 1511 3516 1550 somn:
3539 1497 3654 1551 solli-

2141 1587 2268 1652 cita,
2295 1587 2591 1670 laborante,
2621 1586 2785 1641 multa
2811 1596 3054 1650 curante,
3094 1585 3182 1639 illa
3211 1586 3434 1650 vacabat,
3459 1586 3652 1653 sedebat,

2140 1679 2406 1734 audiebat.

2211 1767 2437 1824 CAPUT
2476 1766 2562 1821 IV.
2585 1797 2654 1807 —
2677 1767 2731 1822 4.
2765 1765 2898 1820 Pars
2922 1764 3107 1820 Mariae
3127 1765 3317 1832 melior,
3351 1766 3457 1834 quia
3479 1781 3565 1818 non
3586 1781 3659 1818 ας

2143 1864 2320 1931 fertur.
2359 1858 2589 1914 Martha:
2621 1875 2748 1930 opus
2797 1858 3046 1927 aufertur,
3081 1873 3180 1911 non
3217 1872 3412 1910 merces.
3460 1853 3656 1910 Ostendit

2143 1961 2318 2007 tamen
2345 1952 2621 2016 Dominus,
2650 1951 2789 2005 unde
2817 1949 2976 2005 fuerit
3004 1949 3094 2003 illa
3122 1962 3244 2018 pars
3284 1947 3474 2004 melior.
3509 1946 3657 2001 Comi-

2145 2060 2251 2099 nuo
2276 2045 2468 2114 quippe
2505 2058 2626 2098 cum
2647 2042 2891 2106 dixisset,
2927 2040 3101 2096 Maris
3128 2040 3372 2093 meliorem
3395 2046 3561 2108 partem
3578 2037 3658 2093 ὡς

2142 2137 2216 2207 git
2238 2153 2256 2201 ;
2277 2135 2424 2206 quasi
2453 2150 2814 2205 qumrcremus
2835 2174 2851 2200 ,
2878 2141 2937 2187 ut
2959 2133 3105 2188 scire
3132 2132 3380 2186 vellemus
3413 2129 3535 2184 unde
3568 2141 3658 2184 ms-

2146 2219 2352 2286 liorem,
2384 2219 2653 2288 subjunxit
2676 2226 2731 2273 et
2766 2218 2839 2270 ait
2862 2257 2878 2284 ,
2922 2215 3055 2280 Qua:
3093 2231 3195 2268 non
3239 2219 3477 2284 auferetur
3503 2213 3564 2264 ub
3596 2227 3656 2264 ut.

2143 2313 2278 2379 Quid
2303 2311 2659 2381 intelligimus,
2686 2309 2878 2365 fratres
2903 2308 3049 2362 mei?
3079 2306 3137 2361 Si
3167 2306 3284 2361 ideo
3303 2304 3546 2359 meliorest
3570 2315 3659 2371 pst-

2144 2414 2251 2462 tetn
2290 2405 2471 2476 elegit,
2519 2403 2640 2473 quia
2682 2417 2788 2456 non
2830 2399 3110 2455 auferetur
3158 2397 3227 2454 ab
3265 2411 3361 2462 ea;
3399 2395 3504 2450 siue
3537 2393 3660 2450 dubio

2145 2496 2350 2553 Martha
2371 2509 2488 2551 eam
2515 2503 2722 2566 partem
2739 2494 3005 2564 elegerat,
3035 2506 3162 2561 quae
3191 2489 3471 2544 auferretur
3495 2488 3561 2542 sb
3595 2499 3658 2540 es.

2145 2591 2308 2648 Plane
2332 2589 2603 2644 auferetur
2623 2589 2690 2642 ab
2715 2587 2861 2641 omni
2888 2585 3134 2648 homine,
3171 2583 3258 2653 qui
3302 2581 3542 2636 ministrat
3568 2593 3663 2633 ssu-

2145 2687 2244 2742 ctis
2269 2700 2331 2740 ea
2359 2700 2477 2753 qua:
2496 2690 2621 2737 sunt
2644 2679 2854 2750 corpori
2878 2676 3185 2734 necessaria
3203 2714 3220 2743 ,
3263 2672 3512 2728 auferetur
3540 2669 3595 2724 sb
3611 2681 3662 2722 eo

2147 2775 2288 2847 quod
2313 2774 2457 2828 facit.
2479 2773 2594 2828 Non
2615 2771 2756 2826 enim
2797 2783 3008 2838 semper
3053 2765 3440 2821 ministraturus
3469 2769 3662 2816 estsan-

2147 2845 2275 2920 ctis.‘
2298 2863 2558 2920 Cui'enim
2601 2861 2894 2923 ministrat,
2926 2857 3030 2912 nisi
3064 2851 3384 2911 inﬁrmitati?
3421 2850 3497 2907 cui
3538 2845 3662 2903 mini-

2147 2964 2301 3022 strat,
2330 2955 2430 3009 nisi
2456 2951 2798 3014 mortalitati?
2817 2949 2903 3004 cui
2928 2948 3222 3014 ministrat,
3248 2944 3346 3000 nisi
3376 2939 3596 3018 esurienti
3615 2952 3664 2992 ac

2147 3046 2392 3102 sitienti?
2423 3044 2546 3098 Hinc
2570 3043 2746 3096 omnia
2772 3055 2877 3096 non
2901 3047 3086 3102 erant;
3111 3052 3232 3093 eum
3254 3031 3562 3103 corruptibile
3583 3028 3664 3084 hoc

2148 3137 2379 3193 induerit
2405 3134 2877 3204 incorruptionem,
2901 3140 2956 3186 et
2980 3131 3212 3184 mortale
3247 3126 3347 3183 hoc
3371 3121 3570 3180 induerit
3591 3119 3664 3174 iut-

2149 3230 2548 3286 mortalitatem;
2576 3226 2710 3281 Cum
2751 3223 2892 3279 enim
2937 3221 3214 3277 transierit
3249 3219 3359 3288 ipsa
3407 3212 3659 3272 necede

2151 3322 2352 3375 nullum
2380 3319 2484 3374 erit
2508 3315 2860 3371 ministerium
2901 3311 3267 3368 necessitatis.
3315 3305 3568 3364 Auferetut'
3604 3301 3663 3356 la-

2152 3413 2270 3478 bor,
2299 3411 2393 3467 sed
2424 3409 2678 3464 reddetur
2706 3420 2931 3461 merces.
2963 3404 3067 3459 Cui
3101 3415 3225 3458 tunc
3244 3396 3586 3457 ministrabitur
3605 3390 3662 3445 ri-

2150 3506 2268 3570 bus,
2300 3503 2386 3556 ubi
2409 3501 2577 3556 esurit
2605 3495 2912 3554 nemoicui
2944 3503 3130 3564 pctus,
3160 3493 3248 3552 ubi
3275 3491 3382 3546 sitit
3411 3483 3575 3543 nemo?
3599 3481 3663 3538 cui

2152 3595 2473 3666 hospitium?
2502 3593 2588 3648 ubi
2614 3591 2925 3662 peregrinus
2944 3597 3032 3643 est
3060 3585 3260 3641 nemo?
3293 3581 3535 3638 Dominus
3567 3585 3662 3642 ergo

2151 3705 2271 3744 cum
2299 3686 2569 3756 discipulis
2591 3683 2728 3746 suis.
2756 3689 2816 3735 ut
2835 3687 3018 3749 posset
3047 3673 3349 3732 mercedem
3383 3669 3523 3738 hujus
3564 3677 3663 3756 ope-

2151 3779 2224 3834 ris
2244 3755 2486 3839 reddere,
2519 3775 2762 3843 dignatus
2790 3777 2874 3824 est
2899 3767 3160 3837 indigere.
3191 3762 3458 3819 Esuriebat
3478 3765 3537 3812 et
3560 3755 3660 3824 ipse.

2152 3878 2206 3924 et
2228 3869 2436 3923 sitiebat
2463 3887 2478 3922 :
2507 3880 2620 3919 non
2637 3861 2761 3933 quia
2787 3859 3101 3929 cogebatur,
3129 3855 3222 3912 sed
3247 3853 3364 3925 quia
3388 3847 3660 3920 dignabatur.

2155 3961 2355 4016 Bonum
2384 3960 2528 4012 enim
2549 3964 2686 4019 erat,
2720 3960 2778 4007 ut
2817 3965 2912 4020 per
2948 3963 3114 4018 quem
3163 3946 3298 4002 facta
3340 3952 3457 3999 sunt
3494 3935 3659 3994 ominis,

2152 4050 2379 4106 esuriret
2401 4064 2418 4101 :
2443 4048 2521 4100 sic
2547 4045 2690 4100 enim
2711 4042 2836 4098 felix
2859 4048 3004 4095 esset
3030 4040 3124 4109 qui
3146 4043 3400 4108 pasceret.
3426 4021 3661 4097 thuando

2154 4135 2691 4205 Dominum-quisque
2719 4132 2985 4202 poscebat,
3013 4129 3149 4199 quid
3165 4124 3364 4188 dabat?
3384 4122 3489 4193 quis
3514 4109 3662 4205 dabat?

2154 4231 2293 4289 unde
2311 4201 2503 4286 dabat?
2530 4201 2620 4283 cui
2635 4201 2837 4279 dabat?
2866 4221 3000 4290 Quid
3027 4218 3229 4274 dabat?
3267 4215 3448 4272 Cibum
3471 4206 3570 4280 paid
3588 4201 3660 4258 da-

2153 4324 2262 4379 bat.
2287 4320 2416 4387 Quis
2437 4315 2641 4372 dabat?
2669 4315 2758 4368 ille
2782 4309 3174 4381 utiquetdahat,
3201 4307 3291 4377 qui
3334 4304 3455 4374 plus.
3473 4296 3662 4387 accipere

2153 4383 2560 4469 volebatalinde
2581 4405 2776 4462 dabat?
2825 4401 3081 4472 numquid
3122 4399 3191 4453 de
3243 4395 3373 4456 suo?
3405 4383 3659 4472 quid-enin}

2156 4467 2402 4567 habebat,
2429 4500 2570 4570 quod
2595 4509 2705 4551 non
2723 4467 3005 4565 acceperat
3017 4493 3047 4546 ‘t.
3065 4489 3165 4545 Cui
3207 4485 3394 4544 dabat?
3416 4467 3660 4570 Nepesini

2153 4594 2243 4666 qui
2267 4562 2543 4647 creaverat
2567 4597 2622 4642 et
2659 4584 2801 4656 quod
2824 4562 3146 4652 accipiebat,
3194 4588 3249 4634 et
3282 4594 3312 4631 a
3358 4588 3457 4646 quo
3487 4562 3662 4634 accipite.

2153 4663 2243 4742 hat
2261 4684 2295 4736 ἲ·
2310 4682 2554 4751 Magnum
2580 4678 2684 4733 hoc
2711 4673 3060 4731 ministerium
3081 4713 3097 4736 ,
3128 4682 3376 4740 magnum
3421 4663 3513 4717 hoc
3545 4667 3656 4726 opus,

2128 4788 2403 4846 "magnum
2429 4773 2647 4828 donum.
2689 4769 2756 4824 Et
2789 4776 2977 4822 tamen
3024 4760 3197 4818 Maria
3239 4755 3658 4846 imitaretur“?!

2155 4835 2333 4941 elegit,
2363 4879 2476 4938 qua
2516 4879 2618 4917 non
2654 4861 2920 4929 auferetur
2943 4855 3016 4910 ab
3057 4870 3139 4908 ea.
3174 4852 3304 4907 Pars
3342 4835 3660 4941 ergo-Matth:

2626 4959 2686 5006 ut
2725 4947 2834 5004 disi
2859 4987 2874 5013 ,
2913 4957 3133 5000 'rnorccs
3181 4956 3280 5014 pro
3332 4939 3431 4995 illa-
3451 4933 3556 4988 data
3586 4935 3660 4979 ncn

2157 5029 2363 5084 tmusit.

2207 5079 2450 5184 ΕᾹΡὉΤ
2483 5113 2622 5166 ν.--
2647 5111 2702 5165 5.
2743 5106 2876 5161 Pars
2904 5102 3083 5159 Maria
3101 5097 3352 5170 quomodo
3381 5109 3472 5148 non
3509 5079 3657 5184 transit-

2157 5179 2290 5269 Pars
2313 5221 2440 5263 vero
2462 5202 2672 5260 κλωνίων
2697 5215 2802 5254 non
2843 5194 3052 5253 transit.
3093 5189 3284 5246 Videte
3310 5178 3663 5269 quomodonth

2157 5262 2409 5360 nauseat.
2436 5296 2586 5354 Unde
2609 5289 2967 5350 delectabatur
3006 5283 3168 5341 Maria
3205 5276 3410 5352 quando
3441 5262 3668 5360 audiebat?

2159 5351 2716 5465 Quid'mandueabat?
2742 5381 2867 5454 quid
2889 5373 3139 5435 bibebat?
3167 5351 3326 5429 scitis
3351 5362 3465 5438 quid
3491 5351 3666 5465 ntaudtt'

2157 5457 2330 5551 dabat,
2355 5481 2482 5554 quid
2502 5475 2752 5536 bibebat?
2787 5473 2961 5544 Ipsum
3005 5469 3282 5525 Dominum
3316 5457 3661 5554 interrogemus.

2157 5581 2245 5652 qui
2275 5542 2430 5632 talem
2462 5572 2570 5626 suis
2618 5542 2879 5636 pr:cparat
2911 5573 3176 5622 mensam,
3223 5555 3387 5623 ipsum
3423 5542 3663 5643 internis?

2159 5633 2295 5726 titus.
2329 5665 2507 5729 Beati,
2535 5633 2743 5731 inquit,
2770 5657 2857 5725 qui
2887 5655 3106 5710 esuriant
3145 5657 3194 5702 et
3231 5644 3398 5699 sitiunt
3433 5633 3665 5709 justitiam
