3886 6188
181 384 186 391 1
245 407 488 478 quoniam
517 404 617 475 ipsi
641 402 1001 459 saturabuutur
1027 402 1236 474 (Matth.
1269 419 1317 465 ν,
1338 403 1414 471 6).
1446 402 1518 457 De
1543 403 1644 457 isto
1665 401 1834 466 fonte,

248 499 315 554 de
347 498 455 552 isto
486 496 680 551 boneo
703 494 924 565 justitize
945 503 1127 548 sancta
1151 491 1310 548 Maria
1337 492 1530 548 sedens
1570 491 1636 546 ad
1679 491 1838 560 pedes

247 589 488 655 Domini,
517 587 771 658 quasdam
797 585 1038 640 esuriens
1075 583 1239 639 micas
1265 576 1575 653 accipiebat.
1608 573 1834 638 Tantum

245 681 389 737 enim
435 679 692 734 Dominus
731 691 856 730 tunc
890 673 1082 740 dabat,
1136 683 1389 745 quantum
1435 672 1523 726 illa
1571 671 1832 742 capiebat.

243 777 439 832 Totum
467 783 646 828 autem
673 781 873 826 tantum
898 769 1220 839 quantumiu
1243 768 1328 822 illa
1353 781 1446 821 sua
1461 765 1634 821 futura
1653 780 1834 819 mensa

245 868 466 923 daturus
486 874 590 929 est,
621 879 719 918 nec
750 864 846 930 ipsi
872 860 1149 934 discipuli,
1181 875 1281 915 nec
1321 859 1419 928 ipsi
1463 857 1702 928 Apostuli
1742 871 1834 910 αις

245 966 369 1034 pere
395 959 522 1014 tunc
550 965 812 1026 ιιυιειςιιιι,
837 952 1047 1024 quando
1071 952 1175 1006 illis
1197 949 1405 1006 diccbat
1433 966 1446 1002 :
1475 949 1652 1002 Adhuc
1676 948 1834 1002 habeo

244 1051 383 1105 vobis
408 1049 572 1103 multa
597 1048 798 1108 dicere;
825 1044 913 1098 sed
947 1059 1046 1097 non
1083 1041 1287 1112 potestis
1324 1041 1416 1096 iila
1463 1041 1643 1094 audire
1684 1039 1833 1093 modo

241 1140 424 1210 (Joan.
448 1154 561 1198 va.
595 1134 705 1208 12).
739 1132 890 1190 Unde
916 1148 1043 1202 ergo
1065 1131 1244 1195 Maria,
1275 1139 1332 1184 ut
1363 1129 1501 1198 dixi,
1532 1128 1834 1184 delectaba-

241 1233 363 1287 tur?
387 1229 526 1298 Quid
550 1226 929 1290 mandat-nbat,
955 1223 1082 1294 quid
1109 1221 1322 1277 bibebat
1349 1219 1670 1274 avidissimis
1709 1234 1829 1274 cor-

238 1324 320 1379 dis
344 1320 623 1378 faucibus?
668 1315 932 1374 Justitiam
955 1357 974 1381 ,
1011 1315 1310 1369 veritatem.
1342 1312 1577 1367 Veritate
1596 1311 1829 1366 delecta-

241 1415 416 1478 batur,
449 1412 725 1466 veritatem
759 1407 1005 1462 audiebat
1034 1423 1048 1459 :
1090 1405 1296 1460 veritati
1331 1403 1594 1470 inhiabat,
1621 1402 1830 1458 veritati

239 1506 558 1576 suSpirabat.
579 1501 865 1557 Veritatem
888 1498 1126 1553 esuriens
1151 1493 1517 1562 manducnhat,
1536 1495 1719 1550 sitiens
1743 1493 1828 1548 hi-

239 1601 398 1655 hehat
423 1617 436 1650 :
460 1597 640 1665 etipsa
655 1593 1008 1656 reﬁciebatur,
1039 1598 1094 1646 et
1110 1589 1248 1644 unde
1268 1589 1581 1658 pascebatur
1605 1604 1707 1642 non
1731 1589 1832 1642 mi-

237 1693 520 1748 nuebatur.
557 1687 711 1744 Unde
747 1685 908 1740 Maria
952 1679 1354 1739 delectabatur?
1380 1680 1505 1749 quid
1536 1679 1826 1734 manduca-

238 1783 365 1840 hat?
402 1783 683 1843 Immoror,
715 1778 836 1848 quia
871 1775 1130 1832 delector.
1171 1772 1357 1828 Audeo
1393 1772 1606 1836 dicere,
1653 1771 1826 1841 ipsum

235 1873 594 1930 manducahat
622 1885 781 1942 quem
822 1867 1086 1922 audiebat.
1133 1865 1187 1920 Si
1210 1865 1352 1920 enim
1373 1863 1649 1919 veritatem
1672 1877 1825 1916 man-

236 1967 488 2029 ducabat,
515 1978 694 2020 nonne
719 1964 830 2032 ipse
854 1960 1006 2025 dixit,
1038 1956 1152 2029 Ego
1199 1972 1311 2011 sum
1350 1957 1532 2011 veritas
1570 1952 1680 2026 (Id.
1711 1971 1820 2010 xw.

235 2059 290 2127 6)
309 2060 336 2110 7
374 2058 443 2113 Et
480 2055 603 2127 quid
641 2053 866 2122 amplius
889 2047 1104 2105 dicam?
1128 2046 1557 2112 Mandueabatur,
1585 2045 1705 2116 quia
1735 2060 1827 2115 pa-

236 2150 321 2204 nis
346 2156 494 2204 erat:
523 2145 632 2216 Ego
655 2157 795 2207 sum,
841 2139 1032 2210 inquit,
1074 2137 1218 2209 panis
1246 2137 1332 2209 qui
1352 2137 1415 2191 de
1441 2137 1566 2191 caelo
1591 2135 1826 2190 descendi

236 2239 348 2314 (Id.
377 2256 455 2303 vt,
473 2239 583 2307 41).
607 2235 712 2291 Iste
730 2235 882 2305 panis
908 2241 992 2289 est
1016 2231 1104 2303 qui
1131 2228 1320 2295 reiicit,
1344 2243 1444 2285 nec
1467 2227 1667 2284 deﬁcit.

303 2326 534 2389 CAPUT
552 2330 712 2386 Vl.—
737 2329 790 2383 6.
821 2325 1040 2381 Veritate
1059 2326 1218 2396 pasci,
1248 2339 1366 2393 pars
1391 2321 1574 2377 Maria:
1594 2335 1708 2394 qua:
1724 2336 1826 2376 non

233 2426 437 2480 transit.
467 2422 742 2478 Delectatio
771 2421 833 2474 de
859 2418 1050 2474 lumine
1077 2415 1316 2471 veritatis.
1364 2415 1609 2471 Intendat
1647 2413 1825 2486 itaque

232 2516 482 2572 Charitas
528 2521 726 2568 vestra.
772 2507 914 2566 Ecce
958 2507 1187 2565 dicimus
1238 2505 1544 2561 ministrare
1601 2505 1820 2574 sanctis,

235 2609 414 2667 cibum
476 2621 703 2679 parare,
765 2613 948 2676 potum
999 2602 1344 2664 ministrare,
1409 2615 1649 2656 mensam
1721 2615 1821 2671 po-

237 2715 393 2767 nere,
445 2698 604 2768 pedes
645 2697 854 2762 lavare,
889 2695 1085 2750 lectum
1147 2700 1386 2748 sternere
1405 2733 1421 2757 ,
1461 2697 1605 2748 tecto
1657 2691 1826 2746 susci-

235 2810 398 2868 pere;
431 2806 608 2848 nonne
637 2804 796 2844 onme
834 2789 936 2842 hoc
987 2785 1331 2841 transiturum
1381 2783 1500 2840 est?
1561 2784 1692 2851 Quis
1729 2794 1827 2840 atu-

239 2895 341 2941 tem
395 2883 556 2938 audet
617 2881 832 2947 dicere,
873 2878 1034 2933 modo
1075 2891 1174 2932 nos
1216 2875 1360 2946 pasci
1417 2875 1676 2940 veritate,
1715 2889 1818 2930 non

237 2976 378 3047 pasci
440 2983 615 3029 autem
677 2987 798 3028 eum
860 2968 1163 3025 venerimus
1212 2966 1278 3022 ad
1341 2965 1828 3022 immortalitatem?

235 3066 422 3123 Nonne
447 3067 491 3122 si
513 3064 781 3137 poscimur
809 3060 970 3118 modo
993 3060 1166 3127 micis,
1189 3069 1314 3114 tunc
1349 3059 1557 3130 plenam
1598 3056 1821 3114 habebi-

238 3175 356 3214 mus
395 3157 677 3214 mensam‘!
701 3156 780 3211 De
805 3155 920 3225 ipso
953 3154 1094 3209 enim
1116 3153 1237 3208 cibo
1273 3152 1532 3222 spirituali
1566 3151 1824 3208 Dominus

236 3251 468 3317 dicebat,
495 3249 708 3321 quando
737 3247 970 3302 laudavit
991 3245 1149 3302 ﬁdem
1180 3244 1536 3311 Centurionis,
1563 3256 1617 3302 et
1643 3247 1775 3302 dixit
1803 3265 1816 3301 :

234 3341 395 3396 Amen
436 3340 550 3394 dico
576 3339 732 3402 vobis,
765 3355 867 3393 non
903 3337 1068 3392 inveni
1108 3346 1299 3390 tantam
1343 3336 1495 3405 ﬁdem
1541 3337 1598 3389 in
1633 3334 1816 3392 Israel.

234 3431 304 3488 Et
329 3432 446 3485 ideo
466 3433 578 3484 dico
601 3429 756 3498 vobis,
784 3430 902 3500 quia
922 3429 1070 3482 multi
1087 3429 1150 3482 ab
1171 3430 1361 3483 oriente
1382 3437 1430 3482 et
1457 3428 1713 3483 occidente
1740 3444 1822 3483 ve-

228 3525 390 3590 nient,
423 3530 472 3576 et
499 3524 780 3576 recumbent
803 3537 918 3574 cum
946 3519 1201 3573 Abraham
1225 3528 1272 3573 et
1299 3517 1451 3572 Isaac
1475 3529 1521 3572 et
1557 3517 1720 3572 Iacob
1766 3519 1820 3573 in

223 3631 382 3686 regno
409 3615 646 3668 caelorum
677 3610 886 3684 (Matth.
915 3626 1005 3664 vnt
1025 3651 1038 3674 ,
1061 3609 1144 3677 I0,
1167 3608 1278 3680 Il).
1313 3609 1464 3664 Absit
1487 3624 1515 3661 a
1539 3609 1818 3678 cogitatio-

224 3707 388 3763 nibus
441 3706 666 3768 nustris,
715 3713 772 3758 ut
810 3703 928 3757 illos
972 3702 1121 3758 cibos
1169 3702 1221 3756 in
1261 3717 1444 3756 tneusa
1480 3701 1619 3756 illius
1669 3701 1817 3770 regni

225 3801 544 3869 Cogitemus,
595 3795 662 3851 de
705 3795 946 3865 qualibus
989 3793 1117 3847 dicit
1152 3791 1441 3861 Apostolus
1481 3806 1496 3843 :
1539 3790 1669 3844 Esca
1697 3807 1816 3844 vcn-

227 3891 332 3953 tri,
388 3898 434 3940 et
461 3897 628 3940 venter
673 3886 832 3949 escis;
885 3882 1023 3938 Deus
1052 3893 1217 3936 autem
1249 3891 1294 3936 et
1335 3881 1466 3934 hunc
1495 3891 1539 3934 et
1582 3882 1673 3934 has
1711 3897 1818 3934 eva-

223 3980 394 4036 cuabit
423 3977 606 4049 (lCor.
651 3993 726 4044 vi,
761 3977 866 4048 t3).
914 3977 1090 4043 Quare
1123 3974 1420 4029 evacuabit?
1464 3973 1597 4042 Quia
1648 3971 1816 4029 fames

223 4091 332 4130 non
358 4074 460 4129 erit
481 4073 574 4128 ibi.
599 4070 749 4140 Quod
779 4069 1207 4133 manducabitur,
1241 4084 1345 4122 non
1373 4067 1569 4122 ﬁnitur.
1602 4067 1734 4122 Nam
1761 4077 1815 4124 et

224 4166 331 4221 hoc
354 4163 634 4234 praemium
657 4162 853 4216 sanctis
879 4159 990 4216 suis
1031 4159 1346 4230 promittens
1381 4158 1433 4214 in
1479 4158 1571 4212 illo
1622 4172 1809 4229 regno,

219 4257 338 4310 ait:
371 4253 534 4308 Amen
557 4254 670 4307 dico
699 4251 868 4316 vobis,
913 4250 1034 4320 quia
1071 4250 1222 4321 faciet
1259 4266 1344 4305 eos
1395 4247 1725 4315 recumbere;
1765 4262 1813 4304 et

219 4346 452 4408 transiet,
485 4353 532 4398 et
559 4341 859 4398 ministrabit
881 4343 951 4396 eis
973 4341 1124 4411 (Luc.
1154 4356 1245 4406 xu,
1268 4340 1381 4413 57).
1407 4340 1543 4407 Quid
1580 4351 1682 4408 est,
1732 4344 1811 4413 fa-

217 4438 316 4493 ciet
349 4453 438 4492 eos
465 4435 768 4500 recumbere,
801 4434 921 4498 nisi,
955 4432 1113 4489 faciet
1130 4434 1484 4504 requiescere,
1528 4432 1684 4488 faciet
1719 4448 1809 4487 va-

216 4527 382 4585 care?
398 4523 537 4596 Quid
561 4534 664 4592 est,
685 4526 930 4587 transibit,
949 4525 1052 4592 vel,
1076 4525 1302 4592 transiet,
1321 4535 1369 4580 et
1388 4525 1686 4580 ministrabit
1701 4525 1771 4580 eis
1785 4527 1811 4579 ?

216 4619 350 4674 Post
371 4619 514 4674 hunc
549 4616 827 4672 transitum
860 4616 1179 4672 ministrabit
1202 4616 1299 4672 eis.
1327 4616 1424 4672 Hic
1460 4617 1604 4672 enim
1635 4625 1809 4672 trans-

215 4711 351 4765 itum
381 4708 506 4765 tecit
528 4706 788 4764 Christus
814 4727 826 4761 :
851 4707 1130 4763 veniemus
1151 4707 1217 4761 ad
1243 4722 1364 4763 eum
1389 4723 1496 4778 quo
1529 4709 1803 4776 transivit,

119 4799 132 4804 ”
211 4801 289 4855 ibi
313 4800 423 4870 iam
445 4813 553 4854 non
577 4798 786 4855 transit.
814 4797 949 4854 Nam
971 4807 1025 4853 et
1053 4797 1252 4853 Pascha
1283 4799 1336 4852 in
1382 4797 1593 4854 hebrara
1629 4799 1806 4870 lingua

212 4892 500 4949 Transltus
523 4892 922 4962 interpretatur.
959 4876 1070 4945 Hoc
1105 4890 1358 4944 Dominus
1391 4889 1650 4952 ostendit.
1697 4891 1806 4947 imo

214 4984 567 5056 evangelista,
609 4983 699 5038 ubi
737 4983 804 5038 de
837 4981 1059 5038 Domino
1084 4980 1218 5036 dixit
1254 5000 1268 5036 :
1299 4981 1424 5036 Cum
1450 4992 1614 5036 autem
1640 4983 1805 5038 venis-

213 5087 293 5132 set
316 5078 443 5133 hora
468 5087 524 5132 ut
550 5077 785 5132 transiret
814 5076 877 5130 de
902 5077 998 5130 hoc
1027 5073 1218 5129 mundo
1249 5075 1317 5128 ad
1355 5073 1564 5130 Patrem
1609 5073 1801 5147 (Joan.

211 5185 332 5232 xm.
361 5171 440 5240 ι).
470 5169 526 5226 Si
555 5185 684 5238 ergo
711 5168 796 5223 hic
825 5182 923 5223 nos
948 5169 1140 5238 pascit,
1170 5175 1226 5222 et
1249 5167 1328 5222 sic
1351 5169 1550 5239 pascit;
1579 5168 1650 5223 ibi
1675 5184 1806 5238 quo-

214 5262 381 5317 modo
401 5270 582 5332 pascet
603 5260 628 5315 ‘I
652 5260 801 5329 Quod
824 5275 951 5330 ergo
977 5259 1134 5330 elegit
1158 5259 1340 5325 Maria,
1369 5261 1661 5326 crescebat,
1696 5275 1801 5315 non

216 5354 496 5407 transibat.
526 5352 820 5408 Delectatio
847 5351 990 5407 enim
1035 5351 1210 5405 cordis
1240 5351 1456 5405 humani
1494 5351 1568 5406 de
1602 5352 1802 5407 lumine

213 5447 478 5508 veritatis,
525 5445 592 5501 de
633 5445 902 5500 afﬂuentia
934 5445 1240 5514 sapientiae,
1290 5443 1570 5499 delectatio
1627 5443 1804 5498 cordis

216 5536 439 5590 humani
458 5577 473 5602 ,
504 5536 682 5591 cordis
706 5536 876 5591 ﬁdelis
895 5577 910 5602 ,
941 5535 1118 5592 cordis
1147 5536 1348 5600 sancti,
1393 5553 1498 5590 non
1538 5536 1804 5591 invenitur

217 5628 462 5698 voluptas
483 5671 498 5690 ,
526 5629 610 5684 cui
634 5628 803 5698 possit
829 5629 1002 5699 aliqua
1028 5643 1096 5683 ex
1128 5639 1276 5698 parte
1295 5630 1613 5699 cmnparari,
1644 5636 1700 5682 ut
1717 5630 1800 5684 vel

216 5721 395 5778 minor
415 5721 640 5778 dicatur.
676 5720 828 5788 Quod
871 5723 1012 5774 enim
1052 5721 1222 5789 dicis,
1263 5722 1432 5778 Minus
1483 5733 1564 5780 est
1589 5763 1604 5793 ,
1648 5724 1799 5793 quasi

504 5803 780 5872 PATROL.
823 5807 1182 5870 XXXVIII.

1630 265 1864 342 Sentio
1902 287 2182 372 CLxstx.

3430 312 3535 368 970
3579 342 3582 346 ι

1947 401 2239 455 crescendo
2267 419 2360 473 par
2387 407 2507 460 erit.
2554 407 2691 463 Nolo
2726 409 2940 479 dicere,
2977 414 3147 470 Minor
3189 436 3201 473 :
3233 433 3336 474 non
3387 435 3533 475 com-

1947 504 2104 558 paro;
2133 491 2351 549 alterius
2372 500 2583 566 generis
2607 511 2685 555 est
2707 543 2722 566 ,
2761 501 2916 573 longe
2941 505 3083 560 atiud
3123 517 3224 562 est.
3266 509 3405 577 Quid
3451 524 3532 568 est

1943 583 2086 637 enim
2118 585 2276 640 modo
2315 589 2455 658 quod
2491 607 2678 648 onmes
2722 596 3021 662 attenditis,
3056 613 3244 656 onmes
3293 603 3488 659 auditis
3513 649 3530 666 .

1946 690 2136 732 omnes
2163 680 2504 746 cxcitamini,
2537 694 2592 739 et
2625 687 2834 754 quando
2863 704 3044 744 verum
3079 692 3276 761 aliquid
3313 694 3528 762 dicitur,

1940 763 2316 823 delectamini?
2340 769 2476 836 Quid
2500 773 2736 828 vidistis?
2757 776 2890 843 Quid
2922 781 3202 836 teuuistis?
3227 781 3357 849 Quis
3382 786 3530 841 color

1942 860 2188 928 apparuit
2206 863 2375 917 oculis
2399 867 2621 920 vestris?
2647 867 2778 936 Qua:
2806 870 2996 936 forma,
3019 888 3138 943 qua:
3174 877 3360 946 figura,
3406 895 3526 948 qua:

1937 959 2163 1015 statura,
2187 971 2306 1025 qtae
2337 957 2654 1015 lineamenta
2695 965 3055 1022 membrorum
3077 1010 3094 1036 ,
3132 985 3251 1041 quae
3285 975 3526 1042 corporis

1939 1042 2313 1111 pulchritudo?
2339 1048 2479 1106 Nihil
2503 1051 2714 1108 horum.
2744 1055 2808 1110 Et
2833 1064 3007 1112 tamen
3041 1061 3261 1118 .amatis.
3299 1063 3523 1132 Quando

1937 1134 2079 1192 enim
2105 1136 2181 1191 sic
2209 1137 2520 1206 laudaretis,
2553 1143 2597 1198 si
2623 1159 2725 1200 non
2747 1150 3038 1204 amaretis?
3064 1150 3286 1218 Quando
3307 1169 3520 1212 amare-

1938 1223 2028 1284 tis.
2058 1225 2104 1280 si
2131 1225 2265 1282 nihil
2293 1229 2590 1286 videretis?
2626 1233 2706 1288 Me
2729 1236 2906 1306 itaque
2938 1255 3042 1293 non
3063 1242 3378 1300 ostendente
3406 1245 3521 1300 for-

1934 1329 2076 1370 mam
2103 1319 2364 1386 corporis,
2398 1321 2715 1379 lineamenta
2737 1366 2752 1391 ,
2790 1329 3059 1394 colorem,
3109 1331 3359 1400 pulchros
3404 1350 3519 1390 mo-

1936 1417 2051 1476 tus,
2080 1425 2168 1466 me
2191 1427 2297 1467 non
2327 1415 2670 1480 ostendente,
2701 1434 2798 1474 vos
2828 1430 3003 1477 tamen
3027 1422 3244 1488 videtis,
3287 1427 3478 1482 amatis
3501 1467 3517 1492 ,

1935 1498 2180 1556 laudatis.
2209 1503 2264 1558 Si
2291 1503 2408 1561 haec
2428 1505 2710 1563 delectatio
2733 1512 2969 1567 veritatis
2994 1513 3164 1569 dulcis
3199 1527 3284 1570 est
3337 1531 3478 1572 nunc
3497 1558 3514 1582 ,

1931 1591 2099 1646 multo
2123 1593 2326 1650 dulcior
2347 1596 2448 1650 erit
2477 1606 2618 1654 tunc.
2651 1599 2819 1653 Maria
2847 1604 3104 1676 meliorem
3129 1615 3323 1671 partem
3346 1607 3513 1678 elegit,

1929 1696 2042 1750 qua:
2069 1698 2169 1736 non
2193 1685 2451 1754 auferetur
2476 1689 2539 1740 ab
2564 1705 2643 1743 ea.

1999 1771 2226 1829 CAPUT
2263 1775 2376 1830 VII.
2406 1805 2477 1816 —
2503 1779 2554 1831 7.
2590 1778 2637 1832 F
2638 1788 2828 1836 actores
2855 1782 2988 1836 verbi
3029 1794 3075 1838 et
3106 1783 3240 1837 intus
3279 1795 3325 1839 et
3379 1788 3506 1857 foris

1929 1877 2038 1918 esse
2054 1865 2309 1921 debemus.
2333 1867 2574 1932 Ostendi.
2606 1871 2744 1926 sicut
2770 1875 2947 1942 potui,
2980 1886 3236 1945 quantum
3280 1893 3365 1932 me
3407 1878 3512 1934 Do-

1928 1961 2107 2017 minus
2136 1963 2388 2033 adjuvare
2427 1965 2673 2036 dignatus
2717 1975 2836 2032 est,
2882 1969 3207 2025 dulcissimae
3257 1972 3511 2029 Charitati

1928 2064 2140 2121 vestrm,
2171 2071 2328 2123 quam
2353 2057 2552 2113 tulione
2579 2059 2697 2114 loco
2723 2060 2875 2114 stetis
2897 2060 3183 2128 audiendo,
3229 2078 3387 2132 quam
3413 2078 3512 2120 uos

1929 2146 2286 2215 praedicando.
2319 2148 2430 2204 Hoc
2462 2150 2604 2204 enim
2647 2151 2808 2206 modo
2831 2167 2926 2208 vos
2951 2151 3154 2220 facitis,
3200 2155 3343 2225 quod
3389 2165 3514 2211 tunc

1930 2251 2124 2296 omnes
2148 2239 2341 2296 facturi
2359 2257 2566 2298 sumus.
2595 2243 2708 2298 Non
2729 2243 2871 2300 enim
2898 2247 3000 2303 erit
3029 2255 3156 2303 tunc
3181 2247 3373 2318 aliquis
3401 2263 3514 2304 tita-

1927 2328 2094 2397 gister
2116 2329 2288 2395 verbi,
2314 2331 2410 2387 sed
2438 2333 2750 2403 magistrum
2775 2334 3032 2391 Verbum.
3076 2336 3210 2392 Illud
3254 2353 3382 2408 ergo
3422 2353 3512 2396 se-

1928 2421 2125 2490 quitur,
2153 2421 2296 2492 quod
2325 2421 2391 2476 ad
2419 2438 2513 2480 vos
2538 2425 2768 2493 pertinet
2787 2425 2994 2493 facere,
3023 2427 3091 2482 ad
3130 2441 3228 2483 nos
3265 2441 3507 2506 monere.

1929 2509 2039 2566 Vos
2065 2510 2208 2567 enim
2229 2512 2360 2568 estis
2385 2513 2658 2570 auditores
2681 2516 2847 2575 verbi.
2880 2531 2978 2571 nos
2999 2517 3395 2587 praedicatores.
3424 2517 3510 2574 Iu-

1929 2608 2015 2656 tus
2039 2611 2217 2658 autem
2245 2603 2332 2658 ubi
2361 2619 2521 2660 nemo
2548 2604 2722 2670 videt,
2751 2621 2938 2661 omnes
2973 2607 3244 2664 auditores
3277 2622 3462 2664 sumus
3494 2627 3506 2662 :

1928 2691 2070 2748 intus
2097 2693 2152 2750 in
2180 2695 2362 2762 corde,
2395 2696 2447 2750 in
2468 2703 2670 2764 mente,
2700 2696 2787 2752 ubi
2811 2711 2903 2752 vos
2930 2695 3090 2753 docet
3117 2697 3236 2765 ille,
3277 2697 3369 2768 qui
3414 2715 3511 2753 vos

1927 2781 2180 2839 admonet
2205 2783 2444 2841 laudare.
2488 2785 2603 2857 Ego
2641 2787 2784 2842 enim
2824 2786 3116 2842 forinsecus
3163 2787 3370 2858 loquor,
3421 2789 3511 2844 ille

1927 2871 2072 2929 intus
2095 2875 2312 2932 excitat.
2338 2874 2536 2934 Omnes
2564 2892 2691 2949 ergo
2718 2878 2858 2933 intus
2895 2878 3166 2934 auditores
3197 2893 3415 2944 sumus;
3456 2889 3512 2934 et

1926 2979 2114 3022 omnes
2142 2975 2197 3021 et
2218 2966 2348 3022 foris
2372 2976 2428 3022 et
2454 2967 2598 3024 intus
2623 2969 2675 3023 in
2697 2979 2981 3038 conspectu
3005 2968 3098 3024 Dei
3125 2967 3353 3026 factores
3387 2985 3510 3026 esse

1925 3055 2202 3115 debemus.
2229 3059 2382 3118 Unde
2405 3060 2839 3123 inlusfactoresi
2864 3062 2998 3128 Quia
3041 3063 3128 3133 qui
3169 3063 3347 3117 viderit
3390 3080 3505 3130 ruu-

1926 3150 2098 3205 Iierem
2121 3150 2190 3206 ad
2213 3153 2668 3223 concupiscendum
2697 3171 2807 3210 eam
2825 3195 2839 3216 ,
2853 3154 2967 3225 jam
2994 3155 3265 3209 moechatus
3293 3164 3364 3210 est
3397 3172 3508 3210 eam

1923 3243 1978 3298 in
2001 3243 2152 3298 corde
2176 3260 2268 3299 suo
2298 3242 2510 3317 (Matth.
2537 3261 2591 3310 ν,
2613 3245 2727 3317 28).
2760 3246 2828 3301 Et
2862 3255 3035 3318 potest
3075 3263 3199 3304 esse
3242 3248 3503 3313 moechus,

1924 3332 2070 3388 nullo
2089 3332 2364 3389 hominum
2403 3335 2653 3402 vidente,
2690 3336 2782 3391 sed
2811 3337 2923 3391 Deo
2956 3337 3225 3407 puniente.
3263 3337 3392 3405 Quis
3424 3349 3508 3394 est

1923 3437 2054 3494 ergo
2075 3422 2218 3480 intus
2244 3422 2456 3479 factor?
2482 3426 2581 3494 Qui
2613 3443 2720 3481 non
2751 3427 2816 3480 ad
2836 3428 3316 3497 concupiscendum
3338 3431 3502 3486 videt.

1923 3515 2054 3581 Quis
2079 3523 2162 3570 est
2182 3515 2312 3570 foris
2345 3514 2552 3570 factor?
2594 3516 2797 3588 Frange
2849 3535 3027 3587 panem
3079 3528 3222 3572 tuum
3266 3521 3504 3574 esurienti

1925 3605 2076 3678 (Isai.
2109 3622 2254 3670 svnt,
2276 3605 2353 3676 7).
2387 3608 2498 3662 Iloc
2518 3609 2810 3683 euim.cum
2843 3609 2921 3675 iit,
2950 3609 3096 3665 videt
3116 3618 3170 3664 et
3199 3609 3501 3679 proximus:

1922 3698 2014 3751 sed
2043 3710 2150 3766 quo
2169 3699 2348 3752 animo
2378 3700 2466 3762 tit,
2492 3713 2598 3752 non
2620 3700 2762 3754 videt
2791 3699 2891 3754 nisi
2919 3702 3082 3755 Deus.
3126 3701 3301 3755 Estote
3338 3717 3467 3772 ergo
3487 3744 3502 3765 ,

1921 3786 2114 3844 fratres
2139 3791 2264 3856 mei,
2297 3795 2509 3861 factores
2543 3791 2715 3856 verbi,
2748 3802 2795 3846 et
2822 3809 2922 3846 non
2965 3794 3220 3849 auditores
3272 3803 3464 3849 tantum
3484 3835 3502 3861 ,

1921 3883 2160 3954 fallentes
2186 3885 2546 3954 vosmetipsos:
2582 3900 2686 3938 non
2713 3885 2878 3939 Deum
2904 3926 2920 3949 ,
2953 3900 3058 3939 non
3088 3901 3211 3941 eum
3245 3887 3333 3956 qui
3364 3901 3504 3957 prm-

1920 3975 2081 4030 dicat.
2117 3974 2228 4046 Ego
2256 3977 2419 4038 enim,
2453 3975 2538 4031 vel
2554 3976 2792 4046 quisquis
2811 3977 2965 4031 vobis
2988 3976 3500 4045 prtedicatverbutn.

1917 4084 2014 4125 cor
2041 4077 2274 4124 vestrum
2307 4083 2412 4124 non
2433 4067 2578 4124 videt
2605 4085 2620 4123 :
2649 4068 2776 4138 quid
2801 4068 2970 4138 agatis
2987 4067 3130 4124 intus
3147 4068 3202 4124 in
3227 4069 3504 4138 cogitatio.

1916 4161 2077 4217 nibus
2100 4161 2324 4225 vestris,
2350 4159 2592 4230 judicare
2629 4175 2738 4215 non
2774 4169 2967 4230 potest.
3007 4159 3141 4228 Quia
3161 4162 3178 4194 ⁸
3209 4161 3369 4217 homo
3393 4178 3499 4218 non

1917 4261 2115 4322 potest,
2147 4251 2381 4307 intuetur
2408 4251 2570 4316 Deus,
2599 4251 2686 4307 cui
2709 4265 2804 4306 cor
2845 4249 3134 4308 humanum
3181 4267 3289 4308 non
3327 4262 3502 4324 potest

1917 4341 2194 4397 occultari.
2226 4337 2346 4410 Ipse
2370 4339 2517 4396 videt
2542 4354 2650 4411 quo
2678 4340 2855 4396 studio
2877 4341 3093 4409 audias,
3125 4340 3252 4412 quid
3271 4343 3494 4414 uigiles,

1915 4430 2045 4503 quid
2070 4439 2275 4495 teneas,
2301 4437 2556 4502 quantum
2587 4429 2840 4501 proﬁcias
2863 4431 2931 4487 de
2950 4432 3333 4505 supplementis
3365 4435 3496 4502 suis,

1915 4538 2075 4594 quam
2093 4523 2352 4579 instanter
2363 4535 2517 4589 ores,
2539 4522 2988 4594 quemadmodum
3011 4525 3317 4594 depreceris
3331 4525 3496 4584 Deum

1914 4631 1981 4672 ex
1997 4629 2064 4672 eo
2099 4615 2240 4686 quod
2265 4629 2372 4671 non
2397 4613 2600 4686 habes.
2621 4613 2890 4686 quomodo
2915 4616 3116 4687 gratias
3149 4631 3274 4687 agas
3321 4633 3390 4673 ex
3429 4632 3500 4674 eo

1913 4707 2054 4779 quod
2088 4704 2256 4762 babes
2283 4723 2298 4760 :
2327 4705 2416 4762 ille
2447 4704 2594 4761 novit
2627 4705 2716 4775 qui
2741 4715 3026 4761 exacturus
3063 4715 3167 4762 est.
3189 4705 3296 4760 Nos
3340 4721 3498 4778 pecu-

1913 4799 2058 4855 niam
2090 4797 2410 4854 dominicam
2447 4810 2668 4866 erogare
2707 4810 2990 4865 possumus
3021 4797 3240 4852 :veniet
3282 4806 3499 4851 exactor

1911 4890 2002 4960 qui
2029 4889 2161 4944 dixit
2183 4929 2196 4952 ,
2229 4888 2386 4944 Serve
2403 4901 2619 4957 nequam
2635 4927 2650 4950 ,
2674 4887 2822 4943 dares
2851 4889 3117 4956 pecuniam
3143 4903 3304 4940 meam
3347 4903 3497 4942 num—

1913 4981 2166 5046 ntuiariis,
2192 4987 2239 5033 et
2259 4993 2351 5050 ego
2377 4977 2580 5032 veniens
2596 4994 2710 5031 cum
2735 4979 2900 5033 usta-is
2926 4981 3195 5050 exigerent.

1981 5068 2209 5126 CAPUT
2236 5067 2462 5123 VIII.—
2484 5068 2538 5124 8.
2569 5067 2840 5124 Auditores
2880 5069 3016 5122 verbi
3056 5067 3369 5136 cdiﬁcantss
3401 5069 3496 5131 alii

1909 5177 2065 5232 super
2092 5168 2302 5229 petram,
2343 5157 2432 5212 alii
2451 5172 2604 5228 super
2624 5173 2848 5212 amns.
2890 5158 3064 5214 Nolite
3103 5173 3252 5228 ergo,
3295 5158 3489 5215 fratres

1912 5255 2039 5320 mei,
2066 5251 2250 5306 fallere
2273 5251 2651 5320 vosmetipsos,
2677 5251 2798 5321 quia
2821 5251 3039 5306 venistis
3060 5253 3296 5306 studiose
3312 5250 3377 5306 ad
3396 5267 3494 5306 au-

1911 5344 2164 5401 diendum
2221 5342 2467 5409 verbum,
2511 5343 2556 5398 si
2596 5357 2702 5397 non
2746 5341 2914 5398 facitis
2941 5343 3083 5412 quod
3119 5343 3315 5398 auditis
3356 5343 3489 5399 deli-

1910 5435 2121 5492 ciendo.
2153 5433 2392 5501 Cogitate
2418 5434 2464 5489 si
2495 5433 2774 5503 pulchrum
2803 5443 2886 5487 est
2910 5434 3114 5496 audire,
3147 5445 3347 5504 quanto
3375 5451 3491 5488 ma-

1908 5529 1990 5598 gis
2016 5530 2209 5582 racere.
2237 5527 2292 5581 Si
2322 5543 2425 5580 non
2456 5525 2628 5588 audis,
2651 5524 2887 5580 auditum
2920 5525 3163 5595 negligis,
3193 5525 3328 5581 nihil
3356 5527 3487 5581 :edi-

1911 5617 2058 5672 Iicas.
2091 5617 2146 5672 Si
2167 5616 2318 5672 audis
2341 5624 2397 5671 et
2422 5631 2525 5672 non
2553 5614 2706 5684 facis,
2735 5615 2942 5670 ruinam
2971 5605 3225 5672 :ediiicas.
3271 5616 3484 5675 Domini

1973 5733 1993 5771 ο
2018 5738 2172 5790 t-‘orte,
2200 5728 2353 5793 (atad.

2730 5816 2768 5894 ί
2769 5815 2806 5876 1
2812 5815 3154 5877 ’rente—une
3162 5859 3175 5873 .
3176 5815 3214 5892 j
