3886 6188
408 320 552 390 "9‘71

438 444 652 503 ‘Cln-isti
679 452 761 498 est
787 433 972 496 debat:
1000 451 1057 492 re
1085 431 1351 507 proposita
1376 428 1851 503 congruentissima
1876 426 2026 482 simi-

451 534 616 591 litudo
632 552 647 589 :
663 533 763 599 Qui
776 530 938 597 audit,
954 526 1147 598 inquit,
1164 523 1311 581 verba
1327 538 1435 578 mea
1454 523 1582 588 lucc,
1600 529 1645 576 et
1661 520 1780 592 facit
1794 535 1875 585 ea,
1889 519 2029 573 sinti-

453 625 567 682 labo
594 638 706 679 eum
734 637 839 677 mro
867 618 1101 691 prudenti
1124 618 1210 689 qui
1234 614 1455 684 (ediﬁcat
1475 612 1681 668 domum
1707 626 1853 673 suam
1876 626 2029 680 super

447 727 661 788 petram.
695 711 956 768 Descendit
986 709 1178 783 pluvia,
1217 716 1456 764 venerunt
1507 705 1739 775 ﬂumina,
1782 704 2029 774 nituerunt

420 807 597 874 "uenti,
627 813 673 861 et
715 805 1028 874 intpegerunt
1054 802 1107 855 in
1148 798 1354 854 domum
1403 796 1564 860 illam,
1609 806 1656 850 et
1688 800 1803 850 'non
1827 790 2025 849 cecidit.

446 898 623 968 Quare
648 909 752 952 non
782 895 1015 953 cecidit?
1041 891 1281 948 Fundata
1314 891 1446 945 enim
1467 900 1574 945 erat
1616 905 1771 960 super
1808 897 2025 959 petram.

447 989 586 1059 Ergo
604 982 786 1043 audire
821 984 1101 1049 et'l‘aeere,
1153 980 1417 1038 aediﬁcare
1465 988 1550 1036 cst
1589 976 1751 1050 super
1799 985 2025 1050 petram.

446 1079 621 1149 ipsum
656 1078 799 1133 enim
821 1076 1006 1131 audire
1033 1073 1300 1131 aediﬁcare
1327 1080 1427 1128 est.
1459 1070 1559 1138 Qui
1601 1079 1792 1137 autem,
1832 1067 2025 1139 inquit,

447 1172 590 1226 antiit
617 1170 765 1226 verba
786 1186 896 1223 mea
921 1169 1046 1234 lucc,
1070 1168 1120 1223 et
1139 1183 1237 1221 non
1254 1165 1388 1238 ‘facit
1406 1179 1485 1230 ea,
1508 1161 1739 1218 similabo
1780 1177 1895 1216 eaut
1919 1162 2028 1215 uiro

443 1254 598 1309 stulto
619 1255 706 1323 qui
750 1254 994 1322 wdiﬁcat.
1025 1252 1093 1307 Et
1141 1251 1255 1320 ipse
1281 1247 1537 1325 (editioni.
1561 1244 1708 1315 Quid
1757 1244 2029 1301 mditicat.’

440 1346 588 1401 "Ecce
611 1343 830 1414 aediﬁcat
857 1343 1061 1397 domum
1089 1357 1233 1397 suam
1253 1339 1536 1410 :sed‘qui'a
1573 1348 1679 1393 non
1720 1334 1849 1391 facit
1883 1334 2054 1407 quod.

451 1421 619 1500 audit,
648 1442 703 1489 et
724 1430 992 1488 audiendo
1018 1431 1241 1501 aediﬁcat
1267 1440 1422 1501 super
1444 1440 1671 1483 arenam.
1690 1427 1840 1498 Ergo
1865 1441 2028 1497 super

446 1528 686 1592 arenam,
713 1524 805 1595 qui
833 1523 979 1579 audit
1018 1531 1075 1578 et
1108 1536 1211 1576 non
1256 1520 1397 1585 iacit,
1447 1518 1709 1574 aedificat:
1741 1526 1903 1589 super
1927 1522 2026 1587 pe-

445 1626 606 1683 tram,
633 1615 725 1687 qui
748 1614 898 1670 audit
917 1622 973 1669 et
1009 1613 1131 1668 facit
1155 1629 1169 1666 :
1202 1626 1301 1667 nec
1324 1622 1488 1682 super
1509 1619 1750 1674 arenam,
1804 1622 1904 1664 nec
1931 1620 2025 1663 su-

452 1722 549 1777 per
576 1716 779 1778 petram
804 1705 1051 1770 aedificat,
1075 1703 1166 1775 qui
1205 1702 1423 1759 omnino
1453 1714 1558 1757 non
1584 1700 1750 1756 audit.
1770 1696 1908 1756 Vide
1931 1704 2027 1755 a'u-

448 1807 556 1852 tem
586 1795 717 1867 quid
760 1806 1014 1866 sequatur
1042 1812 1057 1848 :
1088 1792 1358 1848 Descendit
1411 1792 1603 1862 pluuia,
1649 1800 1888 1844 venerunt
1926 1791 2027 1859 ﬂu-

446 1888 602 1952 mina,
634 1887 881 1957 [laverunt
911 1886 1062 1952 venti,
1088 1892 1133 1938 et
1154 1884 1466 1953 impegerunt
1510 1882 1564 1935 in
1609 1880 1815 1935 domum
1858 1867 2023 1947 illam,

445 1986 493 2030 et
512 1975 726 2041 cecidit;
751 1983 799 2029 et
826 1974 963 2045 {acta
1010 1982 1100 2036 est.
1122 1974 1270 2027 ruina
1318 1973 1429 2043 ejus
1462 1987 1650 2044 magna
1685 1969 1897 2042 (Matth.
1928 1981 2022 2039 νη,

430 2065 662 2137 ιιι-27).
684 2064 1055 2136 Spectaculum
1081 2063 1412 2119 miserabile!

497 2157 741 2215 ~CAPUT
795 2156 984 2212 lX.--
1023 2156 1078 2213 9.
1136 2154 1257 2210 Non
1307 2155 1505 2220 audire,
1553 2154 1697 2224 quasi
1746 2169 1849 2209 non
1892 2152 2022 2208 tedi-

440 2251 625 2320 ‘ﬁcaro,
652 2250 844 2305 malum
868 2257 961 2304 est.
985 2248 1210 2319 Aitergo
1234 2247 1427 2319 aliquis
1458 2264 1471 2301 :
1498 2244 1651 2315 Quod
1669 2260 1775 2301 non
1800 2259 1919 2301 sum
1951 2244 2027 2300 ia-

422 2341 805 2414 'eturuquutd
825 2341 961 2397 mihi
988 2355 1121 2411 opus
1172 2348 1256 2396 est
1286 2338 1511 2395 audire?
1554 2337 1834 2394 Audiendo
1858 2337 2022 2404 enim,

427 2434 640 2505 ‘ittquit,
662 2442 840 2491 etnon
865 2431 1124 2498 iaciendo,
1154 2431 1364 2486 ruinam
1413 2428 1708 2485 aediﬁcabo.
1727 2427 1915 2484 Nonne
1944 2435 2027 2484 ιιι-

428 2526 555 2582 ‘tius
582 2532 668 2581 est
692 2523 828 2580 nihil
847 2522 1064 2579 audire?
1090 2522 1263 2593 Ipsam
1297 2521 1494 2591 quippe
1522 2529 1726 2591 partem
1770 2519 2025 2576 Dominus

444 2619 500 2673 in
523 2633 619 2674 sua
644 2615 987 2673 similitudine
1005 2613 1279 2685 proposita
1303 2614 1563 2682 attingere
1587 2611 1776 2677 noluit,
1818 2610 1914 2668 sed
1936 2611 2024 2666 in-

450 2707 788 2779 telligendam
812 2705 977 2763 dedit.
1000 2705 1054 2761 In
1070 2704 1179 2761 boc
1192 2704 1348 2761 enim
1371 2703 1592 2772 mulo,
1624 2702 1825 2773 pluvia,
1853 2701 2020 2771 renti,

444 2796 662 2854 ﬂumina
682 2805 790 2854 non
842 2796 1139 2868 quiescunt.
1186 2794 1304 2851 Non
1350 2794 1582 2851 aediﬁcas
1613 2802 2021 2866 super‘petram,

445 2898 504 2946 ut
529 2888 763 2956 veniant,
794 2895 849 2944 et
876 2900 983 2943 non
1029 2895 1080 2943 te
1107 2883 1539 2957 deficiant‘tﬂon
1591 2884 1822 2940 aediﬁcas
1858 2894 2023 2955 super

445 2994 686 3048 arenam,
724 2994 793 3037 ne
817 2992 939 3035 cum
966 2977 1231 3044 venerint,
1272 2976 1489 3033 domum
1536 2974 1828 3046 dejiciant?
1880 2976 2022 3046 Ergo

443 3072 560 3128 sine
582 3071 691 3126 ullo
715 3058 875 3137 tectd,
907 3069 1030 3139 quia
1052 3067 1189 3123 nihil
1204 3067 1379 3135 audis,
1406 3067 1485 3123 sic
1511 3066 1832 3123 remanebis.
1868 3067 2022 3123 Venit

441 3163 641 3233 pluvia,
674 3162 892 3218 veniunt
938 3160 1157 3217 ﬂumina
1188 3179 1204 3216 :
1237 3159 1491 3232 numquid
1517 3160 1636 3217 ideo
1682 3168 1848 3225 ultus,
1899 3162 2021 3231 quia

428 3255 653 3326 traperis
681 3253 896 3310 nudus?
920 3251 1211 3309 Considera
1238 3266 1387 3324 ergo,
1427 3251 1637 3323 qualem
1668 3252 1769 3308 'tibi
1787 3250 2021 3324 elegeris

427 3357 669 3418 mortem.
699 3344 816 3402 Non
835 3344 963 3412 eris,
999 3353 1061 3400 ut
1095 3352 1270 3414 putas,
1298 3358 1405 3399 non
1446 3342 1711 3399 audiendo
1749 3351 1971 3400 securus
2002 3360 2017 3398 :

430 3451 664 3494 necesse
682 3444 764 3493 est
784 3442 837 3492 te
864 3433 1064 3492 nudum
1084 3434 1202 3490 sine
1226 3433 1335 3490 ullo
1359 3441 1501 3489 tecto
1527 3433 1704 3501 obrui,
1728 3432 1862 3499 tolli,
1890 3432 2019 3489 sub-

432 3524 713 3598 μωρῷ.ὃί
763 3538 894 3595 ergo
917 3524 1114 3579 malum
1163 3530 1247 3579 est
1286 3536 1450 3592 super
1485 3534 1704 3578 arenam
1730 3519 2016 3590 :editieare,

443 3618 643 3673 malum
669 3614 910 3672 est'nibil
936 3610 1201 3670 aediﬁcare
1218 3620 1433 3679 ;.restat
1486 3620 1545 3668 ut
1586 3625 1692 3668 non
1717 3612 1788 3667 sit
1819 3612 2018 3668 bonum

443 3711 543 3766 nisi
571 3710 623 3765 in
647 3715 798 3780 petra
818 3704 1101 3764 adiacere.
1124 3703 1315 3760 Italum
1343 3712 1579 3776 estergo
1628 3717 1734 3761 non
1777 3704 1965 3760 audire
2002 3723 2016 3760 :

447 3799 644 3856 malum
674 3805 759 3854 est
783 3796 971 3854 audire
989 3805 1045 3852 et
1073 3810 1179 3852 non
1217 3794 1394 3853 facere
1424 3813 1438 3852 :
1465 3803 1632 3851 restat
1653 3795 1838 3853 audire
1865 3805 1919 3852 et
1942 3795 2019 3853 fa-

439 3907 586 3950 cere.
614 3889 788 3947 Estote
808 3903 938 3962 ergo
958 3892 1177 3961 factores
1213 3887 1368 3956 uerbi,
1396 3896 1442 3942 et
1470 3902 1570 3943 non
1613 3887 1867 3944 auditores
1901 3896 2016 3944 tan-

446 3992 572 4052 tum,
595 3983 828 4056 fallentes
853 3982 1199 4053 vosmetipsos.

502 4073 738 4132 carur
768 4071 840 4129 ι.
860 4098 935 4115 --
961 4071 1047 4129 to.
1087 4071 1303 4129 Auditor
1346 4069 1605 4144 negligens
1660 4070 2016 4143 pradicatoris

434 4166 567 4221 vitta
590 4181 654 4221 ne
675 4172 930 4221 causemr.
953 4163 1083 4221 Post
1106 4161 1247 4219 hanc
1283 4146 1706 4219 exhortationem
1751 4162 1913 4219 timeo
1949 4177 2015 4219 ne

432 4270 552 4313 non
574 4255 739 4313 verbo
763 4255 985 4326 uisam,
1012 4251 1862 4323 seddespcrationecontringam.
1885 4252 2016 4307 For-

442 4349 601 4405 tassis
620 4346 762 4404 enim
780 4345 1000 4417 aliquis,
1024 4344 1108 4401 vel
1136 4359 1294 4412 unus,
1318 4344 1400 4400 vel
1440 4343 1568 4411 duo,
1597 4344 1683 4399 vel
1725 4353 1874 4400 certe
1895 4344 2015 4414 plu-

439 4450 553 4503 res,
576 4437 633 4491 in
660 4436 763 4491 ista
788 4443 967 4490 vestra
992 4432 1253 4504 irqu
1278 4429 1559 4503 praemia
1594 4433 1796 4504 judicia
1828 4448 1933 4502 me,
1959 4444 2015 4492 et

436 4528 831 4585 dicit:Vellcm
854 4524 1012 4595 scire,
1042 4525 1211 4581 silete
1253 4525 1343 4596 qui
1368 4524 1499 4580 mibi
1535 4525 1788 4595 loquitur,
1834 4527 2013 4582 omnia

439 4617 565 4674 facit
585 4630 706 4688 qua
731 4615 955 4685 vellpse
993 4612 1164 4681 audit,
1213 4613 1301 4669 vel
1326 4613 1558 4671 ceteris
1578 4613 1727 4671 dicit.
1760 4614 1892 4671 iluic
1928 4631 2015 4672 ve-

438 4706 676 4779 Qondeo
702 4722 718 4762 :
745 4705 878 4759 lilii
901 4712 1071 4759 autem
1096 4703 1360 4757 minimum
1396 4712 1469 4759 est
1496 4713 1553 4759 ut
1577 4719 1610 4757 a
1654 4704 1790 4760 vobis
1814 4704 2012 4777 dijudi.

434 4813 541 4865 ser,
560 4807 651 4853 aut
675 4798 741 4853 ab
765 4797 988 4852 humu
1010 4795 1112 4850 die.
1134 4793 1397 4864 Quoniam
1421 4803 1477 4850 et
1504 4808 1604 4866 ego
1620 4794 1734 4865 ipse
1751 4811 1816 4852 ex
1837 4797 2011 4868 aliqua

435 4899 605 4966 parte,
631 4888 758 4962 quid
785 4900 926 4944 nunc
944 4887 1068 4953 sim,
1112 4900 1330 4958 possum
1372 4886 1511 4943 scire
1530 4903 1546 4953 ;
1567 4885 1696 4959 quid
1720 4902 1840 4944 cras
1878 4889 2015 4945 futu-

434 4997 529 5040 rus
551 4982 674 5048 sim,
701 4980 904 5039 nescio.
931 4977 1038 5036 Sed
1060 4977 1155 5035 tibi
1178 4977 1248 5035 de
1272 4993 1377 5042 me,
1404 4994 1441 5034 o
1459 4980 1699 5050 quisquis
1726 4980 1797 5036 ita
1823 4996 2011 5039 move-

384 5076 396 5114 ὲ
433 5076 533 5141 ris,
549 5072 802 5130 Dominus
820 5071 1160 5127 securitatem
1171 5068 1337 5126 dedit.
1358 5069 1414 5126 Si
1435 5070 1580 5126 enim
1602 5069 1737 5126 facio
1752 5087 1871 5143 quae
1889 5071 2012 5129 dico

432 5164 517 5221 rei
567 5176 688 5234 qua:
733 5160 925 5226 audio,
948 5160 1230 5215 imitatores
1260 5160 1358 5215 insi
1404 5168 1561 5215 estote
1588 5176 1605 5227 ;
1637 5161 1768 5215 sicut
1822 5171 1871 5216 et
1918 5177 2010 5235 ego

643 5255 703 5328 (I
726 5254 846 5312 Cor.
864 5270 937 5322 Iv,
963 5256 1018 5320 3,
1044 5256 1114 5311 16
1132 5254 1176 5327 ).
1203 5254 1263 5311 Si
1276 5264 1452 5312 autem
1468 5256 1610 5323 dico,
1637 5266 1695 5313 et
1723 5272 1828 5313 non
1850 5257 2006 5326 facio;

437 5350 722 5406 Dominum
746 5348 927 5404 audite
954 5365 969 5404 :
1005 5346 1133 5416 Quae
1167 5347 1362 5415 dicunt,
1390 5350 1574 5420 facite;
1592 5362 1889 5422 quteautem
1930 5353 2010 5421 {a-

430 5444 595 5506 eiunt,
627 5446 792 5513 facere
812 5441 988 5496 nolite.
1019 5439 1159 5511 Ergo
1202 5440 1246 5494 si
1271 5437 1409 5495 bene
1434 5439 1501 5495 de
1529 5456 1614 5497 me
1654 5443 1840 5508 sentis,
1893 5445 2008 5498 lau-

429 5534 526 5588 das
554 5549 640 5588 me
670 5551 685 5588 :
711 5532 755 5587 si
787 5532 927 5587 male
949 5530 1136 5597 sentis,
1169 5545 1390 5587 accusas
1411 5545 1515 5597 me,
1544 5531 1637 5587 sed
1665 5548 1769 5587 non
1787 5549 2008 5590 excusas

432 5633 503 5677 te.
525 5622 802 5689 Quomodo
824 5622 967 5677 enim
995 5630 1047 5693 te
1064 5619 1360 5688 excusabis,
1385 5620 1430 5677 si
1454 5622 1506 5677 in
1528 5623 1723 5678 malum
1752 5624 2009 5694 praedica-

430 5721 604 5767 torem
647 5713 883 5770 veritatis
932 5713 1150 5771 verbum
1196 5715 1291 5772 Dei
1347 5714 1440 5771 tibi
1482 5715 1772 5787 dicentem,
1818 5728 1872 5774 et
1915 5733 2007 5777 sua

1686 315 1742 375 s.
1785 303 2146 373 Aucus‘rm
2188 302 2487 372 Enscop't
3560 322 3649 390 νη

2140 428 2276 482 mala
2303 443 2464 499 Opera
2482 428 2762 486 facicutcm
2782 439 3132 503 contorquens
3149 438 3535 516 accusationem;
3551 461 3649 505 cum

2140 518 2397 576 Dominus
2425 527 2568 589 tuus,
2595 522 2903 594 redemptor
2931 532 3072 593 tuus,
3098 526 3289 584 eil'usor
3314 532 3471 601 pretii,
3496 552 3650 608 δεδι-ε.

2137 623 2269 680 guns
2297 617 2349 667 te
2369 611 2569 667 militiae
2594 627 2728 681 suae.
2755 622 2808 670 et
2849 613 3048 672 faciens
3088 616 3156 673 de
3182 632 3330 677 servo
3348 630 3447 679 'suo
3470 623 3649 686 fratrem

2137 704 2315 765 s'uum,
2349 717 2453 757 non
2472 706 2537 759 'te
2555 703 2765 761 desinat
2788 720 3146 774 commonere,
3177 719 3230 767 et
3277 712 3427 782 dicat,
3450 717 3574 783 ‘Qate
3588 723 3649 775 di.

2135 801 2275 857 cunt,
2302 793 2484 863 facite,-
2506 807 2624 866 quae
2648 798 2814 851 aettem
2839 798 3053 869 faciunt,
3103 802 3264 872 facere
3289 802 3467 860 ttolt't‘e?
3498 801 3649 865 bit-ton

2135 884 2292 951 enim,
2325 884 2516 955 inquit,
2537 894 2585 941 et
2610 903 2714 941 non
2737 888 2932 961 faciunt
2955 888 3163 964 (Matth.
3186 881 3419 966 ιιιιιίδ).
3438 894 3565 955 Bona
3576 896 3648 959 tli-

2118 976 2281 1041 “cunt,
2311 976 2450 1031 mala
2475 974 2674 1033 faciunt
2700 992 2717 1033 :
2740 986 2796 1033 tu
2816 978 2939 1035 audi
2963 979 3122 1048 bona,
3148 990 3205 1038 et
3227 985 3330 1039 noli
3354 984 3509 1044 facere
3522 994 3647 1055 ntus.

2120 1062 2233 1122 ’liic
2287 1065 2634 1139 respbndebls
2656 1080 2680 1126 ‘:
2705 1070 2984 1141 Quorundo
3028 1074 3185 1130 a‘ltdlo
3210 1069 3354 1132 bona
3390 1079 3451 1135 ab
3466 1080 3649 1144 Mittite

2134 1152 2315 1305 ungo}?
2340 1156 2603 1282 quitquid
2623 1161 2883 1233 ’colli‘guttt
2919 1164 2983 1219 de
3026 1162 3185 1235 spinis
3232 1172 3350 1222 does
3377 1166 3410 1243 ‘(
3428 1160 3510 1225 ‘id.
3547 1180 3620 1239 tu,

2296 1254 2349 1305 al
2366 1292 2378 1304 .

2296 1266 2378 1304 (Ιὶῖ

2360 1250 2386 1282 .

2220 1245 2241 1321 )
2276 1248 2378 1322 (α).
2590 1342 2818 1402 SERMO
2844 1332 3082 1403 ccxxx
3113 1352 3131 1372 ι
3160 1348 3256 1420 (ὑ).

2134 1451 2212 1508 De
2238 1453 2398 1509 verbis
2421 1457 2639 1527 apostoli
2685 1456 2884 1524 Jacobi,
2927 1461 3065 1516 Ante
3103 1460 3277 1515 omnia
3301 1462 3450 1518 nolite
3486 1464 3649 1535 jurarc,

2588 1555 2714 1615 etc.,
2743 1563 2859 1618 cap.
2891 1564 2944 1613 ν,
2993 1550 3066 1620 ᾗ.
3101 1549 3166 1604 12
3197 1548 3285 1623 (c).

2201 1657 2427 1716 CAPUT
2457 1658 2738 1718 PRIMUM.
2762 1692 2835 1703 --
2865 1664 2914 1717 i.
2945 1662 3026 1717 De
3052 1665 3274 1719 cauenda
3300 1664 3538 1737 iuratione
3574 1675 3649 1724 ad-

2131 1751 2361 1806 monitio.
2382 1752 2564 1807 Pritna
2609 1753 2765 1809 lectio
2803 1769 2922 1825 qua:
2971 1755 3129 1812 nobis
3155 1757 3309 1813 hodie
3358 1761 3551 1817 recitata
3587 1773 3651 1819 est

2131 1841 2357 1910 apostoli
2378 1841 2578 1907 Jacobi,
2605 1843 2782 1907 oblata
2826 1844 2980 1900 nobis
3004 1852 3091 1901 est
3117 1846 3183 1901 ad
3222 1846 3573 1915 disserendum.
3611 1863 3653 1908 st

2132 1929 2361 2002 quodam
2392 1932 2551 1986 modo
2576 1932 2790 1988 indicta.
2812 1933 3047 1990 lutentos
3073 1935 3219 1990 enim
3233 1952 3320 1992 vos
3350 1937 3478 2004 fecit,
3503 1940 3651 1996 adms-

2131 2035 2265 2076 neus
2292 2032 2416 2077 ante
2463 2022 2646 2078 omnia
2701 2038 2772 2080 ne
2805 2023 3014 2095 jurelis.
3062 2026 3308 2083 Difﬁcilis
3334 2030 3535 2099 quiestio
3568 2041 3649 2087 est.

2132 2109 2245 2169 Hoc
2289 2121 2562 2181 peccaturo
2593 2129 2751 2183 quem
2777 2129 2883 2171 non
2911 2124 3283 2183 rcumteneat,
3305 2118 3348 2173 si
3369 2119 3534 2189 jurare
3556 2137 3650 2192 pec-

2131 2210 2309 2258 eatum
2330 2204 2453 2259 est?
2478 2203 2607 2260 Nam
2631 2206 2920 2276 periurium
2943 2217 3224 2277 peccatum
3263 2224 3398 2275 esse,
3425 2220 3473 2266 et
3494 2210 3652 2281 gratiis

2130 2304 2441 2367 peccatum,
2501 2312 2660 2353 nemo
2718 2298 2945 2355 dubitat.
2987 2298 3101 2356 Sed
3154 2315 3259 2356 non
3291 2302 3364 2356 ait
3402 2302 3650 2373 Apostolus,

2118 2385 2198 2443 .dc
2258 2387 2408 2458 cujus
2452 2388 2682 2446 lectione
2737 2398 3043 2457 tractamus,
3081 2390 3220 2446 Ante
3280 2392 3465 2456 omnia,
3511 2396 3653 2462 fratres

2129 2477 2250 2545 mei,
2289 2479 2451 2535 nolite
2503 2480 2805 2550 periurare;
2850 2481 2966 2547 sed,
3025 2483 3189 2545 nolite
3237 2484 3419 2551 iurare.
3468 2481 3654 2538 Preces-

2130 2568 2202 2624 sit
2266 2569 2427 2625 etiam
2486 2570 2653 2642 ipsius
2723 2571 2930 2626 Domini
2990 2571 3132 2629 Jesu
3187 2572 3375 2633 Christi
3423 2574 3469 2629 in
3516 2554 3652 2628 Evan-

2130 2660 2266 2730 gelio
2289 2661 2477 2718 similis
2496 2661 2788 2722 admonitio
2815 2680 2829 2714 :
2863 2662 3122 2730 Audistis,
3162 2664 3343 2735 inquit,
3367 2656 3474 2734 quia
3507 2665 3654 2717 dictust

2130 2758 2203 2807 cst
2228 2752 2468 2824 antiquis,
2496 2750 2617 2809 Non
2634 2752 2915 2825 petjurabis
2946 2769 2966 2808 :
2984 2770 3074 2826 ego
3108 2767 3277 2809 autent
3298 2755 3402 2811 dico
3427 2754 3559 2820 vobis,
3580 2771 3652 2807 ao-

2129 2844 2427 2915 litejurare,
2452 2861 2719 2917 nequeper
2745 2846 2946 2914 celum,
2976 2848 3101 2917 quia
3128 2849 3269 2905 sedes
3287 2848 3378 2905 Dei
3420 2858 3654 2916 unum

2118 2951 2219 3006 per
2246 2943 2449 2998 terram,
2474 2936 2595 3006 quia
2636 2934 2908 2991 scabellunt
2932 2947 3006 2993 est
3027 2938 3230 3009 .pedutu
3249 2939 3383 3011 ejus;
3434 2956 3566 3010 neque
3582 2953 3655 3009 per

2127 3034 2278 3095 caput
2313 3035 2454 3079 tuum
2478 3026 2704 3098 jurabis,
2744 3027 2863 3098 quia
2916 3044 3019 3082 non
3046 3030 3147 3084 tibi
3173 3041 3245 3086 est
3292 3040 3494 3102 potestas
3520 3035 3653 3101 {uas

2128 3132 2285 3171 unum
2332 3118 2574 3189 capillum
2606 3119 2778 3175 album
2818 3129 2905 3175 aut
2947 3121 3179 3193 nigrum.
3216 3124 3300 3179 Sit
3343 3133 3493 3179 autem
3523 3137 3653 3178 sem

2124 3216 2305 3275 uester,
2329 3205 2445 3273 Est,
2469 3219 2578 3273 est;
2599 3204 2740 3279 Non,
2768 3227 2871 3266 non
2895 3227 2914 3266 :
2937 3213 2983 3267 si
3006 3213 3141 3283 quid
3160 3215 3371 3287 amplius
3388 3226 3471 3282 est,
3501 3231 3531 3268 ο
3548 3215 3652 3267 male

2125 3308 2198 3352 est
2220 3294 2429 3371 (Matth.
2454 3315 2505 3367 ν,
2522 3290 2730 3373 33-57).
2756 3301 2888 3358 lluic
2910 3301 3204 3360 dominica:
3223 3304 3542 3361 admonitioni
3564 3318 3651 3359 tuc-

2127 3397 2330 3444 morata
2350 3388 2589 3458 Aposmli
2614 3391 2778 3447 lectio
2816 3393 3034 3448 omnino
3076 3395 3167 3451 sic
3184 3395 3434 3466 congruit,
3462 3403 3511 3450 ut
3549 3392 3649 3447 nihil

2126 3472 2270 3533 aliud
2324 3478 2465 3534 Deus
2503 3478 2729 3550 iussisse
2762 3481 2997 3541 videatur
3020 3500 3041 3539 ηε
3069 3485 3203 3555 quia
3245 3486 3414 3541 nullus
3436 3482 3648 3540 aliusboc

2125 3568 2279 3637 dixit,
2307 3584 2466 3641 quam
2496 3569 2586 3626 ille
2600 3570 2690 3641 qui
2710 3586 2811 3645 per
2830 3574 3152 3643 Apostolusn
3174 3575 3305 3631 dixit
3323 3592 3341 3631 :
3359 3575 3475 3630 Ante
3497 3572 3645 3639 anulis,

2127 3660 2320 3732 inquit,
2346 3665 2529 3733 fratres
2548 3664 2664 3733 mei,
2693 3664 2847 3719 nolite
2856 3666 3059 3737 furare,
3092 3683 3254 3739 neque
3279 3685 3366 3739 per
3386 3669 3562 3732 celum,
3579 3679 3648 3720 tu-

2125 3768 2221 3824 que
2243 3770 2335 3826 per
2362 3763 2571 3821 terram,
2598 3772 2757 3827 neque
2780 3756 2924 3811 aliud
2966 3759 3323 3831 quodcumque
3343 3760 3643 3829 iuramenta»

2127 3842 2211 3901 Sit
2235 3855 2404 3901 autem
2439 3864 2602 3903 sermo
2627 3858 2805 3916 uester,
2828 3847 2942 3919 Est,
2969 3860 3083 3918 est;
3119 3851 3263 3921 Non,
3281 3869 3396 3907 non.
3421 3851 3519 3907 Nisi
3538 3847 3644 3921 quod

2124 3937 2226 3995 iste
2253 3939 2475 4008 addidit,
2500 3939 2629 3995 Ante
2655 3942 2825 3996 omnia
2856 3958 2875 3997 :
2901 3958 2969 3999 ex
2996 3959 3109 4015 quo
3132 3946 3355 4001 multum
3376 3944 3488 4001 fecit
3510 3944 3644 4013 intert-

2125 4039 2229 4099 tos,
2257 4032 2506 4102 auxitque
2520 4032 2882 4092 difﬁcultatem
2904 4037 3209 4107 qurestioni.

2192 4120 2415 4179 CAPUT
2455 4120 2516 4178 ll.
2547 4154 2618 4164 —
2644 4123 2700 4179 2.
2720 4124 2922 4181 Juretio
2958 4114 3074 4183 licet
3102 4147 3137 4184 a
3176 4129 3286 4185 Deo
3324 4126 3643 4201 usurpata.“-

2124 4213 2435 4270 nutrimen
2453 4217 2714 4288 fugienda.
2756 4216 3050 4290 Perjurium
3073 4232 3198 4292 quot
3236 4223 3394 4278 modis
3430 4216 3640 4289 contingit.

2123 4304 2424 4361 invenimus
2469 4308 2611 4363 enim
2655 4309 2865 4379 jurasse
2916 4322 3150 4379 sanctos,
3185 4313 3395 4383 jurasse
3451 4310 3643 4383 primitus

2125 4397 2297 4468 ipsum
2317 4397 2622 4468 Dominum,
2651 4400 2701 4455 in
2732 4415 2836 4471 quo
2887 4416 2994 4457 non
3020 4412 3105 4458 est
3132 4405 3352 4460 omnino
3401 4410 3640 4473 peccatum.

2122 4485 2160 4542 Ι
2164 4488 2323 4544 aravit
2347 4486 2614 4557 Daminus,
2646 4501 2691 4546 et
2715 4509 2817 4548 non
2841 4493 3094 4563 ptunitebit
3120 4511 3237 4549 eum
3255 4512 3275 4549 :
3295 4493 3438 4550 Tua
3458 4488 3643 4553 merda!

2124 4579 2176 4632 in
2197 4589 2460 4653 atternum,
2478 4582 2751 4639 secundtmt
2769 4583 2995 4639 ordinent
3010 4583 3539 4654 MelchisedecMPsal.
3560 4595 3640 4642 cu.

2120 4666 2199 4743 4).
2231 4668 2606 4728 Ᾱεῖιθτιιίιιιιθιιι
2646 4673 2925 4731 sacerdotii
2956 4675 3092 4732 Filio
3114 4691 3240 4733 eum
3258 4676 3511 4747 jtu'atione
3548 4686 3643 4745 pro-

2123 4759 2287 4816 misit.
2314 4760 2489 4818 llabes
2514 4763 2696 4831 etiam,
2725 4763 2825 4819 Per
2845 4768 3193 4846 memetipsum
3204 4773 3349 4838 jura,
3377 4766 3489 4822 dicit
3507 4760 3642 4822 0οωὶ-

2122 4868 2218 4921 n_ns
2263 4849 2416 4922 (Gen.
2445 4869 2573 4921 nu,
2608 4854 2716 4931 l6).
2750 4855 2815 4909 Et
2860 4855 2987 4911 illud
3007 4858 3206 4926 juratio
3249 4867 3352 4925 est,
3415 4854 3519 4911 Vivo
3555 4865 3640 4922 rgo.

2120 4943 2242 4996 dicit
2296 4938 2543 4998 Dominus
2584 4942 2768 5016 (Nam.
2793 4960 2901 5013 xiv,
2929 4946 3047 5018 28).
3081 4948 3361 5013 Quomodo
3404 4946 3545 5005 homo
3568 4950 3642 5011 pet

2123 5036 2310 5104 Deum,
2340 5038 2419 5092 sic
2449 5037 2589 5092 Deus
2608 5051 2704 5108 per
2727 5050 2785 5093 se
2812 5038 3002 5109 ipsum.
3031 5038 3143 5095 Non
3167 5049 3249 5096 est
3269 5054 3392 5113 ergo
3412 5022 3641 5111 peccatum

2115 5233 2513 5350 ho;t':otlatttsad
2549 5235 2739 5286 bn.cb.
2780 5236 2838 5287 ts.
2880 5251 2952 5301 pr.
2977 5249 3069 5287 rm.
3123 5237 3203 5288 vd.
3248 5244 3443 5293 Amat.
3480 5240 3526 5285 et
3561 5239 3642 5281 ιν.

2180 5358 2255 5421 (a)
2275 5357 2581 5424 pllnmerius
2594 5357 2708 5409 huic
2722 5360 2934 5424 sermoni
2950 5357 3108 5424 aliqua
3120 5359 3301 5424 deesse
3313 5360 3533 5424 annotavit
3549 5358 3641 5424 ante

2117 5414 2454 5483 Levahienses.
2480 5426 2529 5469 tn
2552 5426 2717 5470 nostro
2738 5422 2898 5483 reirsa
2919 5414 3225 5483 Germanensi
3241 5422 3416 5483 codice,
3433 5414 3639 5483 amicior-

2115 5483 2239 5531 sitan
2277 5481 2549 5542 descriptus
2581 5488 2632 5531 et
2666 5477 2935 5543 publicatus
2957 5481 3063 5543 fuit,
3097 5477 3635 5543 imperfectusiurenitur.

2118 5554 2285 5592 eme
2307 5543 2630 5599 amanuensis,
2655 5544 2737 5605 qui
2768 5543 2827 5590 ad
2851 5544 2954 5592 lucc
2991 5546 3152 5601 verba,
3186 5560 3209 5587 ι
3228 5543 3291 5593 de
3327 5543 3465 5605 spinis
3486 5547 3592 5592 um.
3615 5549 3633 5577 ι

2115 5605 2364 5666 subiunxit
2388 5611 2676 5666 postremam
2699 5611 2891 5666 partem
2910 5605 3144 5666 sermonis
3164 5605 3237 5655 £9.

2179 5663 2252 5790 Et);
2430 5665 2495 5714 de
2524 5665 2690 5713 Verbis
2700 5663 2911 5726 ’Apostnli
2934 5663 3012 5714 ﬂ.

2201 5740 2229 5777 c
2272 5734 2451 5776 Citatur
2468 5739 2495 5776 a
2511 5727 2645 5777 Floro
2658 5726 2717 5777 ad
2739 5733 2753 5775 ι
2775 5734 2878 5777 cor.
2906 5738 2984 5779 κιο.

2201 5726 2251 5779 ci
2272 5728 2451 5776 Citatur
2468 5739 2495 5776 a
2511 5727 2645 5777 Floro
2658 5726 2717 5777 ad
2739 5733 2753 5775 ι
2775 5734 2878 5777 cor.
2906 5738 2984 5779 κιο.
