3886 6188
213 412 429 488 iurare?
457 413 656 483 Durum
685 408 892 466 esthoc
911 408 1090 463 dicere
1113 408 1127 437 ¹
1160 422 1178 458 .:
1206 411 1262 460 et
1284 401 1535 474 quoniam
1561 400 1793 456 diximus

211 506 384 565 Deum
408 506 642 576 iurasse,
672 517 829 573 quam
852 499 1220 570 blasphemum
1234 505 1317 551 est
1341 496 1441 548 hoc
1461 493 1674 548 dicere?
1700 490 1796 546 Ju-

210 610 298 663 rat
326 599 467 653 Deus
497 596 586 666 qui
610 603 883 665 peccatum
907 605 1012 645 non
1043 588 1203 643 habet
1231 602 1246 640 :
1280 599 1386 640 non
1415 598 1544 654 ergo
1561 589 1643 637 est
1671 594 1798 652 pec-

211 701 391 748 catum
410 689 627 760 iurare;
656 685 750 742 sed
779 683 944 754 magis
961 688 1235 752 peccatum
1264 685 1346 733 est
1366 677 1631 746 peierare.
1662 671 1796 726 For-

209 793 357 839 tasse
385 781 505 852 quis
531 778 673 833 dicat
717 791 824 830 non
855 789 974 830 esse
1000 767 1407 841 proponendum
1460 764 1528 820 de
1572 763 1799 852 Domino

215 877 324 932 Deo
344 851 630 944 iurationis
649 865 970 936 exemplum.
1007 863 1146 916 Deus
1171 861 1314 915 enim
1343 865 1444 920 est,
1475 862 1530 910 et
1555 853 1693 908 forte
1723 851 1798 905 illi

213 969 310 1025 soli
336 963 595 1036 competit
613 962 815 1033 iurare,
842 957 931 1029 qni
967 971 1072 1010 non
1121 961 1295 1024 potest
1323 951 1582 1021 peierare.
1613 944 1797 1000 llomi-

214 1074 310 1114 nes
339 1055 486 1112 enim
529 1053 720 1108 falsum
767 1051 969 1121 iurant,
997 1047 1081 1102 vel
1110 1060 1230 1101 cum
1261 1041 1472 1105 fallunt,
1528 1038 1614 1093 vel
1671 1050 1795 1090 eum

209 1148 490 1205 falluntur.
520 1145 626 1199 Aut
650 1141 792 1196 enim
821 1146 966 1210 putat
990 1138 1149 1191 homo
1176 1147 1358 1189 verum
1387 1144 1507 1185 esse
1535 1125 1675 1198 quod
1699 1125 1798 1179 fal-

209 1255 328 1294 sum
357 1247 459 1302 est,
485 1244 542 1290 et
583 1241 787 1289 temere
824 1230 966 1300 iurat
995 1246 1008 1282 :
1037 1235 1126 1282 aut
1164 1225 1264 1280 scit
1285 1223 1371 1279 vel
1414 1228 1564 1291 putat
1605 1217 1794 1272 falsum

209 1336 427 1397 esse,et
448 1339 623 1383 tamen
672 1339 784 1397 pro
803 1336 932 1377 vero
969 1320 1132 1390 iurat,
1169 1325 1224 1372 et
1279 1311 1627 1368 nihilominus
1674 1321 1793 1363 cum

209 1395 418 1478 scelere
438 1420 603 1490 iurat.
632 1395 836 1471 Distant
881 1420 1058 1466 autem
1105 1410 1203 1464 ista
1239 1405 1488 1476 periuria,
1533 1415 1651 1471 qua:
1691 1399 1797 1451 duo

206 1509 646 1570 commemoravi.
690 1505 796 1560 Fac
838 1503 984 1557 illum
1038 1500 1237 1568 iurare,
1282 1495 1373 1566 qui
1416 1507 1601 1547 vertun
1651 1495 1798 1558 putat

209 1619 349 1668 esse,
396 1617 494 1672 pro
540 1615 646 1670 quo
687 1597 868 1667 iurat:
900 1607 1086 1647 verum
1143 1596 1291 1658 putat
1340 1599 1482 1649 esse,
1530 1573 1584 1636 et
1618 1588 1793 1634 tamen

209 1669 413 1750 falsum—
484 1669 586 1746 est.
639 1688 758 1743 Non
819 1701 884 1740 ex
943 1683 1120 1736 animo
1171 1681 1272 1734 iste
1337 1675 1602 1746 periurat;
1658 1669 1795 1724 falli-

209 1796 315 1851 tur,
349 1784 453 1838 bac
485 1797 583 1853 pro
627 1794 756 1834 vero
797 1777 952 1830 habet
992 1771 1133 1844 quod
1183 1769 1370 1822 falsum
1414 1773 1528 1828 est;
1567 1777 1670 1816 non
1698 1775 1794 1829 pro

208 1893 266 1932 re
343 1875 474 1928 falsa
535 1873 711 1927 sciens
751 1867 1067 1938 iurationem
1143 1858 1450 1930 interponit.
1506 1856 1578 1937 Da
1631 1853 1794 1906 alium

207 1969 296 2040 qui
329 1967 431 2022 scit
450 1963 641 2018 falsum
667 1975 806 2024 esse,
833 1967 886 2013 et
909 1956 1038 2010 dicit
1057 1967 1243 2009 verum
1262 1962 1412 2008 esse;
1435 1956 1488 2001 et
1506 1945 1649 2015 iurat
1678 1953 1796 1996 tan-

207 2035 366 2131 quam
391 2069 574 2110 verum
598 2051 686 2114 sit,
718 2048 858 2120 quod
888 2046 988 2102 scit
1016 2043 1203 2098 falsum
1233 2055 1374 2095 esse.
1397 2035 1603 2091 Videtis
1633 2047 1792 2102 quam

207 2127 302 2205 ista
331 2143 648 2204 detestanda
671 2143 740 2196 sit
765 2140 960 2203 bellua,
993 2143 1048 2190 et
1073 2135 1139 2189 de
1162 2133 1320 2188 rebus
1345 2127 1598 2184 humanis
1622 2134 1793 2179 extero

203 2235 502 2294 minanda?
522 2235 652 2302 Quis
681 2232 821 2288 enim
849 2229 952 2282 hoc
992 2225 1105 2281 ﬁeri
1124 2222 1286 2278 velit?
1317 2221 1515 2276 Omnes
1548 2217 1796 2297 homines

199 2331 331 2386 talia
361 2328 722 2385 detestantur.
763 2323 872 2378 Fac
918 2320 1103 2384 alium,
1131 2323 1285 2386 putat
1325 2312 1510 2366 falsum
1566 2323 1705 2372 esse,
1741 2315 1798 2362 et

199 2422 347 2492 iurat
369 2430 622 2491 tanquam
651 2431 833 2472 verum
869 2414 956 2479 sit,
981 2420 1036 2467 et
1076 2409 1212 2467 forte
1254 2419 1444 2460 verum
1491 2409 1592 2457 est.
1633 2398 1796 2454 Verbi

197 2512 397 2584 gratia,
426 2518 487 2565 ut
528 2506 853 2578 intelligatis,
879 2503 1026 2559 Pluit
1073 2502 1126 2556 in
1177 2499 1266 2554 illo
1311 2494 1466 2550 loco?
1506 2493 1797 2584 interrogas

199 2583 520 2666 hominem;
549 2607 889 2670 etputatnon
913 2595 1136 2666 pluisse,
1165 2599 1218 2647 et
1240 2588 1306 2644 ad
1328 2586 1600 2658 negotium
1631 2583 1798 2653 ipsius

199 2694 483 2766 competit,
520 2700 577 2746 ut
606 2691 767 2756 dicat,
800 2689 973 2744 Pluit:
997 2685 1091 2742 sed
1117 2691 1271 2754 putat
1312 2694 1420 2736 non
1450 2678 1683 2749 pluisse;
1711 2673 1796 2766 di—

201 2764 346 2842 citur
367 2786 439 2851 ei,
471 2783 608 2838 Vere
645 2781 819 2852 pluit?
858 2778 1020 2843 Vere,
1053 2787 1108 2831 et
1138 2775 1284 2846 iurat
1314 2778 1407 2828 :et
1449 2779 1626 2826 tamen
1666 2764 1798 2836 pluit

205 2877 300 2941 ibi,
332 2874 429 2930 sed
450 2873 543 2928 ille
567 2872 759 2939 nescit,
786 2879 840 2926 et
857 2876 1008 2940 putat
1026 2881 1132 2921 non
1163 2864 1396 2938 pluisse;
1415 2861 1664 2933 periurus
1689 2865 1790 2914 est.

201 2964 438 3022 Interest
461 2961 908 3035 quemadmodum
931 2958 1156 3015 verbum
1203 2953 1461 3028 procedat
1499 2969 1566 3009 ex
1592 2950 1794 3006 animo.

208 3057 376 3112 licam
408 3055 641 3126 linguam
657 3068 767 3109 non
790 3051 932 3117 facit,
961 3049 1064 3105 nisi
1097 3061 1248 3103 mens
1294 3061 1407 3103 rea.
1433 3044 1565 3114 Quis
1593 3051 1676 3099 est
1699 3059 1796 3098 au—

206 3157 316 3202 tem
362 3146 455 3218 qui
507 3161 614 3201 non
668 3143 900 3208 fallatur,
949 3141 1048 3196 etsi
1092 3137 1262 3194 noluit
1306 3135 1523 3191 fallere?
1562 3135 1693 3204 Quis
1716 3141 1799 3190 est

205 3237 372 3293 homo
392 3238 476 3292 cui
498 3252 603 3291 non
630 3233 884 3303 subrepat
913 3229 1154 3285 fallacia?
1184 3229 1252 3283 Et
1278 3237 1454 3282 tamen
1499 3225 1698 3296 iuratio
1731 3224 1797 3280 ab

205 3346 303 3385 ore
331 3344 438 3384 non
465 3327 710 3392 discedit,
741 3324 1140 3394 frequentatur:
1171 3321 1320 3389 plura
1344 3317 1798 3387 suntplerumquc

198 3423 526 3495 iuramenta,
551 3434 710 3490 quam
726 3418 907 3472 verba.
930 3415 986 3470 Si
1015 3413 1263 3468 discutiat
1291 3412 1453 3466 homo
1473 3411 1682 3482 quoties
1705 3408 1795 3478 iu-

202 3515 291 3572 ret
323 3528 419 3584 per
439 3521 609 3567 totum
636 3510 801 3575 diem,
837 3508 1044 3578 quoties
1069 3521 1128 3561 se
1156 3505 1421 3568 vulneret,
1447 3501 1655 3573 quoties
1676 3500 1795 3570 gla-

202 3609 298 3662 dio
328 3606 523 3676 lingua:
551 3619 610 3659 se
635 3603 792 3658 feriat
814 3600 1175 3670 ettransligat,
1195 3599 1312 3669 quis
1338 3599 1393 3652 in
1415 3597 1504 3651 illo
1535 3596 1684 3650 locus
1711 3595 1794 3647 in-

205 3696 427 3752 venitur
445 3693 646 3748 sanus?
665 3692 799 3760 Quia
825 3706 952 3760 ergo
996 3705 1160 3760 grave
1205 3696 1478 3756 peccatum
1529 3695 1613 3740 est
1647 3685 1794 3754 peie-

201 3803 350 3852 rare,
374 3783 751 3854 compendium
781 3781 874 3835 tibi
913 3779 1062 3835 dedit
1101 3779 1397 3848 Scriptura,
1431 3775 1548 3830 Noli
1591 3775 1792 3846 iurare.

275 3876 506 3933 CAPUT
542 3875 628 3929 Ill.
651 3876 791 3930 —3.
839 3872 1136 3927 Periculum
1175 3869 1384 3941 perjurii
1422 3869 1480 3922 in
1512 3867 1793 3938 juratione.

204 3969 347 4038 Quid
377 3967 469 4022 tibi
491 3965 733 4021 dicturus
759 3980 876 4020 sum
911 3962 1098 4016 homo!
1134 3960 1328 4016 Verum
1355 3958 1512 4030 iura?
1536 3958 1672 4012 Ecce
1700 3972 1794 4013 vc-

204 4076 328 4116 rum
362 4060 510 4130 iura,
547 4073 651 4112 non
690 4069 880 4127 peccas
906 4071 924 4109 :
950 4055 994 4108 si
1026 4067 1206 4108 verum
1245 4051 1553 4122 iuras,non
1585 4062 1792 4119 peccas.

205 4152 316 4210 Sed
341 4152 505 4208 homo
534 4151 672 4205 inter
702 4147 1019 4202 tentationes
1048 4145 1281 4215 positus,
1314 4157 1474 4198 carne
1508 4141 1793 4208 involutus,

204 4245 426 4303 calcans
453 4255 653 4300 terram
681 4240 780 4297 sub
807 4249 965 4307 terra,
989 4237 1116 4294 dum
1148 4251 1343 4308 corpus
1375 4235 1517 4306 quod
1551 4251 1792 4290 corrum-

209 4344 354 4411 pitur
383 4319 638 4410 aggravat
663 4337 917 4403 animam,
945 4344 1001 4390 et
1018 4334 1269 4406 deprimit
1298 4341 1506 4388 terrena
1538 4331 1796 4387 inhabita-

206 4433 283 4486 tio
307 4444 528 4486 sensum
557 4427 720 4482 multa
748 4424 1069 4497 cogitantem
1097 4423 1253 4495 (Sap.
1275 4439 1350 4488 ix,
1381 4422 1468 4494 15)
1490 4439 1504 4488 ;
1530 4423 1670 4478 inter
1695 4423 1794 4478 ista

208 4522 378 4578 multa
405 4530 494 4576 tua
524 4517 754 4589 cogitata
785 4517 1020 4580 incerta,
1050 4513 1297 4578 volatica,
1328 4513 1666 4583 coniecturas
1691 4512 1792 4567 hu-

207 4627 428 4679 manas,
466 4610 701 4666 fallacias
739 4607 1019 4672 humanas,
1041 4604 1252 4677 quando
1287 4619 1392 4660 non
1427 4601 1668 4674 subrepit
1701 4603 1795 4658 tibi

207 4706 352 4777 quad
375 4704 568 4760 falsum
594 4712 700 4769 est,
727 4700 901 4772 posito
927 4699 978 4754 iu
1004 4698 1220 4769 regione
1245 4696 1530 4756 falsitat'u?
1558 4697 1648 4752 Vis
1667 4711 1796 4767 ergo

210 4799 373 4870 longe
399 4810 525 4854 esse
552 4810 582 4848 a
614 4790 884 4866 periurio?
911 4790 1099 4847 Jurare
1143 4789 1273 4844 noli.
1300 4789 1401 4856 Qui
1436 4789 1581 4844 enim
1613 4787 1793 4858 iurat,

207 4888 496 4961 aliquando
522 4902 708 4943 verum
732 4887 914 4955 iurare
939 4890 1150 4955 potest;
1176 4881 1264 4950 qui
1294 4890 1471 4936 autem
1502 4895 1606 4936 non
1628 4876 1794 4948 iurat,

208 4981 550 5036 mendacium
569 4978 751 5047 iurare
778 4988 1046 5044 nunquam
1075 4979 1267 5041 potest.
1296 4970 1448 5026 Juret
1473 4983 1602 5038 ergo
1626 4970 1793 5035 Deus,

206 5074 300 5144 qui
324 5074 470 5142 iurat
499 5085 740 5138 securus,
773 5082 928 5138 quem
958 5065 1088 5118 nihil
1119 5062 1268 5126 fallit,
1299 5077 1456 5131 quem
1488 5061 1621 5115 nihil
1647 5061 1794 5126 latet,

210 5165 300 5234 qui
326 5162 550 5218 omnino
576 5159 758 5214 fallere
787 5159 1011 5227 ignorat,
1037 5153 1159 5224 quia
1186 5168 1284 5206 nec
1310 5151 1420 5205 falli
1444 5160 1638 5222 potest.
1667 5152 1796 5206 Cum

211 5259 358 5314 enim
386 5257 568 5327 iurat,
609 5269 668 5308 se
707 5250 923 5306 adhibet
951 5257 1163 5304 testem.
1190 5243 1469 5314 Quomodo
1493 5253 1546 5298 tu
1571 5259 1692 5298 cum
1712 5245 1797 5312 iu-

209 5363 321 5409 ras.
355 5349 520 5402 Deum
547 5345 770 5401 adhibes
792 5350 1016 5407 testem;
1044 5340 1122 5396 sic
1148 5339 1260 5408 ipse
1279 5353 1400 5394 cum
1418 5337 1600 5407 iurat,
1629 5352 1686 5392 se
1715 5345 1797 5391 tc—

211 5452 352 5495 stem
381 5438 615 5493 adhibet.
640 5435 722 5490 Tu
750 5433 963 5505 quando
990 5431 1137 5486 illum
1168 5429 1389 5484 adhibes
1418 5436 1630 5494 testem,
1663 5429 1798 5482 forte

281 5578 294 5607 ι
321 5573 468 5636 mgd.
495 5581 547 5624 et
587 5579 707 5621 ven.
732 5584 746 5621 :
774 5579 872 5621 Non
891 5575 962 5636 est
983 5580 1099 5634 ergo
1119 5565 1579 5636 peccatumjurare,
1595 5565 1682 5616 sed
1705 5566 1797 5636 dit-

209 5627 461 5750 rgttnumzvltc.
482 5637 556 5685 sic
571 5636 723 5744 stium
743 5639 816 5682 Er.
844 5627 1247 5700 quitanien'post
1265 5627 1454 5688 vocem,
1471 5629 1663 5688 durum,
1685 5627 1796 5691 adii-

210 5711 256 5752 α
281 5733 299 5759 .
419 5710 515 5748 um.
611 5733 623 5744 .

1560 283 1792 342 SERMO
1829 283 2085 342 CLXXX.

3382 294 3486 354 9ῖῶ

1906 413 2064 469 supra
2107 399 2438 456 mendacium
2485 411 2630 459 tuum
2657 445 2670 470 ,
2714 406 2912 478 accipis
2951 408 3003 462 in
3045 423 3237 466 vanum
3287 426 3482 465 nomen

1903 489 2113 545 Domini
2147 491 2237 546 Dei
2267 493 2341 548 tui
2367 493 2565 564 (Exod.
2608 511 2710 562 xx,
2737 498 2816 568 7).
2860 499 2939 554 Ne
2977 516 3104 570 ergo
3145 502 3480 559 mendacium

1897 580 2069 650 iures,
2102 583 2211 636 noli
2231 581 2434 652 iurare.
2472 583 2590 656 Ipsa
2619 595 2702 642 cst
2731 589 2994 659 angustia.
3027 589 3319 659 Periurium
3346 606 3485 661 pra:-

1901 671 2161 742 cipitium.
2186 673 2285 740 Qui
2316 675 2491 746 iurat,
2520 675 2663 747 iuxta
2689 687 2808 734 est:
2835 679 2927 751 qui
2968 695 3072 735 non
3109 682 3285 751 iurat,
3325 683 3486 756 longe

1901 769 2003 862 est.
2037 763 2235 862 Peccat
2254 773 2312 820 et
2339 767 2571 836 graviter
2597 769 2683 839 qui
2713 767 2902 826 falsum
2935 771 3081 842 iurat
3107 789 3122 828 :
3150 787 3255 830 non
3301 787 3485 848 peccat

1901 852 1992 921 qui
2015 867 2198 909 verum
2215 855 2358 926 iurat
2381 873 2395 909 :
2418 857 2514 912 sed
2543 873 2640 913 nec
2665 859 2754 915 ille
2781 869 2982 930 peccat,
3015 861 3104 933 qui
3133 864 3351 922 omnino
3377 844 3484 921 non

1897 942 2058 1010 iurat.
2078 944 2184 1000 Sed
2205 947 2294 1016 qui
2320 963 2423 1002 non
2440 948 2673 1018 iurat,et
2692 966 2796 1007 non
2820 963 3020 1022 peccat,
3043 955 3197 1026 longe
3220 966 3300 1012 est
3317 972 3346 1012 a
3370 973 3487 1028 pec-

1902 1043 2059 1089 cato:
2085 1037 2174 1107 qui
2200 1047 2378 1093 autem
2405 1057 2586 1096 verum
2613 1042 2789 1112 iurat,
2819 1060 2923 1100 non
2953 1055 3173 1115 peccat,
3197 1048 3289 1103 sed
3322 1065 3488 1120 prope

1901 1136 1983 1180 est
2011 1126 2075 1180 ad
2105 1137 2397 1196 peccatum.
2422 1129 2527 1186 Fac
2577 1140 2630 1188 te
2652 1135 2922 1190 ambulare
2950 1137 3003 1191 in
3029 1137 3206 1208 aliquo
3231 1127 3371 1206 loco,
3397 1140 3488 1195 ubi

1901 1231 1931 1270 a
1949 1228 2096 1286 parte
2109 1217 2328 1275 dextera
2346 1223 2578 1292 spatiosa
2599 1226 2668 1280 sit
2686 1235 2846 1294 terra,
2862 1243 2960 1284 nec
2976 1244 3196 1302 usquam
3215 1235 3488 1303 angustias

1901 1309 2154 1377 patiaris;
2178 1325 2207 1364 a
2229 1311 2442 1367 sinistra
2462 1329 2697 1386 prmceps
2717 1317 2866 1373 locus
2885 1327 2985 1374 est.
3004 1319 3104 1376 Ubi
3125 1321 3278 1396 eligis
3298 1324 3488 1382 ambu-

1900 1399 2053 1455 lare?
2090 1400 2263 1472 Super
2305 1403 2464 1459 ﬁnem
2504 1413 2660 1462 terra:
2688 1408 2742 1462 in
2766 1409 2906 1467 labio
2934 1413 3235 1482 prmeipitii,
3267 1430 3333 1468 an
3363 1415 3488 1470 inde

1901 1490 2094 1561 longe?
2117 1492 2255 1548 Puto
2279 1495 2400 1566 quia
2431 1496 2554 1552 inde
2582 1497 2758 1568 longe.
2787 1497 2877 1555 Sic
2902 1509 2956 1557 et
2977 1503 3065 1573 qui
3094 1503 3256 1573 iurat,
3284 1505 3336 1558 in
3377 1506 3486 1561 line

1901 1583 2166 1649 ambulat;
2198 1593 2252 1640 et
2279 1587 2518 1641 ambulat
2541 1588 2764 1657 pedibus
2790 1589 3035 1659 infirmis,
3064 1595 3184 1665 quia
3213 1594 3482 1650 humanis.

1899 1671 1955 1728 Si
1984 1673 2269 1730 olienderis
2289 1717 2303 1740 ,
2337 1677 2590 1734 deorsum
2621 1679 2693 1745 is;
2727 1681 2769 1734 si
2801 1681 2977 1750 lapsus
3023 1682 3206 1750 fueris,
3234 1685 3484 1742 deorsum

1902 1763 1965 1818 is.
2001 1766 2066 1820 Et
2111 1767 2236 1836 quid
2265 1777 2316 1822 te
2343 1768 2576 1838 excipit?
2612 1769 2836 1842 Periurii
2877 1787 3052 1842 poena.
3092 1774 3231 1847 Ergo
3269 1775 3486 1838 volebas

1899 1857 2302 1926 verumiurare:
2326 1858 2449 1913 audi
2481 1860 2759 1915 consilium
2791 1861 2902 1928 Dei,
2925 1862 3042 1917 Noli
3063 1864 3266 1933 iurare.

1969 1947 2195 2004 CAPUT
2236 1949 2325 2004 IV.
2345 1981 2414 1991 -—
2434 1951 2486 2006 4.
2526 1951 2708 2006 Verum
2730 1954 2910 2026 jurare
2932 1955 3011 2025 fas
3038 1965 3142 2024 est;
3167 1974 3268 2012 non
3284 1959 3484 2030 furare,

1900 2038 2076 2092 tutius.
2106 2039 2161 2094 Si
2187 2049 2460 2108 peccatum
2493 2050 2636 2097 esset
2660 2043 2858 2112 iuratio
2879 2087 2895 2110 ,
2929 2061 3026 2100 nec
3061 2046 3112 2100 in
3148 2050 3314 2104 veteri
3345 2049 3490 2122 Lege

1899 2126 2188 2192 diceretur,
2217 2129 2334 2184 Non
2358 2133 2668 2203 perjurabia;
2692 2135 2870 2189 reddes
2893 2147 3062 2191 autem
3078 2136 3296 2194 Domino
3310 2141 3488 2211 jusju-

1899 2219 2124 2300 randum.
2161 2229 2299 2272 tuum
2342 2219 2527 2292 (Levit.
2561 2239 2678 2289 tux,
2712 2222 2823 2296 12).
2859 2225 2972 2281 Non
3016 2229 3158 2285 enim
3208 2243 3486 2300 peccatum

1901 2308 2281 2378 praeciperetur
2320 2311 2494 2367 nobis.
2526 2311 2636 2368 Sed
2662 2315 2736 2369 ait
2765 2314 2858 2371 tibi
2897 2317 3036 2373 Deus
3073 2329 3223 2388 tuus,
3255 2320 3310 2377 Si
3334 2323 3486 2392 iura-

1903 2399 2062 2466 veris,
2095 2416 2200 2456 non
2220 2401 2488 2459 damnabo
2513 2422 2527 2460 :
2551 2405 2598 2461 si
2620 2421 2805 2462 verum
2830 2407 3118 2479 iuraveris,
3143 2428 3248 2468 non
3274 2413 3485 2471 damna.

1902 2488 1989 2544 bo.
2032 2489 2142 2546 Sed
2186 2494 2441 2562 numquid
2485 2495 2532 2550 si
2579 2511 2683 2552 non
2729 2497 2990 2567 iuraveris
3034 2500 3343 2560 damnabo?
3368 2506 3482 2564 Duo

1901 2588 2059 2646 sunt,
2103 2579 2304 2652 inquit,
2333 2600 2451 2666 quae
2477 2600 2585 2642 non
2610 2585 2808 2644 damno
2836 2605 3102 2661 unquam;
3131 2609 3312 2651 veram
3333 2597 3485 2667 iura-

1902 2673 2123 2735 tionem,
2147 2684 2201 2729 et
2222 2675 2424 2730 nullam
2461 2677 2787 2748 iurationem
2817 2698 2830 2735 :
2859 2681 3056 2739 damno
3082 2696 3260 2743 autem
3300 2689 3487 2744 falsam

1899 2761 2240 2832 iurationem.
2282 2765 2437 2821 Falsa
2461 2768 2661 2838 iuratio
2686 2771 2908 2826 exitiosa
2957 2781 3079 2840 est,
3123 2791 3248 2832 vera
3288 2778 3489 2848 iuratio
3567 2781 3570 2784 ’

1902 2854 2198 2921 periculosa
2227 2863 2328 2922 est,
2354 2857 2495 2911 nulla
2520 2857 2718 2928 iuratio
2743 2875 2930 2916 secura
2955 2873 3057 2919 est.
3082 2863 3204 2922 Scio
3233 2882 3353 2923 esse
3381 2869 3488 2930 dif-

1904 2942 2098 2998 ficilem
2111 2945 2482 3016 quaestionem,
2502 2957 2554 3003 et
2575 2948 2833 3005 Chai-itali
2855 2962 3046 3008 vestra:
3069 2956 3253 3023 fateor,
3277 2973 3492 3029 semper

1900 3033 2044 3088 illam
2088 3035 2266 3090 vitavi.
2300 3037 2450 3111 Nunc
2493 3049 2668 3094 autem
2712 3056 2834 3097 eum
2879 3043 2965 3098 die
3003 3045 3273 3105 dominico
3308 3050 3490 3110 debito

1904 3127 2161 3183 reddendi
2188 3131 2454 3185 sermonis
2481 3131 2796 3188 recitaretur
2813 3134 3007 3189 eadem
3030 3136 3209 3205 lectio,
3237 3139 3490 3199 divinitus

1902 3219 2031 3273 mihi
2080 3220 2396 3291 inspiratam
2425 3223 2856 3290 ‘esse'credidi,
2907 3239 2963 3282 ut
3012 3228 3136 3288 inde
3179 3241 3484 3288 tractarem.

1905 3310 2038 3364 llinc
2059 3327 2144 3372 me
2166 3312 2345 3369 dicere
2372 3315 2512 3375 Dens
2533 3317 2698 3372 voluit
2721 3336 2734 3369 :
2759 3317 2884 3373 hinc
2910 3335 3003 3379 vos
3022 3322 3490 3382 audire.‘0l)st‘cro

1904 3416 1970 3456 ne
2011 3405 2396 3469 contemnatis,
2427 3405 2650 3460 obsecro
2698 3416 2756 3461 ut
2798 3423 2891 3462 cor
2932 3411 3230 3479 stabiliatis,
3292 3415 3486 3484 lingu."

1902 3493 2226 3549 mobilitates
2271 3497 2506 3552 mutetis.
2557 3496 2671 3552 Non
2717 3498 2913 3554 frustra
2960 3508 3042 3556 est
3087 3504 3346 3570 omnino,
3380 3523 3485 3561 non

1902 3595 2054 3639 vacat
2095 3585 2238 3653 quod
2285 3601 2404 3640 cum
2453 3603 2568 3642 eam
2596 3630 2611 3654 ,
2640 3598 2696 3644 ut
2721 3591 2860 3656 dixi,
2887 3593 3232 3665 qumstionem
3274 3611 3490 3670 semper

1901 3676 2138 3733 devitare
2177 3679 2452 3745 voluerim,
2481 3682 2724 3751 imposita
2771 3691 2865 3746 est,
2899 3685 3201 3743 necessitati
3248 3703 3402 3756 metu,
3433 3702 3490 3750 ut

1903 3770 2208 3840 imponatur
2233 3780 2286 3826 et
2311 3771 2563 3828 Charitati
2588 3782 2802 3830 vestrm.
3443 3833 3445 3836 .

1971 3860 2198 3918 CAPUT
2228 3863 2454 3920 V.—5.
2507 3864 2713 3920 Juratio
2757 3866 2820 3920 ab
2858 3866 3099 3941 Αροειοιο
3140 3869 3386 3929 adhibita.
3423 3874 3490 3929 Ut

1902 3955 2176 4021 noveritis,
2208 3971 2390 4011 verum
2416 3957 2602 4027 iurare
2629 3974 2734 4015 non
2775 3975 2896 4016 esse
2937 3970 3242 4031 peccatum,
3276 3964 3486 4022 inveni-

1904 4061 2021 4101 mus
2061 4056 2115 4102 et
2141 4051 2438 4119 apostolum
2484 4051 2706 4106 Paulum
2731 4053 2942 4122 iurasse
2971 4071 2988 4108 :
3015 4055 3254 4120 Quotidie
3276 4059 3480 4117 moriar.

1901 4157 1990 4208 per
2005 4150 2220 4197 vestram
2237 4143 2474 4212 gloriam,
2504 4148 2703 4214 fratrea,
2731 4161 2883 4213 quam
2901 4145 3058 4202 habeo
3077 4148 3129 4202 in
3151 4148 3348 4204 Christo
3361 4149 3486 4207 Icaro

1904 4229 2122 4286 Domino
2143 4242 2312 4288 nostra
2336 4233 2378 4303 (Ι
2397 4233 2512 4288 Cor.
2537 4251 2629 4302 xv,
2645 4233 2757 4307 3|).
2780 4235 2881 4290 Per
2908 4247 3120 4294 vestram
3145 4240 3487 4312 gloriam,-iu-

1903 4323 2039 4380 ratio
2062 4333 2161 4378 est.
2177 4323 2292 4384 Non
2306 4325 2454 4395 quasi
2472 4326 2550 4384 sic
2565 4327 2637 4381 ait
2653 4367 2667 4387 .
2689 4325 2791 4382 Per
2811 4339 3023 4398 vestram
3041 4331 3256 4402 gloriam
3278 4333 3487 4394 moriar.

1903 4413 2052 4484 quasi
2098 4425 2269 4472 vestra
2313 4417 2480 4487 gloria
2511 4433 2596 4475 me
2623 4418 2744 4475 facit
2769 4422 2941 4487 mori;
2973 4423 3244 4493 quomodo
3268 4425 3312 4480 si
3339 4425 3487 4482 dice-

1903 4512 2004 4570 ret,
2034 4505 2136 4562 Per
2169 4523 2432 4564 venenum
2464 4521 2703 4566 mortuus
2727 4523 2828 4580 est,
2857 4529 2951 4582 per
2971 4515 3203 4585 gladium
3246 4527 3490 4575 mortuus
3572 4555 3574 4557 ›

1907 4606 2033 4664 est,
2083 4612 2179 4667 per
2219 4599 2439 4654 bestiam
2487 4611 2730 4658 mortuus
2757 4613 2880 4670 est,
2923 4621 3021 4676 per
3048 4608 3317 4665 inimicum
3345 4626 3489 4668 mor-

1905 4695 2024 4788 tuus
2043 4696 2160 4753 est;
2186 4688 2238 4745 id
2262 4698 2365 4754 est,
2397 4689 2625 4749 faciente
2646 4693 2862 4751 inimico
2880 4737 2894 4761 ,
2928 4696 3154 4754 faciente
3176 4700 3374 4769 gladio,
3407 4703 3488 4757 fa-

1902 4781 2078 4834 ciente
2109 4793 2338 4846 veneno,
2370 4789 2424 4835 et
2449 4781 2642 4837 similia
2668 4800 2682 4836 :
2707 4799 2812 4839 non
2839 4787 2917 4842 sic
2943 4787 3081 4842 dixit
3100 4830 3115 4850 ,
3149 4788 3250 4843 Per
3271 4801 3491 4844 uestram

1900 4868 2136 4937 gloriam.
2164 4869 2574 4939 Ambiguitatem
2617 4888 2823 4941 grarcus
2865 4889 3045 4930 sermo
3089 4878 3348 4933 dissolvit.
3399 4879 3489 4934 ln-

1903 4959 2125 5026 spicitur
2168 4959 2220 5011 in
2268 4958 2502 5028 Epistola
2549 4976 2740 5026 graeca,
2767 4972 2820 5017 et
2865 4964 3128 5018 invenitur
3177 4966 3246 5020 ibi
3296 4967 3490 5036 iuratio

1904 5065 2020 5118 qua:
2051 5065 2156 5102 non
2183 5058 2265 5103 est
2289 5049 2650 5119 ambiguam»
2676 5064 2762 5112 τὴν
2780 5058 3005 5125 ὑμετέραν
3033 5061 3284 5124 καύχησιν.
3304 5065 3384 5119 Νη
3411 5070 3490 5116 τὸν

1902 5149 2034 5205 Θεὸν,
2067 5141 2153 5194 ubi
2183 5140 2378 5194 dixerit
2401 5155 2624 5210 graecus,
2651 5145 2814 5212 iurat.
2839 5146 3085 5210 Quotidie
3110 5149 3306 5204 auditis
3335 5150 3488 5206 Grai-

1903 5248 2014 5295 cos,
2047 5240 2102 5286 et
2143 5232 2230 5298 qui
2269 5248 2441 5302 graece
2477 5234 2667 5299 nostis,
2698 5243 2778 5296 Νὴ
2805 5247 2882 5291 τόν
2906 5245 3020 5293 Θεὸν
3049 5254 3061 5292 ;
3095 5241 3306 5309 quando
3333 5242 3484 5311 dicit,

1904 5331 1983 5383 Νὴ
2010 5331 2085 5377 τὸν
2108 5329 2242 5388 Θεὸν,
2268 5323 2466 5392 iuratio
2495 5333 2592 5388 est,
2628 5325 2732 5380 Per
2762 5327 2928 5382 Deum
2960 5334 3002 5382 ³.
3039 5331 3176 5401 Ergo
3203 5349 3360 5389 nemo
3383 5335 3486 5390 duo

1904 5416 2034 5470 bitct
2060 5415 2268 5483 iurasse
2295 5416 2629 5487 Apostolum,
2663 5433 2782 5474 cum
2812 5420 2972 5487 dixit,
3011 5421 3110 5478 Per
3135 5435 3347 5481 vestram
3375 5430 3488 5500 ρίου

1967 5507 1982 5536 ¹
2011 5503 2197 5567 Aliquot
2217 5511 2346 5568 iussu
2363 5503 2664 5568 imperatum.

1966 5565 2111 5644 Ἰτιρ
2117 5565 2842 5644 9934:2199;Hei-eauti!“
2873 5571 3053 5644 ατμιίίέε
3076 5583 3273 5644 smn»
3294 5609 3311 5636 ν
3335 5584 3382 5644 (ι
3403 5574 3486 5640 συί

1901 5639 2172 5706 aream
2190 5627 2443 5706 ζιρξηὶείέῖέ
2462 5634 2545 5706 "an.
2568 5627 2735 5706 Ψφῑτ
2760 5633 2957 5706 me
2977 5635 3122 5696 «ωτι
3137 5636 3202 5687 -νε
3214 5627 3482 5703 ’ω’τκεάθιὲ

1895 5691 2083 5751 juratio
2187 5701 2273 5752 per
2293 5699 2457 5739 Deum.
2481 5691 2545 5740 A'é
2565 5696 2643 5746 (Ott
2673 5691 2837 5750 theon.
2902 5701 2960 5744 Μ.
