3886 6188
449 344 581 408 ’9³78

469 467 620 529 vium,
638 467 842 535 fratres,
876 463 954 532 (et
982 476 1050 517 ne
1073 468 1320 530 putemus
1349 470 1597 530 eumfper
1623 458 1908 513 humanam
1936 457 2047 526 glo-

471 545 608 611 riam
648 552 895 627 iurasse)
937 569 1090 624 quam
1135 551 1291 606 habeo
1333 550 1622 607 inLCItristo
1664 548 1790 604 Jesu
1829 548 2048 603 Domino

475 654 664 700 nostra.
692 645 784 698 Est
804 644 908 699 alio
931 644 1048 699 loco
1059 641 1261 714 iuratio
1278 655 1492 713 prorsus
1508 648 1654 697 certa
1681 648 1736 696 et
1755 653 2004 709 expressa
2031 656 2044 692 :

473 733 670 788 Testem
708 735 884 790 invoco
909 750 1060 806 super
1095 749 1317 788 amntem
1357 748 1540 787 meam.
1571 731 1855 802 Apostolus
1884 728 2043 793 dicit,

475 825 670 879 Testem
690 825 853 880 Deum
879 827 1052 882 invoco
1077 843 1227 897 super
1245 826 1463 880 animum
1486 840 1667 892 meam,
1693 827 1810 893 quia
1841 840 2049 895 parcens

471 917 608 972 vobis
646 917 868 972 nondum
914 919 1022 972 ueni
1064 918 1358 972 Corinthum
1389 916 1461 988 (ll
1484 914 1599 971 Cor.
1634 933 1679 981 ι,
1705 914 1819 986 23).
1854 914 1916 967 Et
1943 912 2050 967 alio

461 1006 592 1060 loco
618 1005 683 1059 ad
713 1005 960 1060 Galatas:
985 1005 1108 1072 ρυω
1134 1015 1299 1060 autem
1323 1004 1484 1059 scribo
1522 1005 1689 1072 vobis,
1731 1019 1842 1056 ecce
1880 1017 2049 1056 coram

473 1094 599 1160 Deo,
622 1096 738 1165 quia
766 1113 866 1150 non
891 1097 1104 1150 mentior
1132 1094 1390 1167 (Calatxt,
1422 1095 1538 1156 20).

541 1186 768 1242 CAPUT
814 1185 1062 1242 Vl.—6.
1114 1185 1254 1240 Varii
1302 1186 1437 1240 modi
1469 1185 1704 1257 jurandi.
1753 1183 2045 1250 intendite,

472 1293 653 1348 quasso
673 1318 687 1344 ,
722 1286 775 1333 et
799 1277 1058 1333 advertite
1083 1296 1097 1333 :
1121 1287 1174 1333 et
1203 1279 1243 1332 si
1272 1292 1380 1333 non
1410 1275 1838 1346 tam-plausibilis
1871 1289 2048 1329 sermo

471 1369 624 1424 vobis
648 1368 749 1434 sit,
779 1377 994 1439 pr0pter
1028 1369 1298 1439 angustias
1321 1368 1665 1440 qumstionis;
1696 1365 1840 1421 utilis
1870 1373 2046 1419 tamen

473 1469 591 1525 est,
623 1460 666 1515 si
693 1459 758 1515 ad
791 1461 994 1516 viscera
1022 1470 1194 1516 vestra
1223 1459 1512 1530 perveniat.
1543 1456 1896 1527 Eeceiuravit
1916 1458 2049 1526 Apo-

425 1604 432 1606 _
475 1550 660 1605 stolus.
693 1549 806 1605 Non
821 1555 941 1606 'vosf'
955 1549 1134 1605 fallant
1159 1551 1295 1620 ,-qui
1325 1552 1504 1605 nescio
1524 1547 1788 1619 quomodo
1811 1547 2048 1601 volentes

475 1641 618 1710 ipsas
635 1640 930 1709 iurationes
950 1640 1277 1707 discernere,
1301 1641 1384 1696 vel
1409 1640 1584 1710 potius
1603 1656 1710 1694 non
1733 1639 2044 1708 intelligere,

473 1729 658 1786 dicunt
687 1747 789 1786 non
819 1731 1301 1802 esse*iurationetn,
1330 1731 1540 1801 quando
1568 1729 1698 1786 dicit
1727 1729 1906 1795 homo,
1937 1727 2049 1782 Scit

476 1821 640 1888 Deus,
673 1821 849 1878 Testis
880 1831 962 1878 est
990 1823 1164 1890 Deus,
1189 1822 1379 1878 invoco
1409 1823 1574 1878 Deum
1614 1837 1774 1892 super
1815 1822 2044 1875 animam

479 1925 650 1964 meam
687 1926 869 1966 verum
914 1927 1000 1967 me
1043 1911 1571 1979 dicere.'lnvocavit,
1605 1912 1805 1982 inquit,
1831 1908 2000 1966 Deum
2027 1954 2042 1977 ,

476 2007 665 2055 lenem
705 1999 830 2056 fecit
867 2003 1030 2058 Deum
1061 2003 1362 2074 anumquid
1397 2003 1630 2074 iuravit?
1671 2003 1772 2072 Qui
1814 2003 1928 2058 lucc
1966 2003 2047 2058 di-

473 2099 620 2151 cunt,
654 2091 780 2146 nihil
806 2092 948 2147 aliud
977 2093 1180 2162 volunt,
1214 2095 1312 2148 nisi
1338 2095 1582 2152 invocato
1613 2095 1720 2151 Deo
1746 2103 1879 2150 teste
1899 2110 2047 2150 men-

459 2178 578 2232 tiri.
608 2179 752 2235 Itane
777 2195 933 2247 vero,
966 2182 1203 2252 quisquis
1228 2197 1288 2237 es
1315 2183 1459 2252 pravi
1489 2182 1698 2251 cordis,
1735 2192 1788 2238 et
1812 2186 2046 2252 perversi

472 2270 666 2336 cordis,
697 2271 741 2326 si
769 2271 934 2338 dicas,
964 2272 1066 2328 Per
1091 2272 1279 2341 Deum,
1300 2273 1478 2345 iuras;
1501 2273 1547 2328 si
1573 2273 1743 2342 dicas,
1763 2272 1943 2329 Testis
1965 2284 2047 2328 cst

463 2361 637 2427 Deus,
669 2377 775 2417 non
806 2361 997 2431 iuras?
1022 2362 1158 2433 Quid
1202 2373 1285 2420 est
1329 2364 1502 2431 enim,
1536 2364 1638 2420 Per
1681 2365 1880 2431 Deum;
1907 2365 2040 2431 nisi,

469 2449 644 2505 Testis
668 2460 749 2506 est
781 2451 954 2508 Deus?
978 2453 1081 2508 Aut
1107 2453 1234 2524 quid
1259 2462 1341 2510 est
1359 2494 1374 2520 ,
1403 2453 1579 2509 Testis
1608 2462 1690 2510 est
1711 2453 1889 2520 Deus;
1919 2455 2040 2522 nisi,

469 2540 572 2596 Per
601 2541 808 2597 Deum?

541 2629 592 2681 7.
631 2628 821 2685 lurore
847 2630 970 2702 quid
995 2633 1077 2687 ait.
1110 2631 1246 2699 Qttid
1284 2640 1366 2688 est
1401 2643 1579 2690 autem
1603 2634 1806 2704 iurare,
1837 2635 1934 2690 nisi
1955 2635 2044 2706 ius

471 2720 582 2774 Deo
611 2719 856 2784 reddere,
883 2721 1098 2794 quando
1128 2739 1223 2795 per
1251 2723 1417 2780 Deum
1437 2725 1618 2797 iuras;
1641 2727 1729 2796 ius
1755 2727 1913 2782 saluti
1941 2737 2044 2783 tute

459 2809 712 2880 reddere,
755 2811 965 2885 quando
1009 2831 1108 2886 per
1147 2815 1370 2874 salutem
1416 2826 1557 2872 tuam
1601 2818 1776 2889 iuras;
1803 2818 1893 2889 jus
1921 2818 2042 2873 ﬁliis

469 2905 574 2959 tuis
612 2904 866 2970 reddere,
900 2905 1110 2977 quando
1138 2922 1232 2977 per
1262 2907 1400 2963 alios
1418 2916 1548 2966 tuos
1565 2908 1748 2980 iuras?
1771 2909 1921 2977 Quod
1949 2924 2045 2964 au-

473 3005 578 3051 tem
623 2996 711 3066 jus
753 2997 1010 3053 debemus
1056 2999 1212 3054 saluti
1259 3008 1491 3067 nostrae,
1523 2996 1646 3056 ﬁliis
1669 3003 1900 3069 nostris,
1933 3001 2043 3057 Deo

469 3098 688 3155 nostro,
727 3089 829 3143 nisi
875 3087 1184 3157 charitatis,
1213 3090 1450 3146 veritatis
1471 3132 1486 3158 ,
1518 3098 1572 3146 et
1612 3105 1720 3148 non
1761 3092 2042 3149 falsitatis?

467 3175 695 3233 Maxime
720 3186 896 3234 autem
919 3195 1014 3249 per
1034 3180 1200 3236 Deum
1225 3196 1346 3236 cum
1381 3181 1440 3236 iit
1458 3223 1475 3248 ,
1502 3181 1614 3252 ipsa
1643 3191 1726 3241 est
1747 3197 1871 3238 vera
1890 3183 2041 3253 jura~

465 3266 544 3321 tio
569 3285 582 3320 :
606 3267 726 3337 quia
769 3277 824 3324 et
863 3283 983 3324 cum
1021 3268 1148 3324 dicit
1171 3269 1428 3341 quisque,
1456 3270 1559 3327 Per
1585 3287 1756 3328 meam
1785 3273 2038 3339 salutem,

469 3355 691 3411 salutem
730 3370 878 3412 suam
911 3357 1019 3414 Deo
1057 3357 1291 3430 obligat:
1319 3361 1530 3430 quando
1568 3361 1730 3427 dicit,
1760 3363 1864 3416 Per
1906 3362 2041 3416 tilias

464 3460 646 3513 meos,
673 3447 984 3518 oppignerat
1011 3448 1122 3504 Deo
1149 3448 1287 3506 lilios
1314 3463 1472 3516 suos,
1519 3461 1577 3506 ut
1621 3450 1724 3508 hoc
1770 3453 1947 3508 veniat
1983 3453 2037 3508 in

467 3544 624 3605 caput
665 3551 886 3605 eorum,
933 3535 1074 3608 quod
1118 3537 1228 3594 exit
1265 3537 1334 3594 de
1371 3554 1466 3594 ore
1508 3537 1712 3610 ipsius:
1741 3542 1786 3596 si
1819 3557 2036 3609 verum,

466 3641 681 3693 verum;
738 3627 783 3682 si
827 3625 1054 3694 falsum,
1106 3626 1315 3684 falsum.
1369 3626 1498 3685 Cum
1532 3645 1659 3702 ergo
1693 3631 1828 3688 illios
1878 3647 2036 3701 suos,

466 3716 552 3772 vel
595 3726 755 3788 caput
803 3733 989 3783 suum,
1042 3717 1126 3774 vel
1167 3718 1392 3775 salutem
1429 3734 1581 3775 suam
1621 3721 1845 3792 quisque
1873 3723 1924 3777 in
1949 3723 2036 3792 iu-

462 3807 672 3864 ratione
712 3809 992 3865 nominans
1016 3850 1032 3874 ,
1075 3808 1330 3880 quidquid
1372 3811 1611 3866 nominat
1653 3811 1850 3882 obligat
1890 3808 2035 3882 Deo;

464 3905 662 3965 quanto
691 3897 860 3969 magis
887 3897 1097 3968 quando
1125 3899 1326 3970 peierat
1368 3915 1464 3970 per
1502 3901 1672 3972 ipsum
1715 3902 1919 3958 Deum?
1946 3904 2036 3960 Ti.

464 3995 578 4043 met
618 3989 760 4042 enim
799 3985 989 4044 falsum
1021 3989 1202 4058 iurare
1245 4005 1340 4060 per
1387 3989 1552 4046 lilium
1601 4007 1786 4057 suum,
1837 4002 1891 4048 et
1932 4011 2036 4049 non

464 4077 615 4134 timet
662 4076 848 4134 falsum
884 4077 1064 4148 iurare
1092 4094 1187 4150 per
1219 4079 1384 4135 Deum
1421 4082 1610 4136 suum?
1637 4079 1900 4137 Fortassis
1939 4085 2039 4140 hoc

463 4167 652 4224 dicens
676 4168 730 4223 iu
757 4169 934 4223 animo
956 4181 1075 4233 suo,
1103 4168 1289 4226 Timeo
1315 4185 1409 4240 per
1434 4171 1599 4226 illium
1632 4187 1808 4228 meum
1849 4172 2036 4228 falsum

460 4257 661 4327 iurare,
708 4272 778 4314 ne
820 4260 1114 4314 moriatur:
1143 4260 1255 4316 Deo
1290 4270 1468 4316 autem
1511 4260 1602 4332 qui
1641 4277 1748 4318 non
1792 4261 2035 4329 moritur,

463 4349 564 4404 etsi
607 4347 797 4404 falsum
837 4358 938 4420 per
976 4363 1098 4404 eum
1136 4349 1363 4419 iuretur,
1412 4350 1538 4422 quid
1580 4351 1703 4406 mali
1747 4352 2040 4423 contingit?

464 4439 608 4495 Bene
634 4437 852 4510 quidem
879 4438 1045 4506 dicis,
1072 4437 1203 4492 nihil
1229 4440 1352 4494 mali
1381 4440 1635 4512 contingit
1664 4440 1773 4498 Deo
1789 4486 1802 4510 ,
1827 4443 2038 4514 quando

463 4526 655 4582 falsum
691 4528 841 4596 iuras
866 4541 962 4596 per
992 4527 1158 4582 Deum
1182 4542 1196 4580 :
1226 4526 1321 4583 sed
1347 4529 1603 4601 contingit
1647 4531 1769 4586 mali
1812 4532 2034 4586 multum

464 4617 591 4684 tibi,
619 4615 709 4687 qui
739 4615 882 4671 fallis
901 4616 1200 4686 proximum
1222 4659 1236 4683 ,
1267 4618 1351 4675 cui
1377 4626 1566 4674 testem
1595 4617 1817 4677 adhibes
1847 4622 2033 4678 Deum.

463 4707 519 4763 Si
548 4706 745 4778 aliquid
773 4716 908 4762 teste
929 4705 1038 4762 lilio
1057 4714 1148 4763 tuo
1167 4706 1390 4775 laceres,
1414 4717 1468 4765 et
1491 4709 1664 4766 amico
1683 4711 1765 4767 vel
1794 4710 2038 4782 proximo

465 4813 554 4856 tuo
580 4799 664 4854 vel
688 4797 906 4854 cuilibet
929 4797 1131 4853 homini
1159 4797 1384 4866 diceres,
1412 4798 1527 4854 Non
1558 4799 1678 4869 feci,
1708 4811 1761 4856 et
1793 4811 2036 4874 tangeres

464 4891 573 4946 tilio
601 4899 692 4945 tuo
711 4898 887 4961 eaput,
912 4903 1020 4960 quo
1044 4898 1180 4945 teste
1207 4889 1400 4958 iecisti,
1428 4899 1481 4947 et
1503 4890 1733 4961 diceres,
1758 4892 1858 4948 Per
1880 4894 2035 4966 hujus

460 4985 708 5050 salutem,
737 4983 860 5054 quia
885 4998 992 5038 non
1009 4981 1110 5038 feci
1125 4997 1140 5037 :
1155 4982 1472 5038 exclamaret
1486 4983 1620 5040 forte
1637 4984 1774 5041 illius
1799 4993 1922 5042 tuus
1937 4988 2036 5044 sub

462 5084 678 5144 paterna
705 5089 865 5128 manu
897 5083 1150 5139 tremens,
1175 5087 1274 5129 nec
1293 5083 1471 5130 tamen
1498 5083 1774 5144 paternam
1795 5092 2031 5145 manum,

459 5166 552 5222 sed
581 5166 814 5222 divinam
855 5171 1119 5233 trernens,
1159 5163 1280 5225 Noli
1319 5177 1488 5236 pater,
1528 5183 1631 5223 non
1677 5168 1768 5224 tibi
1808 5170 1926 5226 vilis
1967 5175 2035 5229 sit

459 5259 604 5314 salus
642 5273 794 5325 mea;
826 5257 992 5314 Deum
1037 5273 1199 5329 super
1243 5273 1330 5314 me
1373 5260 1658 5328 invocasti,
1685 5277 1784 5332 ego
1813 5272 1865 5320 te
1890 5264 2030 5335 vidi,

460 5349 662 5415 moirti,
695 5349 801 5406 noli
845 5349 1121 5418 peierare:
1151 5360 1202 5403 te
1237 5349 1447 5418 quidem
1487 5349 1656 5408 habeo
1698 5353 2029 5423 genitorem,

457 5441 550 5498 sed
575 5441 694 5512 plus
717 5449 770 5494 et
799 5447 942 5494 tuum
973 5447 1027 5495 et
1052 5455 1226 5496 meum
1255 5440 1414 5495 timeo
1437 5440 1762 5497 Creatorem.

527 5533 753 5589 CAPUT
799 5533 909 5588 γη.
936 5563 1004 5574 -
1030 5533 1084 5590 8.
1133 5533 1425 5606 Perjurium
1471 5535 1654 5590 animle
1697 5537 2026 5608 mortiferum.

461 5620 582 5674 Vita
601 5623 827 5690 corporis
853 5623 1042 5688 animo,
1076 5625 1177 5678 vita
1200 5625 1384 5679 animt:
1407 5623 1564 5679 Deus.
1594 5624 1698 5681 Sed
1725 5626 1846 5698 quia
1868 5628 2027 5694 Deus,

462 5710 670 5778 quando
694 5726 784 5764 uer
810 5726 930 5765 eum
953 5713 1118 5782 iuras,
1138 5730 1241 5772 non
1264 5715 1356 5771 tibi
1384 5715 1529 5783 dicit,
1555 5717 1666 5787 Ego
1690 5726 1740 5772 te
1765 5717 1894 5785 vidi,
1923 5723 2029 5776 noli

1697 342 1754 398 s.
1796 333 2155 398 Ancusmt
2193 339 2491 396 Episcoet
3563 346 3649 411 επ

2147 457 2355 526 iurare,
2387 455 2553 511 iecisti
2580 472 2592 507 :
2616 453 2709 510 sed
2739 455 2893 510 times
2923 469 2988 510 ne
3009 464 3059 511 te
3078 455 3174 513 iste
3194 458 3401 528 occidat,
3423 471 3471 518 tu
3493 474 3536 520 te
3553 481 3650 526 ante

2153 544 2387 600 occidis:
2412 544 2531 614 quia
2559 559 2686 614 ergo
2706 556 2811 598 non
2842 543 3006 613 dicit,
3037 544 3144 617 Ego
3171 555 3221 602 te
3245 548 3377 615 vidi,
3402 561 3535 620 putas
3555 560 3652 626 quia

2152 651 2260 690 non
2291 634 2456 690 vidit?
2481 635 2547 690 Et
2573 635 2663 690 ubi
2687 642 2769 691 est
2805 635 2945 706 quod
2986 636 3144 692 dicit:
3171 638 3339 706 Tacui,
3364 645 3513 708 tacui;
3533 665 3650 702 num-

2153 724 2273 794 quid
2300 739 2495 795 semper
2519 723 2686 778 tacebo
2710 721 2857 793 (Isoi.
2888 741 3014 789 xui,
3040 726 3165 798 id)?
3190 727 3253 782 Et
3278 737 3438 786 tamen
3467 735 3653 803 plerum-

2153 830 2257 884 que
2282 814 2431 881 dicit,
2464 815 2575 885 Ego
2597 825 2648 870 te
2671 816 2776 870 vidi
2803 834 2816 871 :
2845 817 2938 871 sed
2964 817 3115 872 aliter
3147 819 3349 890 quando
3386 824 3583 880 vindicat
3616 829 3656 885 in

2153 908 2448 977 periurum.
2468 907 2572 963 Sed
2604 925 2707 963 non
2737 909 2787 962 in
2816 923 3003 963 omnes
3028 909 3255 966 vindicat
3285 929 3298 965 :
3329 911 3437 968 ideo
3461 913 3656 974 homines

2153 981 2481 1054 :edilicantur
2501 1001 2567 1054 ad
2593 1000 2896 1070 exemplum
2918 1002 2955 1053 ⁸.
2980 1001 3086 1072 Ego
3113 1003 3240 1066 scio,
3260 1003 3346 1058 ille
3369 1006 3482 1060 mihi
3508 1006 3657 1063 falsum

2147 1087 2365 1156 iuravit,
2399 1099 2453 1144 et
2482 1090 2626 1144 vivit.
2653 1089 2745 1145 llle
2767 1091 2858 1145 tibi
2887 1090 3073 1146 falsum
3092 1092 3304 1162 iuravit,
3331 1104 3381 1149 et
3405 1097 3547 1151 vivit?
3567 1097 3658 1153 Fal-

2153 1193 2268 1233 sum
2291 1181 2506 1248 iuravit,
2531 1189 2585 1236 et
2605 1182 2766 1236 vivit:
2790 1183 2882 1238 ille
2910 1182 3098 1238 falsum
3123 1185 3332 1254 iuravit.
3355 1186 3426 1240 Tu
3452 1189 3611 1244 falleris
3626 1193 3655 1243 '.

2153 1267 2207 1322 Si
2238 1279 2290 1322 tu
2320 1272 2503 1324 oculos
2532 1269 2757 1326 haberes
2796 1271 2936 1326 unde
2976 1282 3200 1328 mortem
3231 1273 3378 1345 huius
3405 1277 3603 1342 videres,
3623 1282 3658 1335 si

2152 1367 2207 1410 et
2235 1366 2286 1411 tu
2312 1359 2363 1413 in
2389 1373 2455 1413 eo
2478 1359 2617 1428 quod
2644 1369 2727 1414 est
2751 1360 2907 1428 mori,
2928 1370 2981 1415 et
3004 1377 3108 1415 non
3133 1364 3285 1429 mori,
3309 1380 3406 1418 non
3431 1364 3658 1438 iailereris,

2151 1447 2360 1502 videres
2389 1447 2548 1519 huius
2570 1458 2817 1504 mortem.
2842 1451 2907 1506 Et
2937 1451 3096 1507 modo
3123 1452 3331 1509 intende
3354 1454 3656 1524 Scripturam;

2152 1546 2206 1592 et
2233 1538 2304 1593 ibi
2335 1538 2571 1594 invenies
2591 1539 2855 1609 iacentem
2874 1583 2889 1608 ,
2917 1557 3075 1612 quem
3103 1552 3256 1613 putas
3280 1544 3538 1600 viventem.
3557 1548 3660 1614 Quia

2153 1628 2376 1697 pedibus
2403 1630 2657 1699 ambulat,
2681 1633 2802 1702 quia
2830 1633 3074 1688 manibus
3093 1643 3393 1703 contrectat,
3409 1637 3514 1707 quia
3531 1640 3662 1696 oculis

2153 1719 2324 1786 videt,
2350 1731 2404 1776 et
2431 1721 2576 1776 audit
2624 1723 2871 1791 auribus,
2897 1725 3088 1781 ofﬁciis
3126 1728 3330 1782 caeteris
3363 1730 3660 1786 membrorum

2151 1809 2281 1864 satis
2312 1811 2494 1880 utitur,
2525 1812 2788 1868 viventem
2814 1822 2988 1884 putas.
3010 1815 3189 1882 Vivit,
3219 1817 3309 1872 sed
3345 1833 3518 1888 corpus
3541 1820 3659 1888 eius;

2154 1909 2362 1954 mortua
2386 1913 2468 1956 est
2495 1912 2676 1957 autem
2700 1903 2874 1959 anima
2903 1907 3040 1974 eius,
3069 1916 3330 1962 mortuum
3355 1920 3431 1964 est
3451 1910 3662 1980 quodin:-

2151 1985 2255 2043 lius
2278 1997 2361 2044 est
2387 1991 2521 2061 eius.
2551 1991 2691 2047 Vivit
2720 1992 3080 2050 habitaculum
3103 2035 3118 2063 ,
3147 2007 3378 2054 mortuus
3401 2009 3475 2054 est
3496 2000 3660 2054 habita-

2152 2088 2252 2134 tor.
2283 2080 2578 2149 Quomodo,
2605 2083 2830 2154 inquies,
2859 2100 2980 2141 cum
3012 2087 3379 2158 vivateorpus,
3405 2098 3582 2144 mortua
3601 2101 3661 2145 est

2152 2171 2365 2237 anima;
2402 2187 2522 2226 cum
2549 2189 2743 2246 corpus
2772 2191 2877 2230 non
2906 2177 3145 2240 viveret,
3179 2178 3279 2233 nisi
3315 2179 3592 2234 viviﬁcatutn
3612 2181 3660 2234 ab

2149 2263 2369 2317 anima?
2393 2265 2670 2332 Quomodo
2699 2282 2828 2339 ergo
2858 2279 3068 2325 mortua
3098 2279 3180 2326 est
3207 2273 3393 2340 anima,
3419 2273 3479 2328 de
3503 2289 3585 2344 qua
3602 2275 3658 2326 vi-

2148 2353 2224 2406 vit
2247 2353 2480 2423 corpus?
2506 2356 2640 2410 Audi
2662 2372 2809 2428 ergo,
2835 2368 2888 2413 et
2907 2359 3057 2415 disce
3079 2378 3094 2414 :
3116 2372 3308 2433 corpus
3325 2361 3530 2418 hominis
3552 2379 3661 2419 crea~

2149 2452 2263 2499 tura
2277 2445 2368 2500 Dei
2385 2455 2486 2513 est,
2505 2456 2558 2503 et
2580 2449 2755 2504 anima
2784 2449 3012 2506 hominis
3028 2454 3275 2509 creatura
3296 2453 3384 2510 Dei
3399 2466 3487 2510 eSt.
3502 2455 3566 2510 De
3579 2459 3664 2510 ani-

2148 2551 2233 2590 ma
2249 2537 2386 2592 Deus
2405 2539 2634 2595 vivificat
2649 2556 2860 2597 carnem
2881 2559 2896 2610 ;
2917 2543 2928 2596 i
2937 2559 3096 2613 psam
3121 2547 3245 2601 item
3267 2547 3477 2601 animam
3493 2547 3667 2601 viviﬁcat

2145 2626 2214 2683 de
2242 2643 2300 2684 se
2328 2629 2462 2700 ipso,
2487 2647 2590 2686 non
2617 2631 2683 2686 de
2711 2647 2771 2688 se
2799 2634 2934 2704 ipsa.
2972 2634 3098 2690 Vita
3139 2651 3266 2708 ergo
3292 2639 3512 2708 corporis
3534 2639 3664 2691 anima

2147 2727 2224 2774 est
2246 2734 2262 2785 ;
2284 2719 2388 2775 vita
2418 2737 2544 2793 ergo
2571 2723 2761 2779 animae
2791 2726 2931 2781 Deus
2955 2736 3057 2782 est.
3104 2729 3319 2786 Moritur
3355 2745 3553 2801 corpus,
3578 2746 3667 2786 Cllllt

2147 2811 2349 2866 recedit
2383 2813 2557 2868 anima
2582 2831 2595 2867 :
2621 2816 2848 2872 moritur
2871 2833 2997 2890 ergo
3022 2821 3210 2876 anima
3230 2857 3245 2888 ,
3276 2822 3319 2878 si
3345 2822 3523 2878 recedit
3545 2821 3666 2878 Deus.

2146 2899 2369 2958 Recedit
2393 2903 2589 2971 anima,
2621 2919 2739 2960 cum
2763 2922 2957 2978 corpus
2985 2912 3293 2980 percutitur
3318 2913 3482 2984 gladio
3502 2931 3514 2970 :
3537 2924 3580 2970 et
3595 2929 3667 2985 pu-

2145 2999 2226 3046 tas
2253 2993 2373 3064 quia
2395 3009 2499 3049 non
2520 2997 2717 3052 recedit
2736 2998 2893 3064 Deus,
2916 3015 3036 3056 cum
3063 3001 3190 3073 ipsa
3210 3003 3378 3060 anima
3403 2997 3562 3060 feritur
3577 3020 3667 3075 pcr-

2140 3080 2321 3150 iurio?
2347 3079 2442 3139 Vis
2460 3085 2642 3142 videre
2663 3088 2786 3158 quia
2821 3099 3060 3146 mortuus
3103 3103 3218 3162 est,
3251 3093 3316 3149 de
3339 3110 3436 3166 quo
3457 3093 3668 3166 loqueris?

2144 3170 2285 3242 Lege
2322 3171 2686 3243 Scripturam:
2721 3175 2792 3232 Os
2823 3179 2958 3248 quod
2996 3179 3265 3250 mentitur,
3303 3183 3470 3237 occidit
3500 3185 3671 3236 animam

2146 3261 2302 3332 (Sap.
2335 3281 2374 3332 ι,
2404 3267 2518 3338 il).
2548 3265 2653 3322 Sed
2687 3277 2738 3323 tu
2767 3279 3099 3338 pnnsentem
3123 3272 3287 3329 Deum
3309 3275 3515 3328 ultorem
3535 3280 3665 3343 putas.

2145 3354 2189 3408 si
2223 3353 2314 3410 ille
2353 3357 2442 3426 qui
2485 3367 2537 3412 te
2573 3357 2840 3438 iuratione
2866 3359 2994 3416 falsa
3023 3361 3338 3435 deceperit,
3368 3366 3582 3421 continuo
3603 3379 3669 3419 ex-

2144 3445 2330 3514 spiret.
2369 3444 2425 3502 Si
2469 3447 2672 3518 expiret
2717 3463 2843 3507 ante
2881 3453 3062 3508 oculos
3127 3465 3266 3524 tuos,
3292 3457 3666 3528 exspiravitcaro

2146 3537 2331 3606 ipsius.
2364 3537 2500 3606 Quid
2528 3551 2629 3606 est,
2661 3543 2947 3612 exspiravit
2967 3561 3104 3604 caro
3132 3543 3568 3621 ipsiusYSpiritum
3589 3561 3666 3617 quo

2144 3627 2525 3696 viviﬁcabatur,
2559 3631 2735 3700 eiecit.
2768 3632 2878 3689 lloc
2899 3643 3012 3704 est,
3044 3638 3339 3710 exspiravit
3375 3640 3562 3695 excluso
3581 3638 3660 3709 spi-

2144 3717 2268 3784 ritu,
2292 3733 2395 3788 quo
2410 3721 2617 3775 vivebat
2631 3737 2777 3777 caro.
2807 3723 3096 3794 Peieravit,
3111 3728 3337 3786 exclusit
3357 3731 3570 3801 spiritum
3586 3745 3661 3798 quo

2143 3808 2354 3865 vivebat
2374 3813 2569 3866 anima.
2603 3813 2919 3884 Exspiravit,
2945 3819 3041 3872 sed
3070 3823 3277 3884 nescis;
3302 3819 3659 3892 exspiravit,sed

2143 3913 2250 3955 non
2291 3900 2458 3956 vides.
2485 3902 2714 3959 Carnem
2745 3907 2885 3961 enim
2911 3907 3185 3977 iacentem
3215 3913 3328 3968 sine
3354 3914 3512 3968 anima
3536 3909 3660 3973 videi.

2141 3993 2372 4046 animam
2403 3993 2653 4049 miseram
2693 3996 2809 4052 sine
2837 3998 2946 4053 Deo
2984 4001 3172 4058 videre
3209 4021 3314 4059 non
3359 4018 3511 4076 potes.
3535 4000 3660 4058 Crede

2144 4095 2292 4152 ergo,
2323 4083 2516 4140 adhibe
2549 4087 2737 4142 oculos
2773 4086 2912 4144 lidei.
2943 4087 3113 4148 Nemo
3139 4097 3379 4165 periurus
3401 4094 3659 4166 impunitus;

2143 4190 2360 4244 prorsus
2387 4191 2562 4245 nemo,
2595 4193 2714 4233 cum
2754 4179 2845 4235 illo
2871 4189 2952 4235 est
2981 4196 3142 4252 paena
3184 4200 3299 4241 sua.
3331 4187 3385 4243 Si
3414 4187 3596 4241 haberet
3622 4183 3660 4236 in

2141 4267 2386 4323 cubiculo
2409 4282 2506 4324 suo
2536 4278 2797 4326 tortorem
2824 4275 3019 4339 carnis,
3041 4277 3262 4346 punitus
3285 4287 3454 4334 esset:
3477 4275 3606 4331 habet
3623 4274 3662 4326 in

2141 4366 2350 4413 secreto
2378 4358 2558 4413 cordis
2586 4359 2667 4414 sui
2696 4367 2950 4417 tortorem
2977 4365 3324 4423 conscientia:
3351 4383 3482 4433 sum,
3514 4377 3559 4421 et
3591 4364 3663 4417 im-

2142 4448 2356 4518 punitus
2379 4450 2635 4506 vocatur?
2655 4451 2722 4506 Et
2749 4459 2921 4507 tamen
2950 4455 3076 4526 quid
3108 4455 3284 4512 dicis?
3311 4457 3470 4525 Vivit,
3495 4452 3660 4528 gaudvl.

2142 4538 2438 4596 luxuriatur
2475 4541 2564 4612 qui
2608 4543 2734 4596 mihi
2777 4544 3113 4602 mendacium
3153 4548 3355 4619 iuravit
3391 4568 3404 4605 :
3441 4545 3549 4619 quid
3576 4553 3658 4603 est.

2141 4633 2282 4702 quod
2306 4648 2391 4689 me
2418 4633 2581 4688 mittis
2606 4634 2669 4689 ad
2703 4634 3021 4692 invisibilia?
3049 4637 3185 4706 Quia
3217 4648 3273 4695 et
3299 4639 3410 4711 ipse
3435 4639 3573 4703 Deus,
3591 4647 3659 4704 per

2140 4735 2297 4794 quem
2339 4723 2563 4793 iuravit,
2616 4724 2891 4781 invisibilis
2942 4735 3040 4782 est.
3077 4727 3289 4785 Juravit
3336 4746 3428 4800 per
3473 4723 3661 4782 invisibi-

2141 4813 2266 4879 lem,
2295 4813 2479 4869 feritur
2499 4830 2651 4884 pmna
2680 4816 2948 4872 invisibili.
2975 4817 3083 4874 Sed
3110 4821 3260 4885 vivit,
3285 4821 3474 4892 inquit,
3499 4829 3543 4874 et
3565 4827 3662 4886 quo-

2140 4901 2450 4958 dammodo
2479 4913 2645 4960 scatet
2682 4914 2736 4960 et
2773 4906 3199 4964 bnllitluxuriis.
3245 4909 3300 4966 Si
3340 4911 3436 4967 hoc
3475 4909 3534 4962 ita
3574 4913 3661 4966 εει,

2139 4992 2279 5063 quod
2308 5003 2473 5048 scatet
2499 4993 2740 5062 luxuriis,
2765 4997 2904 5066 quod
2926 4997 3076 5054 bullit
3104 4999 3348 5069 luxuriis,
3367 5011 3556 5055 vermes
3572 4999 3665 5049 sunt

2139 5083 2328 5137 anima:
2357 5093 2598 5138 mortuas.
2633 5084 2870 5156 Denique
2909 5090 3079 5143 omnis
3123 5088 3288 5147 homo
3331 5091 3570 5160 prudens,
3596 5083 3664 5154 qui

2141 5171 2274 5227 tales
2301 5171 2626 5229 luxuriantes
2654 5176 2897 5246 periuros
2933 5177 3194 5248 attendit,
3222 5194 3352 5234 sano
3375 5178 3538 5235 cordis
3559 5173 3663 5229 olfa-

2139 5271 2249 5328 ctu,
2273 5265 2464 5318 avertit
2487 5277 2564 5331 se,
2587 5280 2693 5322 non
2716 5267 2830 5322 vult
2849 5269 3049 5336 videre,
3077 5283 3186 5324 non
3211 5272 3319 5325 vult
3337 5271 3522 5326 audire.
3542 5264 3662 5323 Unde

2139 5367 2197 5408 se
2223 5353 2322 5408 ista
2345 5354 2542 5410 sanitas
2572 5357 2790 5423 avertit,
2813 5360 2912 5414 nisi
2941 5360 3059 5430 quia
3089 5370 3239 5428 putet
3267 5362 3433 5415 anima
3461 5353 3664 5412 mortua!

2201 5550 2220 5625 1
2685 5552 2803 5625 θάἕιί
2821 5567 2956 5625 νονρι
2978 5555 3247 5625 94W!”
3268 5557 3334 5625 at!

2200 5611 2316 5688 3-539
2436 5611 2590 5688 Ψεάὶ
2737 5611 2981 5688 ,μον-ιβιδ
2999 5615 3080 5688 {ei
3099 5611 3520 5688 falsarium“?!

2135 5669 2530 5782 {qisumﬂjurm’t
2567 5679 2613 5726 et
2657 5675 2766 5727 rit-it
2807 5690 2823 5727 :
2863 5669 2944 5729 ille
2993 5669 3166 5741 falsum
3207 5669 3422 5740 jur'arit,
3462 5684 3507 5726 tu
3552 5670 3659 5736 [alia
