3886 6188
187 327 286 384 977

253 435 480 494 CAPUT
517 432 655 491 Vill.
701 461 770 471 -—
814 430 868 487 9.
908 430 1010 486 Cur
1053 428 1238 481 dicitur
1285 442 1314 480 α
1348 423 1606 496 juratione
1648 426 1764 471 ante

185 532 353 587 omnia
379 524 750 582 abstinendum.
773 521 1014 584 Breviter
1041 533 1168 589 ergo
1198 518 1394 581 audite,
1416 512 1606 568 fratres
1630 511 1757 575 mel,

184 621 500 678 concludam
527 631 826 674 sermonem
849 656 864 679 ,
896 612 1061 683 figens
1091 611 1142 664 in
1177 607 1423 672 cordibus
1450 603 1641 659 vestris
1669 617 1762 657 cu-

186 728 298 768 ram
326 710 595 766 salubrem
627 725 644 764 :
674 706 802 760 Ante
826 704 993 758 omnia
1018 701 1174 755 nolite
1194 700 1390 770 iurare.
1421 695 1618 761 Quare,
1639 690 1765 744 Ante

187 802 398 858 omnia?
423 801 479 856 Si
511 813 758 868 magnum
790 803 874 850 est
899 792 1101 848 facinus
1131 789 1390 860 peierare,
1417 785 1557 840 nulla
1586 790 1764 837 autem

181 893 336 963 culpa
368 899 453 945 est
474 902 662 942 verum
684 883 888 954 iurare,
913 895 1101 950 quare,
1133 878 1265 932 Ante
1291 878 1470 931 omnia
1497 875 1656 930 nolite
1670 875 1768 944 ju-

187 981 342 1037 rare.’
364 975 717 1033 Debuitenim
732 973 931 1036 dicere,
955 968 1095 1024 Ante
1110 968 1291 1023 omnia
1314 965 1482 1021 nolite
1503 963 1768 1044 peierare.

188 1078 319 1130 Ante
343 1058 557 1132 omnia;
578 1068 770 1138 inquit,
803 1063 960 1119 nolite
977 1063 1184 1135 jurare.
1221 1059 1415 1116 Jurare
1453 1059 1595 1114 enim
1622 1055 1776 1126 pejus

189 1173 292 1230 est,
321 1177 485 1234 quam
509 1157 714 1214 furari?
741 1154 936 1211 Jurare
963 1152 1114 1223 pejus
1138 1160 1240 1215 est,
1257 1165 1420 1220 quam
1435 1146 1775 1204 adulterare?

191 1254 308 1310 Non
339 1253 463 1308 dico
514 1249 708 1304 falsum
728 1245 948 1315 iurare;
971 1241 1160 1312 iurare
1196 1242 1317 1297 dico
1348 1239 1574 1310 :jurare
1622 1234 1778 1307 pejus

189 1354 294 1409 est,
325 1360 484 1414 quam
511 1341 778 1396 hominem
805 1334 1090 1393 occidere?
1116 1334 1286 1389 Absit.
1320 1332 1600 1387 llominem
1625 1330 1768 1384 occi-

189 1438 341 1501 dere,
381 1434 700 1500 adulterare,
751 1429 932 1492 furari.
982 1435 1254 1497 peccatum
1297 1433 1425 1480 est:
1452 1423 1632 1492 iurare
1662 1436 1766 1474 non

193 1539 272 1584 est
333 1533 647 1598 peccatum;
697 1521 790 1577 sed
841 1519 1030 1574 falsum
1075 1518 1296 1588 iurare,
1342 1521 1613 1585 peccatum
1663 1519 1766 1567 est.

190 1621 368 1686 Quare
405 1630 552 1686 ergo,
598 1613 728 1667 Ante
753 1611 958 1665 omnia?
987 1607 1093 1662 Isto
1136 1607 1300 1661 verbo
1327 1603 1467 1676 quod
1509 1603 1602 1670 ait,
1645 1603 1770 1655 Ante

190 1711 382 1771 omnia,
429 1716 613 1761 cautos
655 1718 753 1759 nos
780 1701 907 1758 fecit
932 1700 1186 1755 adversus
1232 1699 1466 1768 linguam
1510 1704 1766 1750 nostram.

193 1802 322 1855 Ante
341 1798 534 1862 omnia,
563 1795 656 1856 ait.
687 1805 742 1848 ut
764 1791 1044 1847 attendatis
1072 1805 1179 1862 pra:
1200 1788 1426 1853 caeteris,
1458 1796 1515 1840 ut
1542 1784 1769 1854 vigiletis

189 1909 258 1946 ne
296 1890 554 1958 subrepat
589 1885 741 1940 vobis
777 1881 1102 1938 consuetudo
1136 1878 1365 1950 iurandi.
1415 1878 1684 1947 Tanquam
1717 1875 1768 1929 in

191 1981 405 2052 specula
436 1980 506 2034 ita
532 1989 583 2033 te
610 1976 782 2047 posuit
799 1982 984 2030 contra
1006 1980 1056 2026 te
1085 1989 1100 2025 :
1131 1971 1253 2023 Ante
1277 1967 1463 2033 omnia,
1495 1966 1693 2022 levavit
1720 1973 1771 2019 te

191 2088 354 2142 super
380 2079 598 2135 extera,
639 2066 780 2122 unde
817 2075 869 2120 te
910 2062 1170 2117 attendas.
1209 2059 1524 2115 Considerat
1552 2058 1693 2112 enim
1721 2065 1772 2110 te

191 2165 393 2234 iurare,
424 2161 526 2215 Per
554 2159 743 2220 Deum,
773 2171 868 2226 per
885 2152 1152 2208 Christum
1173 2149 1356 2206 occido
1378 2149 1522 2204 illum
1547 2169 1562 2202 :
1585 2157 1638 2201 et
1658 2147 1771 2202 hznc

193 2244 404 2324 quoties
426 2266 521 2318 per
540 2249 676 2304 diem
699 2289 715 2313 ,
740 2245 946 2316 quoties
970 2259 1064 2315 per
1085 2241 1308 2296 horam?
1334 2239 1447 2295 Non
1471 2239 1646 2308 aperis
1673 2252 1734 2294 os
1753 2279 1770 2305 ,

191 2344 292 2397 nisi
322 2342 391 2395 ad
425 2339 582 2395 talem
611 2336 947 2408 iurationem.
984 2332 1161 2388 Nolles
1189 2339 1248 2385 ut
1274 2330 1472 2386 diceret
1503 2329 1614 2395 tibi,
1648 2329 1776 2382 Ante

190 2435 389 2499 omnia,
432 2442 488 2486 ut
511 2441 565 2487 te
594 2431 848 2485 adversus
879 2424 1318 2482 consuetudinem
1362 2421 1772 2494 intentissimum

193 2523 466 2586 redderet,
495 2529 553 2576 ut
579 2520 754 2575 omnia
798 2527 885 2573 tua
913 2517 1226 2584 inspiceres,
1255 2528 1442 2568 omnes
1469 2521 1643 2568 motus
1673 2512 1775 2566 litt-

193 2631 312 2687 gua:
340 2623 447 2668 tua:
475 2609 876 2681 diligentissime
903 2606 1218 2671 custodires,
1249 2618 1394 2659 esses
1418 2611 1598 2658 custos
1621 2602 1775 2656 mala:

194 2701 603 2760 consuetudinis
643 2709 764 2762 tum,
807 2696 872 2752 ad
913 2712 1032 2752 eam
1073 2693 1574 2764 constringendam?
1601 2690 1775 2758 Audi,

198 2799 327 2852 Ante
367 2795 557 2850 omnia.
599 2789 928 2853 Dormiebas,
976 2801 1174 2858 pungo,
1205 2785 1333 2839 Ante
1369 2784 1557 2848 omnia,
1598 2783 1777 2852 spinas

197 2887 479 2942 admoveo.
509 2881 641 2953 Quid
680 2890 784 2947 est,
817 2882 944 2933 Ante
963 2879 1131 2932 omnia
1149 2876 1175 2930 γ
1200 2877 1336 2930 Ante
1365 2873 1542 2928 omnia
1579 2873 1734 2945 vigila
1758 2913 1774 2940 ,

195 2986 326 3032 ante
353 2974 533 3030 omnia
575 2973 809 3026 intentus
831 2976 968 3025 esto.
1207 3029 1210 3032 ,

267 3064 500 3123 CAPUT
541 3061 630 3117 IX.
656 3090 727 3102 —
764 3060 852 3115 10.
883 3057 1105 3112 Iurandi
1138 3054 1482 3110 consuetudini
1509 3053 1780 3121 aliquando

197 3158 452 3214 obnoxius
479 3154 810 3225 Augustinus.
839 3152 1040 3206 Iuratio
1058 3166 1157 3220 qua
1174 3148 1456 3204 conditione
1473 3146 1777 3201 adhibenda.

200 3250 510 3306 Juravimus
551 3254 606 3301 et
651 3259 749 3300 nos
788 3244 1010 3313 passim,
1052 3241 1331 3296 habuimus
1375 3241 1529 3294 istam
1569 3239 1782 3294 teterri-

199 3357 349 3397 utam
377 3337 816 3394 consuetudinem
845 3341 902 3390 et
950 3331 1300 3389 mortiferam.
1355 3330 1484 3387 Dico
1528 3328 1784 3385 Charitati

203 3438 404 3488 vestrae
433 3447 447 3483 :
479 3444 542 3482 ex
579 3441 686 3497 quo
726 3426 834 3480 Deo
881 3424 1080 3478 servire
1119 3423 1399 3491 capimus,
1438 3431 1490 3476 et
1531 3429 1783 3491 quantum

203 3523 412 3580 malum
439 3519 510 3575 sit
535 3519 587 3574 in
611 3517 846 3588 periurio
863 3516 1112 3581 vidimus,
1135 3514 1403 3569 timuimus
1417 3511 1782 3577 vehementer,

201 3625 262 3670 et
308 3609 795 3668 veternosisslmam
841 3605 1275 3662 consuetudinem
1320 3605 1511 3659 timore
1555 3603 1785 3658 frenavi-

207 3717 357 3759 mus.
398 3700 628 3756 Frenata
669 3696 1021 3767 restringitur,
1059 3695 1298 3750 restricta
1327 3693 1638 3763 languescit,
1670 3693 1790 3748 lan-

207 3809 478 3869 guescens
504 3790 780 3854 emoritur,
809 3796 865 3843 et
905 3787 1058 3842 malas
1097 3784 1464 3841 consuetudini
1507 3784 1644 3839 bona
1672 3798 1794 3839 sue-

209 3885 379 3942 cedit.
430 3883 672 3951 Denique
699 3893 807 3934 non
835 3876 984 3933 vobis
1022 3876 1265 3940 dicimus,
1313 3889 1418 3930 non
1460 3889 1559 3929 nos
1588 3874 1790 3944 iurare.

209 3978 275 4034 Si
349 3975 493 4031 enim
560 3971 662 4027 hoc
733 3967 1316 4033 dieimus,mentimur.
1397 3965 1664 4034 Quantum
1727 3963 1794 4019 ad

218 4083 313 4123 me
364 4063 634 4136 pertinet,
685 4060 844 4131 iuro;
909 4057 1003 4113 sed
1050 4064 1300 4126 quantum
1364 4055 1496 4109 mihi
1544 4053 1794 4121 videtur,

218 4157 413 4227 magna
445 4152 769 4210 necessitate
785 4149 1106 4218 compulsus.
1139 4148 1269 4203 Cum
1314 4147 1497 4202 videro
1525 4161 1629 4200 non
1668 4145 1796 4199 mihi

215 4249 367 4305 credi
397 4247 502 4302 nisi
543 4243 754 4308 faciam,
784 4250 839 4296 et
876 4240 923 4294 ei
962 4239 1054 4309 qui
1082 4237 1208 4291 mihi
1240 4252 1342 4290 non
1369 4235 1538 4290 credit
1566 4250 1671 4289 non
1707 4249 1802 4289 ex-

219 4339 410 4410 pedire
431 4333 571 4405 quod
598 4348 702 4387 non
735 4331 923 4397 credit,
955 4329 1054 4384 hac
1077 4340 1336 4399 perpensa
1362 4326 1566 4381 ratione
1591 4333 1645 4381 et
1669 4339 1800 4381 con-

219 4427 550 4484 sideratione
590 4423 799 4486 librata,
837 4436 956 4476 cum
986 4434 1176 4490 magno
1201 4419 1387 4473 timore
1428 4417 1568 4485 dico,
1608 4415 1801 4473 Coram

225 4519 340 4573 Deo
363 4534 379 4582 ;
406 4525 520 4580 ant,
550 4513 724 4569 Testis
748 4520 826 4566 est
853 4511 1023 4575 Deus;
1055 4517 1166 4575 aut,
1194 4508 1305 4563 Scit
1329 4507 1571 4562 Christus
1590 4509 1666 4562 sic
1685 4521 1804 4562 esse

226 4611 282 4664 in
314 4608 496 4663 animo
531 4620 652 4660 meo
684 4623 697 4658 :
728 4611 779 4658 et
816 4602 973 4657 video
1015 4600 1138 4671 quia
1167 4599 1286 4670 plus
1311 4607 1414 4665 est,
1457 4598 1510 4654 id
1551 4607 1652 4662 est,
1684 4599 1803 4667 quia

225 4699 461 4769 amplius
487 4704 570 4752 est
588 4710 744 4766 quam
778 4693 1024 4755 Est...est;
1059 4688 1197 4757 Non,
1224 4705 1324 4743 non
1355 4705 1374 4742 :
1403 4688 1497 4744 sed
1523 4689 1657 4760 quod
1698 4705 1808 4742 am-

229 4789 368 4860 plius
389 4795 483 4850 est,
509 4802 543 4839 α
571 4785 704 4839 malo
729 4792 834 4847 est;
860 4782 973 4838 etsi
999 4795 1110 4835 non
1132 4795 1162 4834 a
1183 4779 1323 4832 malo
1343 4777 1590 4846 jurantis,
1617 4793 1646 4830 a
1668 4777 1808 4832 malo

227 4889 317 4936 est
344 4893 452 4934 non
481 4876 764 4933 credentis.
796 4875 1035 4944 Denique
1063 4888 1166 4926 non
1197 4871 1291 4935 ait,
1331 4871 1386 4925 Si
1409 4870 1639 4939 amplius
1665 4871 1806 4937 facit,

233 4970 407 5024 malus
429 4977 514 5025 est
539 4985 554 5022 :
583 4975 655 5030 et,
687 4964 767 5021 Sit
790 4966 842 5019 in
867 4979 961 5018 ore
989 4973 1185 5026 vestro,
1211 4961 1326 5025 Est,
1353 4970 1467 5025 cst;
1496 4959 1632 5023 Non,
1665 4974 1768 5014 non
1793 4977 1808 5024 ;

233 5061 281 5114 si
310 5061 428 5130 quis
449 5059 676 5128 amplius
696 5055 837 5119 facit,
858 5056 1026 5110 malus
1051 5065 1134 5109 est
1165 5070 1181 5108 :
1211 5053 1325 5118 sed,
1359 5051 1437 5108 Sit
1457 5053 1508 5106 in
1529 5069 1617 5106 ore
1631 5062 1810 5118 vestro,

243 5149 353 5214 Est,
393 5160 500 5214 est;
529 5147 670 5215 Non,
711 5163 810 5201 non
831 5162 850 5201 :
871 5146 1006 5217 quod
1041 5154 1208 5199 autem
1236 5145 1455 5213 amplius
1492 5151 1584 5208 est,
1625 5159 1658 5196 α
1682 5142 1814 5196 malo

236 5249 314 5294 est
339 5237 555 5308 (Matth.
585 5254 639 5303 v,
667 5240 777 5307 37).
800 5237 904 5294 Sed
929 5251 1107 5306 quaere
1134 5235 1303 5305 cujus.
1333 5234 1437 5290 Sed
1470 5243 1646 5289 tamen
1673 5232 1816 5288 aliud

242 5328 407 5384 habet
442 5329 670 5382 humana
696 5328 924 5398 pessima
967 5325 1311 5382 consuetudo.
1345 5326 1409 5380 Et
1431 5340 1552 5381 eum
1584 5323 1677 5379 tibi
1703 5339 1818 5380 ere-

241 5419 408 5485 ditur,
431 5419 614 5489 iuras;
645 5427 700 5474 et
721 5433 844 5473 cum
874 5433 1030 5473 nemo
1052 5416 1234 5488 exigit,
1261 5417 1444 5486 iuras;
1478 5427 1532 5470 et
1557 5415 1819 5470 horrenti-

251 5509 355 5564 bus
374 5508 675 5565 hominibus
693 5509 882 5580 iuras;
913 5524 1017 5564 non
1045 5516 1188 5563 taces
1208 5507 1450 5579 iurando,
1475 5507 1558 5561 vix
1582 5521 1643 5562 es
1661 5519 1821 5560 santts

244 5613 355 5654 non
401 5600 739 5672 periurando.
793 5599 904 5654 Nisi
951 5599 1088 5656 forte
1129 5599 1344 5670 putatis,
1373 5599 1580 5664 fratres,
1625 5599 1745 5669 quia
1775 5600 1819 5654 si

244 5691 408 5745 sciret
450 5692 718 5759 apostolus
746 5689 1187 5753 Pauluscredere
1215 5689 1314 5746 sibi
1339 5688 1571 5758 Galatas,
1603 5689 1821 5747 adderet

1553 295 1784 358 8811Μο
1823 300 2082 358 LLXXX.

1862 413 2181 484 iurationem
2210 422 2264 472 et
2303 413 2520 484 diceret,
2574 413 2906 484 auc-autem
2951 421 3112 477 scribo
3138 421 3296 485 vobis,
3337 439 3450 479 ecce

1867 524 2038 561 coram
2082 506 2207 575 Deo,
2235 507 2352 579 quia
2379 523 2479 562 non
2505 508 2716 562 mentior
2757 505 2953 580 (Gatat.
2984 524 3023 578 ι,
3061 509 3176 580 20).
3221 511 3445 568 Videbat

1870 600 1939 654 ibi
1967 615 2060 654 eos
2085 600 2171 668 qui
2193 598 2514 666 credebant;
2544 599 2754 654 videbat
2777 608 2831 655 et
2855 600 2990 655 alios
3013 603 3100 670 qui
3128 618 3234 658 non
3257 605 3446 661 crede-

1869 689 2014 744 bant.
2047 688 2188 761 Ergo
2218 689 2323 744 noli
2351 687 2680 753 dicere,Non
2708 688 2850 760 iuro.
2871 691 2914 744 si
2957 690 3089 746 forte
3118 691 3365 762 exigitur.
3397 696 3439 748 Λ

1871 782 2010 836 malo
2043 790 2125 836 est
2150 781 2290 836 enim
2321 780 2461 852 quod
2487 779 2651 848 facis;
2683 779 2777 836 sed
2805 780 3072 851 iiiiusqui
3101 781 3282 850 exigit.
3309 780 3442 838 Nam

1871 881 1924 926 tu
1951 869 2220 942 quomodo
2242 882 2292 927 te
2313 887 2502 942 purges
2528 886 2632 926 non
2655 871 2838 936 habes,
2861 871 3126 940 quomodo
3146 871 3445 928 satisfacias

1869 961 2082 1032 negotio
2109 961 2250 1032 quod
2278 962 2459 1028 instat,
2487 976 2592 1016 non
2625 961 2849 1015 invenis.
2882 960 2986 1016 Sed
3018 960 3160 1016 aliud
3188 971 3291 1027 est,
3322 978 3442 1018 cum

1869 1055 2099 1124 exigitur
2136 1054 2370 1123 iuratio;
2405 1053 2570 1118 aliud,
2615 1067 2737 1108 cum
2771 1051 3032 1108 oll'ertur:
3063 1061 3117 1108 et
3145 1054 3245 1108 hoc
3271 1054 3444 1123 ipsum

1870 1142 2011 1214 quod
2036 1142 2278 1212 offertur,
2305 1143 2447 1197 aliud
2477 1158 2597 1198 cum
2626 1142 2845 1198 offertur
2871 1157 2974 1197 non
2994 1142 3231 1199 credenti
3256 1160 3271 1209 ;
3301 1143 3442 1198 aliud

1871 1250 1991 1289 cum
2021 1234 2306 1288 ventilatur
2328 1243 2380 1289 et
2407 1233 2669 1289 credenti.

1942 1325 2165 1383 CAPUT
2202 1324 2270 1380 Χ.
2291 1355 2364 1366 -
2384 1325 2468 1378 Η.
2498 1322 2851 1376 Juramentum
2867 1322 3054 1377 ab-‘alio
3079 1321 3298 1394 exigens,
3316 1341 3441 1393 quo-

1873 1417 2022 1472 modo
2047 1426 2231 1488 peccet.
2270 1415 2416 1471 Tene
2458 1429 2584 1486 ergo
2617 1413 2847 1485 linguam
2875 1413 3402 1470 et'consuetudiuem
3426 1452 3446 1481 ,η

1873 1517 2124 1577 quantum
2164 1516 2313 1578 potes
2341 1525 2356 1562 :
2384 1521 2489 1560 non
2527 1504 2795 1577 quomodo
2823 1505 3068 1577 quidam,
3099 1505 3310 1576 quando
3340 1504 3448 1559 illis

1874 1598 2084 1665 dicitur,
2116 1597 2312 1653 Verum
2357 1596 2533 1652 dicis?
2565 1611 2671 1650 non
2713 1596 2894 1652 credo.
2941 1595 3060 1650 Non
3106 1594 3315 1650 fecisti?
3342 1611 3444 1650 non

1874 1690 2074 1746 credo:
2107 1689 2244 1745 Deus
2279 1689 2500 1759 iudicet,
2544 1688 2664 1758 jura
2707 1688 2856 1744 mihi.
2889 1689 2956 1743 Et
3000 1688 3111 1758 ipse
3152 1688 3240 1758 qui
3287 1687 3450 1757 exigit

1870 1781 2210 1851 iurationem,
2255 1781 2480 1836 multum
2527 1780 2747 1835 interest
2791 1779 2834 1835 si
2874 1781 3043 1836 nescit
3071 1779 3217 1833 illum
3259 1777 3446 1832 falsum

1869 1875 2186 1945 iuraturum,
2216 1889 2283 1928 an
2311 1873 2428 1928 scit.
2462 1871 2519 1928 Si
2548 1873 2690 1927 enim
2718 1873 2908 1938 nescit,
2931 1880 2986 1927 et
3014 1871 3134 1925 ideo
3151 1869 3296 1933 dicit,
3324 1868 3449 1923 Iura

1875 1966 2026 2032 mihi,
2057 1974 2113 2020 ut
2138 1964 2268 2021 ﬁdes
2294 1964 2341 2019 ei
2369 1963 2497 2030 fiat;
2527 1979 2633 2019 non
2659 1961 2832 2018 audeo
2851 1961 3028 2017 dieere
3051 1975 3154 2015 non
3182 1975 3301 2015 esse
3328 1976 3449 2030 pce-

1875 2069 2071 2123 catum,
2099 2067 2274 2112 tamen
2306 2057 2532 2111 humana
2557 2056 2776 2110 tentalio
2792 2061 2891 2109 est.
2923 2052 2976 2108 Si
3004 2061 3180 2107 autem
3209 2051 3310 2106 scit
3327 2067 3446 2105 eum

1878 2151 2085 2214 fecisse,
2131 2149 2275 2203 novit
2321 2148 2528 2212 fecisse,
2559 2146 2690 2200 vidit
2732 2145 2941 2208 fecisse,
2986 2153 3040 2201 et
3067 2146 3206 2213 cogit
3226 2141 3444 2212 iurare,

1878 2241 2138 2297 homicida
2166 2249 2266 2297 est.
2311 2240 2401 2295 llle
2428 2240 2570 2295 enim
2599 2252 2697 2294 suo
2723 2235 2953 2308 periurio
2989 2250 3049 2290 se
3073 2235 3283 2305 perimit
3313 2251 3325 2286 :
3358 2233 3451 2288 sed

1880 2334 1978 2388 iste
2009 2347 2218 2386 manum
2248 2328 2612 2386 interﬁcientis
2633 2334 2687 2383 et
2715 2326 2975 2398 expressit
2998 2332 3053 2379 et
3081 2322 3289 2394 pressit.
3321 2322 3452 2378 Cum

1878 2437 2005 2476 vero
2028 2421 2215 2492 aliquis
2242 2420 2529 2476 sceleratus
2553 2418 2636 2472 fur
2661 2403 2827 2482 audit,
2856 2415 2983 2472 Jura
3025 2414 3072 2469 si
3099 2429 3203 2468 non
3246 2412 3411 2467 tulisti
3437 2453 3452 2475 ,

1876 2511 1992 2581 iura
2017 2511 2062 2566 si
2087 2526 2191 2565 non
2215 2509 2406 2576 fecisti,
2430 2509 2498 2563 ab
2522 2523 2588 2564 eo
2611 2507 2701 2578 qui
2725 2505 2892 2562 nescit
2915 2520 2982 2560 an
3011 2503 3138 2560 fecit
3158 2519 3173 2559 :
3197 2503 3286 2558 ille
3305 2510 3452 2566 tunc,

1880 2603 2182 2658 Christiano
2225 2618 2331 2656 non
2359 2601 2482 2656 licet
2504 2600 2722 2670 iurare:
2753 2595 2966 2669 quando
2993 2597 3061 2650 ab
3109 2595 3199 2649 illo
3228 2593 3456 2663 exigitur

1879 2691 2269 2764 iusiurandum,
2299 2705 2407 2746 non
2429 2689 2784 2760 licetiurare;
2814 2684 3146 2743 Christianus
3173 2697 3313 2746 sum,
3347 2695 3452 2735 non

1884 2783 2012 2840 mihi
2044 2785 2184 2839 licet.
2216 2783 2377 2852 Capta
2402 2781 2582 2847 talem,
2611 2788 2791 2834 averte
2818 2784 2868 2832 te
2895 2774 3094 2839 abillo,
3129 2772 3400 2828 dissimula
3428 2785 3456 2822 ιι

1887 2877 2098 2946 negetio
2137 2875 2206 2930 de
2246 2889 2353 2944 quo
2395 2872 2727 2942 loquebaris;
2756 2869 2921 2924 misce
2969 2867 3099 2920 alias
3137 2863 3359 2924 fabulas,
3407 2871 3462 2916 et

1887 2966 2125 3021 invenies
2150 2979 2271 3020 cum
2301 2962 2490 3018 millies
2511 2961 2800 3031 iurantem,
2839 2955 2930 3027 qui
2959 2953 3123 3009 semel
3148 2952 3330 3023 iurare
3359 2965 3456 3004 no-

1889 3057 2001 3112 luit.
2026 3056 2182 3111 Istam
2200 3069 2326 3126 ergo
2337 3049 2772 3109 consuetudinem
2792 3044 3171 3118 quotidianam,
3191 3040 3456 3103 crebram.

1889 3147 2004 3202 sine
2052 3160 2232 3211 causa,
2263 3144 2406 3199 nullo
2443 3147 2806 3211 extorquente,
2853 3134 2997 3190 nullo
3039 3133 3105 3189 de
3147 3132 3248 3186 tuis
3286 3128 3464 3184 verbis

1891 3236 2165 3293 dubitante
2205 3234 2436 3306 iurandi,
2481 3232 2703 3287 avertite
2729 3243 2761 3284 a
2790 3227 2960 3296 vobis,
3001 3233 3269 3296 amputate
3303 3236 3333 3276 a
3362 3221 3454 3275 lin-

1889 3329 2008 3398 guis
2037 3327 2249 3388 vcstris.
2289 3321 2652 3382 circumcidite
2677 3320 2744 3375 ah
2771 3333 2866 3375 ore
2895 3325 3091 3374 vestro.

1963 3415 2189 3473 CAPUT
2226 3414 2410 3470 XL—
2438 3414 2524 3468 l2.
2561 3409 2784 3465 Jurandi
2821 3404 3169 3463 consuetudini
3208 3403 3460 3470 operosius

1893 3511 2238 3564 resistendum.
2279 3506 2384 3562 Sed
2412 3501 2739 3560 consuetudo
2786 3507 2868 3555 est
2888 3538 2905 3564 ,
2958 3497 3098 3554 solet
3139 3493 3264 3549 dici.
3311 3491 3464 3545 Sulet

1894 3601 2020 3668 dici,
2069 3598 2280 3669 quando
2309 3613 2413 3652 non
2461 3596 2598 3649 dico.
2641 3592 2754 3648 lloe
2798 3597 2900 3657 est,
2931 3588 3060 3642 Ante
3100 3585 3288 3641 omnia.
3326 3580 3463 3648 Quid

1896 3699 1997 3754 est,
2041 3689 2167 3742 Ante
2202 3687 2415 3741 omnia?
2459 3685 2573 3738 l’ru:
2610 3680 2819 3736 creteris
2859 3685 3044 3734 cautus
3071 3685 3206 3741 esto,
3237 3672 3356 3743 plus
3401 3669 3467 3723 ad

1898 3783 2001 3838 hoc
2028 3781 2260 3835 intentus
2285 3785 2423 3842 esto,
2464 3789 2621 3846 quam
2654 3771 2719 3826 ad
2765 3771 2888 3825 alia.
2933 3767 3099 3838 Maior
3140 3761 3469 3822 consuetudo

1859 3875 1872 3896 ‘
1898 3875 2152 3943 maiorem
2184 3869 2523 3926 intentionem
2569 3865 2784 3935 ﬂagitat,
2826 3875 2931 3917 non
2961 3861 3034 3915 rei
3076 3857 3205 3913 levis
3243 3867 3469 3910 consue-

1900 3966 2046 4020 tudo.
2086 3963 2142 4018 Si
2171 3962 2236 4017 de
2261 3976 2418 4015 manu
2462 3956 2657 4027 aliquid
2686 3955 2905 4017 faceres,
2935 3949 3138 4006 facilius
3165 3945 3341 4002 manui
3369 3955 3474 4000 tute

1903 4054 2192 4124 imperares
2214 4066 2280 4106 ne
2299 4051 2522 4114 faceret;
2553 4047 2597 4102 si
2624 4044 2843 4116 pedibus
2861 4043 3036 4112 aliquo
3056 4039 3286 4095 eundum
3308 4043 3471 4101 esset,

1904 4147 2110 4217 pigritia
2152 4141 2456 4200 retardante
2494 4140 2753 4195 excitares
2782 4146 2834 4191 te
2871 4143 2928 4190 ut
2955 4145 3221 4203 surgeres,
3264 4137 3319 4185 et
3345 4128 3471 4183 ires.

1905 4216 2103 4307 Lingua
2129 4233 2434 4289 facilitatem
2462 4229 2622 4285 habet
2646 4235 2840 4290 motus,
2870 4225 2922 4279 in
2946 4223 3052 4279 udo
3078 4221 3245 4292 posita
3271 4227 3372 4283 est,
3401 4216 3476 4271 fa.

1903 4305 2024 4382 cileﬁ
2050 4326 2102 4380 in
2134 4322 2335 4378 lubrico
2365 4321 2575 4375 labitur.
2621 4317 2829 4384 Quanto
2858 4313 2947 4369 illa
2977 4313 3134 4368 citius
3175 4319 3229 4365 et
3271 4305 3477 4364 facilius

1909 4424 2169 4480 movetur,
2199 4423 2345 4468 tanto
2371 4423 2422 4466 tu
2447 4411 2699 4466 adversus
2722 4408 2864 4464 illam
2887 4406 3019 4461 ﬁxus
3038 4412 3174 4460 esto.
3206 4399 3476 4460 Domabis.

1909 4509 1952 4564 si
1983 4507 2260 4579 vigilabis;
2295 4503 2552 4574 vigilabis,
2581 4499 2630 4555 si
2655 4499 2894 4562 timebis;
2923 4493 3152 4558 timebis,
3171 4492 3213 4546 si
3233 4489 3480 4547 christia-

1911 4617 2034 4656 num
2067 4608 2119 4655 te
2144 4612 2262 4655 csse
2292 4596 2619 4668 cogitaveris.
2662 4592 2793 4648 Nam
2824 4597 3025 4646 tantum
3058 4587 3179 4644 mali
3210 4585 3369 4641 habet
3395 4584 3482 4652 iu-

1912 4692 2068 4759 ratio,
2108 4699 2168 4745 ut
2205 4689 2293 4760 qui
2337 4687 2539 4758 lapides
2575 4686 2774 4747 colunt,
2808 4683 3026 4738 timeant
3071 4679 3260 4733 falsum
3299 4676 3482 4746 iurare

1913 4797 2009 4852 per
2043 4779 2246 4851 lapides
2280 4797 2290 4829 :
2326 4789 2380 4832 tu
2424 4792 2526 4830 non
2563 4773 2904 4830 timesDeum
2947 4776 3283 4840 prmsentem,
3319 4765 3482 4817 Deum

1916 4873 2201 4936 viventem,
2233 4869 2399 4923 Deum
2443 4866 2720 4928 scientem,
2753 4861 2916 4915 Deum
2956 4865 3278 4919 manentem,
3319 4851 3482 4906 Deum

1919 4963 1968 5016 in
1998 4967 2414 5028 contemptorem
2456 4949 2850 5010 vindicantem?
2876 4945 3084 5005 Claudit
3116 4946 3206 5000 ille
3232 4943 3484 5010 templqu

1918 5067 2075 5120 super
2115 5049 2362 5119 lapidem,
2408 5055 2460 5102 et
2503 5045 2544 5100 it
2588 5042 2652 5096 ad
2693 5040 2908 5096 domum
2950 5051 3098 5092 suam
3127 5051 3141 5088 :
3167 5033 3285 5102 ipse
3327 5044 3482 5098 super

1919 5143 2076 5197 deum
2098 5153 2251 5195 suum
2280 5136 2488 5200 clausit,
2511 5143 2563 5190 et
2593 5142 2768 5188 tamen
2793 5127 3004 5201 quando
3025 5125 3097 5181 illi
3122 5123 3330 5184 dicitur,
3361 5120 3485 5176 Jura

1923 5249 2016 5303 per
2042 5232 2247 5296 Jovem,
2279 5226 2554 5298 pratsentis
2582 5223 2763 5278 oculos
2801 5222 2968 5276 timet.

1991 5320 2214 5378 CAPUT
2255 5318 2367 5374 XII.
2389 5316 2566 5371 —l‘5.
2601 5312 2810 5368 Falsum
2843 5311 3022 5385 furare
3059 5323 3146 5378 per
3169 5303 3344 5370 idola,
3387 5317 3486 5373 per.

1915 5416 2110 5488 jnrium
2155 5421 2246 5468 est.
2288 5413 2352 5466 Et
2377 5424 2501 5466 ecce
2538 5407 2657 5462 dico
2684 5402 2938 5460 Cbaritali
2967 5412 3174 5464 vestrae,
3204 5406 3258 5453 et
3284 5395 3371 5466 qui
3403 5407 3496 5464 per

1928 5507 2150 5578 lapidem
2181 5504 2369 5559 falsum
2395 5502 2557 5572 iurat.
2603 5497 2844 5568 periurus
2872 5503 2970 5548 cst.
3018 5489 3169 5548 Unde
3199 5489 3300 5578 hoc
3336 5484 3494 5578 dico?

1926 5573 2057 5666 Quia
2089 5594 2235 5650 multi
2266 5602 2319 5647 et
2349 5593 2400 5646 in
2424 5591 2524 5644 hoc
2571 5589 2839 5647 falluntur,
2873 5592 2925 5637 ct
2953 5587 3157 5652 putant,
3195 5577 3315 5648 quia
3363 5573 3494 5628 nihil

1933 5664 2013 5742 est
2047 5700 2144 5754 per
2174 5682 2310 5754 quod
2333 5682 2532 5751 iurant,
2575 5694 2676 5732 non
2707 5690 2763 5731 se
2791 5674 3010 5729 crimine
3049 5669 3214 5726 teucri
3263 5664 3496 5736 periurii.
