3886 6188
471 325 580 393 979

475 453 706 510 Prorsus
731 449 979 525 periurus
998 465 1080 518 es,
1103 452 1225 523 quia
1253 463 1345 523 per
1368 451 1419 506 id
1445 449 1590 523 quod
1611 460 1853 506 sanctum
1881 457 2059 522 putas,

475 545 834 616 falsumjuras.
853 545 960 601 Sed
971 561 1069 616 ego
1086 544 1213 600 illud
1229 545 1246 577 ¹
1261 553 1502 600 sanctum
1521 561 1626 600 non
1640 555 1786 616 puto.
1808 545 2058 602 Sanctum

475 648 622 708 putat
659 637 742 692 cui
768 637 936 707 juras.
977 637 1090 692 Non
1133 638 1274 692 enim
1319 637 1530 707 quando
1550 637 1720 707 juras,
1752 637 1844 692 tibi
1871 637 2018 707 juras
2042 681 2058 703 ,

473 741 562 786 aut
609 729 767 800 lapidi
813 730 996 799 juras;
1041 729 1134 786 sed
1165 730 1408 801 proximo
1441 730 1611 800 juras.
1656 729 1869 786 Homini
1911 731 2060 799 juras

472 831 596 879 ante
636 823 863 892 lapidem
895 842 908 876 :
941 824 1035 878 sed
1063 825 1316 894 numquid
1343 839 1448 880 non
1475 836 1599 880 ante
1626 825 1791 879 Deum
1815 826 1838 878 ?
1866 825 1979 880 Non
2010 836 2060 880 te

471 914 621 970 audit
668 914 800 984 lapis
847 915 1152 986 loquentem
1192 934 1205 969 :
1245 915 1338 971 sed
1386 917 1539 988 punit
1586 926 1637 989 te
1681 917 1820 972 Deus
1867 917 2057 973 fallen-

475 1015 604 1062 tem.

544 1099 639 1165 ﬂ.
677 1097 899 1155 Jurandi
926 1100 1232 1156 consuetudo
1269 1101 1520 1172 quomodo
1559 1102 1873 1156 convellitur.
1920 1102 2059 1158 Ante

472 1190 650 1248 omnia
678 1205 826 1262 ergo,
857 1190 1049 1248 fratres
1086 1192 1212 1258 mei,
1257 1193 1481 1247 obsecro
1507 1207 1621 1257 vos,
1652 1207 1722 1247 ne
1744 1191 1860 1248 sine
1897 1207 2056 1246 causa

471 1300 558 1339 me
586 1285 725 1340 Deus
751 1284 865 1340 ιιωο
892 1284 1031 1356 loqui
1054 1286 1390 1357 compulerit.
1424 1284 1552 1341 Dico
1575 1286 1716 1340 enim
1733 1295 1859 1341 ante
1883 1285 2057 1355 ipsum

472 1375 614 1446 quod
645 1370 776 1444 dixi,
809 1391 950 1447 smpe
971 1393 1056 1432 me
1087 1377 1239 1432 istaut
1271 1378 1618 1448 quaestionem
1645 1377 1908 1432 devitasse
1941 1395 1955 1430 :
1989 1377 2056 1432 ti-

469 1468 579 1521 mui
611 1483 676 1522 ne
715 1467 982 1524 monendo
1011 1477 1064 1523 et
1101 1469 1458 1539 praecipiendo
1501 1468 1618 1538 plus
1663 1483 1786 1523 reos
1828 1469 2056 1524 iacerem

467 1575 576 1613 non
599 1558 871 1613 audituros
903 1577 916 1614 :
946 1559 1102 1614 hodie
1128 1568 1304 1614 autem
1336 1560 1451 1630 plus
1473 1559 1619 1614 timui
1647 1575 1714 1615 ne
1738 1559 1880 1629 loqui
1904 1575 2061 1614 recu-

468 1663 668 1716 sarem,
715 1649 856 1719 quod
905 1649 1045 1721 loqui
1087 1649 1326 1720 juberer.
1375 1649 1537 1718 Quasi
1580 1665 1708 1706 vero
1755 1666 1948 1721 parvus
1990 1650 2060 1705 sit

469 1739 676 1796 fructus
707 1743 916 1798 sudoris
955 1741 1112 1812 hujus
1139 1744 1270 1810 mei,
1296 1743 1347 1798 si
1368 1758 1554 1798 omnes
1578 1744 1666 1814 qui
1708 1744 1838 1797 mihi
1881 1743 2058 1798 accla-

470 1841 778 1900 maverunt,
826 1834 1059 1889 clament
1099 1844 1153 1888 et
1180 1845 1365 1889 contra
1407 1850 1486 1902 se,
1533 1850 1602 1890 ne
1643 1833 1830 1889 falsum
1878 1837 2060 1904 jurent

471 1921 754 1977 adversum
781 1937 841 1980 se
869 1941 881 1977 :
907 1923 952 1978 si
984 1932 1064 1978 tot
1088 1924 1332 1979 homines
1359 1924 1448 1994 qui
1477 1940 1565 1980 me
1595 1925 1946 1980 attentissime
1966 1940 2059 1979 au-

471 2011 705 2080 dierunt,
751 2015 937 2069 attenti
969 2015 1073 2069 sint
1101 2014 1353 2070 adversus
1392 2015 1826 2071 consuetudinem
1869 2030 2054 2081 suam,

471 2114 525 2162 et
549 2103 868 2162 admoneant
893 2123 952 2162 se
982 2104 1161 2174 hodie,
1193 2121 1311 2161 cum
1340 2106 1410 2161 ad
1432 2106 1622 2162 domos
1641 2121 1765 2162 suas
1793 2105 2052 2174 venerint,

471 2213 592 2256 cum
627 2197 1064 2254 consuetudinem
1095 2211 1244 2253 suam
1273 2197 1424 2267 lapsu
1455 2197 1648 2268 lingua:
1675 2198 2053 2267 repetiverint;

469 2291 753 2346 admoneat
780 2291 1050 2362 proximus
1084 2292 1383 2362 proximum
1417 2309 1430 2344 :
1465 2291 1576 2347 Hoc
1603 2301 1686 2347 est
1725 2292 1867 2363 quod
1901 2292 2058 2349 hodie

469 2382 789 2446 audivimus,
824 2383 925 2438 hoc
970 2391 1058 2438 est
1098 2383 1242 2454 quod
1287 2383 1528 2438 obstricti
1570 2397 1772 2439 sumus.
1819 2382 1935 2439 Non
1967 2384 2060 2438 ﬁat

469 2473 650 2542 hodie,
681 2485 827 2530 certe
852 2491 972 2531 cum
999 2491 1186 2530 recens
1214 2489 1394 2530 sermo
1417 2483 1518 2535 est.
1547 2473 1813 2545 Expertus
1832 2475 2052 2546 loquor:

469 2582 576 2622 non
605 2567 699 2621 fiat
722 2566 900 2631 hodie,
928 2566 1125 2636 pigrius
1153 2565 1374 2621 literas.
1404 2565 1461 2621 Si
1485 2575 1538 2621 et
1567 2581 1686 2621 eras
1714 2565 1908 2622 factum
1950 2583 2056 2623 non

469 2655 653 2722 fuerit,
696 2655 872 2710 minus
912 2655 1117 2710 laborat
1145 2656 1233 2725 qui
1278 2656 1550 2722 custodit;
1592 2657 1872 2727 adjuvatur
1911 2659 2054 2714 enim

468 2745 853 2803 consuetudine
884 2747 1172 2816 superioris
1196 2747 1323 2803 diei.
1367 2747 1569 2804 Triduo
1617 2751 1842 2806 moritur
1888 2752 2056 2822 pestis

467 2835 538 2892 de
561 2851 663 2907 qua
695 2836 996 2892 laboramus
1024 2853 1037 2889 :
1069 2845 1124 2892 et
1160 2837 1509 2907 gaudebimus
1536 2838 1604 2895 de
1635 2839 1806 2896 fructu
1834 2851 2053 2908 vestro;

467 2927 592 3000 quia
635 2943 828 3000 magno
870 2928 1010 2985 bono
1049 2929 1406 2997 abundabitis,
1454 2933 1498 2987 si
1530 2941 1635 2988 tam
1683 2948 1876 3005 magno
1914 2936 2054 2991 malo

467 3021 738 3078 carebitis.
776 3020 1030 3077 Conversi
1061 3022 1128 3078 ad
1158 3022 1459 3084 Dominum.
1489 3033 1594 3078 etc.

914 3111 1147 3167 saeuo
1185 3112 1440 3167 CLXXXI
1471 3112 1604 3184 ‘(a).

476 3199 558 3258 De
605 3201 771 3258 verbis
791 3203 1037 3272 Epistolas
1065 3219 1079 3256 ι
1108 3201 1344 3266 Joannis.
1378 3219 1493 3273 cap.
1525 3220 1570 3272 ι,
1595 3203 1650 3268 8,
1680 3203 1734 3269 9,
1766 3205 1825 3260 Si
1858 3207 2054 3261 dixeri-

539 3309 660 3348 mus
701 3295 824 3365 quia
851 3303 1123 3364 peccatnm
1154 3310 1260 3348 non
1289 3295 1565 3360 habemus,
1595 3311 1692 3350 nos
1723 3297 1864 3365 ipsos
1889 3296 2050 3352 sedu-

537 3385 731 3451 cimus,
776 3392 833 3440 et
880 3383 1074 3440 veritas
1103 3384 1164 3438 in
1200 3384 1353 3440 nobis
1380 3399 1488 3440 non
1529 3393 1641 3442 est.
1661 3385 1848 3440 Contra
1891 3383 2050 3441 Pela-

537 3477 735 3552 ginnas.

537 3565 764 3623 CAPUT
801 3564 1084 3623 PRIMUM.
1106 3596 1178 3608 —-
1199 3565 1257 3622 1.-
1285 3565 1449 3621 Nemo
1471 3566 1552 3622 hic
1571 3567 1688 3622 vivit
1701 3567 1807 3623 sine
1823 3581 2048 3640 peccato.

470 3650 814 3706 Beatissimus
841 3649 1071 3704 Joannes
1097 3650 1369 3719 apostolus
1396 3649 1676 3706 salubriter
1701 3663 1755 3708 et
1792 3655 2052 3709 veraciter

466 3743 728 3807 scribens,
772 3741 910 3795 inter
949 3748 1141 3794 caetera
1169 3740 1244 3794 ait
1271 3759 1286 3795 :
1317 3739 1378 3796 Si
1415 3741 1689 3797 dixerimus
1717 3744 1835 3814 quia
1874 3761 2052 3815 pecca-

467 3845 572 3888 tum
610 3851 710 3889 non
740 3833 995 3896 habemus,
1045 3851 1136 3888 nos
1180 3833 1318 3904 ipsos
1357 3835 1664 3901 seducimus,
1708 3847 1752 3890 ct
1781 3839 1960 3892 veritas
1998 3839 2050 3893 in

464 3925 608 3981 nobis
637 3935 844 3981 nonest.
877 3925 937 3981 Si
954 3934 1117 3980 autem
1133 3926 1348 3997 confessi
1365 3926 1607 3996 fuerimus
1630 3940 1836 3997 peccata
1856 3942 2046 3994 nostra,

464 4021 630 4088 fidelis
659 4030 730 4074 est
755 4029 804 4073 et
817 4020 1007 4090 justus,
1036 4020 1120 4089 qui
1149 4017 1365 4072 dimittat
1404 4019 1544 4073 nobis
1570 4031 1792 4087 peccata,
1823 4033 1880 4076 et
1899 4040 2046 4076 umn-

464 4111 546 4166 det
576 4127 668 4167 nos
708 4109 770 4164 ab
801 4111 936 4165 omni
971 4111 1250 4180 iniquitate.
1299 4109 1394 4165 His
1443 4110 1618 4165 verbis
1646 4110 1826 4166 docuit
1865 4113 2050 4170 beatus

461 4200 719 4268 Joannes,
753 4202 860 4258 imo
903 4198 1018 4271 ipse
1049 4201 1302 4257 Dominus
1327 4201 1482 4258 Jesus
1513 4217 1616 4258 non
1657 4218 1716 4258 se
1747 4214 1926 4260 tacens
1956 4223 2051 4276 per

454 4295 754 4364 Joannem,
779 4299 1046 4352 neminem
1089 4296 1147 4351 in
1174 4297 1271 4351 ista
1297 4311 1476 4360 carne,
1511 4297 1567 4352 in
1591 4299 1693 4354 isto
1718 4301 2047 4370 corruptibili

463 4402 720 4458 corpore,
748 4387 800 4442 in
829 4387 925 4442 ista
952 4398 1110 4453 terra,
1144 4387 1195 4442 in
1225 4388 1328 4442 isto
1355 4389 1584 4458 maligno
1612 4391 1827 4458 smculo,
1858 4393 1909 4447 in
1951 4393 2047 4448 ista

462 4478 576 4532 vita
617 4477 1000 4532 tentationihus
1049 4476 1226 4546 plena,
1274 4480 1538 4534 nemiuem
1574 4481 1658 4536 hic
1708 4483 1884 4539 vivere
1931 4486 2047 4541 sine

465 4577 702 4638 peccato.
732 4565 992 4622 Absoluta
1019 4569 1278 4623 sententia
1318 4579 1414 4634 est,
1450 4586 1547 4625 nec
1576 4575 1879 4641 expositore
1915 4577 2051 4631 indi-

461 4669 550 4730 get
578 4677 594 4714 :
627 4656 690 4713 Si
723 4657 997 4711 dixerimus
1033 4659 1150 4727 quia
1190 4669 1447 4729 peccatum
1485 4679 1585 4716 non
1629 4663 1885 4720 habemus.
1917 4668 2047 4736 Quis

462 4757 548 4805 est
573 4749 716 4804 extim
761 4747 850 4818 qui
891 4761 997 4803 non
1041 4743 1201 4804 habet
1241 4753 1554 4820 peccatum?
1590 4753 1737 4809 Sicut
1775 4756 2046 4827 Scriptura

461 4840 610 4906 dicit,
655 4838 766 4894 Nec
793 4839 964 4910 infans
991 4840 1138 4911 cujus
1162 4850 1234 4895 est
1259 4839 1359 4894 vita
1387 4841 1486 4896 diei
1514 4843 1662 4898 unius
1682 4862 1834 4915 super
1861 4858 2048 4904 terram

462 4931 584 4999 (Job
611 4947 718 4995 xw,
750 4930 804 4994 4,
831 4947 930 4985 sec.
963 4927 1150 5003 LXX).
1183 4931 1326 4988 Talis
1356 4934 1606 5003 parvulus
1636 4946 1909 5005 peccatum
1937 4956 2044 4996 non

463 5023 608 5090 fecit,
633 5023 726 5079 sed
752 5021 821 5078 de
851 5023 1156 5092 parentibus
1178 5025 1354 5078 traxit.
1388 5025 1526 5096 Ergo
1552 5028 1698 5086 nullo
1717 5029 1877 5084 modo
1897 5031 2040 5100 quis.

462 5131 621 5184 quun
652 5124 825 5186 potest
867 5115 1065 5179 dicere,
1098 5131 1205 5170 non
1229 5131 1289 5172 se
1315 5115 1563 5174 habuisse
1609 5133 1905 5190 peccaturus.
1938 5123 2044 5178 Sed

461 5206 685 5260 accessit
729 5220 826 5276 per
849 5206 1006 5261 ﬁdem
1050 5205 1118 5260 ad
1145 5206 1410 5261 lavacrum
1441 5213 1855 5280 regenerationis
1885 5213 2046 5270 homo

465 5295 654 5361 tldelis,
677 5305 732 5350 et
757 5296 932 5349 omnia
950 5296 1166 5351 dimissa
1193 5307 1315 5351 sunt
1335 5299 1382 5352 ei
1405 5316 1422 5361 ;
1443 5299 1551 5366 jam
1579 5303 1681 5377 sub
1703 5305 1872 5374 gratia
1895 5306 2039 5372 vivit,

443 5385 517 5440 -lu
546 5386 649 5441 llde
683 5387 834 5452 vivit,
877 5387 1173 5442 membrum
1209 5387 1406 5444 Christi
1441 5391 1608 5448 factus
1646 5404 1748 5461 est,
1787 5398 2042 5466 templum

467 5476 559 5531 Dei
608 5475 778 5531 lactus
831 5486 912 5531 est
943 5494 956 5530 :
987 5487 1040 5532 et
1087 5489 1262 5534 tamen
1303 5481 1382 5535 sic
1417 5483 1686 5552 quomodo
1744 5487 2042 5544 membrum

524 5587 538 5616 ί
561 5585 634 5632 sic
656 5593 760 5635 Mss.
784 5585 904 5635 Editi
919 5599 1055 5642 vero.
1077 5583 1232 5638 illum.

525 5645 769 5723 :j'onllatons
790 5648 1039 5723 adiumnes
1057 5654 1162 5698 Mss.
1187 5659 1239 5700 et
1261 5649 1371 5702 ΗΜ.
1399 5654 1446 5706 in
1479 5669 1707 5707 sermone
1746 5661 2040 5723 praecedenti

459 5704 599 5769 natqu
614 5705 907 5769 designatos.

524 5764 598 5823 la)
622 5764 759 5825 Alias,
781 5768 844 5816 de
858 5770 1036 5821 Verbis
1059 5773 1262 5835 Apostoli
1289 5775 1363 5825 '29.

1705 323 1762 391 S.
1802 319 2168 390 atiGth‘TtNt
2209 315 2517 393 Epistort
3151 281 3160 286 Io
3587 344 3674 419 ito

2187 450 2381 507 Christi
2439 464 2494 510 et
2541 457 2796 526 templum
2855 459 2949 516 Dei
2988 455 3158 520 factus
3204 474 3298 535 est,
3346 468 3384 524 si
3425 471 3590 530 dixerit
3628 497 3676 535 se

2169 559 2276 597 non
2306 545 2502 603 habere
2527 559 2824 618 peccatum,
2874 554 3104 623 seipsum
3130 557 3345 626 seducit,
3373 571 3424 616 et
3447 566 3613 622 veritas
3634 571 3675 624 in

2167 652 2234 690 eo
2284 653 2387 691 non
2417 649 2497 694 est
2522 657 2535 704 ;
2591 656 2809 712 prorsus
2837 647 3110 716 mentitur,
3134 650 3177 704 si
3205 649 3357 714 dicat.
3385 653 3544 710 Justus
3566 675 3674 714 sum.

2239 726 2465 786 CAPUT
2517 730 2583 786 ll.
2624 762 2698 775 —
2734 736 2790 792 2.
2820 734 3208 810 Pelagianorum
3246 759 3409 810 error,
3440 747 3586 817 justas
3617 753 3679 808 llic

2166 817 2275 872 sine
2300 831 2500 889 peccato
2523 825 2754 893 reperiri.
2781 826 3139 898 Argumentum
3167 829 3549 903 Pelagianorum.
3575 838 3676 897 Sunt

2166 918 2343 965 autem
2372 912 2584 982 quidam
2625 914 2791 970 lnllati
2821 927 2967 974 utres
2991 958 3006 985 ,
3055 921 3242 990 spiritu
3287 923 3516 982 elatibnis
3549 929 3676 998 pleni,

2168 1017 2273 1057 non
2320 1005 2681 1075 magnitudine
2711 1008 2984 1080 ingentes,
3023 1011 3117 1068 sed
3146 1014 3398 1084 superbiat
3433 1019 3592 1074 morbo
3615 1030 3679 1077 tu-

2166 1103 2372 1150 mentes
2397 1138 2415 1164 ,
2445 1106 2502 1150 ut
2523 1096 2704 1154 dicere
2733 1100 2990 1168 audeant,
3023 1101 3258 1160 inveniri
3279 1103 3502 1162 homines
3523 1110 3680 1182 absque

2168 1195 2403 1253 peccato.
2433 1187 2629 1244 Dicunt
2655 1205 2783 1262 ergo
2805 1232 2819 1256 ,
2844 1190 3018 1261 iustos
3048 1208 3263 1264 prorsus
3291 1195 3340 1250 in
3370 1197 3459 1252 hac
3481 1199 3568 1254 vita
3593 1203 3680 1257 nul-

2166 1275 2273 1330 lum
2300 1276 2497 1334 habere
2522 1289 2817 1348 peceatum.
2843 1282 3088 1338 Haeretici
3116 1293 3291 1340 autem
3316 1289 3677 1361 suntPelagiani,

2166 1368 2433 1440 iidemque
2457 1370 2788 1441 Caelestiani,
2818 1376 2906 1446 qui
2934 1376 3036 1431 hoc
3063 1375 3266 1433 dicunt.
3296 1379 3482 1436 Etcum
3506 1398 3680 1453 respon-

2165 1473 2285 1515 sum
2316 1462 2418 1518 illis
2443 1462 2622 1531 l'uerit,
2653 1465 2798 1532 Quid
2820 1477 2901 1521 est
2925 1467 3066 1538 quod
3095 1469 3270 1525 dicitis
3285 1471 3464 1543 ‘i‘Ergo
3489 1473 3593 1527 vivit
3615 1475 3680 1530 hic

2165 1550 2328 1608 homo
2355 1551 2473 1608 sine
2499 1563 2742 1624 peccato,
2774 1565 2830 1611 et
2857 1572 2963 1612 non
2991 1557 3155 1613 habet
3179 1560 3388 1616 omnino
3417 1562 3556 1617 ullum
3583 1579 3679 1634 pec-

2164 1651 2339 1698 catum
2366 1687 2381 1709 ,
2401 1659 2514 1714 ,nee
2539 1644 2680 1700 facto
2698 1689 2713 1712 ,
2753 1663 2850 1703 nec
2878 1648 3044 1704 verbo
3065 1691 3081 1716 ,
3126 1665 3225 1705 nec
3247 1652 3568 1722 cogitatione?
3599 1655 3682 1711 lie-

2164 1735 2427 1806 spondent
2449 1736 2516 1792 de
2537 1737 2628 1792 illo
2647 1739 2910 1808 superbia:
2926 1749 3109 1808 vento,
3134 1757 3238 1810 quo
3255 1741 3512 1812 plenisunt
3531 1763 3542 1801 :
3559 1762 3680 1815 quem

2165 1836 2379 1881 ventum
2411 1828 2607 1882 utinam
2651 1827 2902 1897 (inirent,
2952 1831 3272 1886 rellarentur
3292 1845 3342 1888 et
3376 1844 3609 1901 tacerent,
3641 1838 3679 1892 id

2163 1931 2265 1986 est,
2299 1919 2524 1977 humiles
2553 1923 2760 1988 tierent,
2795 1940 2901 1978 non
2931 1924 3062 1980 elati
3093 1943 3106 1978 :
3138 1927 3462 1998 respondent,
3490 1929 3677 1999 inquam,

2163 2009 2393 2066 Prorsus
2421 2011 2507 2066 isti
2549 2010 2793 2067 homines
2823 2015 3028 2081 sancti,
3077 2015 3261 2070 ﬁdeles
3290 2016 3411 2084 Dei,
3451 2034 3535 2073 nec
3559 2021 3675 2082 iacto,

2163 2118 2263 2159 nee
2287 2105 2471 2170 verbo,
2501 2120 2599 2161 nec
2624 2107 2944 2175 cogitatione
2970 2118 3197 2179 possunt
3219 2109 3373 2164 ullum
3395 2110 3564 2167 habere
3583 2129 3676 2183 pec-

2161 2205 2359 2250 catum.
2409 2195 2622 2252 Etcum
2650 2198 2729 2252 eis
2753 2198 2983 2266 dicitur,
3035 2201 3138 2267 Qui
3169 2211 3292 2256 sunt
3335 2202 3412 2257 isti
3445 2205 3572 2273 justi,
3609 2207 3674 2274 qui

2163 2289 2280 2344 sine
2304 2299 2525 2360 peccato
2557 2293 2720 2346 sunt?
2746 2293 3075 2362 respondent
3104 2305 3156 2348 et
3185 2295 3376 2360 dicunt,
3402 2297 3517 2351 Tota
3539 2296 3677 2352 Eccle-

2162 2381 2260 2436 sia.
2289 2381 2466 2436 ltlirari
2489 2385 2802 2454 potuissem,
2833 2386 2877 2440 si
2901 2387 3201 2442 invenirem
3231 2405 3408 2455 unum,
3432 2389 3564 2456 duos,
3582 2399 3674 2454 tres,

2161 2471 2380 2540 decem,
2421 2483 2550 2543 quot
2587 2475 2860 2545 qumrebat
2893 2477 3196 2532 Abraham.
3239 2479 3489 2534 Abraham
3522 2481 3632 2535 enim
3658 2496 3679 2533 ι

2161 2564 2542 2636 quinquaginta
2589 2583 2757 2637 usque
2785 2568 2852 2623 ad
2878 2569 3064 2624 decem
3120 2569 3385 2626 descendit
3417 2571 3545 2643 (Cen.
3568 2588 3678 2638 mu,

2159 2655 2349 2727 εις-52)
2384 2675 2397 2710 :
2429 2667 2514 2722 tu,
2547 2659 2816 2728 haeretice,
2844 2662 3183 2731 respond-es,
3211 2673 3262 2718 et
3282 2663 3406 2719 dicis
3431 2663 3540 2718 mihi
3561 2673 3680 2718 totam

2161 2747 2483 2805 Ecclesiam.
2509 2748 2660 2806 Unde
2698 2751 2801 2807 hoc
2829 2754 3024 2823 probas
3043 2753 3072 2808 ἳ
3111 2754 3304 2821 Probe,
3333 2756 3505 2828 inquis.
3533 2756 3677 2817 Proba.

2159 2855 2290 2912 rogo
2315 2849 2386 2896 te.
2419 2841 2661 2914 Magnum
2685 2843 2827 2898 enim
2855 2845 2984 2899 mihi
3004 2846 3270 2916 gaudium
3289 2847 3459 2911 ail'ers,
3473 2846 3514 2901 si
3533 2845 3680 2901 dooere

2161 2931 2420 3002 potueris,
2448 2941 2610 2987 totam
2642 2948 2860 3003 prorsus
2886 2935 3193 2991 Ecclesiam
3221 2937 3270 2992 in
3298 2937 3496 3007 singulis
3515 2936 3681 3007 quibus-

2157 3036 2262 3090 que
2289 3021 2530 3076 lidelibus
2566 3023 2676 3078 suis
2715 3024 2915 3079 nullum
2963 3025 3176 3083 habere
3214 3039 3486 3098 peccatum.
3527 3026 3678 3090 Probo,

2158 3111 2352 3180 inquis.
2383 3111 2478 3166 Dic
2505 3112 2687 3168 unde?
2731 3115 3020 3184 Apostolus
3047 3117 3311 3188 luquitur.
3353 3117 3474 3187 Quid
3506 3117 3680 3188 loquitur

2156 3203 2491 3274 Apostolus?
2518 3204 2765 3270 Christus,
2795 3208 2984 3277 inquit,
3018 3209 3212 3265 dilexit
3241 3210 3512 3265 Ecclesiam.
3533 3209 3677 3271 Audio,

2158 3304 2213 3350 et
2239 3296 2482 3366 Apostoli
2521 3297 2680 3352 verba
2725 3314 2845 3354 esse
2883 3313 3184 3369 cognosco.
3233 3301 3474 3356 Mundam
3509 3318 3597 3356 eam
3626 3300 3680 3353 la-

2156 3403 2304 3443 vacro
2331 3403 2478 3459 aqua:
2501 3391 2553 3444 in
2581 3393 2726 3446 verbo
2743 3433 2758 3457 ,
2785 3401 2841 3445 ut
2869 3392 3134 3448 exhiberet
3161 3396 3256 3450 sibi
3276 3395 3524 3466 gloriosam
3548 3393 3677 3446 εστιεο

2155 3480 2283 3536 siam
2301 3521 2316 3547 ,
2360 3499 2458 3536 non
2508 3482 2771 3538 [labentem
2794 3485 3044 3538 maculam
3069 3497 3173 3541 aut
3201 3504 3372 3558 rugam
3395 3527 3418 3553 ,
3439 3495 3513 3539 aut
3537 3483 3678 3553 aliquid

2157 3575 2449 3642 Imjnsmodi
2495 3578 2512 3645 (
2531 3574 2722 3646 Ephes.
2750 3593 2815 3643 v,
2861 3577 3102 3650 25-27).
3153 3579 3452 3635 Audiv'unus
3491 3578 3548 3632 de
3578 3576 3678 3629 nullo

2157 3681 2345 3737 magna
2391 3667 2639 3722 tonitrua.
2679 3668 2859 3724 Nubes
2900 3671 3040 3724 enim
3071 3669 3176 3726 Dei
3218 3671 3505 3742 Apostolus.
3549 3666 3675 3721 Verba

2157 3755 2254 3810 ista
2285 3767 2597 3824 sonuerunt,
2626 3767 2679 3812 et
2705 3767 2934 3815 tremere
2955 3774 3050 3814 nos
3095 3761 3348 3816 fecerunt.

2225 3846 2450 3903 CAPUT
2479 3847 2563 3902 Ill.
2599 3879 2666 3888 —
2690 3849 2741 3903 5.
2774 3850 3089 3918 Refutanlur
3119 3853 3183 3906 ab
3208 3853 3422 3923 ipsorum
3446 3852 3501 3904 dc
3523 3865 3565 3904 se
3584 3845 3671 3916 ipsis

2155 3938 2485 4008 professione.
2531 3933 2771 3993 Ilwrelici
2796 3951 2937 3995 extra
2964 3937 3250 3998 Ecclesiain
3275 3953 3404 3997 sunt.
3445 3941 3534 3996 Sed
3557 3938 3671 3993 dicite

2155 4031 2328 4096 nobis,
2356 4040 2636 4102 antequam
2661 4048 2964 4102 qumramus
2984 4036 3259 4104 quomodo
3288 4038 3383 4091 ista
3413 4035 3547 4090 verba
3568 4035 3670 4101 Apo-

2154 4122 2322 4176 stolus
2350 4121 2573 4188 dixerit;
2598 4123 2778 4187 dicite,
2810 4125 3050 4195 inquam,
3081 4128 3258 4194 nobis,
3289 4138 3456 4182 utrum
3485 4141 3560 4180 vos
3578 4121 3668 4192 justi

2154 4217 2304 4281 estis,
2335 4230 2402 4269 an
2444 4232 2570 4270 non.
2621 4216 2980 4288 Respondent,
3013 4218 3154 4274 Justi
3197 4235 3398 4274 sumus.
3444 4217 3562 4287 Ergo
3594 4224 3668 4266 ηυιι

2154 4307 2360 4362 habetis
2386 4308 2703 4377 peccatum?
2749 4309 2848 4364 Per
2871 4324 3060 4364 omnes
3087 4311 3234 4374 dies,
3283 4327 3376 4380 per
3412 4322 3572 4363 omnes
3606 4319 3670 4357 no-

2152 4408 2267 4454 ctes
2293 4399 2422 4454 nihil
2452 4400 2575 4454 mali
2617 4399 2818 4464 facitis,
2863 4400 2993 4454 nihil
3035 4403 3164 4455 mali
3192 4402 3400 4464 dicitis,
3448 4399 3557 4454 nihil
3581 4391 3670 4450 mali

2152 4491 2436 4560 cogitatis?
2457 4491 2574 4547 Non
2601 4493 2797 4548 audent
2821 4493 3018 4560 dicere,
3046 4493 3214 4550 Nihil.
3243 4494 3346 4550 Sed
3367 4493 3483 4565 quid
3502 4505 3676 4560 respon-

2153 4585 2322 4638 dent?
2360 4585 2467 4640 Nos
2493 4585 2708 4655 quidem
2737 4594 3041 4656 peccatores
3067 4601 3292 4652 sumus;
3328 4587 3416 4641 sed
3442 4585 3501 4640 de
3524 4577 3672 4638 sanctis

2151 4675 2455 4746 loquimur,
2500 4691 2602 4732 non
2641 4676 2709 4732 de
2749 4676 2921 4731 nobis.
2967 4677 3082 4732 lloc
3115 4693 3214 4732 vos
3251 4667 3676 4746 interrogozuiri

2153 4769 2310 4825 stiani
2341 4769 2507 4826 estis?
2552 4769 2667 4825 Non
2697 4770 2845 4834 dico,
2873 4769 3006 4825 Justi
3036 4771 3208 4826 estis?
3260 4765 3528 4825 Christiani
3552 4755 3674 4818 estis?

2153 4859 2270 4915 Non
2313 4859 2510 4916 audent
2555 4877 2794 4932 negare:
2829 4860 3153 4928 Christiani,
3205 4861 3477 4932 inquiunt,
3516 4863 3672 4911 sumus.

2153 4951 2365 5007 Fideles
2407 4965 2536 5022 ergo
2582 4953 2757 5008 estis?
2804 4952 3060 5023 Baptizati
3104 4953 3282 5008 estis?
3326 4948 3584 5020 Baptizati,
3617 4942 3674 4996 iu-

2151 5042 2379 5110 quiunt,
2421 5056 2625 5098 sumus.
2671 5042 2896 5097 Dimissa
2939 5051 3062 5097 sunt
3088 5042 3245 5097 vobis
3271 5049 3454 5096 cuncta
3479 5030 3675 5108 peccati?

2153 5133 2378 5189 Dimisso
2403 5174 2418 5199 ,
2448 5135 2707 5205 inquiunt.
2756 5133 3034 5202 Quomodo
3059 5151 3191 5203 ergo
3228 5136 3359 5189 estis
3384 5120 3675 5203 peccatum?

2151 5221 2358 5278 Sufﬁcit
2383 5222 2510 5278 mihi
2538 5223 2678 5279 unde
2706 5239 2802 5278 vos
2827 5225 3102 5294 repellam.
3137 5223 3250 5279 Vos
3281 5217 3536 5278 christiani
3557 5211 3669 5271 estiS.

2150 5315 2398 5387 baptizati
2435 5317 2597 5382 estis,
2627 5315 2811 5371 ﬁdeles
2839 5317 2996 5381 estis,
3031 5316 3271 5370 membra
3298 5309 3531 5368 Ecclesiae
3556 5302 3673 5360 esui.

2148 5418 2203 5464 et
2245 5409 2451 5464 habetis
2478 5408 2712 5464 maculas
2751 5417 2806 5464 et
2834 5408 3033 5479 rugas?
3069 5406 3347 5473 Quomodo
3371 5415 3488 5472 ergo
3508 5406 3574 5453 est
3595 5393 3674 5448 Εε-

2148 5501 2310 5556 clesia
2340 5501 2440 5556 isto
2471 5509 2710 5570 tempore
2733 5501 2851 5555 sine
2880 5500 3082 5555 macula
3110 5506 3165 5553 et
3194 5513 3321 5568 ruga
3341 5536 3357 5562 ,
3381 5508 3491 5549 eum
3518 5503 3597 5541 vos
3617 5483 3674 5536 si-

2150 5592 2218 5646 tis
2241 5607 2371 5662 ruga
2395 5592 2514 5661 ejus
2541 5602 2593 5647 et
2625 5591 2872 5646 macula?
2896 5593 3004 5646 Aut
3025 5589 3066 5644 si
3092 5602 3200 5643 non
3230 5587 3383 5642 vultis
3401 5596 3508 5639 esse
3525 5571 3671 5638 Βαιθ-

2147 5685 2281 5740 siam
2308 5725 2327 5750 ,
2374 5685 2477 5740 nisi
2501 5700 2618 5740 eam
2643 5701 2761 5754 quae
2790 5685 2906 5739 sine
2948 5683 3148 5738 macula
3178 5691 3238 5737 et
3271 5693 3392 5749 ruga
3431 5682 3499 5729 est
3520 5712 3534 5736 ο
3571 5679 3668 5721 (⁸³η

2148 5777 2292 5848 rugis
2321 5779 2510 5834 vestris
2537 5786 2586 5833 et
2606 5779 2824 5834 maculis
2847 5777 3110 5849 praecidite
3139 5789 3233 5831 vos
3255 5789 3284 5828 a
3311 5765 3536 5828 membris
3554 5760 3664 5831 eius,
