3934 6188
243 456 522 530 prtecidite
548 465 646 510 vos
668 466 701 509 a
718 464 944 523 corpore
970 448 1109 523 ejus.
1154 450 1262 510 Sed
1288 435 1414 525 quid
1436 453 1610 512 adhuc
1649 454 1822 513 dicam

236 556 306 603 nt
326 561 388 603 se
411 545 483 602 ab
513 543 750 601 Ecclesia
791 549 1090 614 segregent.
1115 557 1238 601 cum
1277 542 1380 600 hoc
1415 543 1524 617 jam
1564 545 1827 602 fecerint?

242 638 496 697 Breretici
525 637 668 693 enim
703 645 863 703 sunt,
897 635 1008 706 jam
1037 632 1167 690 foris
1191 643 1315 691 sunt
1347 654 1361 691 :
1389 650 1509 692 cum
1536 644 1644 692 tota
1669 653 1824 692 mnn-

235 732 372 789 ditia
393 745 490 786 sua
511 729 639 785 foris
658 734 1053 785 remanserunt.
1085 726 1294 805 Redite,
1316 735 1369 784 et
1391 726 1600 795 audite;
1627 728 1821 794 audite,

235 834 303 885 et
332 821 565 884 credite.

363 917 429 975 4.
475 914 704 970 Mendax
748 912 1002 971 humilitas
1047 909 1463 985 Pelagianorum.
1528 910 1692 968 Forte
1743 911 1825 967 di-

237 1007 384 1064 εωτί
412 1006 544 1063 estis
567 1046 599 1073 ,_
615 1004 676 1061 in
695 1002 859 1060 corde
883 1009 1061 1060 vestro
1097 1001 1299 1058 tumido
1325 1011 1379 1058 et
1403 1001 1584 1058 innato
1615 1019 1630 1056 :
1659 1001 1825 1057 Num-

238 1097 389 1175 quid.
434 1096 711 1168 potuimus
751 1093 930 1150 dicere
980 1092 1117 1164 quia.
1146 1091 1280 1163 justi
1329 1090 1554 1148 sumus?
1601 1090 1833 1147 Necesse

239 1191 432 1261 utique
470 1197 585 1244 erat
624 1195 841 1258 propter
879 1184 1229 1240 humilitatem
1253 1224 1269 1248 ,
1309 1193 1367 1238 ut
1394 1181 1694 1242 diceremus
1731 1198 1830 1237 nos

243 1288 561 1351 peccatores
583 1292 724 1334 esse.
764 1275 992 1346 Propter
1019 1273 1370 1330 humilitatem
1396 1288 1527 1345 ergo
1550 1272 1828 1328 mentiris?

238 1371 430 1427 Justus
450 1369 692 1437 es,,sine
718 1375 936 1437 peccato
965 1380 1024 1421 es
1057 1383 1069 1419 :
1102 1363 1199 1421 sed
1229 1376 1445 1436 propter
1478 1364 1826 1420 humilitatem

238 1460 381 1523 dicis
420 1469 474 1514 te
509 1467 861 1528 peecatorem.
910 1453 1187 1529 Quomodo
1214 1464 1266 1509 te
1291 1455 1547 1525 accipiam
1577 1464 1828 1525 tanquam

237 1555 600 1615 christianum
628 1554 681 1608 in
702 1552 925 1608 alterum
951 1559 1166 1617 testem,
1192 1565 1350 1620 quem
1372 1557 1554 1604 contra
1584 1557 1637 1604 te
1655 1548 1845 1619 ipsum.

242 1658 410 1704 teneo
434 1645 624 1703 falsum
661 1643 898 1700 testem?
942 1641 1133 1697 Justus
1156 1656 1242 1707 es,
1273 1642 1389 1697 sine
1414 1651 1631 1712 peccato
1653 1654 1712 1697 es
1734 1681 1750 1707 ,
1777 1647 1832 1696 et

238 1739 383 1794 dicis
404 1747 457 1792 te
477 1735 675 1790 habere
701 1742 995 1803 peccatum.
1025 1731 1197 1787 Testis
1217 1746 1346 1802 ergo
1373 1730 1532 1785 falsus
1557 1745 1615 1785 es
1646 1738 1828 1785 contra

239 1840 329 1895 te.
370 1828 490 1885 Non
524 1825 714 1895 accipit
755 1824 893 1880 Deus
921 1823 1229 1878 mendacem
1271 1820 1622 1877 humilitatem
1664 1827 1832 1874 tuam.

246 1922 462 1992 Inspice
503 1919 662 1974 vitam
698 1925 879 1983 tuam,
916 1913 1036 1970 vide
1072 1912 1448 1969 conscientiam
1490 1915 1652 1966 tuam.
1692 1908 1832 1980 Ergo

238 2013 424 2083 justus
453 2026 513 2066 es
535 2050 552 2077 ,
591 2007 684 2063 sed
710 2023 815 2063 non
845 2014 995 2078 potes
1032 2004 1141 2060 nisi
1163 2004 1339 2059 dicere
1368 2012 1419 2058 te
1458 2001 1832 2073 peccatorem?

245 2101 390 2158 Audi
414 2098 715 2164 Joannem;
744 2097 856 2166 ipse
891 2095 987 2150 tibi
1016 2093 1214 2164 repetit
1239 2092 1380 2163 quod
1408 2093 1567 2147 etiam
1588 2091 1832 2161 superius

247 2190 519 2246 veraciter
556 2188 691 2243 dixit
717 2204 731 2241 :
765 2185 827 2242 Si
850 2184 1128 2240 dixerimus
1150 2225 1165 2251 ,
1211 2183 1408 2253 inquit,
1435 2183 1552 2253 quia
1580 2190 1834 2253 peccatum

245 2295 363 2338 non
380 2277 623 2333 auiam
639 2317 661 2343 ,
701 2292 794 2331 nos
828 2276 966 2345 ipsos
988 2274 1300 2339 seducimus,
1339 2282 1385 2326 et
1411 2275 1591 2327 veritas
1616 2273 1668 2326 in
1693 2271 1834 2327 nobis

243 2386 359 2424 non
380 2377 481 2423 est.
521 2366 601 2421 Tu
629 2381 735 2420 non
759 2363 927 2420 habes
956 2373 1230 2434 peccatum
1258 2402 1274 2427 ,
1312 2371 1367 2417 et
1396 2362 1530 2417 dicis
1563 2371 1615 2416 te
1640 2361 1834 2417 habere

248 2472 569 2534 peccatum;
595 2459 792 2514 veritas
810 2458 863 2514 in
894 2464 945 2513 te
967 2463 1203 2512 nonest.
1234 2455 1366 2524 Quis
1392 2470 1496 2511 non
1524 2454 1661 2509 dixit
1682 2453 1837 2509 Joan-

247 2567 354 2609 nes
378 2594 394 2620 ,
424 2552 486 2606 Si
522 2551 796 2605 dixerimus
815 2549 936 2621 quia
960 2557 1219 2620 peccatum
1245 2562 1345 2601 non
1368 2545 1634 2613 habemus,
1665 2546 1837 2600 humi-

246 2643 381 2697 litas
407 2642 461 2695 in
484 2641 639 2695 nobis
669 2653 773 2694 non
801 2646 885 2694 est
912 2655 926 2693 :
949 2637 1040 2693 sed
1069 2637 1234 2696 dixit.
1262 2653 1353 2690 nos
1373 2637 1509 2707 ipsos
1531 2636 1832 2703 seducimus,

248 2742 297 2788 α
341 2732 527 2786 ueritas
558 2732 611 2785 in
637 2729 777 2785 nobis
806 2746 906 2784 non
931 2740 1022 2784 est.
1056 2729 1198 2798 Ergo
1224 2729 1513 2783 mentimur
1532 2768 1548 2794 ,
1576 2730 1619 2782 si
1643 2727 1836 2783 dixeri-

248 2839 385 2879 mus
411 2837 509 2877 nos
538 2835 645 2876 non
673 2821 873 2885 habere
902 2828 1197 2891 peceatum.
1225 2819 1281 2876 Si
1309 2820 1638 2875 mendacium
1666 2820 1839 2874 timuit

249 2913 517 2979 Joannes,
541 2922 596 2966 tu
617 2910 950 2967 mendacium
972 2924 1077 2965 non
1103 2911 1279 2977 times,
1312 2920 1368 2965 ut
1395 2926 1515 2966 cum
1545 2911 1619 2966 sis
1641 2910 1834 2981 justus,

245 3005 410 3060 dicas
456 3013 506 3058 te
544 3017 665 3058 esse
707 3002 1086 3073 peccatorem?
1131 3001 1408 3068 Quomodo
1444 3017 1572 3073 ergo
1609 3010 1662 3058 te
1698 3002 1838 3061 acci-

251 3098 405 3168 piam
447 3095 514 3153 ad
551 3096 779 3153 alienam
815 3111 1031 3152 causam
1064 3103 1252 3151 testem
1276 3136 1292 3161 ,
1338 3095 1427 3165 qui
1468 3094 1523 3151 in
1564 3109 1721 3150 caiisa
1748 3103 1835 3149 tua

251 3189 539 3244 mentiris?
577 3188 804 3245 Sanctus
831 3202 956 3243 reos
974 3186 1273 3252 constituis,
1300 3184 1427 3241 dum
1450 3194 1632 3242 contra
1663 3194 1715 3241 te
1743 3184 1839 3241 fal-

248 3295 378 3335 sum
416 3279 778 3334 testimonium
811 3278 964 3333 dicis.
1006 3277 1142 3347 Quid
1176 3277 1409 3334 facturus
1433 3292 1494 3333 es
1526 3276 1718 3343 alteri,
1744 3277 1834 3347 qui

250 3380 307 3425 te
352 3369 618 3426 iul'amas?
651 3370 932 3438 Quomodo
954 3369 1091 3424 alter
1114 3378 1258 3425 tuam
1286 3369 1605 3442 calumniam
1631 3369 1835 3425 devita-

251 3461 358 3527 bit,
390 3460 607 3529 quando
637 3468 689 3515 te
716 3468 820 3515 tute
842 3459 1035 3530 linguae
1058 3459 1338 3516 mendacio
1365 3475 1515 3517 reum
1544 3460 1710 3516 facis?

326 3548 558 3606 CAPUT
608 3549 697 3605 iV.
748 3580 821 3592 —
864 3551 919 3605 5.
960 3550 1287 3605 Mendacium
1312 3552 1477 3622 specie
1515 3551 1832 3616 humilitatis,

251 3650 521 3711 peccatum
550 3650 641 3696 est.
687 3639 882 3696 lterum
908 3649 961 3696 te
989 3642 1257 3712 interrogo
1287 3642 1393 3697 alio
1419 3641 1578 3697 modo
1608 3660 1622 3696 :
1653 3641 1836 3698 Justus

248 3749 315 3789 es
339 3773 356 3797 ,
395 3741 492 3788 aut
532 3731 822 3803 peccator?
865 3732 1211 3802 ReSpondes,
1257 3731 1531 3788 Peceator.
1572 3733 1833 3801 Mentiris,

247 3823 378 3894 quia
411 3838 519 3878 non
555 3821 696 3893 quod
736 3831 788 3880 te
816 3838 935 3879 esse
962 3823 1124 3878 corde
1153 3821 1328 3879 credis
1349 3864 1366 3888 ,
1408 3822 1511 3879 hoc
1544 3838 1640 3880 ore
1679 3823 1832 3879 dicis.

250 3914 401 3983 Ergo
425 3921 480 3969 et
504 3913 546 3966 si
573 3928 683 3967 non
709 3927 828 3969 eras
858 3922 1123 3983 peccator,
1151 3928 1271 3968 esse
1297 3913 1516 3984 incipies
1539 3913 1665 3971 dum
1682 3930 1834 3970 men-

248 4004 396 4063 tiris.
459 4002 602 4057 Dicis
653 4003 796 4059 enim
839 4021 853 4057 :
897 4003 1217 4059 llumilitatis
1264 4018 1425 4058 causa
1472 4018 1579 4061 nos
1610 4004 1835 4061 dicimus

250 4101 570 4163 peccatores
612 4108 766 4157 esse;
813 4108 933 4148 nam
974 4094 1116 4150 Deus
1152 4093 1295 4150 videt
1316 4094 1441 4164 quia
1475 4094 1602 4164 justi
1628 4111 1832 4151 sumus.

247 4182 390 4243 Cum
429 4197 559 4254 ergo
601 4181 914 4239 humilitatis
955 4199 1113 4240 causa
1158 4185 1434 4253 mentiris,
1478 4186 1525 4240 si
1566 4201 1673 4241 non
1713 4201 1836 4242 eras

252 4281 511 4342 peccator
553 4284 835 4342 antequam
880 4276 1184 4331 tuentireris
1207 4316 1222 4340 ,
1265 4277 1569 4332 mentiendo
1604 4276 1834 4334 cfficeris

246 4362 395 4434 quod
443 4364 760 4420 evitaveras.
801 4366 1010 4422 Veritas
1052 4367 1103 4421 in
1148 4376 1201 4423 te
1230 4384 1335 4423 non
1360 4375 1479 4436 est,
1522 4370 1627 4425 nisi
1669 4379 1721 4425 te
1763 4371 1832 4426 ita

246 4453 469 4508 dixeris
498 4466 859 4523 peccaturem,
892 4466 946 4512 ut
973 4458 1131 4513 etiam
1152 4460 1273 4515 esse
1290 4474 1601 4530 cognoscas.
1628 4462 1837 4520 Veritas

246 4552 436 4598 autem
462 4544 576 4614 ipsa
603 4553 684 4600 est
707 4586 722 4610 ,
755 4555 811 4600 ut
840 4547 980 4616 quod
1005 4562 1066 4604 es
1092 4548 1258 4605 dicas.
1300 4550 1430 4606 Nam
1458 4553 1726 4623 quomodo
1751 4565 1833 4611 est

248 4635 557 4703 humilitas,
598 4637 686 4693 ubi
717 4649 904 4709 regnat
930 4639 1167 4697 falsitas?

342 4725 401 4780 6.
453 4724 733 4781 Ecclesium
787 4728 870 4783 hic
923 4745 1025 4785 non
1077 4747 1184 4786 esse
1238 4733 1348 4789 sine
1390 4746 1593 4806 peccato
1611 4780 1626 4805 ,
1678 4739 1832 4809 liquet

241 4833 313 4874 ea:
358 4816 616 4872 dominica
667 4820 912 4876 oratione.
980 4821 1259 4880 Postremo
1310 4828 1620 4885 omittamus
1665 4831 1830 4887 Joan-

241 4907 331 4963 nis
376 4908 583 4966 verba:
614 4924 740 4967 ecce
788 4912 841 4968 in
891 4928 1117 4985 corpore
1157 4916 1441 4985 Ecclesiae,
1494 4935 1654 4989 quam
1696 4921 1836 4979 dicis

245 5012 359 5054 non
401 4997 603 5057 habere
641 5003 905 5059 maculam
943 5014 1035 5060 aut
1077 5022 1263 5077 rugam
1308 5018 1401 5063 aut
1447 5010 1646 5082 aliquid
1689 5014 1830 5085 ejus.

243 5090 397 5147 modi
427 5130 444 5158 ,
470 5100 670 5148 etesse
695 5094 812 5152 sine
838 5106 1082 5166 peccato,
1113 5113 1242 5154 ecce
1265 5101 1446 5156 veniet
1475 5102 1604 5159 hora
1631 5108 1830 5165 oratio-

245 5180 338 5235 nis
365 5221 384 5248 ,
427 5190 641 5238 oratura
669 5193 751 5239 est
793 5194 901 5241 tota
941 5187 1177 5244 Ecclesia
1208 5206 1225 5245 :
1254 5200 1309 5246 et
1351 5199 1407 5247 tu
1440 5194 1666 5264 quidem
1696 5197 1827 5256 foris

206 5282 335 5336 ‘es;
366 5274 488 5327 veni
515 5272 583 5328 ad
608 5276 903 5332 orationem
928 5277 1247 5335 dominicam
1269 5322 1284 5345 ,
1313 5284 1521 5340 veniad
1552 5288 1822 5357 trutinam,

236 5360 385 5425 veni,
418 5360 522 5428 die,
552 5359 708 5417 Pater
732 5375 919 5434 noster,
949 5369 1034 5436 qui
1054 5385 1105 5423 es
1128 5369 1181 5424 in
1206 5372 1363 5426 etelis.
1391 5372 1623 5444 Sequere
1646 5396 1661 5433 :
1689 5378 1826 5435 San-

231 5451 488 5519 cti/icetur
516 5470 695 5510 nomen
734 5466 891 5513 tuum.
932 5459 1111 5515 Veniat
1148 5479 1356 5534 regnum
1395 5475 1553 5529 tuum.
1586 5467 1709 5525 Fiat
1732 5488 1822 5526 vo-

237 5539 410 5595 luntas
437 5551 524 5596 tua
544 5582 563 5612 ,
607 5546 735 5600 sicut
760 5548 811 5601 in
838 5549 961 5604 cwlo
986 5592 998 5614 ,
1041 5562 1088 5605 ct
1113 5552 1165 5605 in
1195 5562 1347 5608 terra.
1379 5554 1573 5612 Panem
1598 5570 1843 5617 nostrum.

229 5632 588 5700 quotidianum
614 5635 679 5689 da
700 5638 848 5693 nobis
870 5640 1036 5698 hodie.
1070 5642 1348 5713 Sequere...
1372 5655 1426 5701 ct
1454 5646 1538 5703 dic
1572 5668 1586 5703 :
1613 5648 1822 5708 Dimitte

228 5723 382 5778 nobis
417 5725 585 5781 debita
622 5739 813 5787 nostra.
868 5731 1182 5803 Responde,
1234 5737 1478 5799 lucretice
1504 5783 1517 5810 ,
1548 5759 1666 5813 quae
1693 5756 1825 5814 sunt.

1610 341 1839 401 SERMO
1875 344 2175 405 CLXXX'L
2260 402 2263 407 .

3406 351 3510 412 ἐἰ

1934 458 2109 513 debita
2141 457 2268 514 tua?
2315 459 2400 515 An
2422 457 2555 515 forte
2577 459 2858 532 pecuniam
2883 469 3118 521 mutuam
3139 478 3177 527 ,a
3215 465 3329 527 Deo
3352 482 3527 523 δεεσ-⁴

1936 548 2095 619 pisti?
2136 547 2284 615 Non,
2329 546 2518 621 inquit.
2561 548 2676 606 Non
2711 559 2763 607 te
2787 566 2887 622 ego
2920 548 3153 625 amplius
3175 556 3510 628 interrogabo

1931 637 1999 694 de
2042 639 2188 694 hoc:
2231 638 2345 709 ipse
2373 639 2514 695 enim
2563 640 2819 697 Dominus
2863 643 3204 715 expositurus
3230 655 3343 713 est,
3389 663 3508 717 quae

1932 728 2040 783 sint
2066 728 2241 784 debita
2261 745 2381 801 qum
2402 731 2554 787 nobis
2583 731 2811 802 petimus
2837 733 3082 791 relaxari.
3113 735 3361 791 Dicamus
3380 752 3507 809 ergo

1931 820 2204 889 sequentia
2247 837 2261 875 :
2301 820 2443 877 Sicut
2466 830 2512 876 et
2539 838 2631 878 nos
2663 822 3279 882 dimittimustlcbitoribus
3302 829 3506 883 nostris.

1933 912 2180 982 Exponat
2221 912 2323 968 hoc
2367 914 2624 973 Dominus
2656 932 2671 972 :
2700 915 2761 971 Si
2795 917 2926 975 enim
2967 917 3252 974 dimiseritis
3287 918 3507 973 ιιοιιιεηί.
3583 902 3596 951 i

1932 1000 2024 1058 bus
2049 1014 2249 1073 peccata
2278 1004 2429 1078 (ergo
2454 1005 2629 1065 debita
2656 1015 2832 1064 vestra
2859 1018 3071 1079 peccata
3098 1010 3271 1081 sunt),
3297 1012 3511 1067 dimittet

1905 1090 1909 1094 ’
1933 1092 2068 1151 vobis
2093 1104 2139 1149 et
2168 1094 2325 1155 Pater
2352 1106 2508 1152 vester
2532 1107 2735 1169 peccata
2762 1109 2945 1156 uestra.
2989 1100 3124 1157 Redi
3143 1117 3269 1173 ergo
3284 1143 3299 1166 ,
3331 1101 3502 1159 haere-

1935 1186 2065 1254 tice,
2089 1187 2506 1258 adorationem,
2535 1190 2595 1245 si
2611 1191 2933 1251 obsnrduisti
2961 1202 3145 1249 contra
3177 1210 3365 1253 verum.
3385 1194 3508 1252 ﬁdei

1932 1277 2214 1335 rationem.
2259 1278 2469 1337 Dimitte
2495 1279 2638 1336 nobis
2660 1281 2827 1336 debita
2858 1293 3031 1339 nostra
3049 1325 3066 1351 ,
3092 1283 3228 1340 dicis
3245 1323 3262 1352 ,
3300 1301 3372 1341 an
3401 1303 3507 1340 non

1933 1367 2103 1424 dicis?
2128 1369 2183 1427 Si
2213 1386 2318 1427 non
2337 1372 2493 1441 dicis,
2529 1373 2628 1429 etsi
2658 1387 2895 1443 prmsens
2920 1374 3084 1433 fueris
3105 1392 3346 1448 corpore,
3381 1377 3510 1433 loris

1935 1466 2112 1515 tamen
2137 1475 2197 1517 es
2221 1463 2289 1517 ab
2309 1463 2568 1523 Ecclesia.
2593 1465 2846 1523 Ecclesia:
2878 1467 3019 1523 enim
3045 1468 3216 1524 oratio
3241 1476 3324 1525 est
3340 1510 3357 1537 ,
3400 1484 3510 1524 vox

1935 1563 2016 1610 est
2060 1554 2129 1610 de
2167 1557 2471 1627 magisterio
2510 1559 2719 1616 Domini
2758 1562 2997 1618 veniens.
3045 1560 3165 1631 ipse
3206 1561 3373 1629 dixit,
3416 1561 3510 1618 Sic

1935 1647 2301 1717 orats(Hattlt.
2332 1666 2381 1705 Vl
2400 1691 2417 1717 ,
2448 1650 2607 1722 9-H)
2642 1670 2658 1708 :
2686 1652 2959 1723 discipulis
2986 1652 3138 1719 dixit,
3168 1652 3262 1708 Sic
3282 1661 3422 1708 orate
3451 1653 3505 1706 ιε

1933 1736 2214 1809 discipulis
2233 1739 2405 1809 dixit,
2434 1742 2705 1812 Apostolis
2731 1742 2887 1811 dixit,
2916 1754 2970 1800 et
2994 1743 3151 1799 nobis
3167 1745 3505 1815 qualescum-

1933 1847 2038 1899 que
2064 1832 2291 1903 agniculi
2316 1849 2500 1890 sumus
2523 1836 2697 1901 dixit;
2739 1834 2995 1891 arietibus
3019 1836 3195 1908 gregis
3219 1836 3355 1892 dixit
3371 1877 3389 1904 ,
3418 1835 3509 1892 Sis

1934 1932 2090 1977 orate.
2120 1922 2304 1980 Videte
2328 1924 2446 1995 quis
2478 1924 2711 1992 dixerit,
2736 1934 2790 1981 et
2815 1925 3008 1997 quibus
3042 1925 3254 1981 dixerit.
3301 1926 3509 1983 Veritas

1934 2010 2214 2083 discipulis
2236 2055 2253 2081 ,
2302 2014 2493 2070 Pastor
2548 2024 2816 2085 pastorum
2873 2016 3125 2073 arietibus
3157 2035 3172 2073 :
3202 2017 3292 2074 Sic
3345 2030 3503 2087 orate,

1937 2100 2147 2157 Dimitte
2160 2104 2301 2159 nobis
2323 2103 2489 2160 debita
2507 2116 2678 2161 nostra
2692 2147 2707 2172 ,
2737 2108 2865 2163 sicut
2881 2117 2928 2162 et
2952 2125 3044 2163 nos
3066 2109 3359 2164 dimittimus
3373 2111 3511 2166 debi-

1938 2195 2126 2249 toribus
2151 2196 2354 2250 nostris.
2382 2196 2496 2251 Rex
2525 2198 2808 2264 militibus,
2840 2200 3097 2257 Dominus
3124 2203 3325 2269 servis,
3354 2204 3510 2259 Citri-

1936 2289 2052 2337 stus
2078 2283 2351 2354 Apostolis
2368 2327 2385 2351 ,
2413 2288 2610 2344 veritas
2640 2287 2943 2347 hominibus
2968 2290 3282 2361 loquebatur
3299 2334 3316 2361 ,
3347 2297 3512 2352 subli-

1936 2365 2095 2428 mitas
2120 2374 2408 2431 humilibus
2433 2377 2764 2447 loquebatur.
2807 2379 2931 2436 Scio
2963 2380 3087 2451 quid
3133 2382 3187 2437 in
3218 2385 3369 2443 vobis
3394 2400 3512 2456 aga-

1936 2470 2025 2518 tur
2051 2480 2064 2517 :
2089 2478 2188 2533 ego
2213 2479 2306 2519 vos
2334 2467 2614 2536 appendo,
2650 2482 2751 2539 ego
2780 2468 2846 2525 de
2874 2470 3067 2527 trutina
3095 2488 3216 2529 mea
3242 2477 3515 2542 renuntio,

1939 2570 2157 2625 prorsus
2181 2556 2301 2613 dico
2327 2557 2452 2628 quid
2474 2558 2526 2613 in
2549 2559 2701 2616 vobis
2729 2562 2924 2633 agitur.
2964 2562 3078 2619 Hoc
3104 2566 3249 2621 enim
3274 2581 3375 2637 ego
3398 2569 3515 2638 plus

1936 2659 2095 2714 quam
2122 2660 2214 2700 vos
2241 2648 2371 2702 scio.
2401 2648 2588 2716 Dicite,
2615 2648 2825 2705 Dimitte
2843 2651 2984 2706 nobis
3001 2652 3167 2709 debita
3189 2665 3379 2724 nostra,
3408 2660 3511 2711 sic-

1938 2746 1993 2790 ut
2021 2747 2066 2790 et
2090 2754 2181 2791 nos
2200 2738 2495 2795 dimittimus
2523 2741 2825 2799 debitoribus
2848 2746 3050 2802 nostris.

2008 2827 2235 2887 CAPUT
2261 2828 2326 2885 ν.
2356 2861 2428 2872 —
2454 2832 2506 2886 7.
2541 2831 2667 2888 Tota
2704 2834 2934 2890 Ecclesia
2965 2838 3047 2893 ltie
3065 2838 3188 2909 petit
3210 2839 3308 2894 sibi
3331 2840 3514 2897 dimitti

1941 2927 2161 2989 peccata.
2194 2918 2295 2974 Hic
2313 2922 2484 2992 agitur
2504 2933 2559 2977 ut
2584 2922 2812 2979 Ecclesia
2833 2925 2889 2980 in
2925 2925 3066 2985 uelis
3091 2929 3158 2983 sit
3180 2929 3290 2984 sine
3314 2932 3515 2986 macula

1939 3019 1985 3063 et
2016 3026 2164 3080 ruga.
2195 3010 2468 3085 interrogo
2499 3023 2583 3080 te,
2604 3015 2766 3071 homo
2785 3018 2954 3087 juste,
2979 3028 3184 3089 saneto,
3213 3020 3374 3078 homo
3397 3023 3516 3079 sine

1938 3100 2145 3159 macula
2182 3110 2239 3158 et
2274 3118 2445 3175 ruga;
2485 3105 2755 3178 interrogo
2779 3115 2835 3164 te
2859 3147 2876 3175 ,
2910 3109 3128 3181 inquam
3157 3111 3381 3169 :Oratio
3414 3115 3513 3169 ists

1940 3187 2193 3246 Ecclesia:
2216 3200 2301 3248 est
2326 3194 2383 3258 ¹,
2424 3191 2657 3251 ﬁdelium
2696 3204 2821 3267 est,
2866 3212 2937 3253 an
2977 3200 3516 3259 catechumenornm?

1939 3280 2095 3338 Certe
2118 3282 2302 3354 utique
2312 3296 2748 3356 regeneratorum
2770 3298 2876 3357 est,
2897 3290 2948 3346 id
2973 3301 3075 3359 est,
3098 3292 3511 3365 baptizatorum:

1944 3383 2246 3442 postremo,
2282 3376 2427 3447 quod
2453 3385 2625 3437 totum
2648 3389 2889 3451 superat,
2921 3382 3155 3441 illioram
3176 3394 3275 3440 cst.
3305 3385 3436 3440 Nam
3467 3388 3513 3441 si

1940 3480 2044 3520 non
2070 3475 2155 3522 est
2177 3467 2429 3536 ﬁliorum,
2457 3484 2560 3541 qua
2589 3472 2764 3529 fronte
2786 3472 2981 3530 dicitur
2998 3516 3013 3541 ,
3043 3474 3200 3531 Pater
3223 3489 3408 3543 noster,
3428 3481 3515 3550 qui

1938 3571 1990 3610 es
2009 3557 2064 3611 in
2089 3557 2270 3611 caelis?
2297 3557 2396 3614 Ubi
2419 3574 2549 3630 ergo
2570 3562 2721 3630 estis,
2748 3578 2785 3619 o
2806 3564 2934 3634 justi
2958 3575 3013 3620 et
3029 3568 3241 3623 sancti?
3266 3570 3322 3624 in
3347 3585 3514 3625 mem-

1938 3646 2050 3702 bris
2078 3647 2331 3704 Eeclesitc
2374 3650 2531 3720 huius
2555 3653 2687 3710 estis
2707 3694 2725 3722 ,
2770 3670 2842 3709 sn
2867 3670 2973 3711 non
3012 3659 3184 3714 estis?
3219 3658 3295 3715 ibi
3327 3662 3511 3732 eratis,

1939 3738 2033 3794 sed
2061 3741 2167 3809 jam
2196 3754 2304 3795 non
2329 3742 2459 3798 estis
2485 3743 2578 3798 ibi.
2618 3745 2685 3800 Et
2710 3747 2909 3802 utinam
2933 3748 3043 3818 jam
3075 3751 3278 3818 prtecisi
3298 3761 3512 3823 accepta

1938 3829 2143 3884 ratione
2165 3828 2387 3887 audiant
2420 3841 2476 3887 et
2510 3834 2752 3890 credant.
2802 3836 2941 3908 Ergo
2964 3838 3008 3892 si
3037 3847 3142 3894 tota
3170 3839 3404 3897 Ecclesia
3433 3842 3541 3898 di-..

1938 3910 2044 3981 cit,
2073 3916 2284 3976 Dimitte
2303 3921 2444 3976 nobis
2469 3922 2635 3979 debita
2661 3934 2832 3981 nostra
2847 3968 2862 3993 ,
2906 3929 3166 3999 reprobus
3184 3939 3269 3987 est
3290 3931 3531 4003 quiitoc.

1939 4023 2045 4064 non
2075 4009 2225 4066 dicit.
2257 4011 2324 4066 Et
2344 4028 2445 4079 nos
2467 4015 2680 4084 quidem
2707 4032 2829 4072 cum
2856 4017 3101 4087 dicimus,
3129 4021 3297 4077 debita
3317 4032 3510 4092 nostra,

1939 4113 2216 4170 quousque
2237 4102 2290 4157 id
2310 4104 2455 4173 quod
2472 4106 2700 4174 petimus
2722 4107 3062 4179 accipiamus,
3080 4112 3292 4182 reprobi
3307 4128 3511 4182 sumus,

1938 4192 2060 4261 quia
2100 4205 2407 4263 peccatores
2448 4212 2633 4252 sumus
2664 4216 2679 4253 :
2705 4198 2800 4255 sed
2847 4200 2990 4270 quod
3033 4216 3137 4257 vos
3171 4218 3306 4258 non—
3322 4203 3512 4273 facitis,

1939 4299 2037 4339 nos
2068 4285 2309 4342 faciendo
2332 4327 2347 4351 ,
2378 4287 2431 4343 id
2456 4297 2541 4343 est
2568 4299 2781 4359 peccata
2807 4302 2989 4349 nostra
3006 4293 3326 4361 conﬁtendo,
3354 4312 3514 4355 men.

1937 4375 2160 4443 damur;
2187 4378 2232 4433 si
2263 4386 2442 4435 tamen
2467 4379 2723 4437 faciamus
2746 4384 2889 4455 quod
2918 4383 3164 4455 dicimus,
3193 4386 3339 4444 Sicut
3355 4399 3403 4443 et
3422 4406 3529 4448 nos,

1940 4467 2241 4523 ditm'ttimus
2267 4468 2574 4530 debitor-itm
2602 4474 2804 4529 nostris.
2848 4473 2951 4532 libi
2975 4490 3038 4531 es
3058 4491 3188 4548 ergo
3209 4519 3224 4547 ,
3266 4479 3522 4538 lucretio.

1937 4557 2219 4628 Pelagiane
2254 4560 2337 4617 vel
2363 4561 2721 4619 leestiane?
2771 4564 2910 4621 Ecce
2938 4575 3044 4621 tota
3074 4567 3315 4625 Ecclesia
3346 4570 3503 4640 dicit,

1936 4645 2144 4703 Dimitte
2189 4650 2349 4706 nobis.
2374 4650 2769 4710 debitamosn-a.
2812 4656 2980 4713 Habet
3018 4673 3148 4730 ergo
3187 4661 3422 4718 maculas
3458 4672 3523 4723 et

1937 4754 2117 4811 rugas.
2152 4740 2261 4799 Sed
2287 4743 2625 4802 confessione
2650 4762 2781 4818 ruga
2808 4748 3115 4805 extenditur
3134 4790 3150 4818 ,
3176 4751 3512 4811 micesione

1934 4832 2141 4891 macula
2169 4833 2424 4890 abluitur.
2449 4834 2569 4891 Stat
2599 4835 2840 4893 Ecclesia
2869 4838 2922 4893 in
2962 4840 3203 4896 oratione
3221 4883 3239 4908 ,
3269 4851 3329 4897 ut
3353 4859 3513 4899 mun-

1934 4919 2092 4982 detur
2113 4922 2452 4987 eonl‘essious
2481 4943 2497 4980 :
2522 4933 2579 4981 et
2610 4926 2861 4997 quamdiu
2900 4927 2990 4984 hic
3026 4930 3248 4997 vivitur,
3276 4934 3356 4988 sic
3382 4942 3506 4989 stat.

1936 5009 2006 5066 Et
2031 5026 2152 5069 cum
2176 5011 2246 5069 de
2276 5027 2518 5083 corpore.
2531 5013 2722 5070 exierit
2756 5014 3138 5087 unusquisque,
3167 5019 3509 5078 dimittuntur

1933 5102 1983 5158 ei
2012 5103 2221 5170 omnia,
2236 5117 2355 5174 gnte
2382 5104 2502 5159 talia
2524 5103 2750 5160 habebat
2770 5105 2792 5138 ³
2813 5116 2870 5162 ιιι
2884 5106 3279 5167 dimitterentur
3292 5111 3468 5168 debita
3490 5132 3506 5180 ;

1932 5191 2053 5263 quia
2097 5201 2153 5250 et
2194 5192 2519 5264 quotidianis
2565 5196 3245 5267 precibuedimittuntuc:
3279 5214 3332 5260 et
3376 5212 3507 5260 tunc
3594 5226 3601 5233 ι

1926 5389 2111 5498 “tuin
2141 5389 2301 5500 Βιῐιιεάι,
2355 5398 2427 5471 et,
2462 5399 2579 5448 \‘en.
2628 5395 3177 5463 ondttunthdiscipulis
3228 5398 3389 5463 dicit,
3430 5401 3510 5454 sic

1993 5483 2462 5579 ίῖὖγῗὸτᾳιὶοβδια
2483 5528 2548 5566 ea:
2575 5525 2670 5569 Deo
2709 5523 2797 5579 est,
2822 5518 3047 5571 Ecclesite
3083 5528 3171 5573 est.
3207 5529 3289 5571 Am
3334 5533 3386 5576 et
3429 5531 3502 5575 Er.

1924 5570 2157 5680 grpittunt
2174 5573 2400 5635 Ecclesite
2418 5570 2506 5628 est.
2529 5570 2828 5644 Manuscrip'ti
2851 5570 2973 5633 vero
2985 5597 3079 5634 non
3102 5570 3301 5647 habent,
3325 5570 3390 5637 ea:
3409 5570 3507 5638 bis

1922 5694 2097 5805 ὁθίἆίε
2119 5704 2223 5746 Mss.
2250 5704 2305 5748 At
2328 5706 2457 5760 t.ov.,
2494 5699 2793 5753 dimittuntur
2813 5708 2863 5758 ei
2897 5712 3111 5769 peccatu,
3135 5707 3248 5769 quia
3269 5706 3387 5760 talia
3422 5706 3512 5759 lm-
