3886 6188
445 352 551 408 985

442 466 550 521 cxil
577 461 860 518 mun‘tlatus
885 503 899 530 ,
947 470 998 515 et
1030 459 1414 515 thesaurizatur
1448 458 1684 514 Ecclesia
1720 459 1770 512 in
1803 459 2014 517 thesau-

331 579 344 585 ·
442 573 532 612 ros
561 555 768 611 Domini
813 569 1000 608 aurum
1044 568 1261 622 purum;
1317 567 1379 606 ac
1411 567 1506 621 per
1530 551 1632 610 hoc
1660 552 1715 612 in
1739 552 2020 608 thesauros

444 646 654 702 Domini
695 643 929 699 Ecclesia
971 653 1051 698 est
1091 642 1207 697 sine
1251 643 1448 696 macula
1477 652 1527 698 et
1556 644 1702 712 ruga;
1749 641 1815 696 Et
1857 642 1900 695 si
1946 641 2018 695 ibi

441 739 557 790 sine
585 735 788 790 macula
828 748 881 788 et
907 749 1036 804 ruga
1058 744 1138 788 est
1161 775 1175 798 ,
1208 733 1293 787 hic
1330 732 1454 800 quid
1495 731 1752 787 orandum
1791 731 1904 786 est?
1949 730 2020 787 Ut

442 827 595 883 venia
621 826 958 896 percipiatur.
983 825 1082 893 Qui
1106 824 1194 878 dat
1219 825 1449 890 veniam,
1473 823 1731 877 maculam
1755 822 2012 892 extergit:

439 915 528 987 qui
561 915 824 987 ignoscit,
856 929 1037 985 rugam
1062 913 1318 970 extendit.
1359 913 1427 967 Et
1453 913 1537 966 ubi
1562 913 1862 967 extenditur
1887 928 2013 988 ruga

436 1006 656 1062 nostra?
677 1007 949 1076 Tanquam
977 1007 1027 1060 in
1049 1006 1310 1060 tendicula
1333 1004 1754 1074 magnifnllouis,
1781 1004 1832 1060 in
1858 1021 2015 1060 cruce

436 1091 656 1146 Christi.
689 1090 744 1144 In
771 1091 883 1160 ipsa
911 1092 1051 1144 enim
1082 1104 1240 1145 cruce
1265 1131 1277 1151 ,
1308 1089 1359 1142 id
1390 1101 1502 1152 eSt,
1527 1089 1579 1141 in
1610 1089 1724 1158 ipsa
1747 1087 2011 1146 tendlcull

437 1195 536 1252 pro
562 1180 717 1234 nobis
755 1179 1068 1251 sanguinem
1105 1177 1258 1242 ttulit.
1314 1179 1382 1232 Et
1426 1178 1595 1232 nostis
1641 1177 1821 1232 fideles
1859 1179 2012 1246 quale

383 1323 386 1328 .
438 1272 797 1326 testimonium
849 1270 1172 1341 perbibeatis
1215 1269 1459 1338 sanguini
1505 1283 1662 1338 quem
1709 1269 2007 1338 accepistis.

433 1362 594 1418 Certe
625 1364 768 1417 enim
793 1363 966 1417 dicitis
988 1405 1002 1430 ,
1034 1363 1222 1416 Amen.
1269 1361 1446 1416 Nostis
1466 1363 1553 1431 qui
1584 1360 1652 1416 sit
1687 1361 1898 1429 sanguis
1923 1361 2010 1431 qui

436 1468 534 1523 pro
577 1454 756 1508 multis
796 1453 994 1508 effusus
1021 1462 1102 1508 est
1144 1453 1195 1507 in
1241 1452 1608 1507 remissionem
1653 1461 2008 1520 peccatorum.

437 1538 574 1593 Ecce
598 1537 865 1608 quomodo
894 1536 951 1590 ﬁt
981 1536 1216 1592 Ecclesia
1245 1536 1360 1590 sine
1387 1535 1589 1589 macula
1624 1542 1679 1588 et
1709 1548 1866 1604 ruga,
1896 1543 2012 1587 tan-

434 1644 593 1698 quam
627 1630 761 1685 bene
794 1628 1044 1684 mundata
1075 1629 1125 1682 in
1173 1627 1433 1682 tendicula
1469 1627 1642 1681 crucis
1667 1625 2007 1681 extenditur:

435 1724 530 1776 sed
563 1721 651 1776 hic
693 1723 912 1776 omnino
951 1729 1123 1791 potest
1154 1719 1205 1776 id
1230 1720 1314 1790 agi
1342 1721 1380 1772 ί.
1439 1718 1666 1774 Exhibet
1693 1717 1796 1773 sibi
1823 1717 2008 1772 Eccle-

433 1812 568 1865 siam
609 1813 892 1880 gloriosam
937 1809 1226 1873 Dominus,
1272 1823 1378 1862 non
1427 1808 1710 1862 habentem
1751 1806 2010 1861 maculam

433 1909 526 1954 aut
553 1914 759 1968 rugam.
809 1899 929 1968 Agit
953 1897 1055 1952 hoc
1084 1908 1138 1952 et
1175 1897 1263 1952 bie
1284 1939 1298 1961 ,
1330 1896 1544 1952 exhibet
1571 1896 1662 1950 ibi.
1713 1896 1826 1952 lloc
1868 1896 2011 1951 enim

433 1992 578 2059 agit,
621 1997 678 2042 ut
703 2004 808 2043 non
841 1988 1128 2043 habeamus
1152 1988 1411 2042 maculam
1443 1996 1532 2041 aut
1561 2002 1764 2056 rugam.
1795 1987 2010 2057 Magnus

433 2091 516 2134 est
551 2080 640 2150 qui
671 2080 780 2149 agit
805 2080 826 2112 '
851 2120 867 2146 ,
913 2079 1050 2137 bene
1087 2087 1237 2133 curat
1259 2119 1274 2144 ,
1317 2078 1655 2133 doctissimus
1692 2077 1880 2132 artifex
1904 2085 2006 2132 est.

434 2169 686 2224 Extendit
730 2171 779 2224 in
811 2170 987 2239 ligno,
1033 2179 1088 2224 et
1115 2169 1240 2223 facit
1267 2183 1364 2222 nos
1391 2169 1508 2223 sine
1551 2183 1707 2236 ruga,
1758 2181 1891 2238 quos
1917 2167 2006 2221 ab-

435 2259 629 2314 luendo
655 2260 849 2315 fecerat
863 2260 980 2316 sine
1001 2261 1227 2315 macula.
1255 2258 1370 2329 Ipse
1387 2259 1476 2330 qui
1503 2261 1649 2314 venit
1675 2259 1790 2320 sine
1806 2258 2012 2314 macula

433 2360 488 2403 et
514 2349 630 2404 sine
660 2365 818 2419 ruga,
847 2360 1101 2404 extensus
1127 2358 1210 2405 est
1239 2350 1290 2403 in
1319 2349 1623 2413 tendicula;
1671 2349 1764 2404 sed
1795 2358 2010 2418 propter

435 2453 554 2506 nos,
599 2455 704 2493 non
747 2450 964 2510 propter
985 2455 1062 2504 se,
1107 2448 1165 2498 ut
1189 2455 1286 2494 nos
1322 2440 1519 2496 faceret
1557 2439 1672 2494 sine
1709 2441 1915 2494 macula
1956 2446 2012 2494 et

433 2547 583 2600 ruga.
633 2531 900 2600 Rogemus
927 2545 1056 2600 ergo
1080 2546 1202 2586 cum
1233 2540 1288 2584 ut
1317 2530 1505 2598 faciat,
1553 2539 1608 2586 et
1633 2541 1906 2600 postquam
1935 2531 2012 2585 fe-

433 2621 566 2676 cerit
588 2661 604 2685 ,
643 2620 710 2674 ad
739 2620 926 2674 horrea
956 2635 1052 2675 nos
1075 2621 1262 2687 ducat,
1298 2621 1473 2691 ibique
1505 2635 1604 2678 nos
1631 2630 1887 2694 reponat,
1921 2621 2008 2674 ubi

435 2710 761 2779 pressorium
787 2725 891 2763 non
917 2710 1039 2764 erit.

503 2799 728 2855 CAPUT
771 2799 856 2854 Vl.
893 2829 966 2839 —
989 2801 1044 2854 8.
1082 2799 1323 2856 Remedia
1351 2809 1667 2871 peccatorum
1697 2802 1806 2854 sine
1829 2801 2013 2869 quibus.

432 2890 530 2943 uiui
556 2906 656 2942 non
673 2897 848 2959 potest.
865 2918 938 2935 —-.-
959 2888 1224 2960 Mortifera
1241 2905 1340 2942 non
1359 2890 1480 2957 facit
1495 2891 1637 2947 bona;
1657 2891 1776 2957 ﬁdei
1801 2901 1845 2942 et
1867 2889 2010 2942 bona:

433 2979 540 3052 spei
563 2977 900 3037 Christianus.
932 2977 1163 3036 Conditio
1199 2994 1300 3049 qua
1327 2979 1470 3037 nobis
1507 2980 1804 3032 relaxantur
1843 2979 2011 3049 quoti-

434 3071 590 3122 diana
617 3076 837 3136 peccata.
855 3067 933 3122 Tu
958 3083 1085 3138 ergo
1109 3069 1199 3137 qui
1220 3069 1521 3136 loquebaris
1540 3111 1555 3134 ,
1585 3069 1699 3124 sine
1723 3071 1925 3124 macula
1955 3079 2011 3124 et

433 3173 562 3227 ruga
589 3172 648 3212 es
667 3157 691 3210 i
713 3157 848 3227 Quid
871 3157 956 3211 hic
983 3156 1108 3216 facis
1129 3158 1180 3212 in
1209 3157 1468 3223 Ecclesia,
1492 3175 1609 3228 qua:
1631 3159 1778 3226 dicit,
1801 3159 2012 3222 Dimitte

434 3249 577 3303 nobis
601 3248 767 3302 debita
793 3249 1005 3302 nostra?
1031 3248 1214 3305 Debita
1241 3263 1300 3304 se
1328 3249 1522 3304 habere
1547 3249 1858 3316 conﬁtetur,
1889 3267 2009 3322 quae

437 3339 757 3394 relaxentur.
781 3337 880 3404 Qui
903 3353 1006 3392 non
1018 3338 1355 3403 confitentur,
1380 3355 1484 3397 non
1505 3340 1752 3395 ideonon
1775 3341 1970 3398 habent
1991 3362 2014 3398 :-

435 3429 530 3483 sed
570 3429 690 3485 ideo
718 3431 796 3485 eis
822 3444 927 3490 non
959 3429 1351 3485 relaxnbuntur.
1393 3430 1669 3486 Confessio
1699 3448 1796 3488 nos
1824 3444 2005 3504 sanat,

435 3529 491 3574 et
514 3520 618 3574 vita
650 3528 829 3586 cauta,
855 3521 960 3577 vita
987 3519 1230 3583 Immitis,
1261 3523 1432 3592 oratio
1456 3537 1576 3579 cum
1609 3523 1730 3590 ﬁde,
1760 3527 2010 3582 contritio

435 3612 633 3676 cordis,
661 3613 909 3684 lacryma:
936 3625 1041 3666 non
1069 3612 1202 3666 ﬁctae
1221 3611 1288 3667 de
1313 3627 1447 3668 vena
1465 3615 1642 3669 cordis
1663 3615 2016 3687 proﬂuentes,

439 3711 496 3756 ut
521 3701 856 3760 dimittantur
898 3701 1052 3757 nobis
1090 3711 1304 3772 peccata
1327 3743 1346 3770 ,
1389 3705 1506 3759 sine
1541 3706 1734 3774 quibus
1757 3721 2006 3762 essenon

437 3805 741 3861 possumus.
782 3790 1062 3847 Confessio
1085 3832 1100 3856 ,
1143 3793 1355 3862 inquam
1378 3833 1394 3858 ,
1440 3811 1539 3850 nos
1574 3805 1726 3857 sanat
1747 3836 1763 3861 ,
1799 3797 2010 3854 dicente

437 3883 679 3951 apostolo
702 3881 936 3947 Joanne,
966 3882 1027 3938 Si
1049 3885 1378 3952 conﬁteantur
1404 3893 1606 3954 peccata
1627 3896 1819 3954 nostra,
1845 3889 2009 3957 ﬁdelis

440 3984 514 4028 est
543 3983 589 4028 ct
610 3974 792 4043 iustus,
818 3983 873 4027 ut
893 3973 1110 4030 dimittat
1135 3974 1273 4030 nobis
1293 3984 1516 4044 peccata,
1539 3985 1584 4030 et
1611 3977 1812 4033 mandet
1833 3996 1924 4034 nos
1946 3981 2009 4035 ab

441 4065 579 4118 ontui
601 4064 880 4134 iniquitate.
911 4063 1026 4119 Non
1056 4073 1232 4120 autem
1253 4106 1268 4129 ,
1297 4068 1417 4135 quia
1443 4067 1562 4121 dico
1587 4067 1726 4137 quod
1752 4083 1857 4127 non
1883 4085 2009 4139 pos-

439 4172 624 4214 sumus
654 4157 742 4212 hic
767 4172 889 4213 esse
914 4159 1028 4214 sine
1056 4167 1294 4227 peccato,
1327 4159 1608 4214 homicidia
1650 4159 1823 4220 facere
1850 4162 2012 4218 debe-

439 4265 580 4315 mus,
598 4258 691 4305 aut
713 4249 992 4315 adulteria,
1015 4251 1098 4304 vel
1119 4260 1309 4306 caetera
1335 4253 1605 4308 mortifera
1629 4265 1868 4324 peccata,
1891 4271 2010 4326 quae

438 4355 544 4394 uno
572 4342 677 4395 ictu
703 4340 986 4410 perimunt.
1011 4340 1156 4397 Talia
1183 4357 1293 4398 non
1314 4341 1438 4396 facit
1464 4343 1617 4398 bonze
1639 4345 1759 4400 fidei
1781 4356 1833 4400 et
1859 4347 2012 4402 bona:

437 4431 551 4499 spei
577 4425 898 4485 elui-istianus
929 4447 946 4485 :
975 4430 1069 4484 sed
1099 4432 1187 4484 illa
1214 4434 1325 4486 sola
1346 4471 1362 4498 ,
1392 4448 1511 4502 quae
1542 4435 1849 4503 quotidiano
1886 4453 2010 4492 ora-

441 4522 599 4574 tionis
627 4519 867 4588 penicillo
893 4528 1182 4588 tergantur.
1215 4521 1456 4574 Humiles
1481 4530 1535 4574 et
1562 4523 1739 4578 devoti
1768 4526 2010 4582 dicamus

438 4610 706 4681 quotidie,
735 4608 946 4663 Dimitte
970 4609 1109 4662 nobis
1135 4611 1300 4663 debila
1324 4621 1495 4664 nostra
1522 4629 1541 4666 :
1565 4615 1659 4668 sed
1686 4617 1730 4668 si
1757 4615 2012 4674 faciamus

437 4703 578 4774 quod
607 4703 868 4772 sequitur,
899 4700 1044 4757 Sicut
1068 4711 1113 4755 et
1149 4718 1240 4755 nos
1267 4703 1566 4758 dimittimus
1599 4706 1900 4763 debitoribus
1923 4729 2014 4764 no-

438 4799 576 4851 stris.
605 4794 833 4864 Sponsio
856 4795 968 4848 haec
994 4811 1114 4848 cum
1146 4793 1277 4860 Deo,
1301 4808 1431 4848 vera“
1449 4798 1664 4864 sponsio
1685 4807 1739 4852 et
1767 4801 1865 4853 ﬁxa
1894 4815 2015 4855 con-

438 4891 570 4944 ditio
595 4897 696 4944 est.
724 4887 800 4942 'l'u
827 4887 987 4942 homo
1013 4901 1092 4951 es,
1121 4897 1175 4941 et
1201 4887 1364 4942 babes
1387 4888 1702 4956 debitorem,
1729 4900 1781 4945 et
1806 4891 2015 4948 debitor

437 4986 596 5038 etiam
624 4993 678 5037 tu
705 4997 784 5038 cs.
816 4981 1040 5037 Accedis
1059 4981 1124 5034 ad
1154 4980 1342 5044 Deum,
1365 4981 1457 5052 qui
1478 4981 1634 5037 habet
1647 4983 1941 5050 debitores,
1962 4995 2016 5041 et

437 5077 646 5130 debitor
663 5091 768 5130 non
794 5084 896 5141 est,
922 5083 978 5127 ut
994 5075 1225 5142 postules
1242 5075 1330 5126 tibi
1345 5073 1518 5128 debita
1536 5075 1778 5130 relaxari.
1797 5074 1900 5131 Sed
1917 5077 2017 5132 hoc

439 5166 530 5220 tibi
558 5166 684 5220 dicit
711 5183 727 5219 :
758 5164 870 5234 Ego
890 5164 1066 5219 debita
1089 5179 1192 5217 non
1217 5163 1405 5230 habeo,
1430 5173 1481 5218 tu
1504 5164 1667 5220 babes
1690 5166 1893 5231 debita;
1925 5166 2017 5221 de-

439 5257 532 5311 bes
547 5257 687 5311 enim
719 5255 848 5308 mihi
882 5271 897 5307 :
925 5253 1193 5308 sed'etiam
1222 5251 1383 5308 frater
1411 5264 1526 5308 tuus
1550 5254 1834 5311 debettibi.
1861 5257 2017 5312 ὓς·ῠὶ-

501 5393 517 5422 ¹
545 5390 866 5452 Beuignianus
895 5392 1004 5452 bis,
1029 5384 1217 5452 omnino
1238 5399 1329 5436 non
1365 5393 1510 5452 potest
1532 5385 1585 5437 id
1607 5387 1690 5452 agi
1715 5401 1734 5439 :
1756 5391 1844 5452 sed
1867 5390 2020 5439 refra—

438 5447 879 5560 gantibus'aeteris
895 5447 1120 5522 librisaln
1142 5447 1459 5520 subsequenti
1484 5447 1725 5520 sententia
1750 5451 1886 5501 facile
1906 5465 2015 5523 cre-

438 5525 671 5560 teremus
706 5510 985 5560 leaendum.
1031 5506 1227 5559 lux/abet
1263 5509 1334 5560 ibt
1371 5511 1629 5560 Ecclesium
1647 5524 1665 5560 :
1703 5514 1744 5560 si
1768 5527 1880 5560 non.
1903 5513 2014 5560 sibi.

437 5506 671 5561 deremus
706 5510 985 5574 legendum,
1013 5506 1227 5574 _l-:xltibet
1263 5506 1633 5574 ibiucclesiant
1647 5524 1665 5571 ;
1703 5514 1744 5562 si
1768 5527 1880 5570 non,
1903 5512 2014 5571 sibi,

438 5585 535 5682 ἔιιέ
561 5569 783 5682 ερὲᾳοιῖ
791 5579 923 5622 esset
946 5572 995 5618 in
1013 5569 1114 5630 ipso
1127 5569 1193 5620 de
1213 5584 1311 5636 quo
1333 5571 1597 5634 disputatur
1621 5569 1741 5633 loco,
1766 5575 1822 5623 ad
1844 5569 2015 5636 pres.

533 5668 544 5679 ο
593 5666 610 5682 α
669 5653 683 5680 Ι
698 5668 708 5680 ι

497 5647 708 5694 p.v,zi.

444 5695 531 5802 ho;
547 5694 743 5812 am.
769 5699 842 5741 Er.
861 5701 912 5742 et
934 5693 1269 5754 manuscript‘t.
1311 5700 1365 5743 At
1386 5701 1515 5755 t.ov.,
1541 5703 1710 5758 .ttagnu
1726 5710 1755 5745 n
1781 5701 1868 5757 est,
1906 5697 2018 5756 quia

1661 348 1715 406 s
1762 343 2130 405 AUGUSTlNl
2164 342 2471 403 mscort
3551 354 3634 412 εει

2124 467 2204 512 tor
2238 471 2388 510 meus
2415 471 2493 520 es,
2516 453 2680 512 babes
2701 454 3155 512 estad-.bitorern.
3186 461 3388 516 Debitor
3409 478 3540 520 meus
3567 482 3638 538 ts,

2120 547 2242 615 quia
2266 546 2495 616 peccasti
2527 546 2578 599 in
2607 561 2692 600 me
2724 563 2739 600 :
2771 545 2935 601 habes
2968 549 3252 604 debitorem
3279 551 3502 620 fratrem.
3535 559 3639 626 quia

2122 637 2361 704 peccavit
2385 636 2435 689 in
2467 645 2534 690 te.
2566 634 2718 706 Quod
2744 635 2936 692 feceris
2963 653 3081 692 cum
3118 639 3346 696 debitore
3383 651 3494 708 tuo,
3519 645 3634 705 iacio,

2119 739 2173 783 et
2203 743 2300 798 ego
2329 743 2449 782 cum
2477 741 2598 782 meo
2627 743 2642 784 :
2671 727 2724 783 id
2763 738 2877 794 est,
2915 729 2962 783 si
2989 729 3240 798 dimittis,
3265 733 3488 799 dimitto;
3515 738 3552 789 si
3573 747 3636 793 te-

2121 833 2246 889 nes,
2267 825 2444 874 teneo.
2476 817 2558 872 Tu
2581 827 2766 873 contra
2795 829 2847 874 te
2875 827 3025 874 tenes
3043 862 3060 886 ,
3086 821 3170 890 qui
3198 823 3341 876 alteri
3367 841 3462 879 non
3486 827 3634 888 dimjt.

2120 909 2206 964 tis.
2239 907 2405 964 Nemo
2434 923 2564 980 ergo
2589 908 2734 964 dicat
2774 925 2833 965 se
2877 924 2996 966 esse
3025 912 3139 967 sine
3173 925 3378 983 peccato
3407 934 3418 970 :
3448 919 3528 971 sed
3550 935 3634 976 non

2120 1010 2294 1056 tamen
2322 1004 2440 1058 ideo
2464 1003 2722 1060 debemus
2741 1021 2922 1062 amare
2945 1018 3234 1076 peccatum.
3259 1009 3516 1065 Oderimus
3534 1028 3585 1066 ea
3603 1016 3636 1078 ¹,

2118 1092 2337 1160 fratres;
2359 1095 2458 1150 etsi
2485 1111 2593 1150 non
2613 1111 2796 1151 sumus
2821 1098 2935 1152 sine
2958 1100 3207 1167 peccatis,
3230 1099 3477 1155 oderimus
3495 1111 3637 1158 tamen

2115 1201 2180 1241 ea
2213 1205 2228 1242 :
2259 1196 2313 1243 et
2340 1190 2570 1246 maxime
2597 1206 2627 1246 a
2652 1193 2965 1247 criminibus
2987 1208 3084 1247 nos
3108 1195 3452 1251 abstineamus
3473 1213 3484 1259 ;
3508 1197 3638 1254 absit.

2117 1292 2355 1345 neamus,
2386 1291 2641 1350 quantum
2670 1297 2971 1352 possumus,
2998 1299 3028 1338 a
3053 1285 3256 1340 levibus
3277 1289 3505 1354 peccatis.
3533 1289 3636 1358 Ego,

2115 1366 2210 1434 ait,
2238 1369 2417 1424 nescio
2476 1372 2593 1440 quis
2613 1413 2627 1438 ,
2657 1388 2759 1426 non
2792 1373 2961 1428 habeo
2989 1383 3220 1443 peccata.
3251 1375 3317 1430 Se
3346 1377 3500 1446 ipsum
3522 1378 3637 1433 decis

2117 1459 2210 1528 pit,
2247 1471 2301 1514 et
2348 1463 2541 1518 veritas
2580 1465 2630 1517 in
2681 1479 2747 1519 eo
2785 1481 2890 1519 non
2934 1474 3035 1520 est.
3085 1466 3307 1520 Prorsus
3338 1482 3560 1532 oremus,
3596 1480 3638 1523 ut

2116 1553 2256 1608 Deus
2295 1554 2524 1609 dimittat
2553 1574 2567 1610 :
2601 1555 2702 1619 sed,
2743 1556 2999 1612 faciamus
3027 1558 3169 1627 quod
3205 1559 3405 1624 dicitur,
3446 1559 3638 1613 dimitta-

2114 1661 2232 1700 mus
2260 1653 2314 1700 et
2351 1662 2448 1702 nos
2473 1647 2807 1704 debitoribus
2831 1652 3052 1706 nostris.
3095 1653 3224 1706 Cum
3253 1652 3565 1720 dimittimus,
3597 1664 3638 1709 et

2114 1733 2400 1791 dimittitur
2436 1738 2608 1792 nobis.
2649 1737 2895 1808 Quotidie
2931 1740 3159 1799 dicimus
3201 1741 3332 1808 hoc,
3369 1752 3420 1798 et
3448 1744 3642 1813 quotidie

2113 1825 2366 1894 facimus,
2396 1837 2451 1883 et
2473 1831 2707 1899 quotidie
2732 1830 2790 1885 lit
2817 1831 2871 1885 in
2903 1833 3078 1886 nobis.
3112 1832 3224 1887 Non
3254 1833 3336 1887 hic
3358 1848 3519 1890 sumus
3549 1835 3638 1896 sine

2115 1929 2354 1986 peccato,
2383 1919 2477 1973 sed
2500 1919 2762 1976 exibimus
2784 1920 2908 1976 hinc
2937 1922 3058 1981 sine
3087 1932 3322 1992 peccato.

2531 2029 2758 2086 SERMO
2794 2031 3080 2089 CLXXXII
3109 2037 3128 2056 ο
3162 2034 3265 2104 (α).

2114 2138 2192 2193 De
2215 2139 2372 2194 verbis
2400 2139 2642 2212 Epistole
2667 2141 2698 2195 I-
2723 2143 2939 2198 Joannis
2958 2185 2972 2210 ,
3005 2161 3125 2216 cap.
3157 2162 3228 2210 tv,
3257 2147 3302 2200 ίε-
3319 2147 3377 2210 3,
3415 2145 3635 2201 Charissio.

2185 2234 2279 2300 mi,
2313 2235 2477 2288 nolite
2503 2235 2647 2289 omni
2677 2236 2886 2307 spiritui
2921 2237 3178 2302 credere;
3209 2238 3303 2291 sed
3329 2242 3526 2309 probate
3550 2237 3635 2305 spi-

2183 2323 2339 2388 ritus,
2367 2325 2510 2403 siex
2536 2324 2644 2380 Deo
2671 2335 2815 2390 sunt,
2838 2336 2933 2384 etc.
2966 2326 3161 2381 Contra
3186 2326 3479 2381 Hanicbcos
3502 2326 3582 2398 (ὁ).

2183 2437 2412 2493 CAPUT
2452 2437 2740 2495 PRIMUM.
2767 2469 2840 2482 ο·-
2866 2441 2916 2495 1.
2953 2439 3088 2495 Non
3126 2441 3322 2499 cuilibet
3347 2442 3522 2509 spiritui
3545 2457 3631 2493 cre-

2112 2527 2352 2582 dendum.
2400 2528 2620 2597 Quando
2669 2530 2901 2586 Joannes
2956 2534 3244 2602 apostolus
3285 2533 3640 2602 legebatur,»

2111 2617 2337 2674 divimus
2362 2620 2663 2689 loquentem
2691 2637 2785 2691 per
2809 2637 2930 2678 eum
2961 2622 3229 2693 Spiritum
3256 2634 3495 2689 sanctum,
3521 2634 3564 2676 et
3582 2623 3637 2676 di-

2111 2719 2361 2767 contem:
2387 2709 2683 2766 Charissimi
2701 2754 2714 2776 ,
2757 2716 2911 2768 nolite
2934 2717 3087 2769 omni
3111 2716 3305 2786 spiritui
3339 2717 3545 2782 credere;
3574 2716 3642 2770 sed

2113 2801 2318 2871 probate
2342 2803 2567 2872 spiritus,
2595 2804 2639 2857 si
2665 2820 2728 2859 ea:
2755 2804 2864 2858 Deo
2886 2813 3022 2860 sunt.
3055 2806 3292 2878 Repeto,
3313 2809 3426 2878 quia
3446 2821 3644 2863 necessa-

2111 2893 2247 2946 rium
2277 2903 2362 2948 est
2385 2903 2441 2948 ut
2473 2902 2734 2964 repetam,
2764 2905 2818 2951 ct
2840 2897 2939 2951 hoc
2965 2900 3248 2954 mentibus
3275 2901 3454 2954 vestris
3474 2941 3487 2965 ,
3513 2913 3648 2968 quam.

2112 2991 2221 3036 tum
2253 2984 2510 3039 Dominus
2548 2985 2800 3053 adjuvat,
2841 2986 3062 3051 vehemc
3079 2999 3201 3046 nter
3241 2990 3495 3044 ineulccm.
3533 2988 3642 3042 Cha'

2110 3073 2299 3127 rissimi
2317 3115 2332 3139 ,
2361 3075 2516 3128 nolite
2540 3075 2675 3128 omni
2698 3075 2898 3145 spiritui
2919 3078 3170 3142 credere;
3197 3081 3283 3132 sed
3305 3080 3492 3149 probate
3517 3078 3646 3148 spiri-.

2113 3173 2231 3226 tus,
2263 3164 2306 3217 si
2337 3180 2401 3217 ea:
2428 3163 2537 3217 Deo
2581 3177 2713 3220 sunt.
2763 3165 3015 3231 Quoniam
3055 3171 3214 3223 multi
3256 3170 3644 3242 pseudopropheta

2113 3253 2404 3322 prodierunt
2442 3256 2494 3307 in
2535 3255 2668 3309 hunc
2704 3255 2968 3310 mundum.
3002 3257 3274 3330 Pt‘mcepit
3311 3261 3517 3331 Spiritus
3551 3275 3645 3314 san-

2111 3352 2248 3408 ctus,
2275 3358 2342 3398 ne
2376 3344 2521 3399 omni
2561 3345 2766 3414 spiritui
2797 3347 3092 3404 credamus
3121 3369 3137 3403 :
3165 3360 3219 3405 ct
3243 3367 3442 3405 causam
3469 3367 3550 3406 cur
3567 3352 3644 3405 huc

2113 3434 2443 3502 praeceperit,
2471 3434 2624 3489 dixit.
2646 3435 2775 3501 Quae
2801 3437 2887 3491 illa
2907 3452 3074 3493 causa
3098 3453 3178 3496 est
3201 3441 3225 3494 ἲ
3252 3441 3485 3506 Quoniam
3506 3439 3644 3506 multi,

2113 3523 2314 3591 inquit,
2362 3524 2810 3595 pseudOprophette
2833 3529 3134 3597 prodierunt
3175 3532 3226 3584 in
3262 3533 3391 3586 hunc
3419 3532 3634 3585 "uinctum.

2113 3609 2361 3682 Quisquis
2384 3605 2530 3684 ergo
2566 3616 2662 3668 ista
2705 3627 2966 3687 praecepta
2996 3623 3412 3690 contempserit,
3449 3630 3496 3676 et
3526 3621 3639 3674 onini

2113 3702 2671 3770 spirituicredendum
2710 3709 2995 3776 putaverit,
3028 3725 3252 3766 necesse
3277 3722 3357 3766 est
3380 3713 3582 3767 incurrat
3601 3711 3639 3763 in

2113 3793 2624 3863 pseudoprophetas,
2644 3804 2699 3850 et
2722 3797 2862 3866 quod
2888 3797 3042 3868 pejus
3060 3810 3166 3868 est,
3190 3801 3502 3872 blaspbentet
3522 3814 3644 3859 rem

2113 3883 2427 3953 Prophetas.

2181 3973 2406 4030 CAPUT
2427 3974 2492 4030 ιι.
2517 4006 2591 4016 -
2608 3977 2663 4030 2.
2687 3977 2768 4032 Ea:
2792 3979 2900 4034 Deo
2921 3997 3023 4036 non
3046 3993 3143 4048 est,
3172 3987 3258 4055 qui
3281 3994 3421 4056 negat
3439 3984 3646 4038 Christum

2112 4064 2165 4116 in
2193 4080 2344 4117 carne
2371 4066 2576 4120 uenisse.
2608 4067 2706 4122 Hic
2729 4069 2837 4138 jam
2869 4086 2934 4125 ex
2966 4072 3073 4128 isto
3101 4086 3370 4146 praecepto
3395 4077 3648 4132 bomocau-

2115 4161 2200 4207 tus
2228 4153 2446 4208 eﬁ‘ectus
2471 4155 2708 4212 dicturus
2729 4167 2811 4213 est
2831 4160 2958 4214 mihi
2989 4179 3004 4216 :
3047 4165 3267 4232 Audivi,
3299 4175 3464 4232 teneo,
3486 4167 3648 4220 obteru-

2116 4257 2304 4311 perarc
2328 4243 2594 4311 desidero,
2627 4249 2750 4324 quia
2774 4257 2826 4302 et
2851 4264 2950 4319 ego
2971 4253 3025 4305 in
3052 4257 3530 4326 pseudoprophetis
3554 4255 3648 4308 nolo

2117 4331 2408 4389 incurrere.
2433 4335 2562 4402 Quis
2584 4339 2724 4396 enim
2753 4339 2853 4394 hoc
2877 4340 3022 4407 velit,
3056 4359 3086 4396 a
3115 4348 3462 4408 mendacibus.
3478 4345 3614 4415 decipi
3629 4344 3653 4395 te

2117 4421 2388 4492 Siquidem
2433 4427 2895 4497 pseudopropheta
2940 4442 3022 4486 est
3058 4437 3291 4489 mendax
3318 4436 3568 4507 propheta.
3592 4418 3652 4488 Da.

2117 4513 2246 4566 mihi
2274 4515 2539 4568 hominem
2567 4518 2871 4588 religiosum
2895 4561 2911 4587 ,
2945 4537 3048 4575 non
3077 4525 3190 4578 vult
3222 4526 3403 4581 fallere
3431 4545 3444 4579 :
3469 4527 3525 4580 da
3550 4523 3647 4578 mihi

2118 4605 2384 4661 hominem
2415 4607 2656 4675 impium,
2698 4612 3036 4680 sacrilegum,
3068 4615 3254 4672 fallere
3283 4618 3410 4684 vult,
3449 4616 3543 4671 falli
3568 4627 3648 4668 non

2119 4695 2250 4750 vult.
2293 4695 2426 4749 Cum
2458 4712 2584 4767 ergo
2615 4699 2784 4754 nolint
2826 4701 3006 4756 fallere
3033 4703 3158 4757 boni
3186 4746 3201 4770 ,
3250 4706 3356 4759 falli
3381 4714 3543 4761 autem
3576 4715 3650 4756 nec

2119 4785 2242 4839 boni
2270 4785 2438 4840 velint
2474 4803 2571 4842 nec
2597 4791 2758 4853 mali,
2801 4791 2920 4860 quis
2947 4802 3029 4848 est
3055 4795 3145 4864 qui
3178 4796 3231 4849 in
3263 4792 3648 4865 pseudoprophe-

2120 4885 2225 4930 tam
2247 4877 2373 4932 velit
2395 4878 2710 4941 incurrere?
2735 4879 2904 4935 Verba
2927 4881 3049 4938 dico
3074 4886 3406 4940 consulentis
3434 4900 3511 4939 me
3539 4902 3550 4937 :
3577 4877 3645 4934 sed

2120 4969 2300 5036 utique
2325 4968 2378 5022 in
2407 4968 2922 5038 pseudoprophetam
2952 4988 3108 5027 nemo
3137 4976 3242 5030 nisi
3286 4977 3472 5030 invitus
3508 4976 3643 5026 incur-

2119 5060 2208 5114 rit.
2259 5059 2454 5115 Audivi
2499 5072 2822 5130 pratceptunt
2864 5064 3081 5119 Joannis
3107 5105 3124 5131 ,
3183 5067 3292 5120 imo
3343 5065 3536 5121 Domini
3576 5075 3649 5132 per

2119 5150 2399 5214 Joannem,
2431 5149 2607 5208 Nolite
2647 5154 2782 5206 ωηιιί
2809 5156 3010 5225 spiritui
3032 5157 3252 5209 credere.
3299 5158 3432 5212 Ecce
3453 5153 3644 5220 accipio;

2123 5241 2191 5293 ita
2223 5240 2361 5295 volo.
2394 5240 2586 5305 Addit,
2617 5251 2671 5295 et
2691 5242 2819 5302 dicit
2841 5285 2856 5309 ,
2898 5243 3002 5300 Sed
3035 5245 3243 5315 probate
3281 5249 3508 5315 spiritus,
3539 5243 3575 5296 si
3601 5255 3652 5292 cz

2183 5398 2199 5426 ¹
2227 5402 2273 5445 tu
2297 5397 2518 5452 omnibus
2532 5401 2664 5456 bis“
2681 5411 2807 5450 etalt.

2184 5459 2200 5476 ‘
2225 5456 2429 5507 (bllatus
2470 5458 2528 5506 ad
2569 5461 2649 5507 bu.
2672 5461 2749 5509 cb.
2777 5463 2833 5510 t's.
2881 5473 2953 5523 pr.
2995 5461 3081 5515 ru).
3124 5460 3205 5510 vd.
3241 5469 3295 5511 et-
3327 5472 3421 5509 um.
3461 5464 3525 5505 Er.
3563 5463 3634 5502 ras

2119 5525 2256 5644 ωἷᾲ)
2281 5578 2422 5637 Alias,
2444 5579 2509 5644 de
2531 5582 2700 5644 verbis
2716 5581 2919 5644 Apostoli
2943 5583 3021 5632 se.

2206 5594 2235 5628 a
2281 5581 2422 5637 Alias,
2444 5581 2509 5628 de
2531 5582 2700 5630 verbis
2716 5581 2919 5644 Apostoli
2943 5583 3021 5632 50.

2185 5581 2518 5710 Ebgsermonis
2559 5641 2704 5704 lutjus
2744 5646 2923 5710 mentio
2965 5644 3016 5693 ﬁt
3044 5643 3102 5710 ln_
3128 5642 3476 5710 mbsequentl;
3506 5635 3642 5710 $1131"

2121 5695 2316 5810 puerilis
2338 5713 2454 5749 vero
2493 5695 2725 5764 excerpta
2745 5705 2822 5752 dat
2847 5704 3009 5754 Florus
3045 5701 3103 5752 ad
3141 5711 3265 5754 Rom.
3296 5695 3395 5763 ’νων
3420 5707 3462 5749 et
3483 5698 3532 5748 ad
3560 5695 3632 5742 1³1ιὶ

2142 5777 2240 5821 ipp.
2267 5777 2314 5809 ιι.
