3886 6188
238 374 342 436 £85

241 489 348 545 Deo
394 491 530 542 sunt.
565 473 720 541 Unde
765 478 974 551 probo?
1016 477 1251 535 Probare
1292 475 1506 542 vellem,
1551 476 1594 530 si
1641 490 1822 530 errare

242 595 347 634 non
379 591 615 648 possem.
638 571 798 630 Certe
819 572 918 628 nisi
949 571 1243 642 probavero
1261 567 1479 640 spiritus
1499 568 1586 638 qui
1617 582 1683 622 ex
1708 567 1818 622 Deo

240 678 385 729 sunt.
416 667 684 721 incurram
711 676 929 718 necesse
950 670 1032 715 est
1056 661 1111 714 in
1140 660 1356 730 spiritus
1383 659 1471 729 qui
1494 673 1557 712 ex
1583 657 1691 711 Deo
1710 671 1815 710 non

238 768 385 822 sunt,
437 765 492 812 et
536 769 603 810 ex
650 755 752 808 hoc
792 752 1016 808 seducar
1061 766 1091 804 a
1137 748 1634 820 pseudoprophetis.
1683 745 1818 815 Quid

237 864 392 920 agam
414 848 440 898 τ
480 844 760 914 Quomodo
790 844 1067 898 observem
1088 842 1113 894 τ
1154 841 1199 895 0
1237 841 1281 894 si
1307 848 1520 894 sanctus
1545 838 1778 893 Joannes
1802 879 1816 903 ,

238 939 512 1013 quomodo
552 937 706 992 nobis
747 936 934 1001 dixit,
964 933 1137 988 Nolite
1169 933 1306 988 omni
1338 933 1538 1003 spiritui
1578 931 1780 986 credere
1803 972 1816 995 ,

239 1034 328 1088 sed
354 1033 564 1102 probate
582 1030 810 1099 spiritus,
833 1029 877 1081 si
902 1043 963 1081 ea:
984 1026 1092 1080 Deo
1112 1034 1264 1091 sunt;
1291 1023 1468 1078 dicere
1491 1023 1817 1092 dignaretur.

238 1121 507 1194 quomodo
522 1119 813 1189 probentur
825 1117 1043 1185 Spiritus
1060 1117 1149 1186 qui
1170 1131 1232 1170 ex
1256 1115 1364 1169 Deo
1383 1122 1503 1168 sunt
1526 1115 1540 1168 ἓ
1564 1112 1678 1167 Noli
1701 1128 1820 1168 esse

240 1215 519 1276 sollicitus,
552 1220 608 1268 et
633 1211 735 1264 hoc
778 1210 920 1263 audi.
946 1207 1079 1262 Hinc
1106 1209 1421 1279 cognoscitur
1439 1207 1648 1276 spiritus
1676 1203 1771 1259 Dei
1803 1221 1822 1259 :

241 1306 344 1360 hoc
385 1312 535 1360 certe
579 1302 927 1372 exspectabas
951 1301 1133 1355 audire
1158 1341 1172 1363 ,
1205 1309 1259 1353 ut
1307 1299 1562 1368 probares
1604 1298 1821 1366 Spiritus

239 1397 410 1468 quies
439 1396 547 1450 Deo
571 1404 708 1448 sunt.
740 1392 876 1446 Hinc
895 1393 1207 1463 cognoscitur
1219 1391 1422 1461 spiritus
1444 1389 1539 1443 Dei
1557 1406 1574 1444 :
1591 1390 1821 1444 Joannes

242 1489 395 1553 dixit,
431 1503 534 1541 non
560 1500 660 1556 ego
693 1501 706 1537 :
740 1484 841 1538 hoc
867 1484 1104 1552 sequitur
1127 1483 1177 1535 in
1200 1483 1428 1537 let-tione
1448 1478 1604 1552 quam
1631 1492 1818 1534 tracto.

243 1581 374 1634 Cum
404 1578 546 1632 enim
576 1591 675 1630 nos
701 1585 979 1644 propterea
1009 1573 1206 1627 faceret
1227 1572 1482 1627 sollicitos
1520 1582 1572 1626 et
1600 1580 1784 1625 cautos
1803 1611 1818 1634 ,

240 1685 309 1728 ne
335 1668 480 1721 οιιιιιί
506 1666 713 1736 spiritui
739 1664 1035 1727 credamus,
1066 1662 1158 1718 sed
1186 1663 1473 1733 probemus
1498 1663 1712 1732 spiritus
1733 1663 1822 1730 qui

240 1775 306 1815 ex
336 1759 445 1813 Deo
482 1766 624 1821 sunt,
655 1757 777 1825 quia
808 1755 957 1808 multi
1008 1753 1480 1824 pseudoprophetm
1515 1751 1824 1821 prodierunt

242 1852 294 1904 in
319 1849 463 1904 hunc
484 1846 770 1910 mundum;
800 1845 1051 1900 continuo
1070 1843 1195 1896 vidit
1218 1843 1341 1912 quid
1370 1841 1819 1907 desideraremus,

239 1943 475 1996 occurrit
510 1937 892 2008 exspectationi
918 1977 934 2003 ,
964 1935 1144 2004 injecit
1181 1935 1392 1988 oculum
1422 1935 1592 1986 tacita:
1617 1934 1837 1998 cogita-'

239 2034 394 2088 tioni.
422 2033 632 2088 Gratias
656 2031 786 2093 Deo,
815 2031 937 2100 quia
967 2037 1020 2084 et
1047 2028 1144 2082 hoc
1172 2042 1267 2096 per
1293 2028 1439 2081 illum
1468 2027 1607 2096 loqui
1638 2025 1824 2094 digna-

242 2134 327 2182 tus
357 2132 458 2178 est.
486 2121 618 2175 Hinc
645 2121 960 2192 cognoscitur
986 2119 1192 2186 spiritus
1210 2117 1328 2171 Dei.

313 2216 408 2270 Eia
436 2214 642 2276 audite;
674 2211 872 2275 audite,
897 2210 1193 2280 intelligite,
1222 2208 1540 2273 discernite;
1570 2207 1824 2261 inluerete

237 2307 473 2369 veritati,
493 2304 725 2360 resistite
744 2303 974 2357 falsitati.
1003 2301 1132 2356 "inc
1152 2301 1466 2372 cognoscitur
1484 2301 1690 2369 spiritus
1709 2299 1821 2353 Dei.

240 2396 419 2462 Unde,
447 2409 576 2465 rogo
605 2395 690 2449 te?
714 2393 823 2448 Hoc
844 2391 1079 2463 estquod
1107 2392 1290 2446 audire
1325 2391 1622 2462 cupiebam.
1648 2390 1826 2444 Omnis

239 2489 452 2558 spiritus
471 2488 559 2558 qui
573 2486 836 2555 conﬁtetur
848 2483 1025 2539 Iesum
1039 2481 1291 2539 Christum
1307 2483 1358 2536 in
1375 2498 1525 2536 carne
1537 2483 1744 2546 uenisse,
1766 2499 1828 2536 ea:

240 2581 354 2636 Deo
373 2590 448 2634 est
462 2592 538 2633 :ct
565 2577 727 2632 omnis
745 2578 950 2648 spiritus
973 2578 1058 2648 qui
1084 2592 1184 2629 non
1210 2575 1474 2643 confitetur
1487 2573 1661 2629 Iesum
1681 2573 1830 2630 Chri-

240 2683 376 2728 stum
400 2673 454 2726 in
478 2685 628 2724 carne
656 2670 866 2732 uenisse,
893 2685 954 2723 ea:
981 2667 1087 2722 Deo
1115 2683 1215 2720 non
1240 2677 1310 2719 est
1339 2666 1382 2736 (Ι
1401 2666 1555 2719 Ioan.
1587 2683 1656 2731 tv,
1685 2665 1824 2735 1-5).

243 2763 462 2821 Interim
491 2776 649 2832 ergo,
680 2759 976 2814 charissimi
995 2801 1011 2825 ,
1041 2758 1282 2828 repellite
1308 2758 1374 2811 ab
1399 2757 1613 2812 auribus
1638 2758 1828 2812 vestris

241 2869 464 2909 omnem
515 2853 929 2922 disputatorem,
989 2849 1421 2919 prtedicatorem,
1477 2851 1825 2918 scriptorem,

241 2956 642 3002 susurratorem
668 2985 684 3012 ,
729 2945 820 3014 qui
861 2933 1019 3013 negat
1057 2941 1236 2998 Iesum
1273 2940 1542 2997 Christum
1588 2943 1639 2997 in
1666 2957 1826 2997 carne

244 3036 485 3092 venisse.
516 3036 656 3105 Ergo
682 3034 921 3104 repellite
946 3032 1265 3088 Manichazos
1290 3047 1320 3086 a
1346 3032 1610 3092 domibus.
1640 3033 1707 3087 ab
1733 3049 1830 3088 au-

242 3128 395 3183 ribus
415 3166 433 3192 ,
477 3141 508 3179 a
536 3124 786 3179 cordibus
813 3124 1024 3178 vestris.
1077 3122 1349 3176 Manicbzei
1388 3122 1528 3176 enim
1559 3120 1826 3176 Christum

245 3219 302 3277 in
329 3233 496 3274 carne
520 3217 728 3272 venisse
754 3216 1086 3285 apertissime
1116 3222 1328 3284 negant.
1358 3213 1584 3284 Spiritus
1610 3231 1737 3285 ergo
1766 3215 1830 3269 il—

244 3311 422 3370 lorum
451 3325 559 3364 non
588 3318 713 3363 sunt
742 3324 806 3363 ex
837 3308 966 3362 Deo.
1520 3326 1526 3332 -

318 3401 373 3456 5.
403 3397 809 3452 Hanichteorum
837 3397 888 3450 in
916 3396 1027 3467 ipso
1054 3395 1163 3450 loco
1189 3396 1406 3450 Joannis
1431 3397 1645 3452 insidiae.
1672 3397 1832 3450 Error

245 3492 310 3550 de
329 3489 532 3544 duabus
571 3490 785 3542 naturis.
815 3488 913 3544 Hic
948 3489 1104 3543 video
1134 3489 1271 3544 unde
1313 3490 1439 3544 velit
1482 3490 1637 3559 lupus
1670 3491 1831 3544 obreo

243 3599 417 3655 pere;
445 3597 676 3653 agnosco
695 3623 710 3647 ,
738 3592 792 3636 et
829 3591 1082 3652 quantum
1114 3581 1266 3635 valeo
1290 3624 1304 3647 ,
1332 3581 1670 3636 devitandum
1713 3598 1833 3637 esse

244 3675 585 3738 demonstro.
620 3674 770 3736 llinc,
798 3673 848 3726 in
875 3687 940 3727 eo
969 3673 1108 3742 quod
1130 3673 1262 3737 dixi,
1291 3673 1375 3727 vel
1404 3676 1575 3741 potius
1600 3674 1666 3727 ab
1687 3673 1834 3742 Apo-

243 3766 393 3821 stolo
421 3764 623 3820 dictum
649 3764 1092 3828 commemoravi;
1138 3763 1262 3832 quia
1305 3761 1479 3816 Omnis
1509 3763 1716 3832 spiritus
1747 3763 1835 3832 qui

244 3867 404 3930 negat
421 3856 597 3911 Iesum
613 3855 863 3910 Christum
889 3857 940 3908 in
965 3871 1115 3908 carne
1137 3856 1343 3919 uenisse,
1374 3872 1436 3908 ex
1459 3853 1567 3908 Deo
1593 3871 1690 3908 non
1721 3867 1792 3910 est
1815 3872 1835 3921 ;

244 3949 539 4005 insidiatur
564 3947 882 4002 Manichacus
913 3947 963 4000 in
996 3946 1096 4000 hoc
1140 3947 1299 4000 verbo
1324 3989 1339 4011 ,
1385 3956 1438 4000 et
1479 3946 1607 4002 dicit
1653 3947 1781 4000 mihi
1817 3965 1830 4001 :

247 4039 400 4095 Ecce
429 4037 649 4108 spiritus
672 4037 760 4107 qui
790 4046 948 4107 negat
974 4036 1157 4091 Iesum
1185 4036 1453 4092 Christum
1482 4037 1532 4091 in
1563 4052 1726 4092 carne
1748 4054 1836 4092 ve-

243 4132 418 4196 nisse,
442 4145 507 4185 ex
537 4130 649 4184 Deo
676 4145 780 4184 non
811 4139 919 4194 est;
953 4130 1093 4184 unde
1115 4139 1198 4185 est
1219 4131 1390 4200 ergo?
1416 4131 1470 4185 Si
1497 4145 1558 4185 es
1594 4131 1702 4186 Deo
1729 4147 1834 4186 non

247 4229 356 4285 est,
382 4220 575 4289 inquit,
604 4219 744 4274 unde
765 4221 889 4274 est?
914 4219 1177 4290 Numquid
1198 4221 1338 4276 enim
1365 4230 1540 4289 potest
1567 4237 1706 4288 esse,
1734 4223 1835 4277 nisi

248 4311 516 4368 aliunde?
543 4310 601 4366 Si
629 4325 789 4380 ergo,
825 4311 1010 4380 inquit,
1040 4325 1104 4365 ex
1137 4312 1246 4366 Deo
1275 4327 1379 4366 non
1410 4321 1511 4374 est.
1545 4321 1598 4367 et
1621 4312 1836 4369 aliunde

247 4413 356 4465 est,
389 4402 540 4457 vides
561 4417 679 4457 esse
697 4401 829 4457 duas
859 4411 1090 4457 naturas.
1121 4402 1422 4458 Invenimus
1445 4405 1624 4474 lupum
1658 4423 1670 4459 :
1704 4406 1835 4461 retia

245 4492 490 4548 salubria
522 4491 820 4558 tendamus,
846 4508 1124 4560 venemur,
1153 4494 1444 4564 capiamus,
1475 4504 1686 4566 captum
1719 4505 1835 4551 tru—

247 4583 518 4639 cidemus.
552 4583 900 4639 Trucidemus
943 4585 1136 4654 plane;
1179 4587 1434 4640 moriatur
1461 4603 1613 4643 error
1636 4631 1648 4655 ,
1696 4590 1837 4642 vivat

249 4674 442 4729 homo.
473 4675 612 4729 Ecce
638 4675 689 4728 in
718 4689 784 4729 eo
811 4675 949 4747 quod
976 4675 1105 4743 dixi,
1135 4675 1436 4745 Capiamns,
1470 4679 1832 4744 trucidemos;

249 4766 522 4823 moriatur
543 4781 716 4831 error,
747 4767 888 4821 vivat
908 4766 1096 4832 homo;
1126 4768 1196 4821 ibi
1221 4769 1440 4823 solvitur
1460 4770 1704 4839 qumstio.
1729 4771 1836 4825 Sed

250 4855 482 4912 recolile
507 4856 648 4925 quod
693 4857 942 4926 proposui
969 4899 984 4922 ,
1026 4873 1094 4911 ne
1135 4858 1283 4912 obliti
1312 4859 1657 4928 quaestionem
1682 4901 1696 4924 ,
1728 4875 1834 4913 non

251 4946 567 5016 intelligetis
587 4947 922 5000 solutionem.
957 4946 1134 5000 Omnis
1161 4949 1366 5016 spiritus
1390 4949 1474 5017 qui
1501 4965 1602 5002 non
1629 4950 1839 5016 conﬁtc-

252 5046 340 5090 tur
372 5035 554 5090 Iesum
581 5034 836 5091 Christum
857 5037 909 5090 in
939 5053 1088 5090 carne
1108 5038 1325 5102 uenisse,
1357 5053 1419 5091 ex
1448 5037 1553 5091 Deo
1576 5055 1676 5093 non
1705 5048 1796 5092 est.

329 5123 562 5181 CAPUT
602 5123 688 5179 lli.
723 5154 798 5166 -—
828 5124 896 5180 Et
925 5125 1243 5180 Manichacus
1279 5127 1530 5181 continuo
1559 5145 1572 5180 :
1605 5129 1668 5182 Et
1696 5130 1836 5183 unde

249 5225 341 5272 est
361 5216 390 5269 ?
411 5215 469 5271 Si
496 5231 563 5271 ex
594 5216 706 5271 Deo
733 5232 836 5271 non
866 5225 950 5273 est
968 5258 982 5284 ,
1013 5217 1224 5271 aliunde
1249 5225 1350 5271 est.
1396 5217 1450 5273 Si
1477 5218 1688 5273 aliunde
1714 5229 1794 5273 est
1818 5261 1834 5284 ,

252 5311 419 5365 docui
451 5312 468 5342 ¹
497 5310 632 5364 duas
658 5325 776 5365 esse
810 5320 1041 5366 naturas.
1072 5310 1219 5365 lianc
1247 5313 1588 5379 quaestionem
1621 5321 1797 5366 tenete
1818 5355 1832 5376 ,

249 5409 312 5456 et
340 5409 550 5455 mentes
573 5401 641 5455 ad
672 5402 761 5455 illa
791 5417 908 5455 mea
939 5402 1098 5459 verba
1125 5409 1389 5467 revocate,
1422 5401 1510 5456 ubi
1539 5402 1644 5456 dixi
1671 5445 1685 5464 ,
1731 5403 1835 5456 Ca—

255 5494 506 5562 piamus,
537 5494 896 5558 trucidemus;
945 5495 1200 5550 moriatur
1242 5510 1429 5557 error,
1476 5495 1614 5548 vivat
1651 5495 1832 5549 homo.

254 5581 428 5638 Error
454 5599 558 5638 non
589 5592 673 5639 est
699 5600 766 5640 ex
811 5584 952 5652 Deo,
992 5585 1152 5640 homo
1185 5601 1249 5640 ex
1281 5586 1386 5642 Deo
1415 5595 1514 5642 est.
1546 5585 1732 5641 Redite
1769 5587 1834 5640 ad

327 5757 343 5788 ⁸
368 5761 528 5815 Forte,
554 5756 729 5810 docuit.

1550 337 1552 339 ’
1593 360 1822 418 sermo
1859 351 2160 417 CLXXXII.

3403 362 3508 420 9‘16

1931 474 2272 545 qumstionem
2303 490 2320 530 :
2351 470 2529 530 Omnis
2552 473 2760 546 spiritus
2789 474 2876 547 qui
2900 492 3000 531 non
3038 478 3303 544 conﬁtetur
3328 477 3506 533 Iesum

1925 564 1977 616 in
2002 580 2153 617 conte
2179 565 2366 619 venisse
2383 605 2397 631 ,
2433 580 2498 619 ea:
2522 563 2631 619 Deo
2651 582 2761 642 non
2784 576 2875 619 est.
2926 567 3051 621 Dico
3077 577 3129 622 et
3156 583 3254 636 ego
3278 610 3293 635 ,
3322 568 3506 623 Omnia

1925 669 2015 722 per
2040 655 2206 720 ipsum
2233 653 2370 721 facta
2395 663 2512 708 sunt
2538 653 2715 723 (Ioan.
2743 670 2780 716 ι,
2806 655 2879 726 5).
2915 656 3091 709 Onmis
3109 658 3314 727 spiritus
3339 658 3507 711 laudet

1926 741 2201 797 Dominum
2227 743 2398 817 (Psal.
2428 759 2514 811 CL,
2547 745 2625 813 6).
2655 744 2757 800 Sed
2788 747 2830 800 si
2862 762 2965 800 non
2993 748 3164 801 mnnis
3194 748 3410 816 spiritus
3440 764 3506 802 ex

1928 833 2036 886 Deo
2062 844 2160 897 est,
2191 833 2458 903 quomodo
2487 835 2706 903 spiritus
2736 835 2822 905 qui
2853 853 2916 890 ex
2944 837 3054 891 Deo
3086 852 3188 890 non
3218 847 3300 893 est
3327 839 3506 892 laudat

1929 923 2252 977 Dominum?
2279 923 2506 978 Prorsus
2532 924 2706 978 omnis
2735 915 2954 995 spiritus
2984 926 3164 980 laudet
3199 927 3501 981 Dominum.

1925 1013 2221 1084 Utrumque
2241 1014 2748 1085 video,.languidum
2772 1016 3034 1087 intelligo;
3059 1017 3238 1070 vitium
3264 1027 3502 1080 sanetur.

1926 1115 2111 1160 natura
2142 1105 2412 1160 liberetur.
2446 1106 2638 1160 Vitium
2683 1114 2868 1162 natura
2899 1123 3004 1166 non
3035 1119 3115 1164 est
3137 1149 3150 1171 ,
3180 1109 3272 1162 sed
3304 1121 3504 1162 natura-

1926 1196 2196 1250 inimicum
2222 1205 2323 1251 est.
2352 1199 2492 1252 Sana
2521 1197 2659 1252 unde
2686 1199 2924 1268 langues,
2956 1208 3196 1253 remanet
3223 1201 3362 1252 unde
3394 1199 3504 1252 luu-

1855 1305 1862 1313 ν
1927 1287 2040 1338 des.
2073 1286 2328 1340 Medicina
2357 1289 2480 1340 vitia
2511 1288 2863 1356 persequitur,
2893 1301 2996 1340 non
3026 1297 3290 1342 naturam.
3328 1287 3506 1343 Omnis

1924 1377 2136 1445 spiritus
2165 1379 2250 1447 qui
2277 1395 2378 1432 non
2402 1379 2668 1456 confitetur
2685 1378 2862 1432 Iesum
2890 1376 3148 1432 Christum
3175 1380 3229 1432 in
3254 1395 3404 1433 carne
3426 1396 3507 1433 ve-

1927 1467 2079 1533 nisse,
2109 1484 2170 1521 ea:
2195 1467 2302 1522 Deo
2325 1485 2424 1522 non
2453 1479 2542 1523 est.
2572 1469 2626 1522 in
2652 1479 2902 1539 quantum
2926 1484 3030 1524 non
3052 1471 3332 1526 conﬁtetur
3350 1473 3504 1526 Chri-

1927 1565 2066 1610 stum
2101 1558 2152 1611 in
2179 1572 2341 1613 carne
2366 1559 2578 1614 venisse
2603 1601 2616 1622 ,
2660 1561 2710 1612 in
2739 1567 2940 1613 tantum
2969 1575 3032 1614 ex
3083 1561 3190 1614 Deo
3233 1576 3336 1615 non
3387 1571 3502 1624 est;

1927 1647 2046 1716 quia
2079 1648 2177 1702 iste
2202 1663 2354 1702 error
2376 1650 2463 1718 qui
2493 1665 2596 1704 non
2625 1650 2910 1703 conﬁtetur
2942 1649 3208 1704 Christum
3255 1652 3309 1706 in
3345 1667 3506 1705 carne

1927 1741 2154 1806 venisse,
2182 1755 2246 1793 ex
2279 1740 2387 1794 Deo
2413 1755 2517 1794 non
2543 1751 2644 1796 est.
2674 1741 2906 1806 Fratres,
2933 1743 3057 1808 quid
3081 1751 3162 1796 est
3182 1743 3324 1811 quod
3348 1757 3504 1795 rena-

1927 1829 2168 1882 scimur?
2194 1829 2248 1885 Si
2290 1831 2424 1885 bene
2453 1832 2560 1885 nati
2589 1846 2771 1885 sumus
2791 1872 2806 1897 ,
2846 1833 2971 1900 quid
2997 1843 3079 1887 est
3109 1833 3246 1902 quod
3276 1837 3508 1888 renasci-

1931 1919 2090 1972 mur?
2117 1919 2311 1974 Natura
2343 1937 2462 1991 quas
2488 1929 2738 1990 corrupta
2769 1921 2958 1983 fuerat,
2985 1933 3290 1991 reparatur;
3322 1932 3506 1976 natura

1925 2027 2043 2078 quze
2069 2011 2215 2081 lapsa
2244 2012 2434 2078 fuerat,
2457 2012 2706 2082 erigitur;
2738 2022 2923 2066 natura
2949 2027 3068 2082 quae
3091 2013 3346 2068 deformis
3367 2016 3511 2083 jace-

1929 2102 2016 2155 bat
2037 2144 2050 2166 ,
2079 2105 2245 2173 gratia
2275 2105 2616 2158 reformatur.
2649 2103 2808 2158 Solus
2850 2105 2991 2158 enim
3031 2102 3284 2168 Creator,
3315 2106 3507 2170 l’ater,

1930 2193 2093 2247 Filius
2117 2203 2170 2247 et
2199 2175 2429 2262 Spiritus
2448 2203 2697 2258 sanctus;
2724 2195 2858 2246 trina
2893 2196 3066 2248 unitas
3085 2237 3100 2260 ,
3128 2210 3231 2248 una
3265 2195 3506 2258 trinitas;

1929 2286 2040 2339 sola
2065 2286 2150 2339 illa
2181 2295 2366 2340 natura
2392 2286 2754 2352 immutabilis,
2783 2286 3251 2351 incomnmtabilis,
3281 2302 3380 2342 nec
3408 2287 3506 2342 de-

1931 2375 2108 2440 fectui,
2133 2389 2232 2429 nec
2259 2373 2513 2442 prolectui
2543 2375 2792 2435 obnoxia,
2824 2389 2924 2429 nec
2943 2375 3101 2439 cadit,
3128 2386 3183 2428 ut
3209 2377 3384 2430 minus
3407 2376 3508 2440 sit;

1932 2480 2030 2519 nec
2059 2465 2417 2530 transcendit,
2459 2476 2514 2519 ut
2556 2464 2672 2534 plus
2721 2467 2824 2530 sit;
2872 2465 3119 2534 perfecta,
3165 2467 3509 2536 sempiterna,

1931 2555 2077 2609 omni
2092 2556 2249 2610 modo
2270 2556 2636 2618 immutabilis,
2656 2556 2766 2610 sola
2783 2556 2872 2610 illa
2896 2566 3100 2610 natura.
3116 2555 3368 2611 Creatura
3384 2571 3516 2612 vero

1933 2645 2090 2711 bona,
2117 2646 2210 2701 sed
2236 2645 2477 2700 Creatori
2510 2647 2680 2715 impar
2710 2647 2882 2700 valde.
2902 2646 2994 2701 Vis
3010 2648 3284 2703 adlnerere
3304 2649 3516 2703 diabolo

1933 2737 2224 2800 desertori.
2261 2739 2306 2792 si
2345 2754 2559 2807 aequare
2597 2738 2876 2794 contendis
2903 2739 3110 2794 condita
3139 2737 3413 2794 Conditori
3447 2743 3486 2795 ⁸.

2003 2828 2227 2883 CAPUT
2267 2827 2353 2881 IV.
2381 2859 2454 2869 —
2481 2829 2534 2883 4.
2573 2827 2973 2883 Manichaeorum
2990 2847 3148 2898 error,
3169 2832 3388 2884 animum
3413 2849 3519 2886 esse

1933 2928 2123 2988 partem
2154 2917 2277 2984 Dei,
2311 2921 2624 2988 confutatur.
2655 2923 2924 2990 Agnoscat
2953 2921 3127 2975 anima
3157 2923 3514 2977 conditionem

1933 3025 2120 3063 suam:
2149 3025 2254 3062 non
2281 3016 2364 3064 est
2393 3010 2556 3068 Deus.
2579 3011 2712 3065 Cum
2738 3026 2796 3066 se
2821 3011 2994 3066 anima
3027 3022 3177 3082 putat
3207 3013 3370 3069 Deum
3389 3056 3404 3080 ,
3433 3017 3515 3069 ol-

1937 3099 2102 3154 l‘endit
2149 3100 2314 3154 Deum
2347 3117 2362 3154 :
2395 3114 2502 3154 non
2541 3101 2741 3156 invenit
2781 3103 3131 3170 salvatorem,
3180 3103 3273 3158 sed
3319 3105 3517 3160 invenit

1934 3191 2322 3247 damnatorum.
2371 3191 2630 3258 Quoniam
2670 3193 2811 3248 Deus
2856 3195 3069 3265 quando
3108 3197 3312 3251 animas
3351 3198 3520 3251 malas

1935 3280 2172 3345 damnat,
2200 3295 2305 3336 non
2327 3297 2387 3336 se
2406 3282 2622 3337 damnat
2646 3300 2661 3336 :
2692 3283 2736 3337 si
2757 3292 2934 3339 autem
2955 3286 3128 3339 anima
3157 3285 3258 3342 hoc
3275 3288 3517 3356 estquod

1937 3373 2113 3440 Deus,
2145 3389 2205 3428 se
2243 3374 2476 3428 damnat.
2512 3375 2710 3429 Demus
2742 3375 2998 3431 honorem
3041 3377 3151 3432 Deo
3178 3388 3380 3443 nostro,
3411 3378 3519 3431 ira-

1940 3476 2069 3531 tres,
2097 3466 2179 3519 cui
2206 3465 2514 3528 clamamus,
2541 3465 2720 3518 Libera
2740 3482 2834 3519 nos
2853 3481 2885 3518 α
2906 3466 3040 3518 malo
3070 3464 3278 3537 (Matth.
3302 3482 3373 3530 vt,
3406 3466 3514 3537 l3).

1942 3555 2004 3608 Et
2029 3557 2074 3610 si
2104 3565 2344 3609 susurret
2369 3557 2390 3586 ’⁸
2417 3555 2538 3618 tibi,
2569 3563 2624 3607 ut
2649 3555 2699 3607 in
2729 3555 2966 3607 oratione
2995 3545 3238 3609 invenias
3273 3556 3521 3607 tentatin—

1937 3662 2083 3708 nem,
2115 3654 2166 3700 et
2191 3645 2331 3699 dicat
2359 3644 2473 3710 tibi,
2501 3643 2636 3710 Quid
2663 3653 2746 3699 est
2769 3644 2911 3713 quod
2933 3645 3192 3707 clamasti,
3220 3643 3400 3698 Libera
3429 3662 3524 3698 nos.

1938 3755 1970 3792 α
1999 3739 2166 3792 malo?
2205 3737 2363 3792 Certe
2405 3753 2510 3790 non
2554 3745 2637 3791 est
2680 3735 2910 3791 malum?
2947 3735 3228 3805 Responde
3255 3736 3330 3790 illi
3363 3755 3377 3791 :
3409 3737 3524 3804 Ego

1939 3844 2056 3884 smn
2085 3829 2289 3893 maius;
2317 3836 2372 3883 et
2397 3828 2441 3881 si
2472 3826 2774 3880 liberaverit
2803 3841 2888 3881 me
2915 3842 2946 3881 a
2977 3826 3135 3889 malo.
3169 3841 3261 3882 ero
3286 3826 3352 3881 de
3380 3829 3522 3881 man

1939 3921 2110 3975 bonus
2137 3938 2149 3974 :
2176 3918 2366 3976 liberet
2397 3935 2482 3972 me
2509 3935 2538 3972 a
2565 3933 2650 3971 me
2673 3957 2687 3982 ,
2718 3933 2785 3972 ne
2827 3917 3091 3971 incurram
3117 3920 3168 3972 in
3197 3928 3267 3972 te.
3300 3919 3411 3972 Hoc
3437 3919 3522 3974 die

1939 4010 2231 4065 Manichaee
2254 4027 2268 4062 :
2295 4009 2350 4065 Si
2381 4010 2519 4064 Deus
2550 4009 2851 4063 liberaverit
2877 4023 2962 4063 me
2995 4022 3025 4062 a
3053 4023 3170 4073 me,
3202 4024 3306 4062 non
3347 4010 3522 4062 incur-

1941 4118 2053 4156 ram
2076 4102 2127 4155 in
2153 4109 2204 4155 te
2229 4116 2240 4152 :
2268 4101 2390 4170 quia
2417 4099 2459 4154 si
2484 4099 2623 4152 Deus
2646 4097 2949 4152 liberaverit
2968 4113 3054 4153 me
3078 4113 3107 4151 a
3132 4113 3218 4153 me
3244 4098 3404 4164 malo,
3429 4115 3522 4152 cro

1941 4193 2145 4255 bonus;
2174 4192 2218 4244 si
2243 4190 2412 4244 bonus
2432 4205 2546 4254 ero,
2579 4188 2789 4258 sapiens
2808 4203 2936 4253 ero;
2969 4189 3012 4242 si
3034 4188 3248 4258 sapiens
3273 4205 3384 4253 ero,
3418 4207 3521 4244 non

1939 4281 2163 4345 errabo;
2193 4282 2236 4336 si
2265 4295 2370 4334 non
2389 4279 2600 4345 errabo,
2623 4294 2653 4333 a
2686 4287 2736 4334 te
2758 4277 2932 4348 decipi
2954 4293 3056 4334 non
3082 4288 3286 4348 potero.
3311 4279 3524 4335 Liberet

1941 4388 2069 4443 ergo
2104 4372 2248 4427 Deus
2273 4387 2358 4426 me
2385 4386 2415 4423 ιι
2443 4385 2529 4425 me
2547 4411 2562 4436 ,
2590 4379 2646 4437 et
2680 4384 2784 4424 non
2813 4370 3027 4424 incurro
3057 4371 3108 4423 in
3141 4379 3212 4424 te.
3242 4370 3412 4424 Meum
3439 4383 3525 4429 est

1941 4464 2080 4515 enim
2107 4462 2312 4525 vitium,
2336 4469 2393 4514 ut
2410 4475 2584 4515 errem
2610 4469 2664 4514 et
2684 4459 2900 4515 credam
2923 4461 3014 4514 tibi
3039 4478 3054 4515 :
3081 4461 3328 4530 quoniam
3349 4463 3526 4517 anima

1941 4567 2059 4607 mea
2078 4552 2288 4621 impleta
2309 4559 2392 4606 est
2413 4550 2742 4606 illusionibus
2760 4549 2928 4622 (Psal.
2955 4567 3156 4618 xxxvii,
3177 4551 3253 4622 8).
3273 4551 3387 4605 Non
3405 4567 3523 4610 sum

1943 4646 2070 4697 mihi
2099 4645 2211 4713 ipse
2240 4643 2418 4698 lumen
2443 4661 2456 4696 :
2487 4658 2608 4697 nam
2635 4642 2678 4697 si
2709 4657 2906 4708 essem,
2936 4658 3203 4712 nunquam
3236 4659 3521 4698 errassctn.

1943 4736 2066 4790 Ideo
2095 4750 2216 4805 pars
2241 4736 2334 4789 Dei
2363 4750 2466 4788 non
2493 4750 2642 4800 sum,
2687 4733 2808 4803 quia
2848 4735 3138 4788 substantia
3171 4735 3292 4801 Dei,
3339 4736 3550 4789 natura

1943 4828 2070 4893 Dei,
2109 4843 2292 4883 errare
2317 4842 2422 4880 non
2461 4835 2638 4897 potest
2668 4843 2680 4878 :
2709 4839 2808 4895 ego
2846 4835 3024 4880 autem
3051 4840 3206 4888 erro;
3239 4842 3358 4878 nam
3389 4837 3442 4881 et
3473 4837 3526 4880 tu

1943 4920 2056 4988 ipse
2084 4919 2382 4983 conﬁteris,
2417 4918 2711 4985 sapientem
2735 4925 2785 4970 te
2809 4916 2962 4980 dicis,
2989 4917 3055 4979 ab
3081 4932 3262 4970 errore
3291 4933 3376 4971 me
3396 4917 3528 4971 iibe-

1943 5027 2061 5064 rare
2090 5011 2318 5063 conaris.
2361 5007 2512 5061 Unde
2550 5021 2677 5074 ergo
2718 5021 2869 5067 erro,
2918 5006 2960 5058 si
3007 5015 3190 5059 natura
3237 5006 3328 5060 Dei
3371 5007 3529 5060 sum?

1945 5103 2246 5164 Erubesce,
2289 5099 2353 5153 da
2385 5098 2640 5151 honorem
2687 5098 2812 5151 Deo.
2849 5098 2957 5167 Ego
2985 5097 3104 5150 dico
3143 5097 3264 5166 quia
3305 5098 3528 5152 multum

1944 5193 2116 5245 adhuc
2142 5205 2288 5244 erras
2313 5206 2325 5242 :
2353 5187 2446 5242 sed
2476 5191 2612 5242 sicut
2641 5198 2693 5240 tu
2745 5187 2857 5257 ipse
2893 5186 3190 5253 conﬁteris,
3232 5203 3524 5244 erraveras.

1945 5283 2226 5336 Erraverat
2246 5293 2373 5349 ergo
2399 5287 2586 5332 natura
2613 5277 2740 5332 Dei?
2769 5278 2906 5332 lerat
2933 5279 2984 5331 in
3013 5277 3396 5334 immunditiam
3430 5294 3528 5332 na-

1949 5384 2061 5426 tura
2096 5371 2224 5425 Dei?
2254 5370 2526 5425 Adulteria
2555 5369 2921 5424 committebat
2958 5379 3140 5422 natura
3171 5367 3306 5422 Dei?
3335 5368 3526 5436 Stupra

1946 5439 2126 5518 illiciia
2159 5459 2384 5515 iaciebat
2423 5470 2608 5514 natura
2643 5459 2772 5513 Dei?
2814 5457 2966 5512 Ωιι-ρει
2999 5459 3266 5512 nesciebat
3292 5474 3393 5528 qua
3431 5461 3530 5513 iret

2010 5637 2027 5666 ι
2053 5634 2348 5683 Fossatensis
2361 5632 2513 5682 codex
2545 5668 2558 5691 ,
2582 5631 2626 5695 si
2641 5631 2828 5695 aequari
2851 5631 2920 5683 ris
2941 5630 3198 5682 conditori.

2001 5695 2193 5806 ἐωωὶιὶ,
2217 5700 2479 5744 succurret.
2507 5693 2674 5745 Melius
2692 5693 3247 5757 manuscripti,susurrct
3269 5706 3283 5744 :
3305 5695 3529 5755 subaudi.

1961 5766 1996 5806 Μ
2083 5771 2108 5804 c
2142 5767 2244 5804 telis
