3886 6188
337 325 441 384 Μ

339 448 529 496 natura
555 438 688 494 Dei?
715 428 1063 499 Facinoribus
1080 439 1135 488 et
1154 428 1362 502 ﬂagitiis
1386 425 1708 486 obruebatur
1728 431 1915 480 natura

340 530 472 588 Dei?
497 528 783 593 Erubesce,
816 524 882 581 da
910 524 1168 580 honorem
1196 522 1327 578 Deo.

408 616 636 676 CAPUT
675 617 739 671 γ.
761 647 832 658 -
857 616 912 674 5.
933 614 1127 669 Lumen
1159 612 1252 668 sibi
1275 628 1382 666 esse
1418 610 1568 665 homo
1596 625 1696 662 non
1735 614 1914 678 potest.

341 708 492 765 Mala
517 724 616 763 non
646 723 709 763 ea
746 715 961 770 natura,
991 704 1079 760 sed
1106 720 1169 760 ex
1196 703 1311 758 sitio
1349 711 1560 756 nature.
1594 698 1797 753 Lumen
1827 695 1917 751 tibi

339 815 461 856 esse
488 813 597 855 non
621 804 807 867 potes;
835 813 941 853 non
976 793 1126 866 potes
1144 837 1161 862 ,
1207 809 1312 849 non
1345 801 1499 863 potes
1528 792 1566 845 ⁸.
1592 787 1723 844 Erat
1751 788 1920 841 lumen

339 906 533 945 ruam.
567 888 624 945 In
649 889 1047 959 comparatione
1068 886 1288 943 Joannis
1315 882 1510 940 dictum
1539 890 1653 950 est,
1687 879 1810 935 Erat
1838 880 1920 934 tu-

340 1000 452 1038 tnen
480 998 673 1038 verum.
715 979 979 1052 Numquid
1024 995 1132 1035 non
1161 986 1214 1033 et
1254 976 1488 1033 Joannes
1526 971 1782 1029 lucerna?
1823 970 1924 1025 Ille

340 1085 450 1129 erat
481 1076 687 1131 lucerna
710 1072 894 1143 ardens
916 1081 963 1127 et
988 1073 1160 1126 lucens
1176 1110 1193 1137 ,
1219 1069 1476 1125 Dominus
1498 1065 1632 1121 dixit
1658 1063 1833 1137 (Joan.
1863 1077 1920 1129 v,

342 1166 456 1240 35).
482 1164 747 1237 Numquid
779 1165 994 1221 lucerna
1019 1164 1199 1218 lumen
1222 1175 1330 1216 non
1355 1159 1469 1215 est?
1494 1157 1601 1214 Sed
1620 1165 1734 1212 erat
1753 1154 1924 1209 lumen

341 1274 537 1314 verum.
563 1257 802 1313 Lucerna
826 1263 881 1312 et
901 1254 1118 1311 accendi
1140 1260 1331 1323 potest,
1355 1260 1411 1307 et
1428 1249 1688 1320 exstingui
1711 1255 1921 1318 potest:

344 1348 521 1405 lumen
551 1362 737 1405 verum
763 1345 1056 1402 accendere
1080 1353 1275 1415 potest,
1300 1340 1566 1412 exstingui
1592 1354 1697 1394 non
1725 1345 1920 1409 potest.

347 1439 476 1495 Erat
513 1455 642 1510 ergo
666 1439 833 1494 lmnen
860 1452 1066 1503 serunt,
1093 1436 1226 1506 quod
1249 1418 1500 1488 illuminat
1528 1447 1725 1485 onmem
1758 1428 1925 1482 Itami-

345 1547 460 1586 nem
478 1531 750 1585 venientem
771 1529 824 1583 in
852 1528 985 1582 [tunc
1010 1527 1255 1581 mundum
1284 1523 1390 1595 (Id.
1414 1539 1453 1590 ι,
1479 1522 1558 1591 9).
1587 1518 1921 1577 llluminandi

344 1635 529 1676 smnus
546 1660 565 1686 ,
591 1636 696 1675 non
736 1620 919 1675 lumen
945 1633 1150 1673 sumus.
1182 1614 1585 1685 Expergiscere,
1612 1613 1780 1667 clama
1809 1624 1925 1665 me-

345 1727 503 1766 cum:
536 1711 784 1765 Dominus
810 1709 1116 1763 illuntinatio
1150 1723 1282 1760 mea.
1326 1705 1461 1773 Quid
1504 1711 1741 1772 estergo
1784 1700 1925 1780 quod

345 1800 516 1855 dicis?
545 1800 686 1870 Ergo
712 1814 817 1854 non
851 1806 975 1852 sunt
1010 1797 1181 1851 maia?
1224 1794 1358 1850 Sunt
1389 1794 1560 1860 mala,
1587 1791 1680 1847 sed
1710 1800 1921 1845 mutan-

348 1900 465 1955 tur;
497 1897 552 1944 et
578 1891 689 1958 ipsa
726 1896 884 1943 erunt
919 1888 1096 1942 bona:
1125 1886 1247 1956 quia
1289 1886 1399 1954 ipsa
1441 1883 1612 1948 mala,
1645 1880 1773 1935 vitio
1800 1887 1926 1933 sunt

348 1982 505 2045 mala,
534 1996 638 2036 non
662 1988 867 2035 natura.
893 1977 1028 2046 Quid
1049 1986 1151 2040 est,
1177 1976 1360 2030 Libera
1380 1991 1470 2029 nos
1491 1991 1522 2028 a
1546 1973 1717 2028 malo?
1740 1971 1928 2027 Nonne

347 2087 627 2144 possemus
650 2080 706 2127 et
733 2084 1015 2141 possumus
1040 2068 1157 2124 haec
1181 2067 1344 2122 verba
1370 2065 1551 2121 dicere
1568 2106 1583 2129 ,
1611 2064 1799 2119 Libera
1830 2077 1929 2118 nos

349 2177 380 2214 a
410 2160 681 2218 tenebris?
711 2160 755 2215 A
780 2159 972 2230 quibus
995 2156 1269 2213 tenebris?
1294 2156 1339 2210 Α
1368 2155 1522 2210 nobis
1545 2153 1672 2225 ipsis
1691 2194 1708 2220 ,
1741 2153 1786 2208 si
1812 2167 1931 2224 qua:

350 2252 404 2307 in
434 2251 587 2306 nobis
613 2258 739 2307 sunt
776 2248 1017 2319 reliquias
1044 2247 1380 2303 tenebrarum
1400 2285 1416 2313 ,
1459 2244 1632 2301 donec
1673 2244 1730 2300 in
1761 2253 1928 2299 totum

236 2400 240 2403 .
351 2342 441 2399 lux
478 2341 790 2406 efﬁciamur,
822 2339 955 2395 nihil
981 2337 1239 2394 habentes
1274 2336 1327 2392 in
1356 2336 1511 2392 nobis
1548 2333 1690 2406 quod
1718 2334 1934 2390 resistat

349 2432 593 2489 charitati
612 2474 629 2501 ,
658 2430 800 2503 quod
830 2437 1089 2502 repugnet
1111 2428 1316 2485 veritati
1338 2468 1353 2491 ,
1379 2425 1521 2497 quod
1551 2424 1823 2496 subiacent
1845 2424 1929 2479 in-

352 2522 621 2589 ﬁrmitati,
645 2521 786 2592 quod
814 2520 1119 2577 conditione
1157 2516 1492 2573 mortalitatis
1518 2515 1750 2571 deﬁciat.
1779 2515 1931 2570 Tunc

354 2624 524 2671 totum
551 2613 728 2669 videte
750 2612 877 2684 quid
917 2611 1041 2679 erit,
1070 2608 1282 2680 quando
1309 2609 1411 2664 erit
1428 2650 1445 2676 ,
1476 2604 1811 2678 Corruptibile
1838 2607 1934 2661 hoc

356 2707 603 2764 ittduetur
624 2705 1015 2774 incorruptione,
1039 2712 1089 2757 et
1113 2701 1324 2756 mortale
1346 2701 1439 2755 hoc
1465 2698 1709 2756 induetttr
1731 2698 1936 2753 immor-

353 2799 570 2853 talitate.
602 2794 745 2851 Tunc
777 2795 861 2865 ﬁet
885 2809 1047 2849 sermo
1083 2794 1168 2863 qui
1191 2792 1408 2862 scriptus
1437 2800 1544 2858 est,
1583 2790 1833 2863 Absorpta
1858 2799 1933 2846 est

358 2908 493 2946 mors
513 2890 563 2945 in
583 2889 860 2944 uictoriam.
892 2885 993 2942 Ubi
1015 2894 1108 2951 est,
1133 2901 1289 2953 mors,
1315 2883 1565 2938 contentio
1587 2883 1709 2938 tua!
1728 2881 1811 2937 ubi
1835 2890 1930 2949 est,

357 2999 510 3047 mors,
537 2981 740 3038 aculeus
762 2979 918 3034 tuus?
941 2977 1159 3033 Aculeus
1186 2985 1355 3031 autem
1381 2976 1555 3030 mortis
1579 2984 1652 3030 est
1679 2986 1936 3045 peccatum

358 3073 406 3145 (1
433 3074 550 3131 Cor.
580 3089 673 3139 xv,
695 3072 904 3142 55-56).
931 3070 1033 3127 Ubi
1052 3068 1283 3125 malum?

428 3163 657 3219 CAPUT
696 3162 783 3217 Vl.
807 3190 882 3204 --
908 3161 962 3216 6.
998 3160 1140 3215 Mala
1167 3159 1385 3214 hominis
1409 3157 1547 3225 duo,
1584 3174 1725 3213 error
1771 3165 1818 3211 et
1851 3157 1933 3210 in-

360 3252 595 3325 ﬁrmitas.
621 3251 774 3308 Modo
802 3251 941 3307 mala
968 3250 1243 3309 hominum
1270 3250 1423 3320 quae?
1448 3249 1614 3304 Error
1634 3256 1688 3304 et
1712 3247 1931 3303 inﬁrmi-

358 3356 460 3401 tas.
486 3345 594 3401 Aut
617 3345 792 3401 nescis
810 3344 939 3415 quid
959 3358 1106 3414 agas,
1136 3350 1193 3399 et
1216 3341 1444 3399 errando
1464 3341 1693 3407 laberis;
1721 3349 1813 3395 aut
1831 3340 1937 3395 scis

356 3436 485 3508 quid
516 3436 599 3507 agi
634 3435 853 3502 debeat,
880 3444 937 3490 et
964 3434 1268 3490 inﬁrmitate
1293 3433 1581 3504 superaris.
1609 3432 1750 3504 Ergo
1775 3446 1936 3488 omne

357 3527 557 3582 tnalum
600 3526 827 3582 hominis
866 3541 1019 3582 error
1052 3533 1107 3580 et
1135 3524 1431 3580 inﬁrmitas.
1462 3523 1663 3586 Contra
1696 3537 1935 3579 errorem

355 3618 548 3685 clama,
582 3617 830 3674 Dominus
856 3618 1160 3672 illuminatio
1188 3632 1318 3671 mea.
1347 3614 1545 3671 Contra
1573 3614 1933 3672 inﬁrmitatem

355 3710 525 3775 addc,
559 3708 630 3763 Et
668 3709 808 3764 salus
846 3725 957 3764 mea
1001 3708 1181 3781 (Psal.
1219 3724 1377 3776 xxvr,
1411 3708 1484 3778 i).
1523 3706 1727 3774 Crede,
1760 3707 1937 3765 bonus

348 3808 511 3854 .esto:
543 3808 599 3854 tu
626 3814 686 3855 es
721 3799 925 3865 malus,
958 3808 1015 3853 tu
1041 3797 1148 3854 eris
1170 3797 1363 3853 bonus.
1394 3797 1512 3852 Noli
1541 3797 1798 3854 dividere.
1829 3797 1937 3853 Na-

359 3899 473 3944 tura
500 3890 552 3944 in
583 3899 635 3945 te
657 3891 889 3945 sanando
917 3900 1019 3957 est,
1043 3906 1146 3945 non
1168 3890 1479 3960 separanda.
1506 3890 1599 3945 Vis
1626 3905 1784 3947 nosse
1807 3890 1935 3961 quid

355 3981 450 4036 es?
478 3980 755 4037 Tenebrae.
783 3982 959 4047 Quare
986 3982 1255 4036 tenebrae?
1288 3981 1456 4036 llomo
1479 3980 1570 4051 qui
1599 3980 1732 4036 dicis
1749 4023 1764 4048 ,
1801 3981 1934 4036 Cor-

359 4072 624 4140 rumpitur
648 4071 790 4126 Deus
808 4111 824 4138 ,
851 4070 1048 4141 aliquid
1077 4070 1161 4125 his
1189 4071 1418 4127 tenebris
1449 4079 1618 4141 potest
1644 4086 1764 4127 esse
1807 4087 1934 4142 pro-

360 4161 606 4216 fundius?
629 4161 818 4225 Crede,
851 4175 1078 4231 agnosce
1115 4159 1386 4216 Christum
1416 4161 1469 4214 in
1498 4176 1660 4216 carne
1690 4162 1897 4217 venisse
1916 4203 1931 4228 ,

355 4254 625 4323 accepisse
644 4253 783 4324 quod
806 4268 912 4308 non
937 4263 1072 4320 erat,
1102 4269 1206 4307 non
1233 4254 1476 4308 amisisse
1495 4253 1635 4323 quod
1662 4262 1807 4319 erat;
1840 4253 1938 4310 ho-

356 4344 552 4399 minem
583 4345 635 4398 itt
670 4360 729 4401 se
759 4354 1027 4412 mutasse,
1055 4361 1159 4400 non
1188 4346 1239 4400 in
1268 4345 1533 4400 hominem
1573 4345 1736 4401 fuisse
1766 4354 1936 4400 muta-

355 4443 489 4489 tum.
522 4435 762 4505 Agnosce
780 4476 795 4501 ,
820 4444 875 4490 et
898 4443 954 4489 tu
983 4435 1096 4504 ipse
1119 4450 1184 4489 ex
1213 4435 1353 4490 maio
1375 4435 1484 4490 eris
1512 4435 1716 4501 bonus,
1758 4450 1823 4490 ex
1852 4445 1932 4491 te-

354 4525 535 4581 nebris
559 4527 670 4582 eris
695 4526 803 4581 lux.
830 4527 912 4581 An
941 4525 1189 4591 mentior,
1215 4534 1267 4581 et
1304 4540 1409 4580 non
1437 4534 1519 4581 est
1542 4526 1685 4582 unde
1711 4527 1935 4582 convin-

354 4617 516 4672 cam?
558 4616 875 4688 Apostolum
902 4614 1103 4685 accipis
1122 4655 1138 4679 ,
1168 4617 1213 4670 si
1253 4624 1307 4671 te
1346 4631 1451 4671 non
1482 4617 1636 4688 ﬁngis
1658 4617 1932 4689 accipere;

268 4740 272 4744 -
352 4707 666 4778 Apostolum
693 4707 844 4777 legis,
872 4714 926 4762 et
948 4706 1209 4776 deciperis
1227 4748 1243 4774 ,
1271 4716 1326 4763 et
1352 4706 1573 4779 decipis.
1608 4707 1762 4765 Unde
1784 4710 1930 4766 deci~

354 4800 536 4870 peris?
564 4798 806 4854 Errando
829 4798 967 4853 malo
989 4808 1077 4854 tuo
1100 4808 1150 4854 te
1170 4799 1304 4870 ipso.
1333 4798 1388 4855 Si
1419 4808 1595 4855 autem
1619 4800 1928 4867 credideris,

352 4904 699 4960 erroremque
724 4888 1068 4957 discusseris,
1112 4889 1298 4947 audies
1322 4891 1394 4947 ab
1418 4891 1676 4964 Apostolo
1692 4935 1708 4958 ,
1740 4891 1935 4949 Fuistis

349 4983 486 5039 enim
510 4981 786 5053 aliquando
811 4981 1062 5047 tenebris;
1087 4998 1220 5037 nunc
1244 4991 1411 5039 autem
1435 4983 1547 5038 lux.
1576 4981 1683 5040 Sed
1706 4982 1931 5053 addidit,

350 5073 462 5147 lus,
489 5072 585 5131 sed
604 5073 728 5131 ubi?
755 5071 824 5128 In
850 5071 1072 5128 Domino
1098 5072 1315 5145 (Ephes.
1338 5089 1392 5140 ν,
1422 5072 1502 5146 8).
1530 5072 1671 5147 Ergo
1695 5074 1931 5132 tenebrte

353 5163 406 5220 in
435 5174 508 5233 te,
534 5164 621 5221 lux
652 5165 703 5222 in
735 5164 977 5221 Domino.
1003 5164 1137 5233 Quia
1162 5180 1266 5220 non
1298 5164 1388 5221 tibi
1415 5173 1566 5237 potes
1592 5164 1803 5231 lucere,
1836 5179 1929 5221 ac-

351 5254 591 5313 cedendo
618 5255 957 5323 illuminaris,
982 5255 1284 5311 recedendo
1313 5256 1641 5312 tenebraris:
1674 5257 1794 5327 quia
1822 5272 1928 5312 non

353 5348 447 5404 tibi
471 5349 647 5404 lumen
675 5359 730 5403 tu
758 5348 872 5419 ipse
894 5362 972 5413 es,
1003 5347 1216 5403 aliunde
1238 5347 1573 5404 illuminaris.
1602 5348 1838 5406 Accedite
1863 5352 1932 5406 ad

351 5454 485 5503 eam,
509 5448 554 5492 et
577 5439 934 5493 illuminantini
962 5437 1134 5507 (Psal.
1162 5454 1348 5505 xxxm,
1377 5438 1454 5512 6).

421 5529 648 5584 CAPUT
688 5528 796 5584 VII.
824 5559 896 5570 —
934 5530 985 5584 7.
1022 5528 1101 5584 De
1141 5530 1313 5584 eodem
1341 5528 1556 5585 Joannis
1588 5529 1696 5585 loco
1724 5532 1932 5601 qumslio

410 5637 432 5667 ¹
456 5643 530 5686 ειν.
555 5640 699 5702 Lugd.
738 5649 852 5691 Ven.
874 5656 894 5708 :_
911 5642 1160 5702 Erubesce,
1185 5642 1250 5693 da
1281 5641 1506 5695 honorent
1528 5652 1643 5708 Deo,
1669 5644 1825 5697 lumen
1846 5646 1932 5698 tibi

351 5704 462 5745 esse
479 5708 564 5747 ann
579 5708 722 5758 nites.
749 5710 861 5753 Erat
878 5704 1037 5753 lumen
1058 5717 1235 5767 verum,
1267 5714 1361 5755 etc.
1385 5713 1440 5771 tt.

1569 313 1626 370 S.
1666 308 2030 370 AUCUSTINI
2071 307 2369 366 EPISCOPI

2022 421 2128 476 alia
2150 421 2384 490 differtur
2406 423 2458 480 in
2484 422 2853 499 subsequentem
2878 444 3175 487 sermonm.
3205 429 3328 491 Seio
3348 475 3363 501 ,
3394 433 3611 493 charis»

2018 517 2165 583 simi,
2196 517 2264 575 de
2289 518 2390 575 ista
2413 516 2640 577 lcctione
2662 522 2836 579 sancti
2852 520 3074 593 Joannis
3099 525 3152 581 in
3174 541 3234 582 re
3255 542 3357 583 una
3379 504 3619 586 multum.

2023 626 2111 666 me
2136 609 2301 667 fuisse
2329 611 2665 671 immoratum
2682 655 2698 682 ,
2744 628 2844 671 nec
2871 630 2966 671 vos
2990 631 3111 673 esse
3138 618 3436 690 natigandos
3468 621 3621 691 ultra

2024 700 2202 766 video,
2234 700 2318 757 vel
2346 701 2482 757 ultra
2505 703 2851 772 capacitatem
2882 705 3200 776 replendos;
3232 717 3287 765 et
3313 711 3617 766 nostrain-

2026 792 2248 848 ﬁrmitas
2270 794 2547 865 cogitanda
2571 804 2673 852 est.
2700 796 2833 853 Nam
2861 797 2978 854 hate
2999 799 3160 855 verba
3184 802 3353 857 sancti
3380 801 3611 860 Joannis

2025 883 2223 941 habent
2247 885 2421 942 adhuc
2456 902 2676 958 magnas
2707 888 2939 957 latebras
2963 904 3107 946 suas.
3137 890 3352 948 interim
3391 908 3488 949 eos
3517 895 3612 965 qui

2025 987 2218 1049 negant
2242 978 2511 1035 Christum
2548 978 2602 1036 in
2630 995 2792 1037 carne
2814 981 3055 1048 venisse,
3084 984 3348 1055 repellite.
3377 984 3614 1043 Constat

2026 1072 2167 1129 enim
2197 1087 2290 1129 eos
2326 1087 2435 1128 non
2476 1087 2609 1129 esset
2637 1088 2705 1129 ex
2746 1073 2879 1129 Deo.
2909 1073 2967 1130 In
3012 1085 3266 1146 quantum
3310 1086 3526 1147 errant,
3557 1079 3613 1133 in

2026 1173 2283 1236 quantum
2306 1174 2547 1235 peccant,
2577 1166 2630 1221 in
2655 1175 2909 1237 quantum
2934 1166 3320 1245 blasphemant,
3352 1183 3459 1225 non
3480 1178 3627 1229 sunt.

2026 1269 2091 1311 ex
2119 1252 2267 1311 Deo:
2295 1264 2582 1324 sanentur,
2605 1263 2662 1312 et
2696 1271 2772 1312 ex
2804 1256 2917 1313 Deo
2957 1266 3147 1325 erunt;
3176 1258 3300 1331 quia
3335 1270 3398 1316 et
3417 1269 3628 1317 natura

2028 1364 2094 1403 ex
2126 1347 2239 1403 Deo
2264 1357 2437 1404 erant.
2478 1347 2612 1405 liinc
2654 1358 3139 1421 quantumcumque
3180 1350 3477 1422 disputavi,
3523 1360 3612 1406 at-

2030 1438 2229 1494 tendite
2280 1437 2602 1510 Scripturas.
2655 1439 2831 1496 Nolite
2877 1441 3099 1497 credere
3142 1441 3222 1498 eis
3272 1443 3361 1513 qui
3414 1452 3618 1514 negant

2028 1532 2295 1588 Christum
2343 1532 2396 1587 in
2440 1547 2599 1587 carne
2647 1532 2878 1589 venisse.
2922 1533 3029 1590 Sed
3077 1542 3223 1590 certe
3265 1535 3509 1591 dicturus
3553 1549 3619 1592 es

2002 1622 2160 1678 'mihi
2189 1641 2203 1678 :
2233 1623 2372 1694 Ergo
2412 1623 2503 1693 qui
2527 1622 2657 1679 dicit
2691 1622 2961 1680 Christum
2998 1624 3051 1680 in
3080 1639 3242 1680 carne
3263 1625 3475 1682 venisse
3495 1668 3513 1693 ,
3547 1641 3617 1681 ex

2034 1714 2143 1769 Deo
2163 1714 2280 1769 est?
2305 1714 2597 1770 Audiamus
2623 1714 2943 1783 Donatistas,
2969 1715 3092 1786 quia
3111 1715 3435 1772 conﬁtentur
3456 1716 3621 1772 Chri-

2035 1816 2177 1863 stum
2207 1807 2260 1862 in
2283 1822 2445 1862 carne
2474 1807 2717 1873 venisse;
2749 1807 3028 1863 audiamus
3056 1808 3301 1875 Arianos,
3327 1809 3451 1879 quia
3476 1823 3621 1863 con-

2032 1898 2249 1952 ﬁtentur
2270 1897 2537 1967 Christum
2567 1897 2618 1952 in
2653 1912 2813 1953 carne
2839 1898 3083 1965 venisse;
3122 1898 3399 1955 audiamus
3424 1899 3624 1955 Euno-

2033 1989 2260 2056 mianos,
2291 1989 2414 2059 quia
2452 1988 2772 2045 conﬁtentur
2796 1989 3064 2045 Christum
3099 1989 3152 2044 in
3179 2006 3340 2046 carne
3362 1992 3624 2056 venisse;

2033 2077 2311 2148 audiamus
2345 2077 2724 2145 Photinianos,
2754 2079 2879 2150 quia
2903 2079 3220 2136 conﬁtentur
3242 2081 3520 2137 Christum
3566 2082 3623 2136 in

2033 2183 2192 2225 carne
2216 2169 2445 2225 venisse.
2468 2169 2527 2225 Si
2549 2170 2693 2225 enim
2722 2184 2910 2226 omnes
2936 2171 3155 2241 spiritus
3176 2172 3264 2242 qui
3288 2171 3628 2229 conﬁtentur

2033 2257 2301 2316 Christum
2327 2259 2379 2315 in
2404 2275 2565 2316 carne
2587 2261 2817 2328 venisse,
2845 2278 2909 2318 ex
2937 2262 3049 2317 Deo
3076 2271 3219 2329 sunt,
3246 2278 3408 2335 quam
3433 2264 3628 2320 multa:

2034 2357 2161 2405 sunt
2188 2349 2423 2406 haereses
2449 2350 2733 2407 mendaces
2751 2392 2767 2419 ,
2793 2351 3153 2422 deceptrices,
3180 2352 3381 2408 insana:
3397 2395 3413 2420 ,
3449 2354 3629 2419 conti,

2037 2449 2215 2496 tentur
2242 2449 2417 2498 tamen
2443 2440 2714 2499 Christum
2758 2444 2813 2499 in
2850 2458 3011 2500 carne
3047 2443 3278 2500 venisse.
3322 2445 3462 2514 Quid
3492 2464 3635 2521 ergo

2036 2531 2227 2588 dicturi
2252 2534 2474 2589 sumus?
2501 2533 2779 2601 Quomodo
2806 2535 2959 2592 istam
2983 2538 3331 2607 quzestionem
3352 2540 3586 2597 soluturi
3600 2542 3627 2598 ?

2035 2622 2544 2695 Quomodocumque
2566 2625 2821 2689 solvenda
2840 2626 2926 2694 sit,
2952 2627 3109 2684 hodie
3125 2629 3258 2685 solvi
3285 2645 3392 2688 non
3419 2642 3626 2702 potest.

2039 2713 2240 2770 Tenete
2258 2730 2344 2771 me
2364 2714 2658 2773 debitorem
2683 2735 2697 2771 :
2730 2717 2821 2773 sed
2845 2719 3010 2776 Deum
3035 2735 3134 2791 pro
3155 2737 3244 2778 me
3264 2731 3443 2793 etpro
3467 2724 3630 2791 vobis

2039 2813 2191 2861 orate
2213 2806 2532 2877 adjutorem.
2558 2805 2812 2864 Conversi
2838 2809 2905 2864 ad
2935 2811 3249 2880 Dominum,
3270 2821 3376 2874 etc.

2459 2942 2690 3000 SERMO
2724 2943 3028 3001 CLxxxm
3055 2951 3072 2971 ι
3093 2947 3193 3021 (ιι).

2043 3055 2266 3113 Rursum
2286 3057 2348 3113 de
2371 3056 2528 3140 uerbis
2548 3055 2797 3130 Epistola:
2815 3058 2836 3114 Ι
2855 3059 3091 3126 Joannis,
3116 3079 3231 3133 cap.
3253 3079 3331 3129 Iv,
3351 3063 3409 3129 2,
3430 3065 3625 3124 Omnis

2112 3150 2330 3220 spiritus
2356 3151 2446 3221 qui
2474 3151 2759 3207 conﬁtetur
2778 3151 2960 3209 Jesum
2985 3154 3254 3211 Christum
3275 3157 3328 3212 in
3348 3174 3514 3217 carne
3535 3178 3637 3223 vc.

2114 3239 2281 3307 uisse,
2304 3256 2369 3296 ex
2396 3240 2508 3297 Deo
2529 3250 2612 3297 est
2635 3240 2732 3315 (lt).

2112 3353 2337 3409 CAPUT
2375 3352 2659 3409 PRIMUM.
2686 3384 2759 3397 ——
2782 3355 2831 3412 ι.
2857 3356 3081 3424 ραωειὲο
3105 3360 3389 3416 tractanda.
3417 3362 3631 3420 Vestra

2043 3443 2329 3499 Cltztritatis
2365 3444 2716 3514 exspectatio,
2762 3445 2868 3502 mei
2914 3445 3074 3503 debiti
3114 3449 3322 3505 exactio
3361 3459 3466 3507 est.
3507 3452 3631 3517 Non

2040 3540 2226 3598 dubito
2258 3539 2564 3596 meminisse
2598 3554 2726 3608 vos,
2755 3540 2887 3613 quid
2921 3542 2974 3598 in
3010 3542 3274 3613 adiutorio
3301 3544 3513 3603 Domini
3560 3547 3632 3611 de

2043 3633 2214 3689 sancti
2239 3632 2460 3690 Joannis
2480 3633 2702 3689 lectione
2722 3612 3230 3704 promiserim.Cum
3250 3652 3377 3708 ergo
3396 3639 3631 3701 audistis

2040 3723 2320 3779 Lectorem
2338 3763 2360 3791 ,
2385 3723 2547 3779 credo
2570 3739 2666 3779 vos
2688 3724 2949 3795 cogitasse
2974 3741 3059 3781 me
3080 3725 3277 3784 debere
3304 3745 3427 3786 esse
3453 3730 3629 3788 debiti

2041 3816 2387 3872 redditorem.
2418 3816 2658 3886 Magnam
2698 3817 2894 3887 quippe
2917 3819 3262 3888 qumstionem
3288 3836 3545 3879 sermone
3571 3824 3625 3879 in

2041 3907 2257 3977 longum
2289 3906 2608 3976 procedente
2633 3907 2936 3964 distulimus
2951 3950 2966 3974 ,
2990 3909 3258 3980 quomodo
3282 3921 3431 3968 recte
3451 3915 3629 3985 possit

2043 3998 2263 4068 intelligi
2289 3998 2428 4067 quod
2456 3999 2529 4052 ait
2557 3998 2606 4052 in
2636 3997 2872 4066 Epistols
2900 4012 2995 4053 sua
3024 3998 3210 4055 beatus
3227 3999 3484 4069 Joannes,
3512 4018 3622 4058 non

2040 4089 2295 4158 Baptista,
2323 4087 2418 4144 sed
2448 4087 2780 4158 Evangelista
2806 4106 2821 4144 :
2852 4086 3031 4143 Omnis
3057 4090 3263 4159 spiritus
3289 4094 3372 4162 qui
3404 4094 3623 4161 conlita,

2043 4192 2124 4236 tur
2147 4181 2325 4237 Iesum
2349 4180 2602 4236 Christum
2623 4181 2674 4234 in
2698 4197 2849 4234 conte
2877 4181 3083 4248 venisse,
3115 4197 3178 4237 ea:
3202 4181 3310 4237 Deo
3335 4193 3430 4238 est.
3463 4184 3625 4239 Vitio-

2040 4288 2160 4328 mus
2183 4272 2322 4331 enim
2354 4271 2543 4326 multas
2569 4272 2802 4326 haereses
2826 4273 3063 4327 conﬁteri
3089 4272 3358 4329 Christum
3386 4275 3439 4329 in
3459 4286 3635 4338 carne

1994 4376 1997 4377 '
2040 4362 2251 4418 venisse
2272 4402 2307 4431 ,,
2333 4370 2388 4416 et
2416 4370 2591 4416 tamen
2635 4376 2742 4417 non
2781 4375 2873 4416 eas
2898 4377 3177 4431 possumus
3205 4363 3385 4420 dicere
3412 4380 3478 4421 cx
3512 4367 3624 4431 Deo

2040 4468 2179 4509 esse.
2224 4453 2390 4523 Negat
2415 4452 2684 4508 Christum
2725 4453 2777 4508 in
2821 4467 2982 4509 carne
3022 4454 3233 4510 venisse
3274 4455 3620 4513 Maniclueus.

2039 4545 2155 4601 Non
2183 4554 2265 4600 cst
2285 4545 2656 4613 laborandum,
2677 4562 2851 4617 neque
2870 4546 3019 4602 vobis
3040 4546 3241 4602 diutius
3263 4548 3620 4615 suadendum,

2040 4637 2180 4710 quod
2211 4638 2310 4694 iste
2348 4653 2499 4695 error
2526 4654 2629 4694 non
2659 4639 2728 4693 sit
2755 4653 2823 4693 ex
2851 4639 2979 4694 Deo.
3006 4637 3113 4694 Sed
3138 4639 3364 4697 Arianns
3390 4642 3619 4706 coctile,

2043 4739 2130 4784 tur
2156 4729 2425 4785 Christum
2465 4727 2519 4783 in
2544 4743 2706 4784 carne
2739 4729 2991 4793 venisse,
3011 4728 3409 4799 Eunomianus,
3438 4731 3619 4793 Sabel-

2045 4820 2235 4887 lianus,
2258 4819 2624 4875 Photinianus.
2644 4818 2781 4888 Quid
2803 4818 3314 4877 istisconvineendis
3331 4822 3617 4891 quan-imus

1968 4961 1976 4969 .
2043 4909 2239 4966 testes?
2278 4909 2408 4979 Quis
2451 4916 2529 4964 tot
2572 4916 2817 4964 numerat
2858 4907 3074 4979 pestes?
3098 4908 3203 4965 Sed
3242 4911 3458 4967 interim
3501 4927 3617 4982 qua:

2040 5011 2165 5059 sunt
2203 5002 2406 5058 notiora
2437 5010 2743 5059 tractemus.
2784 5000 2961 5057 Multis
2993 5002 3188 5072 quippe
3214 5001 3451 5059 haereses
3478 5003 3616 5070 illa.

2047 5106 2180 5163 quas
2204 5090 2504 5157 nominavi,
2545 5091 2738 5162 ignota:
2779 5100 2935 5157 sunt,
2976 5100 3031 5147 et
3068 5101 3151 5146 est
3190 5093 3289 5149 ista
3320 5093 3614 5164 ignorantia

2040 5183 2220 5237 tutior.
2276 5181 2432 5238 Certe
2478 5180 2621 5252 quod
2670 5181 2956 5249 novimus,
3013 5182 3286 5238 Donatista
3331 5185 3615 5243 conﬁtetur

2038 5272 2307 5328 Christum
2335 5272 2391 5327 in
2417 5287 2577 5328 carne
2605 5272 2814 5328 venisse
2843 5288 2858 5328 :
2897 5281 2952 5331 et
2977 5281 3154 5329 tamen
3180 5272 3317 5328 absit
3342 5285 3401 5331 ut
3423 5276 3495 5329 sit
3528 5274 3614 5333 hic

2038 5382 2191 5422 error
2222 5380 2285 5421 ex
2327 5366 2458 5422 Deo.
2500 5365 2569 5422 Ut
2604 5363 2673 5420 de
2698 5365 3083 5422 recentioribus
3109 5366 3373 5422 luereticis
3398 5366 3607 5437 loquar,

2098 5526 2115 5543 '
2136 5507 2341 5587 ρυιιειωε
2375 5521 2433 5569 ad
2478 5526 2652 5570 omnes
2678 5527 2785 5570 Mss.
2810 5518 2922 5569 ωδ.
2947 5520 2994 5568 in
3043 5530 3270 5569 scrrmne
3316 5507 3605 5587 precedth

2037 5586 2181 5636 modo
2201 5584 2496 5645 designatos.

2101 5646 2173 5709 ((1)
2198 5640 2335 5709 Alias:
2356 5645 2419 5709 de
2438 5644 2608 5709 verbis
2625 5640 2833 5704 Λβοειοίί
2854 5642 2933 5690 δία
2974 5703 2984 5709 ,
3001 5701 3051 5709 _-
3208 5700 3216 5709 .

2101 5701 2171 5769 (li)
2186 5708 2301 5756 citat
2326 5704 2487 5754 Florus
2503 5705 2561 5755 ad
2586 5701 2711 5755 Rom.
2738 5719 2836 5764 VIII,
2856 5711 2906 5754 et
2928 5703 2985 5753 ad
3001 5701 3270 5764 [‘ltilipp.'tt.
