3886 6188
259 355 363 422 989
992 432 996 436 _
1159 431 1164 438 _

262 480 617 552 Pelagianlsta
639 477 921 534 conﬁtetur
942 470 1208 532 Christum
1235 475 1288 531 in
1310 491 1470 544 carne
1497 475 1702 528 venisse
1727 491 1739 525 :
1768 481 1844 524 ta-

263 587 384 628 men
412 571 632 624 omnino
659 585 768 625 non
800 576 884 624 est
911 567 995 621 hic
1017 582 1168 622 error
1189 581 1254 622 ex
1286 565 1415 621 Deo.

331 660 558 718 CAPUT
598 659 662 716 ll.
684 689 756 700 —
779 659 833 714 2.
869 657 1108 714 erett'ci
1141 658 1193 712 in
1217 657 1311 712 hoc
1337 657 1654 724 conveniunt,
1691 666 1744 710 ut
1766 673 1845 710 ne-

261 765 377 828 grnt
398 754 654 810 Christum
694 752 750 806 in
783 766 936 805 carne
977 751 1184 805 venisse.
1224 748 1475 816 Proinde,
1519 746 1841 814 charissimi,

261 846 544 918 diligenter
569 842 988 910 consideremus,
1019 841 1269 910 quoniam
1293 857 1395 896 non
1425 841 1727 896 dubitamus
1753 857 1844 896 ve-

260 953 374 995 rant
408 951 531 992 esse
552 934 892 1001 sententiam,
923 932 1098 989 Omms
1135 934 1340 1006 spiritus
1360 934 1726 1003 quieon/itetur
1765 932 1848 987 Je-

260 1046 372 1086 sum
394 1030 647 1086 Christum
667 1028 718 1083 in
742 1045 894 1083 carne
914 1027 1123 1092 venisse,
1148 1043 1209 1082 ex
1237 1026 1340 1081 Deo
1362 1037 1432 1081 est
1455 1043 1474 1081 :
1499 1026 1844 1082 convincendi

260 1135 382 1178 sunt
427 1119 514 1175 isti
553 1118 695 1189 quod
739 1134 845 1173 non
891 1119 1242 1173 conliteantur
1291 1117 1560 1195 Christum
1601 1117 1652 1172 in
1686 1133 1847 1172 carne

261 1213 492 1268 venisse.
535 1211 665 1286 Nam
709 1210 752 1265 si
778 1209 856 1265 eis
897 1210 1053 1264 istam
1097 1210 1518 1265 concesserimus
1559 1210 1849 1265 confessio-

259 1319 403 1368 nem,
451 1317 521 1357 ex
547 1301 659 1356 Deo
697 1300 818 1355 illos
845 1315 964 1356 esse
994 1299 1293 1354 fatebimur.
1322 1298 1601 1368 Quomodo
1645 1315 1739 1353 vos
1781 1298 1847 1354 ab

263 1410 447 1449 eorum
499 1393 768 1448 erroribus
820 1392 902 1446 vel
949 1392 1313 1462 prohibemus,
1367 1391 1446 1446 vel
1487 1391 1840 1455 deterremus,

263 1487 347 1541 vel
375 1483 629 1539 adversus
668 1497 763 1538 eos
803 1490 952 1537 scuto
980 1483 1217 1538 veritatis
1264 1481 1596 1537 defendimus
1622 1481 1646 1535 ?
1675 1479 1845 1550 Adju-

263 1586 350 1631 vet
397 1591 496 1630 nos
549 1574 822 1640 Dominus,
874 1575 995 1644 quia
1044 1583 1097 1628 et
1147 1581 1320 1629 vestra
1371 1575 1698 1644 esspectatio
1751 1591 1846 1643 pro

263 1670 418 1724 nobis
463 1669 632 1724 oratio
675 1675 776 1732 est,
806 1677 863 1722 ut
900 1665 1282 1722 cont-ineantur
1307 1667 1391 1721 isti
1421 1673 1674 1738 quianon
1719 1660 1847 1724 eon-

267 1745 482 1816 ﬁtentur
506 1760 774 1815 Christum
803 1759 855 1813 in
882 1774 1042 1814 carne
1067 1758 1295 1814 venisse.

333 1854 387 1906 5.
420 1853 661 1917 Arianus,
703 1850 954 1919 quonwdo
994 1859 1143 1921 negat
1185 1849 1440 1903 Christum
1481 1851 1532 1903 in
1569 1868 1721 1905 carne
1764 1867 1846 1905 ve-

265 1943 414 1998 nisse.
469 1943 696 1997 Arianus
748 1941 912 2004 audit,
962 1949 1016 1995 et
1069 1939 1319 2010 prmdieat
1371 1951 1577 2010 partum
1629 1941 1847 2010 virginis

264 2035 462 2088 Marizc.
496 2033 788 2088 Conﬁtetur
836 2047 963 2102 ergo
987 2031 1255 2087 Christum
1287 2032 1339 2085 in
1382 2047 1542 2088 carne
1582 2033 1794 2087 venisse
1822 2036 1844 2085 2’

266 2125 398 2180 Non.
433 2123 712 2192 Quomodo
762 2124 1046 2192 probamus
1075 2122 1098 2174 ?
1130 2122 1183 2178 Si
1228 2123 1440 2192 adjuvet
1484 2124 1736 2178 Dominus
1769 2124 1850 2176 in-

265 2216 586 2287 telligentias
631 2223 856 2278 vestras,
909 2213 1177 2268 facillime.
1223 2203 1362 2280 Quid.
1389 2224 1471 2269 est
1515 2215 1656 2285 quod
1681 2216 1846 2284 exigi-

263 2323 380 2362 mus
406 2310 431 2358 “!
461 2306 646 2362 Utrum
688 2305 1005 2360 conﬁteatur
1045 2305 1226 2361 Jesu’m
1271 2305 1540 2361 Christum
1588 2307 1639 2360 in
1685 2322 1849 2361 carne

260 2399 493 2454 venisse.
525 2397 804 2466 Quomodo
833 2397 1070 2452 conﬁteri
1117 2407 1309 2468 potest,
1355 2399 1407 2452 in
1445 2413 1607 2453 carne
1636 2399 1846 2454 venisse

258 2490 442 2546 Jcsum
471 2488 758 2553 Christum,
805 2489 896 2559 qni
937 2498 1092 2558 negat
1140 2488 1310 2558 ipsum
1351 2488 1674 2544 Christum?
1717 2490 1846 2559 Quis

259 2582 402 2635 enim
449 2589 531 2635 est
573 2579 869 2634 Christus?
908 2579 1126 2634 Beatum
1173 2579 1388 2635 Petrum
1438 2581 1846 2651 interrogemus.

259 2670 416 2726 Modo
440 2685 562 2726 cum
603 2669 945 2739 Evangelium
971 2669 1254 2740 legeretur,
1281 2669 1526 2738 audistis,
1557 2687 1676 2726 cum
1698 2688 1848 2742 qua:-

260 2763 420 2818 sisset
448 2761 704 2816 Dominus
731 2762 844 2832 ipse
872 2760 1028 2817 Jesus
1051 2761 1312 2827 Christus,
1343 2778 1503 2832 quem
1535 2763 1680 2817 illum
1700 2763 1848 2818 dice-

260 2862 384 2908 rent
430 2851 676 2908 homines
714 2852 904 2906 Filium
936 2851 1167 2907 hominis
1199 2868 1213 2917 ;
1244 2853 1635 2923 responderunt
1679 2853 1843 2907 disci-

260 2943 369 3013 puli
408 2943 689 3013 opiniones
739 2944 962 3010 alicnas,
1016 2952 1070 2998 ct
1113 2943 1403 2999 dixerunt:
1446 2943 1550 2997 Alii
1598 2942 1849 2999 Joannem

257 3033 545 3105 Baptistam
569 3075 584 3100 ,
627 3035 718 3088 alii
767 3034 971 3101 Eliam,
1022 3035 1113 3088 alii
1152 3033 1448 3102 Jeremiam,
1485 3045 1574 3088 aut
1603 3052 1761 3089 unum
1788 3053 1851 3092 ea.

261 3125 556 3196 Prophetis.
603 3127 702 3195 Qui
752 3126 866 3181 haec
910 3127 1296 3182 conﬁtebantur
1340 3127 1422 3182 vel
1483 3127 1804 3182 conﬁtentur
1830 3169 1845 3194 ,

260 3219 443 3276 Jesum
471 3219 738 3275 Christum
781 3219 902 3290 plus
929 3234 1086 3288 quam
1116 3218 1384 3274 hominem
1429 3234 1532 3274 non
1561 3229 1845 3274 noverunt.

259 3310 316 3365 Si
335 3319 513 3366 autem
549 3309 729 3365 Jesum
775 3308 1044 3364 Christum
1078 3309 1194 3379 plus
1219 3324 1374 3379 quam
1425 3308 1693 3365 hominem
1742 3327 1844 3366 non

261 3413 545 3468 noverunt,
589 3402 766 3458 Jesum
809 3400 1077 3456 Christum
1118 3402 1294 3468 utique
1337 3417 1442 3455 non
1481 3412 1760 3457 noverunt.
1790 3401 1848 3458 Si

260 3499 404 3552 enim
437 3493 802 3548 tantummodo
832 3494 991 3548 homo
1029 3503 1127 3557 est,
1161 3503 1215 3549 et
1265 3485 1395 3548 nihil
1442 3495 1691 3564 amplius,
1741 3511 1845 3549 non

263 3597 350 3642 est
379 3587 495 3656 ipse
535 3585 692 3641 Jesus
717 3586 977 3640 Christus.
1035 3584 1133 3638 Vos
1175 3601 1312 3655 ergo,
1353 3585 1542 3655 inquit,
1585 3601 1730 3654 quem
1773 3602 1854 3638 me

258 3695 370 3732 esse
418 3678 586 3730 dicitis
621 3677 646 3730 .’
681 3675 976 3744 Respondit
1016 3675 1233 3739 Petrus,
1272 3691 1406 3728 unus
1459 3690 1554 3744 pro
1581 3673 1848 3739 onmibus,

259 3770 385 3838 quia
437 3768 612 3822 unitas
656 3767 706 3820 iu
750 3766 994 3820 omnibus
1027 3784 1039 3819 :
1069 3765 1148 3818 Tu
1187 3782 1238 3818 es
1283 3763 1513 3819 Christus
1555 3764 1723 3819 Filius
1759 3764 1853 3819 Dei

259 3863 359 3916 viai
391 3860 613 3932 (Matth.
651 3877 759 3926 xw,
799 3857 1018 3929 15-16).

333 3949 562 4006 CAPUT
599 3949 682 4004 Ill.
713 3980 782 3989 --—
803 3950 855 4004 4.
887 3946 1031 4002 Idem
1051 3958 1292 4002 tractatur
1316 3958 1684 4019 argumentum.
1709 3948 1846 4003 Ecce

260 4041 436 4097 habes
478 4041 863 4096 confessionem
906 4055 1106 4103 veram,
1167 4039 1555 4094 confessionem
1612 4040 1842 4110 plenam.

259 4133 500 4204 Jungere
521 4132 661 4186 enim
689 4131 852 4186 debes
873 4139 1172 4201 utrumque,
1191 4130 1330 4200 quod
1353 4131 1418 4185 de
1439 4147 1496 4185 se
1519 4131 1782 4198 Christus,
1801 4139 1856 4186 et

261 4225 410 4296 quod
442 4224 508 4279 de
531 4223 748 4279 Christo
776 4225 985 4279 Petrus.
1016 4223 1150 4288 Quid
1179 4223 1245 4278 de
1268 4238 1326 4277 se
1363 4221 1605 4277 Christus
1625 4223 1650 4274 ?
1690 4224 1850 4290 Quem

261 4334 345 4371 me
366 4315 540 4368 dicunt
557 4316 781 4369 homines
798 4331 903 4370 esse
919 4313 966 4368 F
968 4314 1110 4368 ilium
1133 4313 1382 4368 hominis?
1399 4313 1533 4380 Quid
1555 4313 1622 4369 de
1635 4313 1850 4368 Christo

261 4404 512 4461 Petrus?
561 4403 637 4458 Tu
669 4421 721 4458 es
764 4403 992 4458 Christus
1049 4401 1213 4457 Filius
1263 4401 1360 4456 Dei
1407 4402 1522 4457 vivi.
1559 4402 1856 4474 Utrumque

260 4495 551 4565 mnjungc,
569 4505 622 4549 et
637 4495 779 4549 venit
796 4493 1040 4549 Christus
1063 4494 1115 4548 in
1132 4508 1309 4548 carne.
1331 4493 1442 4548 Hoc
1453 4494 1521 4550 de
1541 4509 1599 4550 se
1614 4493 1855 4551 Christus

261 4588 407 4656 quod
439 4587 614 4641 minus
652 4595 754 4652 est,
795 4586 982 4642 hocde
1007 4585 1218 4642 Christo
1261 4585 1449 4642 Petrus
1483 4588 1626 4658 quod
1684 4589 1855 4659 majus

263 4689 367 4732 est.
398 4678 693 4748 Respondit
729 4673 801 4734 de
825 4680 1043 4735 veritate
1071 4680 1356 4744 humilitas,
1382 4690 1436 4736 et
1456 4680 1522 4736 de
1556 4680 1854 4737 humilitate

263 4769 466 4824 veritas
492 4768 626 4823 :hoc
639 4769 804 4826 estde
833 4770 1054 4824 veritate
1076 4769 1171 4824 Dei
1191 4769 1483 4837 humilitas,
1502 4781 1554 4825 et
1569 4771 1856 4833 dehumili-

267 4867 377 4914 tate
394 4859 626 4914 hominis
651 4861 865 4914 veritas.
886 4859 1044 4927 Quem
1069 4876 1149 4913 me
1166 4859 1338 4912 dicunt
1366 4861 1591 4915 homines
1619 4877 1745 4928 esse,
1769 4863 1849 4918 in-

265 4949 401 5018 quit,
426 4948 474 5003 F
476 4951 619 5004 ilium
635 4951 852 5004 hominis
872 4952 897 5006 2
915 4951 1039 5005 Dico
1055 4967 1152 5021 ego
1165 4951 1307 5020 quod
1321 4951 1492 5007 factus
1505 4967 1620 5008 sum
1643 4965 1858 5025 propter

267 5055 362 5096 vos
377 5059 392 5095 :
405 5041 559 5096 dictu
573 5083 588 5107 ,
614 5041 790 5108 Petre,
814 5043 932 5112 quis
947 5050 1028 5097 est
1043 5042 1131 5112 qui
1153 5041 1281 5098 fecit
1295 5057 1408 5098 vos.
1427 5043 1526 5110 Qui
1543 5060 1670 5115 ergo
1689 5048 1855 5100 conti-

269 5137 411 5185 tetur
424 5129 608 5186 Jesnm
635 5131 904 5187 Christum
929 5132 980 5186 in
997 5146 1158 5188 carne
1177 5133 1410 5199 venisse,
1433 5134 1669 5210 profecto
1686 5137 1856 5191 conﬁ-

268 5229 407 5274 tetnr
425 5220 615 5274 Filium
641 5223 731 5277 Dei
755 5223 806 5275 itt
828 5237 987 5276 carne
1011 5223 1240 5278 venisse.
1273 5223 1420 5278 Dicat
1449 5241 1587 5280 nunc
1607 5226 1854 5292 Arianus,

269 5321 444 5367 utrum
489 5316 804 5369 conﬁteatur
831 5315 1098 5371 Christum
1146 5315 1199 5370 in
1241 5332 1402 5373 carne
1429 5319 1656 5374 venisse.
1681 5321 1737 5375 Si
1770 5320 1854 5374 Fi-

267 5397 396 5456 lium
446 5402 539 5457 Dei
568 5405 848 5459 conﬁtetur
886 5406 938 5460 in
976 5420 1136 5460 carne
1164 5408 1394 5471 venisse,
1435 5407 1702 5464 Christum
1729 5427 1856 5466 con-

267 5492 447 5548 ﬁtetur
465 5497 519 5548 in
540 5509 699 5549 carne
727 5495 953 5551 venisse.
982 5497 1034 5552 Si
1061 5496 1253 5552 Filium
1283 5499 1372 5552 Dei
1394 5500 1856 5569 ncgatChristum,

267 5586 444 5640 nescit
490 5585 756 5642 Christum
809 5605 824 5643 :
870 5589 1032 5643 alium
1081 5605 1178 5660 pro
1219 5590 1325 5645 alio
1351 5591 1494 5654 dicit,
1536 5608 1640 5648 non
1683 5595 1855 5664 ipsum

267 5675 416 5731 dicit.
443 5677 579 5745 Quid
612 5687 695 5734 est
730 5679 871 5734 enim
901 5678 1068 5735 Filius
1101 5681 1191 5736 Dei
1221 5679 1245 5734 ?
1288 5683 1567 5750 Quomodo
1587 5686 1859 5755 qua:reba-

272 5783 412 5837 ntus,
453 5769 578 5842 quid
621 5780 702 5827 est
738 5772 980 5828 Christus
1027 5789 1041 5838 ;
1085 5782 1138 5828 et
1179 5773 1543 5844 audiebamus,
1589 5777 1729 5846 quod
1785 5789 1851 5832 su

1603 342 1830 410 stimo
1865 325 2188 409 cuum.
2261 326 2278 338 ’

3431 347 3534 420 suo

1953 471 2116 526 Filius
2162 473 2249 526 Dei
2303 490 2316 525 :
2366 489 2698 543 qumramus,
2745 476 2868 540 quid
2899 486 2979 532 est
3020 469 3340 534 FiliusDc-i.
3401 484 3534 537 Eere

1953 565 2118 620 Filius
2148 565 2236 620 Dei
2271 583 2285 619 :
2313 563 2379 620 In
2409 568 2654 639 principio
2684 579 2791 623 erat
2841 568 3075 632 Verbum,
3103 583 3148 625 et
3196 572 3406 630 Verbum
3429 586 3538 628 erat

1949 655 2091 722 apud
2119 655 2314 723 Deum,
2355 667 2402 710 et
2428 656 2558 711 Deus
2593 667 2698 712 erat
2743 659 2957 715 Verbum
2989 679 3008 726 ;
3042 663 3135 716 hoc
3177 673 3282 717 erat
3309 665 3361 717 in
3393 667 3536 734 priu-

1949 747 2082 818 cipio
2097 749 2236 818 apud
2258 747 2442 802 Deum.
2480 748 2542 802 In
2565 752 2811 822 principio
2831 763 2935 807 erat
2956 752 3190 808 Verbum.
3218 755 3353 822 Quid
3383 756 3533 819 dicis,

1949 837 2192 896 Arione?
2221 838 2285 894 In
2318 841 2586 911 principio,
2629 842 2767 896 sicut
2806 843 2934 896 dicit
2963 843 3206 911 Genesis,
3238 845 3358 911 fecit
3400 845 3537 900 Deus

1949 933 2130 987 caelum
2179 941 2225 987 et
2285 944 2468 987 terram
2505 933 2668 1003 (Cen.
2714 951 2754 1002 ι,
2804 935 2856 1005 1)
2895 951 2908 1000 ;
2955 945 3008 988 tu
3047 946 3225 991 autem
3270 936 3424 1004 dicis,
3475 936 3532 992 In

1952 1025 2210 1104 principio
2239 1025 2358 1082 fecit
2384 1026 2522 1082 Deus
2551 1026 2802 1082 Verbum.
2835 1027 3052 1083 Factum
3079 1030 3217 1083 enim
3245 1030 3380 1085 dicis
3403 1031 3538 1085 Ver-

1952 1114 2116 1183 bum,
2148 1127 2444 1171 creaturam
2490 1117 2622 1172 dicis
2667 1117 2918 1172 Verbum.
2967 1117 3047 1172 Tu
3083 1135 3210 1189 ergo
3257 1119 3424 1187 dicis,
3480 1119 3534 1175 lu

1952 1206 2212 1278 principio
2247 1207 2370 1263 fecit
2397 1209 2538 1265 Deus
2563 1208 2795 1264 Verbum
2835 1227 2847 1264 :
2891 1210 2983 1266 sed
3016 1209 3349 1281 Evangelista
3383 1212 3533 1276 dicit,

1953 1298 2020 1354 1η
2069 1301 2318 1373 principio
2346 1313 2453 1355 erat
2486 1300 2722 1356 Verbum.
2756 1302 2818 1358 Et
2850 1304 2969 1358 ideo
3012 1304 3062 1358 in
3106 1304 3365 1374 principio
3412 1300 3539 1360 fecit

1955 1391 2098 1447 Deus
2151 1392 2343 1448 caelum
2383 1401 2435 1447 et
2477 1401 2670 1447 terram
2694 1435 2707 1457 ,
2752 1394 2872 1462 quia
2909 1404 3022 1447 erat
3054 1392 3305 1448 Verbum.
3351 1393 3537 1448 Omnia

1955 1499 2044 1553 per
2070 1483 2236 1554 ipsum
2265 1488 2402 1556 facta
2439 1495 2554 1537 sunt
2602 1483 2778 1555 (Joaa.
2809 1501 2854 1551 l,
2887 1486 3021 1556 1-5).
3055 1484 3274 1540 Factum
3303 1485 3453 1541 dicis.
3477 1484 3533 1542 Si

1956 1576 2148 1630 factum
2176 1575 2308 1630 dicis
2331 1618 2346 1640 ,
2367 1576 2555 1630 Filium
2589 1592 2769 1646 negas.

2024 1665 2248 1721 CAPUT
2289 1665 2533 1722 lV.—5.
2580 1665 2720 1720 Idem
2763 1676 3006 1721 tractatur
3047 1677 3394 1738 argumentum
3446 1667 3536 1723 Fi-

1959 1761 2085 1814 lium
2139 1760 2279 1814 enim
2325 1759 2612 1828 quzerimus
2660 1769 2880 1825 natura,
2930 1775 3033 1812 non
3079 1761 3289 1829 gratia;
3345 1759 3536 1813 Filium

1957 1854 2168 1908 unicum
2189 1894 2204 1920 ,
2237 1852 2563 1920 unigenitum
2589 1893 2603 1916 ,
2637 1867 2738 1903 non
2783 1851 3107 1918 ad0ptatum.
3138 1847 3317 1904 Talem
3347 1847 3535 1903 Filium

1954 1943 2261 2014 quau-imus,
2291 1951 2396 1995 tam
2428 1955 2612 1995 verum
2652 1937 2842 1994 Filium
2873 1939 3178 2010 quaerimus,
3220 1941 3304 2010 qui
3341 1957 3452 1993 eum
3487 1940 3538 1993 in

1955 2037 2119 2105 forma
2151 2033 2243 2087 Dei
2272 2043 2424 2099 esset,
2454 2030 2692 2102 Apostoli
2724 2030 2883 2084 verba
2928 2040 3081 2090 sunt,
3125 2040 3340 2099 propter
3380 2031 3540 2086 rudes

1954 2140 2336 2189 commemoro,
2388 2138 2455 2177 ne
2503 2138 2620 2178 mea
2652 2122 2812 2176 verba
2846 2128 3132 2190 putentur:
3164 2121 3306 2174 illum
3346 2120 3536 2174 Filium

1953 2219 2259 2287 quaerimus,
2304 2217 2388 2285 qui
2433 2229 2546 2267 cum
2591 2215 2643 2266 in
2683 2215 2847 2285 [arma
2899 2211 2991 2265 Dei
3036 2221 3180 2276 esset,
3227 2211 3365 2266 sicut
3409 2211 3541 2267 dicit

1952 2308 2260 2378 Apostolus,
2315 2320 2416 2359 non
2465 2304 2698 2373 rapinam
2743 2303 3014 2356 arbitratus
3059 2310 3132 2355 est
3178 2317 3284 2356 esse
3327 2302 3537 2372 arguatis

1954 2399 2082 2452 Deo.
2129 2397 2243 2453 Non
2286 2394 2492 2465 rapina,
2525 2393 2644 2463 quia
2687 2399 2892 2446 natura.
2934 2390 3129 2445 Natura
3160 2400 3294 2458 erat,
3352 2392 3538 2462 rapina

1954 2505 2058 2544 non
2099 2497 2232 2544 crat.
2280 2485 2402 2540 Non
2442 2485 2676 2554 rapinam
2725 2483 2996 2537 arbitratus
3036 2492 3108 2537 est
3167 2499 3274 2537 esse
3327 2483 3538 2554 (equalis

1952 2579 2082 2635 Deo.
2129 2577 2245 2634 Non
2293 2583 2410 2632 erat
2453 2574 2500 2630 ei
2531 2573 2735 2644 rapina,
2766 2579 2953 2626 natura
2997 2581 3113 2626 erat
3145 2589 3158 2624 :
3190 2572 3268 2627 sic
3311 2582 3424 2627 erat
3468 2589 3536 2629 ex

1953 2670 2282 2735 aeternitate,
2332 2667 2410 2722 sic
2463 2672 2581 2721 erat
2624 2672 2923 2719 coaeternus
2975 2661 3250 2732 gignenti,
3301 2662 3379 2718 sic
3425 2674 3542 2719 erat

1952 2760 2169 2830 aequalis
2215 2757 2377 2824 Patri,
2425 2756 2504 2811 sic
2545 2763 2678 2810 erat.
2722 2753 3059 2822 Semetipsum
3091 2752 3366 2836 exinaniri:
3413 2767 3432 2806 :
3478 2764 3539 2808 ttt

1953 2851 2302 2908 conﬁteamur
2321 2849 2500 2905 Jesum
2517 2847 2785 2903 Christum
2823 2845 2874 2899 in
2903 2860 3064 2900 carne
3088 2844 3318 2900 venisse.
3340 2844 3541 2900 Semel-

1952 2943 2116 3013 ipsum
2155 2941 2447 2996 exinanivit.
2478 2936 2807 3006 Quomodo?
2861 2934 3166 2990 Amitteudo
3208 2935 3350 3006 quod
3399 2947 3537 3003 erat,

1952 3055 2022 3094 an
2063 3036 2383 3094 assumendo
2422 3033 2562 3108 quod
2585 3049 2689 3090 non
2719 3035 2879 3089 erat?
2919 3033 3184 3104 Sequatur
3208 3033 3539 3102 Apostolus;

1953 3131 2228 3187 audiamus
2262 3150 2274 3186 :
2305 3129 2642 3201 Semetipsum
2670 3127 2963 3193 exinanivit,
2998 3127 3216 3195 formam
3245 3125 3373 3179 servi
3400 3125 3538 3178 acci-

1955 3223 2094 3292 piens
2116 3219 2385 3292 (Philipp.
2418 3237 2485 3286 n,
2519 3219 2573 3284 6,
2607 3217 2701 3290 7).
2734 3216 2823 3274 Sic
2853 3233 2911 3273 se
2942 3216 3234 3273 exinanivit
3256 3257 3271 3282 ,
3316 3214 3541 3270 formam

1955 3313 2096 3367 servi
2133 3313 2432 3382 accipiens,
2475 3327 2582 3365 non
2621 3311 2843 3364 formant
2898 3309 2993 3364 Dei
3033 3308 3305 3362 amittens.
3350 3305 3542 3360 Forma

1956 3406 2094 3459 servi
2126 3403 2365 3466 accessit,
2401 3419 2505 3456 non
2537 3401 2703 3455 forma
2737 3401 2828 3455 Dei
2867 3399 3132 3454 discessit.
3167 3397 3279 3452 Hoc
3308 3407 3388 3450 est
3415 3412 3543 3451 con-

1957 3495 2095 3549 literi
2143 3494 2410 3547 Christum
2444 3493 2494 3546 in
2522 3507 2683 3546 carne
2721 3490 2952 3546 venisse.
2982 3490 3210 3543 Arianus
3241 3495 3420 3540 autem
3453 3487 3544 3556 qui

1956 3605 2061 3644 non
2098 3587 2380 3641 conlitetur
2419 3585 2672 3655 aequalem
2695 3625 2710 3648 ,
2757 3599 2861 3638 non
2893 3582 3183 3637 conﬁtetur
3224 3579 3437 3633 Filium.
3486 3579 3542 3633 Si

1957 3694 2062 3732 non
2089 3675 2370 3731 conﬁtetur
2397 3674 2612 3739 Filium,
2645 3690 2751 3728 non
2782 3672 3068 3728 conﬁtetur
3101 3671 3389 3725 Christum.
3434 3668 3538 3735 Qui

1957 3787 2064 3824 non
2105 3767 2384 3823 conﬁtetur
2431 3767 2722 3833 Christum,
2765 3766 3033 3835 quomodo
3075 3765 3357 3821 conﬁtetur
3382 3761 3536 3818 Chri-

1958 3872 2097 3916 stum
2131 3862 2181 3914 in
2213 3876 2372 3915 carne
2397 3860 2607 3914 venisse
2631 3859 2656 3912 ?

2027 3951 2252 4008 CAPUT
2295 3950 2511 4006 V.—-6.
2553 3949 2928 4004 Eunomianus.
2960 3948 3048 4004 Sic
3079 3957 3131 4001 et
3181 3947 3544 4001 Eunomianus

1958 4059 2054 4114 par
2079 4044 2216 4113 ejus,
2245 4041 2421 4096 socius
2449 4041 2596 4111 ejus,
2628 4057 2733 4095 non
2775 4041 2998 4094 multant
3038 4038 3299 4093 diversus.
3333 4037 3544 4091 Etenim

1959 4137 2210 4190 dicuntur
2250 4134 2430 4188 Ariani
2472 4131 2702 4188 confessi
2749 4130 2913 4186 fuisse
2951 4130 3074 4201 quia
3112 4130 3196 4184 vel
3237 4128 3426 4183 similis
3465 4137 3549 4182 est

1959 4227 2102 4282 Patri
2130 4227 2296 4281 Filius
2328 4243 2342 4290 ;
2385 4235 2439 4280 et
2466 4226 2510 4279 si
2542 4241 2646 4278 non
2673 4224 2890 4295 aaqualis
2921 4224 3189 4288 dixerunt,
3215 4223 3307 4279 sed
3332 4221 3544 4284 similis,

1960 4320 2069 4386 Ille,
2119 4335 2216 4376 nec
2254 4318 2462 4374 similis.
2517 4317 2582 4372 Et
2623 4318 2721 4372 iste
2773 4332 2899 4387 ergo
2949 4325 3106 4387 negat
3155 4314 3443 4369 Christum.
3490 4312 3547 4368 Si

1961 4411 2103 4465 enim
2145 4410 2391 4465 Christus
2434 4423 2594 4464 verus
2649 4407 2790 4463 Patri
2837 4408 3055 4478 aqualis
3105 4414 3186 4461 est
3227 4413 3283 4461 et
3325 4403 3545 4468 similis,

1961 4501 2200 4572 profecto
2242 4503 2330 4572 qui
2374 4510 2528 4572 negat
2577 4501 2860 4569 aequalem,
2910 4507 3068 4571 negat
3112 4498 3425 4561 Christum;
3456 4496 3546 4566 qiti

1961 4600 2118 4662 negat
2141 4592 2388 4656 similem,
2415 4601 2570 4661 negat
2599 4589 2888 4645 Christum.
2917 4590 3016 4659 Qui
3041 4603 3168 4659 ergo
3191 4596 3345 4658 negat
3371 4601 3552 4655 (equa-

1961 4684 2062 4738 lem
2111 4695 2166 4739 et
2209 4683 2462 4748 similem,
2507 4691 2665 4753 negat
2705 4683 2757 4738 in
2801 4698 2962 4737 carne
3007 4681 3216 4736 venisse
3253 4678 3546 4733 Christum.

1960 4778 2153 4843 Quer
2180 4775 2324 4832 enim
2353 4795 2368 4831 :
2399 4775 2557 4832 Venit
2605 4776 2655 4830 in
2695 4789 2856 4829 carne
2882 4773 3122 4828 Christus
3148 4771 3174 4824 ?
3201 4767 3509 4838 Respondet
3533 4785 3548 4821 :

1963 4869 2140 4925 Venit.
2171 4868 2238 4924 Et
2276 4878 2523 4938 putamus
2549 4869 2672 4938 quia
2720 4865 3022 4920 conﬁtetur.
3075 4863 3350 4932 Interrogo
3379 4879 3394 4914 :
3421 4857 3552 4925 Quis

1960 4959 2202 5016 Christus
2228 4960 2372 5014 venit
2406 4957 2458 5011 in
2498 4955 2705 5010 carne?
2731 4954 2949 5024 aequalis
3001 4952 3174 5017 Patri,
3218 4965 3286 5004 an
3317 4950 3552 5017 intequa-

1963 5050 2029 5105 lis
2061 5051 2086 5104 ?
2123 5047 2431 5117 Respondet
2475 5063 2490 5100 :
2525 5045 2825 5115 luasqualis.
2872 5043 3188 5113 Inaequalem
3233 5054 3361 5111 ergo
3408 5036 3548 5092 Patri

1962 5141 2097 5196 dicis
2123 5139 2331 5193 venisse.
2351 5139 2404 5192 in
2432 5151 2592 5191 carne
2619 5153 2634 5191 :
2673 5150 2840 5208 negas
2861 5133 3129 5190 Christnnt
3168 5134 3218 5188 in
3248 5147 3412 5187 carne
3458 5146 3571 5185 ve-.

1966 5232 2130 5292 nisse,
2163 5229 2284 5300 quia
2311 5228 2554 5283 Christus
2583 5227 2802 5296 :equalis
2831 5235 2914 5282 est
2942 5225 3104 5280 Patri.

2038 5321 2089 5374 7'.
2131 5318 2470 5373 Sabellianus.
2499 5317 2857 5373 Sabellianum
2899 5316 3044 5371 audi.
3087 5314 3203 5385 Ipse
3241 5321 3324 5369 est
3360 5312 3548 5380 Filius,

1963 5410 2050 5480 qui
2082 5418 2163 5463 est
2187 5417 2242 5463 et
2267 5407 2443 5462 Pater.
2474 5407 2586 5462 Hoc
2605 5407 2749 5471 dicit,
2781 5406 2904 5460 hinc
2935 5405 3136 5475 pungit,
3173 5403 3296 5458 hinc
3339 5418 3544 5456 venena

1964 5500 2226 5556 diﬂ'undit.
2275 5498 2390 5569 Ipse
2428 5509 2530 5566 est,
2579 5499 2765 5568 inquit,
2799 5497 2972 5552 Pater.
3020 5495 3244 5562 Quando
3289 5495 3422 5559 vult,
3454 5493 3547 5548 Fi-

1967 5593 2068 5646 lius
2096 5601 2178 5647 est
2207 5608 2222 5645 :
2253 5589 2466 5661 quando
2496 5590 2624 5651 vult,
2670 5589 2823 5642 Pater
2847 5599 2948 5643 est.
2978 5588 3091 5642 Non
3125 5597 3208 5643 est
3256 5587 3366 5655 ipse
3389 5583 3545 5639 Chri-

1971 5693 2102 5738 stus.
2137 5684 2204 5737 Et
2243 5695 2300 5736 tu
2335 5698 2505 5742 erras.
2553 5684 2596 5735 si
2635 5681 2774 5736 [tunc
2804 5681 3069 5736 Christum
3097 5680 3228 5735 dicis
3281 5680 3331 5733 in
3379 5694 3541 5735 carne

1970 5777 2176 5832 venisse
2250 5777 2371 5848 quia
2401 5777 2499 5831 iste
2522 5775 2763 5833 Christus
2804 5792 2907 5830 non
2934 5783 3014 5831 est
3037 5817 3050 5842 ,
3085 5787 3243 5846 negas
3274 5772 3545 5827 Christum
