3886 6188
430 415 484 466 in
510 427 673 469 carne
697 411 924 468 venisse.

502 505 555 559 8.
594 503 865 560 Photinus.
892 502 1027 570 Quid
1072 502 1206 559 dicis
1228 545 1244 572 ,
1291 502 1513 559 Pltotinc
1540 503 1564 556 ’ἓ
1592 502 1679 558 Ait
1715 501 2015 558 Photinus:

430 595 673 651 Christus
715 595 887 650 solum
928 594 1089 651 homo
1139 606 1240 660 est,
1295 596 1431 651 Deus
1480 610 1585 651 non
1622 606 1726 650 est.
1768 592 2016 649 Formam

429 688 574 744 servi
614 688 906 754 conliteris,
951 686 1173 744 formam
1220 688 1314 744 Dei
1346 703 1527 758 negas.
1574 684 1915 757 Equristus
1959 684 2016 739 in

433 779 600 835 forma
632 780 723 836 Dei
754 780 972 850 atqualis
1000 790 1082 836 est
1120 781 1283 847 Patri,
1315 780 1368 834 in
1408 779 1576 834 forma
1604 778 1743 834 servi
1791 790 2015 834 consors

431 879 515 923 est
543 870 714 924 nobis.
742 870 811 926 Et
840 880 896 926 ιιι
925 887 1084 942 negas
1109 872 1377 927 Christum
1409 872 1459 925 in
1488 886 1648 927 carne
1683 869 1921 927 venisse.

503 958 556 1015 9.
612 960 896 1017 Danaista.
943 963 1214 1018 Donatista
1256 962 1427 1034 quid?
1463 962 1754 1017 Donatistze
1799 960 2013 1031 plurimi

432 1050 536 1107 hoc
563 1054 884 1109 conﬁtentur
909 1054 978 1111 de
1010 1055 1148 1111 Filio
1188 1055 1330 1126 quod
1371 1071 1488 1119 nos,
1517 1054 1657 1126 quod
1695 1054 1917 1124 temtalis
1945 1053 2016 1109 sit

434 1142 575 1197 Patri
628 1142 853 1215 Filius,
896 1145 1242 1219 ejusdemque
1297 1146 1605 1202 substantiae
1656 1163 1672 1201 :
1731 1146 1822 1200 alii
1888 1161 2016 1201 vero

430 1248 640 1299 eorum.
682 1236 921 1307 ejusdem
950 1237 1161 1307 quidem
1188 1237 1498 1293 substantia:
1520 1237 1872 1301 conﬁtentur,
1918 1238 2016 1293 sed

432 1328 688 1397 aequalem
715 1338 928 1399 negant.
959 1331 1093 1399 Quid
1118 1345 1253 1400 opus
1277 1338 1358 1386 est
1394 1329 1667 1400 disputare
1686 1330 1772 1409 ,αθ
1801 1331 1885 1385 his
1920 1333 2012 1401 qui

429 1427 628 1490 negant
668 1422 926 1493 tequalem
954 1422 978 1477 ἲ
1006 1422 1064 1478 Si
1094 1422 1233 1477 enim
1272 1431 1462 1493 negant
1497 1422 1777 1493 aequalem,
1821 1432 2017 1494 negant

436 1507 649 1564 Filium.
694 1511 750 1567 Si
788 1521 985 1582 negant
1012 1512 1224 1579 Filium,
1274 1521 1466 1580 negant
1507 1510 1797 1568 Christum.
1828 1511 1884 1570 Si
1925 1529 2020 1568 ne—

434 1609 561 1668 gant
584 1600 872 1664 Christum,
906 1602 1172 1674 quomodo
1199 1602 1516 1657 conlitentur
1542 1603 1592 1657 in
1618 1619 1779 1660 carne
1802 1605 2018 1661 venisse

431 1688 705 1747 Christum
718 1692 742 1746 ‘l

382 1762 401 1780 ⁸
505 1779 729 1838 CAPUT
756 1783 842 1838 Vl.
864 1814 931 1824 -
952 1784 1033 1840 l0.
1068 1783 1216 1838 Idem
1243 1796 1492 1839 tractatur
1526 1798 1895 1858 argumentum.
1939 1789 2014 1844 De

433 1870 541 1925 illis
581 1872 827 1929 subtilior
876 1874 1163 1944 disputatio
1212 1885 1328 1943 est,
1385 1878 1474 1947 qui
1529 1878 1630 1933 hoc
1689 1878 2013 1935 conﬁtentur

432 1959 575 2030 quod
599 1976 715 2027 nos,
744 1962 1069 2033 unigenitum
1090 1965 1280 2020 Filium
1302 1968 1558 2038 :equalem
1586 1969 1750 2038 Patri,
1772 1970 2015 2040 ejusdem

431 2053 763 2122 substantiae,
805 2065 1007 2111 mterno
1040 2067 1363 2114 emeternum
1397 2076 1412 2120 ;
1440 2071 1494 2115 et
1525 2059 1699 2116 tamen
1732 2063 2018 2119 Donatista:

430 2156 573 2201 sunt.
608 2148 851 2205 Dicamus
887 2151 965 2206 eis
1001 2169 1015 2206 :
1060 2151 1251 2207 Verbis
1296 2153 1642 2221 confitemini,
1670 2154 1825 2211 factis
1852 2171 2015 2226 nega-

433 2237 525 2292 tis.
553 2237 760 2310 Aliquis
786 2240 929 2296 enim
967 2251 1121 2313 negat
1147 2241 1323 2298 factis.
1362 2243 1480 2300 Non
1508 2246 1682 2300 omnis
1706 2247 1794 2317 qui
1826 2255 2015 2318 negat,

432 2330 598 2386 verbo
626 2339 803 2403 negat.
832 2331 995 2389 Plane
1032 2342 1156 2389 sunt
1179 2332 1430 2391 homines
1474 2337 1563 2404 qui
1600 2336 1754 2393 factis
1796 2346 2013 2409 negant.

432 2416 827 2488 interrogemus
872 2422 1186 2491 Apostoltttn
1245 2442 1260 2477 :
1320 2423 1505 2480 Omnia
1557 2427 1759 2496 inquit,
1828 2429 2019 2483 manda

428 2511 635 2568 mundis
663 2525 681 2572 ,'
720 2511 993 2565 immundis
1031 2521 1198 2567 autent
1228 2523 1275 2593 et
1298 2514 1585 2583 inﬁdelibus
1617 2516 1747 2570 nihil
1766 2526 1840 2572 est
1865 2535 2016 2572 mun-

431 2610 575 2676 dum,
598 2610 690 2664 sed
726 2602 937 2680 polluite
970 2612 1084 2656 sunt
1129 2618 1302 2657 eorum
1341 2614 1386 2658 et
1423 2620 1562 2659 mens
1609 2616 1656 2659 et
1692 2607 2014 2665 conscientia.

427 2696 743 2765 Conﬁtentur
778 2701 913 2753 enim
938 2697 1104 2752 Deum
1138 2709 1193 2753 se
1219 2709 1397 2764 nosse.
1430 2694 1580 2769 factis
1620 2705 1793 2751 autem
1830 2709 2015 2769 negant

432 2787 580 2863 (Tit.
619 2806 655 2857 ι,
688 2790 776 2854 15,
802 2790 866 2844 l6
892 2794 932 2860 ).
954 2789 1091 2858 Quid
1119 2800 1220 2855 εει,
1251 2805 1444 2861 negare
1470 2790 1624 2846 factis
1652 2786 1678 2844 ἳ
1702 2787 2013 2863 Superbire,

428 2893 486 2939 et
505 2884 790 2940 schismata
829 2883 1007 2940 facere
1034 2901 1051 2945 ς
1081 2899 1185 2939 non
1213 2885 1265 2940 in
1296 2885 1425 2944 Deo,
1455 2884 1548 2940 scd
1579 2886 1633 2941 in
1662 2886 1874 2941 homine
1898 2885 2005 2956 glo-

429 2975 576 3031 riari.
628 2975 705 3032 Ita
757 2977 907 3037 lactis
946 2985 1169 3047 negatur
1209 2972 1499 3033 Christus:
1531 2977 1785 3033 unitatem
1814 2979 2007 3049 quippe

429 3076 574 3121 autat
597 3067 862 3122 Christus.
890 3067 1169 3122 Postremo
1194 3067 1614 3137 eccequomodo
1640 3077 1694 3123 et
1723 3067 1819 3138 ipsi
1858 3068 2015 3124 Chri-

428 3168 570 3214 stum
593 3167 806 3231 negant,
834 3169 892 3213 ut
919 3161 1157 3229 apertius
1182 3161 1478 3229 loquamur.
1506 3159 1612 3214 Nos
1635 3174 1757 3215 eum
1791 3160 2018 3215 dicimus

429 3247 724 3316 Christum,
770 3249 837 3305 de
864 3264 972 3320 quo
1014 3250 1089 3304 ait
1112 3249 1344 3305 Joannes
1392 3250 1622 3319 Baptista
1665 3268 1678 3304 :
1722 3250 1822 3315 Qui
1874 3252 2019 3307 habet

428 3357 691 3411 sponsam,
710 3358 926 3412 sponsus
936 3353 1007 3396 est
1027 3341 1205 3413 (Joan.
1234 3357 1309 3407 ttt,
1337 3341 1450 3414 29).
1472 3343 1673 3398 Bonttm
1690 3344 2016 3414 coujngiutn,

428 3441 634 3491 sanctae
680 3432 898 3504 nupthe.
944 3432 1183 3505 Sponsus
1205 3433 1470 3501 Christus,
1517 3450 1711 3504 sponsa
1756 3434 2014 3490 Ecclesia.

429 3524 514 3581 Ab
554 3539 751 3596 sponso
778 3526 1151 3597 cognoscimus
1190 3539 1461 3594 sponsam.
1505 3525 1658 3580 Dicat
1709 3526 1862 3580 nobis
1905 3526 2018 3596 ipse

428 3632 658 3688 sponsus
697 3658 713 3683 ,
744 3633 903 3688 quam
934 3602 1093 3674 habet
1118 3632 1368 3686 sponsam
1414 3634 1428 3671 :
1467 3616 1628 3684 dicat,
1674 3634 1740 3672 ne
1770 3617 2012 3673 fortassis

422 3723 705 3774 erremus,
746 3718 802 3765 et
838 3709 1043 3765 invitati
1089 3708 1156 3766 ad
1194 3709 1406 3779 nuptias
1454 3717 1633 3764 sancta
1664 3719 1781 3763 vota
1830 3709 2016 3765 turbe-

402 3819 550 3861 smus
597 3820 613 3858 :
650 3802 813 3869 dicat,
857 3801 1104 3858 ostendat
1137 3802 1313 3874 primo
1353 3815 1412 3857 se
1453 3801 1624 3874 ipsum
1666 3816 1943 3873 sponsum.

498 3893 729 3951 CAPUT
780 3893 1081 3950 Vll.—-ll.
1138 3892 1283 3949 Idem
1341 3902 1586 3948 tractatur
1638 3903 2008 3965 argumentum.

428 3986 558 4043 Post
600 3985 1046 4043 resurrectionem
1089 3985 1164 4040 ait
1205 3984 1480 4054 discipulis
1521 3984 1635 4039 suis
1672 4001 1687 4039 :
1732 3982 1850 4039 Non
1890 3986 2019 4041 scie-

427 4079 558 4142 Oatis
594 4080 713 4150 quia
751 4079 1010 4151 oportebat
1034 4079 1231 4149 implert
1258 4078 1428 4132 omnia
1460 4092 1573 4148 qua:
1604 4078 1793 4146 scripta
1820 4087 1937 4132 sunt
1962 4078 2016 4132 in

427 4174 538 4244 lege
578 4171 750 4244 Moysi
790 4181 838 4227 et
879 4170 1174 4244 Prophetis,
1218 4181 1267 4230 et
1302 4168 1523 4225 Psalmis
1568 4169 1631 4224 de
1662 4186 1743 4225 me
1783 4170 1809 4225 γ
1849 4167 2014 4235 Tunc,

439 4263 765 4335 Evangelista
799 4264 1040 4337 sequitur
1076 4272 1147 4325 et,
1172 4263 1321 4328 dicit,
1353 4262 1498 4316 Tunc
1538 4263 1735 4332 aperuit
1766 4263 1868 4317 illis
1901 4279 2018 4319 sett-

424 4370 562 4420 sum,
583 4365 635 4410 ut
664 4355 995 4425 intelligerent
1022 4353 1345 4425 Scripturas,
1381 4363 1427 4408 et
1454 4354 1584 4407 dixit
1605 4355 1676 4410 eis
1706 4370 1724 4408 :
1762 4353 1895 4421 Quia
1943 4355 2016 4409 sic

424 4447 687 4514 oportebat
726 4444 979 4501 Christum
1015 4445 1154 4513 pati,
1199 4454 1244 4499 et
1279 4460 1537 4514 resurgere
1560 4461 1590 4496 a
1625 4445 1832 4499 mortuis
1871 4446 2015 4500 tertio

426 4538 529 4597 die.
566 4538 704 4592 Ecce
747 4550 995 4606 Sponsus,
1029 4550 1187 4605 quem
1227 4532 1504 4589 confessus
1541 4542 1623 4589 est
1660 4535 1868 4599 Petrus,
1911 4535 2014 4591 hoc

425 4638 512 4687 est
535 4629 728 4686 Filium
761 4628 853 4684 Dei
882 4628 1007 4685 vivi.
1037 4627 1315 4697 Oportebat
1349 4634 1409 4681 ut
1434 4634 1702 4696 pateretur
1722 4671 1737 4694 ,
1774 4637 1827 4685 et
1854 4627 2013 4684 tertio

426 4722 514 4777 die
555 4724 879 4789 resurgeret.
908 4717 978 4772 Et
1003 4716 1195 4771 factum
1235 4724 1351 4772 erat
1384 4733 1398 4769 :
1427 4716 1701 4785 impletum
1730 4716 2010 4776 videbant.

398 4819 588 4883 caput
612 4810 879 4873 tenebant,
914 4822 1113 4878 corpus
1163 4808 1488 4880 qumrebaut.
1522 4808 1672 4875 Quod
1696 4819 1778 4866 est
1802 4810 2013 4881 caput?

429 4905 551 4976 Ipse
596 4902 888 4959 Christus:
920 4916 1107 4972 passus
1154 4910 1280 4968 est,
1338 4901 1495 4957 tertio
1542 4900 1628 4958 die
1672 4904 1958 4959 resurrexit
1996 4920 2009 4957 :

426 5003 587 5066 caput
612 5003 693 5050 est
722 4993 990 5050 Ecclesiae.
1021 4992 1228 5065 Corpus
1252 4992 1392 5065 quod
1430 5001 1513 5050 est
1538 4992 1562 5046 ’ἔ
1599 4991 1714 5064 Ipsa
1756 4994 2009 5050 Ecclesia.

433 5088 695 5143 Videbunt
737 5102 864 5156 ergo
902 5087 1147 5157 discipuli
1187 5094 1366 5155 caput,
1391 5103 1587 5155 corpus
1613 5105 1716 5144 non
1744 5088 2010 5145 videbant.

429 5180 570 5251 Ergo
610 5194 703 5235 eos
732 5194 927 5249 corpus
968 5194 1075 5234 non
1103 5177 1377 5241 videntes,
1432 5181 1620 5235 doceat
1665 5190 1842 5252 caput.
1884 5182 2010 5244 Dic,

429 5271 650 5326 Domine
694 5268 822 5325 Jesu
866 5267 1020 5335 ;dic,
1061 5276 1246 5324 sancte
1281 5283 1497 5339 sponse,
1554 5271 1756 5327 instrue
1796 5286 1892 5326 nos
1938 5271 2007 5328 de

426 5375 651 5430 corpore
673 5370 784 5425 tuo,
831 5360 899 5416 de
926 5374 1122 5429 sponsa
1154 5368 1264 5428 tua,
1307 5359 1376 5416 de
1423 5359 1612 5417 dilecta
1655 5373 1762 5429 tua,
1814 5364 1882 5418 de
1920 5379 2011 5417 co-

428 5450 602 5505 lumba
636 5462 743 5515 tua,
781 5465 940 5521 quam
983 5449 1177 5505 dotasti
1206 5450 1463 5521 sanguine
1493 5460 1603 5515 tuo.
1642 5452 1767 5509 die:
1799 5455 2014 5524 Oporte-

429 5540 512 5594 bat
554 5540 809 5597 Clu-istum
849 5540 977 5613 pati,
1024 5549 1072 5595 et
1116 5556 1376 5612 resurgere
1411 5557 1442 5594 a
1472 5543 1682 5598 mortuis
1724 5544 1867 5598 tertio
1908 5544 2008 5597 die.

431 5628 572 5687 Ecce
596 5647 823 5703 sponsus
860 5649 875 5688 :
905 5632 991 5688 die
1017 5631 1085 5687 de
1125 5647 1342 5702 sponsa,
1393 5633 1556 5705 imple
1586 5634 1792 5705 tabulas
1826 5637 2011 5691 matri-

435 5724 712 5782 tnonisles.
740 5725 932 5781 Audite
956 5738 1207 5795 sponsam
1242 5745 1256 5781 :
1291 5724 1351 5781 Et
1373 5728 1659 5798 pradicari,
1684 5728 1871 5798 inquit.
1903 5728 2013 5785 Hoc

2770 240 2799 253 ρ

1666 298 1728 358 s.
1766 291 2131 357 AUGUSTINl
2167 291 2467 352 EPISCOPI
2747 286 2750 291 λ
3555 308 3646 368 ,9,

2124 409 2266 464 enim
2294 406 2558 479 sequitur.
2588 404 2863 477 Oportebat
2898 406 3168 467 Christum
3204 420 3323 486 pati,
3356 425 3402 473 et
3432 435 3645 495 resurgere

2122 517 2155 553 a
2189 501 2400 554 mortuis
2438 498 2582 554 tertio
2610 497 2693 554 die
2710 541 2726 566 ,
2767 509 2815 554 et
2859 500 3138 571 praedicari
3162 503 3412 562 mnumine
3431 511 3526 579 ejus
3548 531 3634 581 pa-

2122 592 2381 647 nitentiam
2409 602 2455 647 et
2472 591 2813 647 remissionem
2852 604 3167 663 peccatorum
3186 613 3270 666 per
3292 613 3445 655 omnes
3477 614 3634 672 gentes.

2123 680 2225 739 Ubi
2247 692 2307 738 te
2335 682 2616 738 abscondis
2644 682 2668 737 ?
2699 682 2798 738 Per
2830 701 3002 739 omnes
3025 696 3190 758 gentes
3208 729 3223 754 ,
3252 688 3564 761 incipientibus
3586 697 3636 749 at

2122 775 2410 830 Jerusalem
2438 775 2600 847 (Luc.
2637 768 2780 842 xxiv,
2824 776 2988 834 44-47
3013 787 3049 848 ).
3080 777 3166 834 Sic
3195 789 3272 836 est
3292 774 3490 838 iactum.
3514 785 3638 856 Logi-

2123 881 2243 921 mus
2268 867 2607 937 promissum,
2650 866 2895 923 videmus
2922 866 3212 938 impletum.
3240 869 3370 926 Ecce
3406 873 3485 927 lux
3507 890 3640 939 met;

2123 956 2211 1012 ubi
2264 967 2345 1012 est
2385 958 2682 1014 obscuritas
2712 968 2798 1015 tua
2822 960 2848 1014 ἲ
2885 959 3026 1032 Ergo
3062 960 3297 1019 Christus
3337 978 3536 1034 sponsus
3578 979 3643 1024 est

2124 1046 2282 1120 hujus
2323 1049 2574 1106 Ecclesia:
2597 1096 2614 1116 ,
2645 1066 2765 1121 qua:
2811 1051 3127 1122 praedicatur
3161 1053 3216 1109 in
3254 1070 3429 1112 omnes
3459 1064 3636 1126 gentes,

2122 1150 2177 1195 et
2216 1138 2440 1211 pullulat
2477 1151 2534 1197 et
2557 1143 2750 1199 crescit
2778 1160 2945 1215 usque
2970 1145 3035 1199 ad
3065 1147 3193 1201 lines
3219 1156 3392 1211 terrm,
3429 1139 3642 1220 incipien-

2126 1230 2267 1286 tibus
2310 1231 2377 1288 ab
2404 1231 2699 1289 Jerusalem
2733 1252 2747 1288 :
2776 1233 2930 1304 hujus
2957 1250 3185 1304 sponsus
3207 1246 3288 1293 est
3309 1237 3545 1296 Christus.
3578 1241 3641 1297 τα

2122 1322 2247 1394 quid
2268 1321 2400 1377 dicis
2415 1323 2439 1377 ?
2453 1321 2620 1394 Cujus
2640 1340 2865 1396 sponsus
2879 1336 2963 1381 est
2980 1325 3246 1383 Christus?
3282 1327 3441 1385 Partis
3460 1331 3642 1387 Donati?

2123 1412 2237 1468 Non
2291 1424 2373 1470 est
2415 1415 2548 1487 ipse,
2595 1432 2701 1472 non
2750 1427 2832 1473 est
2883 1417 3018 1488 ipse.
3071 1418 3240 1474 llomo
3265 1419 3416 1487 bone,
3459 1439 3550 1477 non
3577 1432 3643 1479 est

2123 1505 2239 1576 ipse
2277 1524 2292 1562 :
2335 1506 2443 1562 imo
2471 1506 2633 1563 homo
2658 1508 2819 1576 male,
2851 1524 2956 1565 non
2982 1519 3065 1566 est
3093 1510 3225 1580 ipse.
3253 1510 3331 1566 Ad
3359 1514 3542 1582 nuptias
3571 1530 3644 1571 ve-

2124 1596 2320 1663 nimus,
2344 1597 2547 1653 tabulas
2587 1599 2839 1669 legamus,
2872 1608 2928 1656 et
2953 1616 3058 1655 non
3085 1602 3365 1673 litigamus.
3390 1605 3513 1675 Ergo
3532 1606 3569 1660 si
3597 1616 3639 1661 ta

2123 1686 2277 1755 dicis,
2316 1686 2559 1745 Christus
2605 1700 2687 1746 est
2732 1706 2961 1762 sponsus
3007 1693 3175 1763 partis
3214 1694 3390 1750 Donati
3425 1711 3439 1761 ;
3471 1712 3555 1765 ego
3577 1707 3642 1754 ts-

2122 1778 2273 1834 hulas
2314 1780 2451 1851 lego,
2479 1790 2535 1836 et
2554 1780 2765 1837 invenio
2793 1797 2913 1837 esse
2933 1782 3203 1839 Christum
3237 1799 3471 1855 sponsum
3496 1786 3645 1843 Eccle-

2123 1871 2217 1926 site
2241 1870 2448 1927 dil'l‘uste
2487 1880 2598 1928 toto
2639 1874 2769 1929 orbe
2818 1883 3103 1929 terrarum.
3153 1874 3210 1931 Si
3250 1875 3393 1943 dicis,
3441 1876 3540 1946 Ipse
3561 1885 3641 1945 est,

2123 1974 2175 2018 et
2211 1979 2315 2018 non
2343 1974 2425 2019 est
2447 1965 2580 2036 ipse,
2624 1982 2786 2038 negas
2804 1963 3079 2022 Christum
3108 1968 3161 2023 in
3184 1984 3338 2024 came
3362 1970 3560 2025 venisse.

2192 2054 2417 2112 CAPUT
2436 2056 2567 2111 VIII.
2582 2088 2650 2097 —
2672 2059 2754 2113 12.
2773 2056 3141 2129 Pelagianism.
3158 2060 3479 2131 Pelagianista
3494 2070 3642 2129 restat,

2127 2145 2201 2218 (a)
2235 2163 2338 2203 non
2364 2164 2429 2203 ex
2458 2147 2749 2205 hteresibus
2775 2151 3055 2219 omnibus,
3078 2152 3172 2209 sed
3188 2153 3261 2207 eis
3278 2169 3400 2226 quas
3419 2170 3501 2225 pro
3515 2172 3643 2227 parvo

2123 2245 2365 2308 tempore
2386 2241 2825 2297 commemoravi.
2853 2242 2969 2298 Jam
2990 2244 3139 2299 enim
3168 2244 3294 2308 dixi,
3315 2244 3434 2313 Quis
3451 2254 3643 2301 numerat

2125 2336 2202 2382 tot
2230 2329 2443 2399 pestes?
2466 2330 2602 2397 Quid
2624 2331 2775 2396 dicis,
2799 2331 3186 2404 Pelagianism?
3200 2333 3384 2392 Audite
3401 2336 3510 2407 quid
3528 2336 3639 2390 dicit.

2121 2418 2343 2476 Videtur
2368 2420 2611 2477 confiteri
2634 2419 2905 2479 Christum
2926 2424 2979 2479 in
2996 2439 3168 2480 carne
3192 2424 3392 2481 venisse
3418 2445 3431 2480 :
3456 2424 3537 2480 sed
3558 2424 3643 2479 dis-

2122 2524 2308 2565 cussus
2336 2511 2600 2567 invenitur
2644 2529 2859 2586 negare.
2878 2511 3138 2570 Christus
3156 2514 3296 2570 enim
3332 2515 3380 2571 in
3418 2530 3553 2571 carne
3575 2530 3646 2569 ve-

2123 2600 2201 2654 nit
2222 2642 2237 2664 ,
2266 2617 2384 2672 quae
2412 2602 2703 2657 similitudo
2743 2612 2887 2659 esset
2919 2607 3110 2661 carnis
3146 2605 3372 2677 peccati,
3412 2621 3504 2661 non
3538 2611 3649 2659 esset

2121 2709 2247 2748 (‘arn
2275 2694 2495 2764 peccati.
2529 2694 2768 2766 Apostoli
2797 2694 2955 2751 verba
2984 2707 3122 2750 Slllll.
3154 2715 3167 2751 :
3198 2696 3333 2753 Misit
3353 2692 3474 2752 Deus
3499 2693 3649 2750 Filium

2120 2800 2267 2837 suum
2288 2784 2338 2838 in
2358 2785 2734 2840 similitudinem
2754 2787 2922 2840 carnis
2938 2787 3144 2857 peccati
3165 2787 3333 2861 (llam.
3355 2804 3435 2844 vnt
3449 2828 3462 2857 ,
3478 2783 3543 2859 ὅ).
3560 2784 3650 2842 Non

2123 2878 2175 2934 in
2205 2877 2603 2936 similitudinem
2628 2879 2806 2938 carnis
2825 2922 2840 2946 ,
2868 2881 3018 2953 quasi
3048 2897 3192 2937 caro
3230 2898 3329 2937 non
3364 2888 3491 2937 esset
3523 2894 3648 2943 caro;

2122 2970 2216 3025 sed
2248 2972 2299 3025 in
2324 2971 2705 3025 similitudinem
2744 2971 2911 3027 carnis
2940 2974 3183 3041 peccati,
3229 2972 3345 3041 quia
3383 2987 3492 3028 caro
3531 2972 3650 3036 erat,

2122 3061 2215 3117 sed
2245 3063 2444 3133 peccati
2474 3077 2599 3117 caro
2627 3078 2734 3117 non
2766 3072 2901 3118 erat.
2925 3062 3029 3120 iste
3055 3074 3249 3121 autem
3274 3064 3493 3136 Pelagius
3512 3072 3557 3118 et
3573 3077 3649 3116 ce-

2124 3166 2289 3209 teram
2326 3170 2540 3210 rarnem
2584 3156 2758 3210 omnis
2799 3154 3011 3211 infantis
3057 3158 3221 3212 carni
3263 3156 3440 3212 Christi
3479 3163 3651 3209 conatur

2121 3260 2354 3316 sequare.
2383 3244 2500 3301 Non
2527 3255 2608 3301 est
2634 3288 2649 3312 ,
2679 3245 3001 3305 charissimi.
3027 3245 3161 3302 Non
3207 3265 3297 3318 pro
3336 3262 3505 3318 magno
3537 3259 3648 3299 com-

2122 3336 2464 3391 mendaretur
2490 3337 2542 3391 in
2572 3336 2783 3393 Christo
2818 3337 3126 3394 similitudo
3153 3340 3324 3395 carnis
3351 3338 3554 3409 peccati,
3574 3335 3647 3390 nisi

2121 3426 2295 3480 omnis
2336 3434 2527 3482 ca~tera
2560 3441 2691 3489 caro
2714 3436 2855 3483 esset
2877 3443 3002 3483 caro
3025 3430 3263 3500 peccati.
3286 3429 3413 3497 Quid
3436 3442 3543 3497 ergo
3562 3438 3649 3495 pro

2121 3515 2260 3585 dest,
2281 3519 2402 3588 quia
2424 3516 2557 3573 dicis
2582 3518 2849 3574 Christum
2876 3518 2928 3574 in
2957 3534 3136 3576 carne
3161 3521 3381 3587 venisse,
3394 3528 3443 3576 et
3465 3517 3647 3573 omnium

2123 3608 2402 3664 infantium
2439 3609 2587 3664 carni
2625 3624 2748 3665 eum
2777 3610 2989 3667 conaris
3039 3613 3307 3683 aequare?
3350 3611 3412 3666 Et
3457 3609 3534 3666 tibi
3576 3607 3648 3659 hoc

2121 3696 2241 3753 dico
2269 3699 2408 3769 quod
2433 3699 2720 3755 Donatista:
2744 3699 2887 3755 :Non
2908 3710 2991 3755 est
3012 3700 3159 3769 ipse.
3194 3703 3328 3757 Ecce
3355 3700 3491 3756 video
3509 3696 3649 3753 Eccle-

2120 3789 2252 3844 siam
2294 3800 2516 3845 matrem
2556 3792 2913 3847 testimonium
2945 3790 3262 3849 reddentem
3301 3792 3420 3861 ipsis
3452 3788 3643 3845 uberibus

2120 3880 2250 3934 suis.
2280 3881 2580 3934 Accurrunt
2609 3890 2812 3935 matres
2833 3895 2953 3934 cum
2999 3883 3240 3952 parvulis
3279 3881 3393 3937 ﬁliis
3413 3923 3429 3948 ,
3453 3880 3642 3950 ingerunt

2121 3969 2381 4027 Salvatori
2421 3972 2703 4027 salvaudus
2725 4013 2740 4036 ,
2770 3987 2875 4028 non
2918 3972 3138 4045 Pelagio
3165 3974 3493 4030 damnandus.
3520 3971 3641 4024 linter

2119 4066 2368 4136 qutelibet
2396 4066 2590 4123 mulier
2618 4066 2812 4137 pietate
2839 4082 3065 4122 currens
3090 4083 3211 4123 cum
3252 4068 3459 4140 parvqu
3481 4064 3568 4121 ﬁlio
3585 4060 3643 4117 di-

2120 4161 2192 4217 cit
2224 4178 2237 4214 :
2273 4160 2603 4229 thptizetur,
2642 4167 2699 4214 ut
2739 4160 2993 4215 salvetur.
3037 4161 3283 4233 Pelagius
3306 4170 3474 4217 contra
3504 4177 3515 4215 :
3540 4152 3640 4224 Quid

2119 4254 2394 4311 salvetur?
2419 4256 2532 4313 Non
2554 4258 2800 4330 estquod
2829 4260 2879 4314 in
2909 4274 2976 4314 eo
2999 4260 3275 4329 salvetur;
3307 4258 3430 4314 nihil
3446 4248 3643 4311 habeni-

2122 4349 2177 4403 tii
2200 4390 2216 4416 ,
2259 4349 2390 4403 nihil
2418 4365 2485 4405 ex
2508 4349 2725 4407 traduce
2751 4351 3111 4409 damnationis
3135 4353 3368 4409 attraxit.
3399 4351 3447 4408 Si
3472 4344 3642 4416 aequalis

2119 4446 2199 4494 est
2226 4439 2437 4495 Christo
2454 4480 2472 4507 ,
2499 4456 2666 4512 quare
2690 4444 2881 4513 quaerit
2904 4441 3178 4500 Christum
3194 4447 3220 4498 ’ἐ
3244 4445 3378 4500 Ecce
3412 4441 3516 4497 dico
3536 4433 3640 4491 tibi:

2120 4529 2356 4601 Sponsus
2385 4530 2553 4588 Filius
2577 4531 2672 4589 Dei
2699 4534 2788 4604 qui
2818 4534 2963 4590 venit
2986 4533 3041 4590 iu
3068 4551 3232 4593 carne
3250 4578 3268 4604 ,
3296 4536 3506 4591 salvator
3528 4534 3643 4584 estet

2118 4621 2378 4691 majorum
2399 4631 2453 4678 et
2479 4623 2766 4691 minorum,
2789 4624 3023 4682 salvator
3045 4636 3130 4683 est
3168 4637 3223 4681 et
3247 4624 3507 4699 grandiuut
3523 4628 3567 4676 et
3581 4618 3639 4671 itt-

2119 4711 2340 4769 l‘antium
2360 4756 2376 4779 ,
2403 4722 2460 4770 et
2483 4714 2597 4786 ipse
2610 4724 2694 4772 est
2720 4714 2965 4774 Christus
2997 4736 3011 4773 :
3039 4726 3094 4774 tu
3120 4727 3300 4774 autem
3327 4717 3450 4772 dicis
3465 4713 3639 4769 salvato-

2118 4819 2230 4860 rem
2251 4804 2519 4861 Christum
2547 4806 2831 4875 majorum,
2852 4823 2958 4864 non
2986 4810 3255 4864 minorum
3284 4826 3297 4862 :
3321 4821 3421 4863 non
3447 4811 3519 4859 eat
3541 4800 3639 4867 ipse-

2117 4895 2172 4953 Si
2216 4910 2321 4951 non
2346 4905 2430 4952 est
2452 4896 2565 4967 ipse
2586 4936 2601 4963 ,
2649 4913 2810 4969 negas
2836 4907 2891 4954 et
2919 4908 2975 4955 tu
3010 4899 3283 4955 Christum
3324 4898 3376 4954 in
3414 4906 3553 4951 came
3576 4902 3642 4939 ve-

2118 5000 2280 5040 nisse.

2189 5074 2412 5131 CAPUT
2434 5073 2523 5131 IX.
2541 5105 2613 5116 —
2632 5077 2716 5131 15.
2739 5075 3001 5134 Harreticis
3016 5087 3365 5134 rommuneest
3377 5085 3422 5132 et
3443 5064 3649 5127 nudita-

2120 5163 2351 5232 tltolicis',
2374 5182 2559 5237 negare
2576 5166 2970 5223 incarnationem
2985 5167 3193 5225 Christi.
3209 5170 3276 5224 Et
3293 5167 3337 5223 si
3359 5163 3647 5222 discutiam"

2181 5308 2255 5371 (a)
2277 5316 2428 5375 Hunc,
2449 5310 2606 5375 ipsum
2626 5313 2830 5375 Joannis
2861 5311 3018 5363 locum
3050 5312 3342 5375 Augustinus
3362 5312 3407 5375 in

2117 5357 2262 5433 roses
2415 5357 2605 5423 uitet—it"
2622 5357 3463 5433 amsamsnm
3483 5357 3648 5433 Ιιοιιιίῑίίὶ⁵

2118 5430 2291 5482 decem
2308 5446 2435 5483 anno
2467 5433 2560 5482 416
2582 5429 2807 5496 tractans,
2845 5429 2962 5486 nihil
2986 5437 3051 5485 ibi
3084 5436 3213 5486 dixit
3247 5429 3309 5483 de
3341 5429 3647 5496 PelagIIDOl'PP'

2116 5497 2309 5559 errore.
2347 5481 2487 5545 nunc
2498 5481 3215 5559 sunanegam
3238 5481 3564 5559 ιῖᾳὲιίιαιῖιεη
3580 5481 3646 5559 ⁸32

2120 5541 2225 5606 nuit
2237 5541 2281 5621 ίξξ
2290 5541 3386 5621 satagimust'siaisss‘tttsm'pzm
3401 5541 3646 5621 ιιῴιίρξὲὲτ

2119 5599 2335 5691 initis;
2348 5599 3474 5695 {eaeeae-ammamaamj—_
3474 5619 3529 5659 ,ω
3542 5599 3644 5667 ειπερ

2118 5679 2263 5737 “mh
2284 5690 2359 5745 ξιο
2379 5679 2700 5745 mutilatos
2722 5694 2867 5745 posse
2885 5695 3055 5745 corrigi
3090 5692 3309 5744 sperans,
3328 5686 3393 5727 nn
3412 5680 3473 5722 sit
3501 5671 3542 5720 ia
3573 5668 3645 5711 κο-

2121 5741 2457 5792 tractationum
2481 5740 2605 5793 libro
2625 5739 2673 5805 Ξ,
2697 5739 2803 5805 cap.
2826 5744 2904 5793 55.
3011 5739 3029 5745 ’
3117 5739 3131 5744 ⁷
3542 5764 3545 5767 λ
