3886 6188
240 506 431 548 omnes
477 490 744 558 btereses,
793 483 1091 548 innuimus
1114 504 1208 547 eas
1234 498 1433 562 negare
1467 479 1833 571 Citt‘isllm‘in

236 599 403 640 carne
454 584 687 641 venisse.
728 583 926 640 Omnes
972 584 1205 640 ttaeretici
1244 594 1438 655 negant
1470 576 1741 640 Cliristum
1780 585 1834 639 in

236 690 406 732 carne
431 676 663 731 venisse.
694 674 831 742 Quid
861 675 1147 739 miramini,
1171 676 1215 730 si
1239 675 1433 746 Pagani
1469 675 1834 747 negattthri-

241 777 389 823 stum
419 766 474 823 in
495 782 657 822 carne
672 764 909 822 venisse?
924 764 1059 834 Quid
1086 766 1373 833 miramini,
1393 765 1439 820 si
1454 764 1625 822 Judzei
1641 775 1837 836 negant

238 860 514 916 Christum
533 859 585 913 in
602 873 763 913 carne
778 855 1016 912 venisse?
1030 855 1167 925 Quid
1183 855 1470 924 miramini,
1493 856 1537 911 si
1559 855 1834 911 Manichrei

237 951 580 1022 apertissime
599 958 794 1020 negant
808 948 1076 1007 Christum
1101 948 1156 1003 in
1171 962 1330 1004 carae
1345 947 1578 1007 venisse?
1594 946 1699 1005 Sed
1715 947 1835 1005 diuo

236 1040 499 1098 Charitati
525 1049 716 1096 vestra:
739 1080 756 1106 ,
785 1038 1160 1109 etiamloin‘nes
1188 1022 1326 1093 mali
1369 1036 1625 1094 Catholici
1653 1037 1833 1093 verbis

234 1133 563 1190 conﬁtentur
588 1126 857 1188 Christum
892 1131 945 1185 in
985 1130 1425 1196 carne'venisse;
1458 1128 1611 1185 factis
1655 1128 1831 1184 autem

237 1232 458 1296 negant.
478 1221 654 1279 Nolite
673 1236 799 1292 ergo
825 1236 944 1277 esse
981 1230 1232 1291 tanquam
1257 1219 1323 1275 de
1352 1218 1457 1274 ﬁde
1481 1219 1677 1275 securi.
1718 1218 1831 1273 Ad-

231 1313 446 1384 jungite
482 1311 603 1367 ﬁdei
627 1321 787 1367 recte
811 1313 972 1367 vitam
1002 1320 1201 1365 rectam
1225 1351 1243 1376 ,
1285 1321 1342 1366 ιιι
1363 1309 1635 1375 Christum
1665 1309 1834 1366 donli-

196 1392 205 1401 ’
237 1403 463 1460 teamini
496 1403 554 1457 in
577 1417 739 1458 carne
761 1404 1002 1469 venisse,
1031 1411 1083 1458 et
1109 1402 1288 1458 verbis
1324 1416 1448 1457 vera
1481 1400 1705 1457 dicendo
1727 1441 1744 1468 ,
1779 1409 1834 1456 et

239 1494 396 1549 factis
437 1494 574 1549 bene
597 1492 841 1549 vivendo.
871 1490 1003 1547 Nam
1047 1493 1093 1548 si
1122 1493 1482 1548 conﬁteamini
1518 1492 1696 1548 verbis
1717 1531 1735 1555 ,
1775 1500 1833 1547 et

238 1584 396 1640 factis
421 1584 663 1654 negetis;
693 1583 826 1639 ﬁdes
853 1582 1037 1638 talium
1075 1582 1337 1637 malorum
1375 1596 1542 1652 prope
1571 1591 1654 1636 est
1698 1580 1831 1636 ﬁdes

241 1677 646 1733 dzemoniorum.
676 1675 870 1731 Audite
898 1690 1014 1739 nte.
1050 1673 1352 1731 charissimi
1370 1712 1386 1737 ,
1416 1672 1595 1729 audite
1617 1686 1730 1738 me,
1761 1687 1832 1729 ne

237 1766 309 1822 sit
346 1766 499 1820 vobis
529 1765 680 1821 testis
704 1763 866 1819 sudor
894 1763 979 1819 hic
1007 1778 1197 1829 meus;
1229 1761 1409 1818 audite
1448 1778 1554 1817 me.
1594 1762 1828 1818 Jacobus

237 1854 512 1926 apostolus
539 1869 661 1911 cum
688 1853 757 1909 de
785 1853 890 1909 ﬁde
914 1862 970 1909 et
1005 1852 1259 1923 operibus
1296 1852 1604 1923 loqueretur
1631 1852 1828 1907 adver-

237 1961 333 2001 sus
355 1960 451 2001 eos
471 1987 488 2012 ,
516 1945 604 2016 qui
649 1943 748 2000 sibi
785 1942 1043 2016 putabant
1071 1942 1228 1998 tidem
1258 1940 1504 1998 sufﬁcere
1526 1986 1542 2010 ,
1585 1951 1639 1998 et
1666 1957 1828 2014 opera

238 2034 379 2091 bona
425 2034 621 2089 habere
660 2032 911 2089 nolebant
932 2074 947 2099 ,
978 2033 1053 2087 ait
1079 2050 1093 2086 :
1124 2031 1205 2087 Tu
1248 2032 1412 2088 credis
1435 2033 1554 2104 quia
1586 2049 1718 2088 unus
1753 2044 1829 2088 est

242 2126 423 2192 Dens;
460 2125 583 2181 bene
610 2125 741 2194 facis
772 2139 792 2178 :
813 2134 860 2179 et
901 2125 1154 2180 daemones
1179 2122 1387 2180 credunt
1405 2165 1420 2190 ,
1467 2135 1515 2181 et
1556 2127 1826 2180 contremi-

242 2226 383 2276 scunt
403 2217 604 2293 (Jacobi
626 2216 667 2272 ιι
683 2261 698 2286 ,
724 2218 836 2287 to).
856 2216 1121 2288 Numquid
1142 2217 1262 2274 ideo
1282 2218 1553 2288 daemones
1572 2217 1639 2272 ab
1667 2225 1827 2273 arter-

243 2328 313 2369 no
360 2312 483 2383 igne
533 2310 928 2376 liberabuntur,
973 2310 1096 2381 quia
1146 2308 1399 2375 credunt,
1448 2319 1503 2364 et
1543 2309 1828 2365 contremi-

244 2403 435 2459 sentit!
465 2402 603 2458 Ecce
639 2401 798 2456 modo
824 2399 965 2472 quod
1002 2400 1225 2456 audistis
1251 2398 1305 2454 iu
1333 2399 1616 2471 Evangelio
1640 2441 1655 2468 ,
1685 2398 1826 2471 quod

241 2495 315 2549 ait
351 2493 574 2559 Petrus,
614 2491 693 2546 Tu
720 2508 771 2547 es
793 2487 1023 2547 Christus
1048 2487 1218 2545 Filius
1246 2488 1340 2545 Dei
1376 2490 1471 2544 uiui
1502 2506 1521 2544 :
1546 2491 1739 2562 legite,
1773 2497 1828 2545 et

241 2584 523 2641 invenietis
559 2582 759 2638 dixisSe
797 2580 1099 2647 daemones,
1133 2581 1335 2638 Scimus
1376 2579 1465 2653 qui
1505 2582 1574 2636 sis
1597 2623 1612 2647 ,
1635 2576 1707 2634 Ῥ
1706 2578 1825 2637 ilius

242 2672 355 2730 Dei.
403 2673 594 2730 Petrus
644 2681 822 2729 tamen
864 2671 1142 2739 laudatur,
1195 2671 1404 2728 daemon
1451 2671 1822 2744 compescitur.

245 2765 355 2826 Una
397 2779 539 2835 vox,
591 2764 724 2824 facta
769 2764 997 2823 diversa.
1030 2762 1182 2824 Unde
1224 2774 1536 2838 separantur
1563 2768 1678 2822 ista:
1702 2767 1822 2823 dum

241 2861 628 2919 confessiones?
651 2859 922 2917 Laudatur
963 2874 1143 2926 amor,
1183 2859 1465 2915 damnatur
1500 2860 1675 2914 timor.
1705 2858 1822 2915 Non

240 2956 379 3013 enim
409 2969 591 3014 amore
614 2954 859 3011 dicebant
878 2953 980 3009 hoc
1003 2952 1295 3020 daemones,
1322 2942 1402 3008 Tu
1424 2969 1476 3008 es
1506 2950 1675 3007 Filius
1704 2951 1819 3006 Dei.

244 3050 453 3107 Tnnore
482 3047 587 3105 boc
627 3046 905 3114 dicebant,
955 3062 1060 3103 non
1112 3060 1317 3102 amore.
1358 3046 1597 3116 Denique
1638 3046 1714 3101 illi
1767 3047 1822 3100 in

239 3138 571 3196 confessione
598 3137 846 3194 dicebant
875 3156 888 3192 :
922 3136 1058 3205 Quid
1081 3135 1223 3191 nobis
1243 3145 1288 3192 et
1318 3135 1405 3190 tibi
1430 3135 1622 3206 (Marc.
1651 3152 1690 3201 ι,
1720 3135 1816 3198 25,

237 3230 330 3302 25)
345 3229 371 3283 ?
392 3229 584 3285 Petrus
607 3236 783 3283 autem
805 3244 818 3282 :
840 3226 1024 3282 Tecum
1044 3242 1157 3281 sum
1176 3241 1331 3297 usque
1351 3226 1418 3280 ad
1444 3236 1650 3280 mortem
1668 3224 1818 3298 (Luc.

239 3337 350 3377 xxn
368 3364 386 3387 ,
413 3320 529 3391 33).

303 3408 534 3468 CAPUT
557 3410 626 3466 Χ.
653 3439 725 3452 --
746 3411 833 3465 lt.
868 3407 932 3464 Et
954 3416 1090 3464 recta
1106 3407 1233 3478 ﬁdes
1258 3418 1305 3462 et
1329 3409 1458 3462 bona
1484 3408 1584 3462 uita
1602 3424 1665 3462 ea:
1686 3406 1816 3461 Deo.

238 3496 425 3555 Sedet.
442 3501 559 3571 ipse
577 3500 765 3555 Petrus
785 3498 924 3555 unde
941 3541 958 3565 ,
990 3498 1184 3553 fratres
1211 3497 1349 3565 mei,
1377 3497 1517 3553 unde
1545 3497 1617 3551 illi
1642 3496 1819 3552 dicere

234 3607 299 3650 es
325 3606 514 3647 amore
535 3633 552 3659 ,
583 3588 659 3645 Tu
688 3607 738 3646 es
769 3588 999 3647 Christus
1025 3589 1075 3644 Ρ
1074 3591 1192 3645 ilius
1229 3589 1326 3646 Dei
1363 3590 1458 3645 uiui
1473 3589 1499 3644 1’
1524 3587 1677 3645 Unde
1704 3589 1820 3643 illi?

232 3682 382 3741 itane
407 3682 479 3738 de
500 3682 641 3738 suo?
661 3681 830 3737 Absit.
856 3680 997 3737 Bene
1014 3722 1030 3748 ,
1061 3682 1203 3753 quod
1237 3682 1407 3751 ipsum
1434 3678 1704 3750 Evangelii
1733 3693 1820 3732 ca-

231 3775 457 3846 pitulum
487 3781 770 3842 utrumque
800 3771 1165 3839 demonstrat,
1205 3770 1333 3841 quid
1364 3771 1549 3826 Petrus
1585 3769 1653 3825 de
1678 3766 1775 3824 Dei
1799 3810 1814 3835 ,

231 3866 358 3938 quid
381 3865 453 3923 de
477 3881 596 3921 suo.
623 3865 917 3935 Utrumque
938 3863 1012 3919 ibi
1040 3862 1204 3919 habes
1234 3880 1247 3917 :
1275 3863 1409 3933 lege.
1433 3879 1538 3918 non
1565 3870 1649 3918 est
1674 3861 1816 3933 quod

229 3972 260 4013 a
285 3972 375 4013 me
396 3964 678 4026 exspectes
698 3955 899 4011 audire.
925 3947 1300 4011 Cotnmemoro
1322 3953 1665 4024 Evangelinm
1695 3970 1708 4006 :
1736 3951 1816 4006 Tu

230 4062 281 4102 es
298 4046 538 4102 Christus
565 4043 732 4100 Filius
760 4043 860 4100 Dei
881 4044 998 4099 uiui.
1029 4044 1095 4100 Et
1114 4043 1367 4098 Dominus
1385 4042 1450 4098 ad
1479 4058 1600 4097 eum
1633 4059 1646 4096 :
1677 4040 1815 4095 Bea-

231 4145 310 4190 tus
331 4152 418 4202 es,
448 4133 630 4190 Simon
658 4131 942 4188 Bar-Jona.
971 4132 1186 4203 Quare?
1214 4132 1291 4187 De
1312 4140 1401 4186 tuo
1429 4131 1647 4187 beatus?
1670 4127 1810 4187 Νόη.

234 4224 371 4292 Quia
394 4240 514 4279 caro
536 4233 587 4278 et
612 4226 817 4297 sanguis
836 4240 938 4278 non
960 4223 1191 4277 reuelauit
1210 4223 1299 4277 tibi
1321 4238 1339 4277 :
1360 4221 1461 4276 ltoc
1484 4221 1626 4277 enim
1655 4236 1713 4276 es
1735 4229 1810 4276 tu.

235 4315 357 4373 Non
399 4317 491 4371 tibi
516 4317 748 4372 reuelauit
770 4331 889 4371 caro
917 4325 964 4371 et
998 4316 1237 4386 sanguis;
1274 4315 1362 4369 sed
1388 4314 1543 4369 Pater
1564 4330 1704 4369 meus
1727 4315 1814 4385 qui

230 4408 283 4464 in
300 4406 446 4465 aclis
465 4417 561 4465 est.
582 4405 652 4464 Et
678 4407 916 4480 sequitur
939 4447 956 4475 ,
979 4414 1034 4462 et
1065 4403 1191 4461 dicit
1218 4413 1409 4463 caatera
1434 4420 1551 4477 quae
1578 4419 1814 4462 commeo

1577 342 1809 432 senato
1836 344 2162 433 cuisxm.

3417 386 3449 440 9
3459 386 3533 442 ἐκ

1943 504 2153 559 [uocare
2170 490 2392 567 longum
2417 492 2517 553 est.
2542 494 2705 557 Paulo
2732 506 2852 567 post
2876 497 3128 559 Dominus
3148 499 3240 566 ibi,
3264 509 3382 571 post
3414 501 3529 557 haec

1940 585 2111 640 verba
2145 578 2240 641 sua
2266 627 2279 651 ,
2324 588 2514 658 quibus
2550 589 2860 659 approbavit
2890 589 3049 646 ﬁdem
3085 591 3262 658 Petri,
3302 607 3528 663 eamque

1940 686 2143 746 petram
2188 692 2308 732 esse
2349 679 2695 747 monstravit,
2736 681 2900 750 cmpit
2928 682 3210 737 ostendere
3251 683 3529 753 discipulis

1938 765 2091 830 suis,
2134 767 2260 838 quia
2310 769 2586 837 oportebat
2626 785 2748 824 eum
2792 772 2974 827 venire
3016 772 3438 843 Jerosolymam,
3472 783 3528 829 ct

1940 858 2103 913 multa
2127 858 2257 930 pati,
2286 869 2341 915 et
2366 862 2639 930 reprobari
2669 877 2697 915 a
2727 864 3027 918 senioribus
3050 874 3105 919 et
3142 864 3332 920 scribis
3357 875 3410 919 et
3436 881 3526 920 sa-

1937 948 2240 1005 cerdotibus
2259 991 2279 1019 ,
2305 959 2361 1007 et
2383 950 2551 1007 cecidi
2570 993 2586 1014 ,
2613 958 2668 1007 et
2692 953 2848 1008 tertio
2876 953 2963 1008 die
2989 970 3287 1023 resurgere.
3318 955 3391 1008 lbi
3421 955 3526 1010 Pe-

1937 1048 2054 1096 trus
2076 1040 2145 1096 de
2170 1057 2270 1105 suo
2291 1042 2527 1111 expaiit,
2555 1052 2607 1097 et
2624 1042 2834 1099 horruit
2858 1054 3080 1100 mortem
3106 1045 3332 1112 Christi,
3364 1060 3528 1116 expa-

1937 1132 2012 1184 vit
2035 1146 2177 1201 aeger
2195 1122 2511 1188 medicinam
2536 1149 2709 1188 suam.
2741 1134 2880 1188 Absit
2905 1151 2937 1187 a
2963 1144 3029 1203 te,
3055 1134 3287 1201 Domine,
3319 1138 3521 1209 inquit:

1938 1224 2185 1293 propitius
2214 1223 2302 1277 tibi
2326 1234 2428 1279 esto
2447 1266 2462 1289 ,
2491 1242 2592 1280 non
2631 1227 2722 1295 ﬁat
2762 1227 2874 1281 hoc.
2904 1226 2972 1282 Et
3000 1227 3088 1282 ubi
3129 1236 3213 1283 est
3236 1270 3251 1295 ,
3290 1227 3521 1284 Potesta—

1936 1318 2035 1367 tem
2058 1310 2216 1387 habeo
2259 1315 2479 1384 ponendi
2501 1317 2724 1373 animam
2748 1334 2938 1384 meam,
2973 1327 3021 1373 et
3051 1328 3343 1387 potestatem
3365 1320 3522 1376 habeo

1936 1405 2114 1458 iterum
2140 1407 2372 1460 sumendi
2399 1424 2508 1461 eam
2532 1407 2710 1479 (Joan.
2734 1425 2765 1463 x
2786 1451 2801 1476 ,
2832 1409 2958 1481 i8)?
2979 1407 3184 1465 Oblitus
3207 1425 3266 1467 es
3281 1452 3294 1478 ,
3325 1411 3524 1468 Petro?

1935 1492 2144 1550 Oblitus
2171 1511 2231 1551 es
2253 1539 2269 1562 ,
2301 1496 2549 1567 Majorem
2573 1500 2867 1555 charitatem
2896 1517 3040 1555 nemo
3064 1502 3210 1556 habet
3232 1545 3248 1571 ,
3279 1520 3430 1574 quam
3469 1514 3523 1558 ut

1935 1586 2157 1639 animam
2179 1603 2323 1641 suam
2350 1599 2505 1656 ponat
2526 1591 2653 1667 ‘quis
2681 1607 2773 1660 pro
2797 1591 2971 1646 amicis
2997 1592 3101 1647 suis
3135 1590 3242 1664 (Id.
3276 1610 3363 1659 xv,
3391 1593 3477 1666 15)
3498 1597 3523 1646 ?

1933 1674 2140 1732 Oblitus
2166 1693 2245 1733 es.
2271 1679 2482 1735 Oblivio
2510 1680 2597 1736 illa
2639 1681 2706 1737 de
2746 1682 2949 1754 ipsius;
2980 1684 3261 1753 trepidatio
3285 1728 3299 1751 ,
3331 1685 3523 1741 horror

1935 1776 1988 1822 et
2010 1768 2170 1822 timor
2193 1770 2398 1835 mortis,
2426 1779 2591 1826 totum
2615 1771 2683 1826 de
2705 1771 2847 1827 Petri
2873 1791 2886 1828 :
2914 1774 3022 1828 imo
3041 1773 3109 1829 de
3134 1774 3387 1837 Simonis,
3413 1792 3519 1830 non

1933 1857 2000 1914 de
2024 1859 2188 1915 Petri.
2218 1861 2283 1914 Et
2309 1861 2562 1916 Dominus
2589 1879 2603 1917 :
2641 1860 2782 1917 Vade
2804 1874 2956 1927 retro,
2983 1873 3207 1918 satanas.
3235 1863 3425 1920 Beatus
3447 1882 3518 1930 cs,

1934 1948 2115 2005 Simon
2144 1949 2408 2006 Bar-Jona
2436 1967 2455 2006 :
2487 1951 2628 2006 Vade
2649 1963 2802 2019 retro,
2834 1964 3038 2009 satanas
3066 1955 3105 2007 ί.
3127 1953 3311 2010 Beatus
3337 1973 3407 2021 es,
3432 1956 3523 2011 Si-

1934 2057 2050 2094 mon
2068 2039 2349 2108 Bar-Jona;
2376 2041 2471 2098 sed
2496 2042 2563 2098 de
2585 2043 2698 2099 Dei.
2738 2042 2877 2098 Vade
2895 2053 3026 2098 retro
3044 2085 3059 2110 ,
3089 2054 3327 2111 satanas;
3354 2047 3520 2102 unde?

1933 2131 2170 2188 Recolite
2190 2132 2330 2189 unde
2356 2134 2561 2189 beatus.
2590 2134 2706 2190 Jam
2736 2135 2850 2190 dixi
2876 2154 2890 2191 :
2923 2135 3055 2203 Quia
3079 2153 3181 2192 non
3209 2137 3298 2191 tibi
3323 2140 3516 2192 revela-

1931 2225 2001 2279 υἷι
2036 2241 2153 2280 caro
2182 2236 2229 2279 et
2267 2227 2511 2297 sanguis;
2547 2224 2635 2281 sed
2679 2226 2837 2281 Pater
2862 2245 3001 2283 meus
3025 2230 3113 2301 qui
3152 2230 3206 2283 in
3247 2230 3385 2283 cretis
3424 2236 3517 2285 est.

1930 2313 2082 2372 Unde
2108 2325 2322 2371 satanas
2340 2316 2368 2370 ?
2395 2318 2543 2371 Dicat
2562 2318 2816 2372 Dominus
2849 2336 2862 2372 :
2894 2318 3073 2388 Neque
3100 2320 3232 2374 enim
3252 2320 3389 2390 sapis
3407 2336 3522 2390 quae

1898 2457 1907 2461 -
1933 2406 2028 2463 Dei
2067 2416 2184 2464 sunt
2202 2451 2218 2475 ,
2246 2407 2335 2464 sed
2360 2424 2473 2480 quae
2497 2418 2613 2465 sunt
2633 2410 2890 2464 hominum
2915 2410 3125 2480 (Matth.
3163 2426 3273 2477 xvt,
3306 2412 3514 2482 16-23).

2003 2536 2090 2599 l5.
2118 2533 2187 2591 Et
2228 2536 2478 2592 credendo
2523 2546 2570 2591 et
2597 2537 2720 2592 bene
2755 2536 2962 2592 uiuendo
3005 2539 3235 2608 conﬁteri
3282 2538 3519 2595 debemus

1930 2628 2265 2686 Christumin
2295 2644 2447 2689 carne
2490 2614 2699 2685 uenisse.
2745 2627 2968 2700 Sperate
3013 2627 3065 2682 in
3112 2629 3432 2694 Dominum,
3463 2641 3518 2686 et

1929 2720 2217 2778 verteﬁdei
2245 2722 2383 2777 bona
2428 2720 2566 2778 facta
2609 2721 2932 2792 coniungite.
2977 2720 3314 2777 Couﬁtemini
3358 2722 3514 2778 Clu-ic

1928 2821 2070 2869 stmn
2097 2813 2151 2868 in
2177 2825 2342 2869 carne
2361 2812 2594 2876 venisse.
2625 2821 2681 2868 et
2706 2812 2996 2879 credendo,
3025 2823 3080 2868 et
3107 2812 3243 2869 bene
3265 2813 3513 2880 vivendo,

1927 2911 1987 2959 et
2009 2911 2290 2975 utrumque
2312 2902 2383 2959 ab
2408 2902 2501 2958 illo
2523 2911 2801 2973 acceptum
2845 2911 3021 2958 tenete
3043 2943 3058 2969 ,
3090 2902 3158 2956 ab
3183 2903 3273 2956 illo
3309 2919 3509 2974 augen-

1927 2992 2055 3051 dum
2079 3003 2136 3049 et
2159 2992 2538 3064 perﬁciendqu
2573 3003 2801 3062 sperate.
2833 2992 3139 3047 Maledictus
3162 2992 3305 3047 enim
3338 2993 3513 3049 omnis

1926 3086 2019 3157 qui
2042 3100 2189 3156 spem
2216 3101 2365 3143 suam
2411 3086 2558 3158 ponit
2599 3087 2652 3143 in
2678 3083 2894 3143 homine
2920 3082 3130 3158 (lerant.
3166 3099 3278 3139 xvu
3297 3126 3312 3153 ,
3339 3084 3420 3154 5).
3451 3084 3515 3139 Et

1926 3176 2123 3234 bonum
2150 3187 2232 3233 est
2257 3178 2457 3235 homini
2485 3188 2541 3234 ut
2566 3178 2655 3248 qui
2681 3177 2959 3248 gloriatur,
2982 3177 3036 3232 in
3066 3176 3291 3233 Domino
3311 3178 3513 3253 glorie~

1927 3275 2013 3321 tur
2037 3265 2079 3338 (1
2104 3265 2299 3331 Com,
2331 3268 2443 3339 51).
2473 3269 2732 3324 Conversi
2773 3267 2841 3323 ad
2883 3268 3169 3324 Dominum
3202 3248 3370 3323 Deum
3409 3248 3525 3326 [νει-ί

1929 3366 2064 3413 trem
2092 3358 2511 3427 omnipotentem
2532 3400 2548 3425 ,
2573 3374 2710 3429 puro
2737 3359 2900 3414 corde
2924 3360 2974 3415 ei
2998 3400 3015 3426 ,
3045 3369 3296 3429 quantum
3341 3368 3516 3429 potest

1925 3450 2159 3519 partitas
2178 3459 2382 3515 nostra,
2405 3450 2662 3505 maximas
2686 3458 2846 3519 atque
2872 3463 3029 3505 veras
3052 3449 3249 3519 gratias
3271 3463 3512 3517 agamus;

1926 3551 2205 3613 precantes
2267 3549 2379 3597 toto
2430 3542 2611 3597 animo
2661 3543 2983 3613 singularem
3051 3540 3511 3596 mansuetudinem

1923 3634 2073 3703 ejus,
2104 3641 2162 3687 ut
2198 3645 2385 3702 preces
2428 3641 2639 3688 nostras
2675 3633 2729 3688 in
2774 3629 3108 3700 beneplacito
3137 3643 3234 3684 suo
3260 3630 3513 3687 exaudire

1924 3722 2199 3793 dignetur;
2227 3723 2498 3779 inimicum
2539 3739 2750 3795 quoque
2776 3738 2808 3780 a
2834 3722 3036 3779 nostris
3057 3721 3263 3777 actibus
3287 3730 3341 3777 et
3368 3721 3513 3792 cogi-

1924 3816 2213 3873 tationibus
2254 3830 2349 3872 sua
2387 3817 2584 3871 virtute
2622 3814 2889 3885 expellat,
2918 3813 3077 3870 nobis
3104 3811 3419 3883 multiplicet
3444 3811 3510 3867 ﬁ-

1922 3908 2065 3972 dem,
2091 3917 2323 3964 mentem
2346 3907 2640 3979 gubernet,
2666 3905 2970 3978 spirituales
2993 3906 3345 3977 cogitationes
3368 3919 3502 3980 cono

1922 3999 2111 4063 cedat,
2137 4008 2195 4056 et
2218 3998 2284 4055 ad
2329 3998 2706 4055 beatitudinem
2752 4012 2902 4053 utam
2950 3996 3206 4069 perducat
3236 4012 3250 4050 :
3277 4009 3374 4067 per
3412 3993 3517 4071 de:

1921 4107 2041 4150 sum
2060 4090 2328 4149 Christum
2354 4091 2545 4146 Filium
2569 4089 2704 4161 ejus.
2726 4091 2922 4146 Amen.

1984 4285 3066 4353 'u'.wgd.etven.:EtDonli_sus:I/ade
3105 4290 3253 4353 retro,
3295 4288 3509 4353 satanas.

1919 4346 3423 4425 ame'simeewmeawdﬂeNummum
3455 4356 3512 4399 ιι

1915 4412 2073 4466 Simon
2098 4411 2337 4464 sar-Iona
2364 4424 2383 4462 :
2414 4411 2542 4462 Vade
2564 4411 2712 4473 retro,
2731 4416 2941 4463 satams.
3000 4411 3061 4461 tt.
