3886 6188
737 292 751 298 ,
769 295 885 317 ιττν
901 285 1048 299 ..-π--.γ

232 349 346 419 ᾯΟἺ

312 476 367 533 3.
403 475 655 532 Nativitas
692 476 878 532 Citriin
909 478 1115 548 duplex.
1157 470 1467 533 Admiranda
1516 487 1568 535 tu
1600 481 1702 532 Deo
1735 480 1820 533 in-

242 574 401 642 fante.
437 569 533 624 llic
560 569 628 625 de
657 579 826 626 matre
864 579 1016 625 natus
1064 571 1221 625 istum
1258 571 1398 625 diem
1434 572 1644 625 saxulis
1668 586 1819 626 com-

241 658 514 715 mendavit
533 699 546 721 ,
577 659 665 730 qui
695 658 765 715 de
784 657 940 714 Patre
970 667 1122 714 natus
1151 659 1344 714 stecula
1384 667 1573 715 cuncta
1597 661 1816 715 creavit.

240 749 351 806 Nec
394 749 480 805 illa
512 750 756 805 nativitas
783 749 943 804 ullam
978 748 1175 806 habere
1215 750 1384 821 potuit
1420 759 1684 818 matrem,
1723 764 1822 805 nec

237 841 342 898 ista
385 841 631 913 qumsivit
674 842 940 898 hominem
990 850 1214 912 patrem.
1271 842 1506 912 Denique
1548 851 1703 898 natus
1738 849 1821 896 est

236 931 484 988 Christus
511 928 563 988 et
592 931 660 988 de
701 940 848 1002 patre
871 973 887 999 ,
932 944 986 989 et
1009 932 1079 989 de
1109 944 1312 999 matre;
1341 943 1394 989 et
1418 935 1533 988 sine
1560 942 1738 1005 patre,
1766 943 1821 990 et

235 1025 360 1079 sine
397 1033 567 1079 matre
597 1043 612 1080 :
650 1024 719 1079 de
769 1034 921 1095 patre
950 1025 1092 1082 Deus
1115 1068 1132 1092 ,
1162 1025 1228 1081 de
1259 1035 1426 1081 matre
1473 1026 1672 1092 homo;
1703 1026 1819 1080 sine

237 1123 410 1174 matre
439 1116 600 1182 Dens,
631 1117 747 1172 sine
774 1126 922 1187 patre
943 1117 1122 1173 homo.
1153 1115 1534 1173 Generationem
1562 1132 1691 1188 ergo
1711 1119 1820 1185 eius

235 1208 348 1278 quis
373 1207 626 1261 enarrabit
653 1202 810 1280 '(lsai.
841 1222 952 1274 un,
980 1206 1040 1279 8)
1070 1226 1084 1262 :
1113 1208 1229 1262 sive
1256 1208 1398 1262 illam
1419 1208 1535 1262 sine
1557 1215 1816 1276 tempore,

235 1298 352 1352 sive
379 1296 534 1351 istam
563 1296 678 1351 sine
720 1296 960 1362 semine;
989 1296 1130 1351 illam
1157 1299 1273 1352 sine
1299 1297 1448 1352 initio
1473 1329 1504 1362 ,ο
1518 1298 1672 1352 istam
1702 1296 1818 1352 sine

234 1386 486 1456 exemplo
514 1401 530 1451 ;
560 1385 701 1441 illam
741 1401 861 1456 qua:
891 1401 1160 1456 nunquam
1199 1403 1303 1442 non
1335 1386 1464 1452 fuit,
1495 1387 1651 1440 istam
1699 1402 1818 1456 qum

238 1494 337 1533 nec
361 1486 518 1536 antea
545 1493 641 1534 nec
665 1488 844 1548 postea
875 1479 990 1541 fuit;
1015 1480 1156 1534 illam
1180 1495 1297 1550 quze
1324 1497 1426 1534 non
1453 1481 1610 1536 habet
1635 1482 1814 1545 tinem,

237 1570 391 1625 istam
423 1587 541 1642 qua:
571 1571 778 1626 initium
806 1571 914 1626 illic
942 1572 1132 1639 habet,
1167 1573 1253 1626 ubi
1281 1574 1437 1628 linem
1473 1573 1533 1628 ‘?

306 1663 532 1722 CAPUT
556 1663 640 1720 lll.
668 1694 741 1704 —
767 1664 954 1719 Merito
983 1681 1109 1736 ergo
1136 1665 1416 1736 Propheta:
1447 1666 1818 1720 nuntiaverunt

236 1756 559 1811 nasciturum
579 1796 597 1822 ,
628 1755 750 1811 coeli
779 1771 905 1811 vero
933 1764 1090 1826 atque
1119 1757 1306 1827 Angeli
1354 1766 1555 1810 natum.
1597 1755 1816 1810 Jacebat

235 1852 288 1906 in
336 1850 594 1921 pnesepio
646 1851 928 1906 continens
972 1851 1226 1905 mundum
1257 1861 1348 1905 :ct
1384 1849 1558 1904 iulans
1603 1859 1717 1904 erat
1762 1859 1816 1903 et

234 1940 494 1996 Verbum.
525 1941 694 2008 Quem
725 1941 846 1996 emli
885 1957 993 2018 non.
1017 1941 1269 2011 capiunt,
1301 1943 1455 1995 unius
1484 1941 1694 1996 femina:
1737 1941 1813 1993 si-

235 2047 336 2087 nus
365 2030 587 2085 ferebat.
615 2030 704 2085 llla
746 2046 924 2100 regem
955 2041 1196 2087 nostrum
1229 2033 1445 2102 regebat.
1468 2049 1483 2096 ;
1511 2033 1560 2086 in
1587 2047 1693 2101 quo
1721 2046 1813 2085 su-

234 2137 351 2177 mus
370 2164 386 2188 ,
414 2121 500 2176 illa
529 2123 807 2192 portabat;
841 2138 1030 2192 panem
1083 2132 1320 2176 nostrum
1365 2123 1451 2177 illa
1495 2123 1742 2177 iactabat.
1769 2121 1814 2178 Ο

235 2210 514 2265 manifesta
541 2211 838 2278 inﬁrmitas,
871 2221 922 2266 et
945 2212 1076 2266 mira
1106 2212 1393 2276 humilitas,
1419 2213 1470 2266 in
1500 2228 1601 2282 qua
1629 2211 1706 2267 sic
1732 2211 1811 2266 la-

233 2302 330 2356 tuit
350 2311 458 2356 tota
488 2300 735 2356 divinitas
761 2301 816 2356 'l
847 2301 1064 2357 Matrem
1091 2303 1176 2357 cui
1205 2302 1513 2372 suhjacebat
1542 2302 1757 2357 infantia
1784 2343 1800 2368 ,

232 2391 448 2462 regebat
478 2391 709 2461 potentia
734 2409 748 2456 ;
772 2399 827 2446 et
852 2391 1004 2461 cujus
1045 2391 1207 2445 ubera
1236 2391 1458 2462 sugebat
1481 2433 1495 2459 ,
1522 2407 1639 2447 eam
1671 2393 1812 2447 reri-

235 2491 337 2538 tate
368 2481 635 2552 paseebat.
664 2481 909 2537 Perﬁeiat
948 2482 1001 2536 in
1026 2481 1179 2537 nobis
1199 2497 1292 2536 sua
1319 2498 1538 2538 munera
1561 2524 1576 2549 ,
1608 2484 1694 2554 qui
1723 2498 1811 2538 su-

235 2588 380 2627 mere
406 2587 511 2627 non
539 2571 814 2627 abhorruit
848 2573 1007 2627 etiam
1038 2582 1219 2627 nostra
1255 2572 1540 2643 primordia
1573 2591 1588 2628 :
1621 2581 1674 2628 et
1699 2575 1812 2644 ipse

236 2664 390 2719 faciat
415 2678 514 2720 nos
554 2664 646 2720 Dei
668 2661 806 2719 ﬁlios
824 2705 840 2732 ,
871 2663 959 2734 qui
987 2671 1204 2734 propter
1242 2678 1344 2718 nos
1371 2663 1486 2720 ﬁeri
1515 2663 1680 2720 voluit
1709 2664 1808 2720 ho-

232 2755 387 2810 minis
416 2753 572 2824 illius.
618 2829 626 2836 .

659 2881 886 2940 SERMO
924 2881 1200 2938 ccxxxv
1233 2887 1250 2906 ·
1291 2883 1386 2954 (ιι).

699 3023 752 3066 ιιι
773 3016 922 3068 Μωῆ
956 3018 1155 3078 Domini,
1189 3032 1223 3068 ιι
1245 3018 1332 3081 (b).

301 3147 528 3204 CAPUT
550 3145 839 3202 PRIMUM.
867 3176 939 3187 —
969 3147 1019 3201 1.
1066 3143 1211 3200 Verbi
1240 3147 1582 3201 incarnatione
1615 3145 1809 3201 Veritas

224 3250 337 3296 orta
356 3242 420 3296 de
444 3250 599 3294 terra.
619 3238 824 3294 Natalis
851 3238 1057 3292 Domini
1077 3237 1299 3302 dicitur,
1325 3237 1538 3308 quando
1578 3238 1671 3293 Dei
1705 3237 1806 3294 Sa-

222 3331 421 3402 pientia
441 3345 502 3385 se
525 3328 910 3384 demonstravit
930 3327 1206 3392 infantem,
1229 3336 1284 3384 et
1307 3328 1403 3384 Dei
1433 3328 1660 3383 Verbum
1690 3329 1807 3384 sine

222 3425 405 3480 verbis
442 3438 630 3479 vocem
675 3422 853 3479 carnis
881 3421 1078 3476 emisit.
1124 3421 1215 3475 llla
1245 3430 1421 3476 tamen
1446 3421 1652 3476 occulta
1675 3420 1808 3476 divi-

221 3516 396 3580 nitas,
431 3523 488 3570 et
522 3513 686 3585 Magis
723 3513 862 3569 coelo
889 3519 1021 3568 teste
1049 3511 1342 3582 significata
1364 3554 1380 3580 ,
1425 3521 1481 3567 et
1508 3513 1806 3582 pastoribus

219 3607 464 3677 angelica
488 3620 619 3661 voce
653 3605 894 3659 nuntiata
922 3613 1026 3659 est.
1066 3604 1212 3658 Hanc
1250 3604 1408 3674 igitur
1444 3604 1805 3659 anniversaria

218 3699 564 3755 solemnitate
611 3697 943 3754 celebramus
985 3696 1124 3752 diem
1145 3735 1160 3762 ,
1182 3711 1284 3766 qua
1315 3695 1528 3765 impleta
1561 3705 1643 3751 est
1685 3711 1808 3766 pro-

219 3791 404 3862 phctia
431 3791 618 3846 dicens
651 3808 664 3842 :
698 3787 896 3844 Veritas
922 3789 984 3842 de
1011 3797 1145 3842 terra
1180 3797 1291 3841 orta
1315 3798 1386 3841 est
1402 3829 1417 3854 ,
1445 3797 1490 3841 et
1516 3788 1718 3858 justitia
1743 3787 1806 3842 de

219 3882 345 3936 ctelo
373 3881 630 3952 prospexit
659 3877 679 3954 (
705 3879 844 3935 Psat.
876 3894 1090 3944 uxnv,
1121 3877 1188 3933 12
1207 3878 1246 3949 ).
1279 3877 1487 3934 Veritas
1507 3894 1624 3948 qute
1644 3889 1724 3934 est
1753 3883 1805 3934 in

218 3974 340 4029 sinu
371 3973 548 4027 Patris
567 4013 581 4038 ,
610 3971 676 4026 de
701 3980 842 4026 terra
871 3980 987 4025 orta
1015 3979 1132 4035 est,
1162 3978 1220 4023 ut
1246 3978 1387 4024 esset
1413 3969 1572 4024 etiam
1604 3970 1655 4024 in
1684 3970 1804 4025 sinu

219 4064 428 4118 matris.
452 4061 660 4117 Veritas
688 4075 789 4132 qua
820 4060 1048 4114 mundus
1077 4060 1400 4126 continetur,
1425 4059 1491 4114 de
1521 4069 1657 4114 terra
1687 4069 1804 4114 orta

216 4162 322 4219 est,
348 4161 407 4207 ut
435 4150 680 4206 femineis
704 4149 945 4204 manibus
973 4158 1291 4219 portaretur.
1320 4149 1526 4206 Veritas
1545 4166 1646 4220 qua
1676 4151 1802 4205 bea-

219 4243 394 4298 titudo
429 4241 755 4311 Angelorum
803 4239 1273 4309 ineorruptibiliter
1308 4240 1501 4306 alitur,
1546 4239 1614 4294 de
1663 4248 1802 4294 terra

217 4342 338 4388 orta
364 4340 484 4399 est,
526 4338 586 4386 ut
609 4329 909 4385 carnalibus
947 4329 1197 4384 uberibus
1239 4330 1544 4385 laetaretur.
1598 4329 1802 4386 Veritas

218 4423 302 4478 cui
321 4422 522 4480 emtum
546 4435 650 4476 non
676 4419 890 4486 sufﬁcit,
919 4419 986 4475 de
1009 4428 1148 4475 terra
1170 4429 1284 4475 orta
1309 4429 1411 4486 est,
1441 4430 1499 4476 ut
1520 4421 1571 4476 in
1602 4437 1799 4490 pra'se-

219 4515 308 4584 pio
335 4522 646 4584 poneretur.
694 4511 857 4582 Cujus
903 4511 1041 4567 bono
1079 4513 1130 4566 in
1161 4521 1302 4567 tanta
1337 4512 1634 4571 humilitate
1660 4517 1804 4571 venit

222 4613 370 4659 tanta
411 4601 748 4657 sublimitas?
789 4601 932 4657 Nulli
974 4601 1153 4672 utique
1178 4617 1315 4669 suo;
1355 4603 1450 4658 sed
1492 4620 1684 4677 magno
1709 4648 1724 4672 ,
1755 4607 1800 4662 si

219 4696 515 4760 credimus,
545 4703 751 4750 nostra.
787 4693 1166 4765 Espcrgiscere
1190 4736 1204 4761 ,
1231 4694 1391 4751 homo
1424 4715 1436 4751 :
1465 4712 1562 4767 pro
1591 4707 1640 4755 te
1662 4699 1804 4756 Deus

218 4788 394 4843 lactus
418 4793 503 4841 est
521 4783 700 4840 homo.
731 4784 917 4855 Surge,
944 4785 1031 4853 qui
1057 4785 1274 4853 dormis,
1297 4795 1344 4840 et
1369 4803 1581 4859 exsurge
1605 4805 1637 4843 α
1663 4807 1799 4845 mor-

217 4881 342 4945 tuis,
373 4885 424 4932 et
448 4875 755 4930 illuminabit
779 4883 826 4928 te
849 4875 1079 4929 Christus
1102 4874 1315 4944 (Ephes.
1345 4891 1398 4942 v,
1432 4876 1541 4949 14).
1573 4878 1675 4933 Pro
1713 4887 1763 4934 te
1783 4920 1798 4942 ,

218 4971 462 5042 inquam,
494 4967 634 5021 Deus
670 4965 836 5020 lactus
862 4973 944 5020 est
972 4963 1153 5020 homo.
1182 4965 1238 5019 In
1276 4976 1532 5022 internum
1561 4978 1801 5025 mortuus

217 5074 407 5126 esses,
443 5057 545 5112 nisi
566 5057 618 5111 in
649 5065 886 5126 tempore
921 5063 1076 5110 natus
1099 5065 1260 5111 esset.
1291 5055 1570 5128 Nunquam
1604 5057 1800 5114 libera-

219 5152 359 5208 reris
382 5163 417 5204 a
465 5161 626 5204 carne
652 5147 852 5218 peccati
873 5188 888 5214 ,
924 5147 1024 5202 nisi
1049 5146 1371 5218 suscepisset
1403 5149 1800 5206 similitudinem

278 5325 300 5391 ι
327 5323 460 5391 Apud
481 5329 611 5391 ιρῖτ,
632 5318 770 5391 illam
789 5318 1021 5391 quianon
1042 5319 1182 5372 habet
1199 5318 1372 5387 ﬁnem,
1411 5321 1554 5378 istam
1582 5339 1692 5391 qua:
1713 5341 1800 5380 nec

211 5379 408 5437 initium
431 5379 702 5433 habuit'nec
724 5379 886 5446 ﬁnem.
951 5390 1023 5446 tu,
1065 5443 1073 5446 Α
1159 5431 1163 5434 .

279 5448 300 5476 ⁵
322 5448 397 5495 sic
547 5452 599 5494 At
621 5443 748 5502 Iovi,
776 5451 906 5492 tanta
927 5443 1164 5495 ditinitas.

279 5509 298 5525 '
319 5507 608 5554 Emendatus
630 5512 705 5554 est
726 5506 785 5552 ad
809 5504 870 5554 cl.
898 5520 945 5554 ιι.
969 5519 1012 5554 r.
1052 5521 1096 5556 v.
1135 5513 1243 5556 Lov.

301 5582 332 5617 ιι
383 5567 524 5625 Alias,
547 5568 609 5615 de
629 5567 838 5615 Diversis
859 5566 936 5615 62.

278 5569 355 5690 ibi
376 5635 510 5677 Hunc
547 5630 744 5676 maxime
783 5629 936 5677 tribttil

299 5626 510 5696 b)_Hunc
547 5630 744 5696 maxime
783 5629 950 5696 tribuit
985 5629 1260 5696 Navarricus
1290 5629 1446 5696 codex
1483 5644 1495 5678 :
1538 5638 1798 5696 augustino

211 5693 382 5760 fateri
407 5690 889 5762 mnuscri_pti,icu‘jns
907 5703 1084 5740 revera
1107 5690 1265 5740 stilum
1290 5691 1366 5740 hic
1387 5690 1730 5757 deprehendes
1748 5709 1800 5751 et

211 5751 244 5801 ii
265 5754 491 5814 genium,
515 5765 610 5800 non
635 5751 834 5801 Maximi.

503 6005 550 6038 κ

1579 364 1804 422 SERMO
1842 365 2139 422 CLXXXV.

3395 380 3499 436 998

1927 481 2103 535 carnis
2134 482 2352 550 peccati.
2402 481 2665 554 Perpetua
2699 496 2749 542 te
2779 488 3076 559 possideret
3119 490 3369 560 miseria,
3399 501 3499 550 nisi

1929 570 2078 642 fieret
2116 571 2231 628 hmc
2277 573 2659 630 misericordia.
2705 575 2822 633 Non
2876 581 3191 648 revixisscs,
3248 585 3348 638 nisi
3397 596 3502 640 ture

1927 662 2084 717 morti
2117 663 2471 720 convenisset.
2504 665 2818 734 Defecisses,
2843 670 2944 724 nisi
2983 671 3336 728 subvenisset.
3351 676 3500 732 .Per-

1927 751 2060 807 isses
2077 793 2094 818 ,
2123 753 2228 809 nisi
2254 755 2508 811 venisset.

1926 881 1932 885 .
1995 841 2222 899 CAPUT
2261 844 2324 898 ll.
2351 876 2420 885 —
2441 845 2495 900 2.
2527 845 2737 902 Iustitia
2761 849 3106 906 incarnatione
3129 853 3313 908 Christi
3359 857 3502 910 nobis

1924 931 2102 986 allata.
2134 933 2472 990 Celebremus
2499 938 2607 992 lani
2646 947 2843 994 nostra:
2879 943 3063 996 salutis
3091 950 3145 997 et
3174 944 3496 1015 redemptio-

1925 1025 2008 1079 nis
2031 1025 2337 1082 adventum.
2365 1028 2712 1086 Celebremus
2731 1030 2923 1088 festum
2955 1035 3112 1099 diem,
3147 1052 3250 1106 quo
3277 1055 3498 1108 magnus

1923 1123 1978 1170 et
1999 1125 2228 1172 aeternus
2253 1117 2368 1173 dies
2391 1133 2458 1174 ex
2479 1135 2670 1192 magno
2705 1131 2763 1178 et
2782 1132 2984 1180 artcrno
3009 1125 3093 1180 die
3115 1127 3257 1181 venit
3278 1129 3328 1182 in
3361 1130 3500 1183 hunc

1926 1215 2163 1261 nostrum
2205 1217 2310 1262 tam
2338 1209 2551 1266 brevem
2575 1213 2917 1282 temporalem
2940 1215 3101 1271 diem.
3136 1217 3230 1272 Hic
3255 1228 3327 1273 est
3356 1221 3501 1275 nobis

1925 1298 2090 1368 factus
2106 1300 2327 1369 justitia,
2358 1309 2403 1354 et
2427 1303 2780 1372 sanctiﬁcatio,
2811 1315 2858 1358 et
2881 1307 3190 1377 redemptio:
3219 1320 3294 1374 ut,
3326 1327 3500 1379 quem-

1923 1387 2196 1442 admodum
2240 1391 2479 1462 scriptum
2507 1402 2597 1453 est.
2629 1392 2727 1460 Qui
2763 1396 3028 1465 gloriatur,
3064 1399 3116 1450 in
3144 1397 3360 1452 Domino
3385 1400 3499 1470 glo-

1922 1481 2078 1534 rietur
2098 1483 2140 1551 (I
2163 1481 2277 1535 Cor.
2299 1499 2334 1549 ι,
2352 1485 2419 1538 50
2438 1494 2484 1538 et
2505 1486 2616 1556 51).
2653 1486 2718 1541 Ut
2737 1489 2877 1541 enim
2905 1489 3166 1558 super-bim
3187 1491 3496 1545 Jndmornm

1921 1571 2121 1625 similes
2150 1587 2252 1627 non
2281 1589 2539 1641 essemus,
2588 1578 2676 1646 qui
2706 1578 2993 1647 ignorantes
3040 1579 3132 1634 Dei
3149 1583 3419 1651 justitiam,
3451 1594 3496 1635 et

1920 1677 2065 1714 suam
2084 1664 2296 1718 volentes
2325 1667 2638 1731 constituere,
2660 1669 2876 1738 justitia:
2910 1668 3006 1722 Dei
3033 1687 3130 1724 non
3148 1683 3262 1725 sunt
3288 1674 3499 1743 subjecti

1922 1751 2093 1822 (Rom.
2123 1771 2176 1819 x,
2211 1755 2265 1826 '5)
2291 1773 2302 1808 :
2329 1768 2605 1826 propterea
2630 1747 2750 1814 eum
2776 1762 3018 1829 dixisset,
3058 1763 3253 1819 Veritas
3277 1768 3337 1820 de
3365 1779 3500 1822 terra

1919 1853 2028 1898 orta
2055 1857 2127 1901 est
2143 1862 2164 1911 ,°
2194 1864 2314 1902 mox
2344 1849 2564 1917 addidit,
2596 1862 2642 1904 et
2655 1853 2856 1922 justitia
2877 1855 2940 1906 de
2959 1857 3081 1909 ctelo
3108 1860 3362 1926 prospexit
3391 1876 3409 1913 :
3431 1877 3498 1914 ne

1918 1935 2016 1988 sibi
2037 1950 2154 1991 eam
2194 1939 2430 1994 mortalis
2456 1939 2734 1996 inﬁrmitas
2761 1953 3054 2013 arrogaret,
3078 1963 3145 2001 ne
3173 1948 3270 2002 ista
3297 1965 3388 2004 sua
3411 1952 3496 2005 di-

1917 2035 2084 2092 ceret,
2115 2035 2168 2082 et
2213 2043 2272 2083 se
2314 2027 2472 2084 homo
2499 2045 2530 2085 a
2557 2046 2615 2086 se
2641 2033 2758 2101 ipso
2781 2033 3079 2102 iustiﬁcari,
3115 2039 3214 2092 hoc
3255 2047 3336 2092 est
3363 2055 3393 2092 a
3437 2057 3496 2094 se

1913 2115 2112 2184 justum
2146 2118 2257 2173 fieri
2286 2121 2532 2186 credens,
2564 2123 2653 2177 Dei
2675 2122 2934 2192 justitiam
2971 2138 3260 2187 recusaret.
3303 2129 3496 2184 Veritas

1916 2221 2044 2278 ergo
2073 2209 2136 2263 de
2154 2218 2286 2263 terra
2302 2221 2414 2264 orta
2439 2221 2512 2266 est
2535 2229 2555 2268 :
2581 2212 2826 2268 Christus
2855 2217 2942 2286 qui
2971 2217 3120 2283 dixit,
3156 2219 3263 2289 Ego
3280 2238 3390 2274 sum
3415 2237 3497 2275 ve-

1916 2299 2040 2351 ritas
2070 2296 2243 2368 (Joan.
2275 2315 2388 2366 xw,
2407 2300 2484 2372 6),
2513 2301 2579 2357 de
2599 2303 2801 2374 virgine
2823 2315 2976 2360 natus
2997 2317 3099 2362 est.
3127 2307 3195 2362 Et
3212 2311 3413 2379 justitia
3433 2312 3498 2364 de

1917 2390 2040 2444 calo
2069 2393 2328 2460 prospexit
2358 2409 2378 2446 :
2403 2394 2651 2464 quoniam
2689 2395 2915 2452 credens
2958 2398 3011 2453 in
3062 2414 3184 2454 eum
3215 2401 3304 2470 qui
3341 2412 3496 2457 natus

1917 2488 2019 2545 est,
2049 2497 2157 2536 non
2186 2483 2346 2539 homo
2381 2497 2409 2537 a
2439 2499 2499 2540 se
2521 2486 2656 2554 ipso,
2696 2487 2789 2542 sed
2834 2503 2864 2542 a
2917 2489 3024 2544 Deo
3047 2491 3364 2560 justilicatus
3389 2507 3492 2550 est.

1926 2571 2119 2629 Veritas
2143 2577 2206 2630 de
2233 2585 2366 2631 terra
2390 2588 2501 2632 orta
2520 2587 2592 2633 est
2621 2595 2640 2634 :
2664 2580 2785 2650 quia
2822 2578 3035 2634 Verbum
3069 2599 3188 2636 caro
3213 2588 3403 2656 factum
3423 2597 3496 2640 est

1915 2663 2024 2736 (Id.
2041 2681 2080 2731 ι,
2101 2667 2210 2736 ll).
2227 2666 2294 2720 Et
2294 2668 2498 2738 justitia
2513 2669 2576 2724 de
2586 2670 2710 2726 caelo
2721 2672 2974 2743 prospexit
2993 2687 3012 2726 :
3027 2673 3146 2743 quia
3165 2691 3310 2729 omne
3320 2677 3496 2731 datum

1914 2757 2158 2826 optimum
2174 2768 2219 2811 et
2243 2774 2390 2812 omne
2403 2759 2593 2814 donum
2618 2764 2892 2833 perfectum
2918 2763 3181 2819 desursum
3201 2776 3273 2819 est
3293 2764 3495 2836 (Jacobi

1914 2861 1960 2911 ι,
1995 2848 2109 2917 17).
2149 2847 2344 2904 Veritas
2361 2849 2424 2904 de
2447 2859 2581 2904 terra
2599 2861 2710 2906 orta
2728 2863 2827 2918 est,
2856 2869 2982 2908 caro
3018 2855 3087 2910 de
3110 2856 3289 2911 Maria.
3317 2856 3383 2911 Et
3397 2859 3494 2928 ju-

1912 2937 2048 2989 stitia
2065 2937 2128 2990 de
2149 2939 2272 2992 caelo
2295 2941 2554 3009 prospexit
2583 2956 2602 2995 :
2632 2941 2754 3010 quia
2780 2959 2881 2996 non
2907 2953 3065 3012 potest
3094 2945 3242 3000 homo
3267 2948 3496 3018 accipere

1911 3025 2217 3094 quidquam,
2245 3028 2343 3081 nisi
2363 3029 2514 3097 fuerit
2537 3031 2584 3083 ei
2608 3031 2784 3084 datum
2822 3031 2886 3086 de
2910 3034 3034 3088 caelo
3063 3032 3242 3105 (Joan.
3271 3052 3348 3100 ut,
3377 3037 3491 3108 27).

1981 3114 2210 3172 CAPUT
2256 3118 2342 3173 Ill.
2369 3148 2440 3159 —-
2464 3121 2519 3176 5.
2551 3119 2728 3175 Gloria
2757 3121 2854 3178 Dei
2890 3124 2942 3178 in
2981 3124 3239 3181 hominum
3274 3129 3493 3199 gratuita

1904 3206 2284 3275 justi/icatione.
2309 3208 2670 3277 —Justificati
2692 3212 2912 3282 igiturea:
2947 3213 3067 3282 ﬁde,
3101 3231 3275 3285 pacem
3304 3218 3494 3272 habea-

1912 3310 2022 3349 mus
2049 3297 2117 3348 ad
2142 3293 2302 3350 Deum
2332 3314 2421 3368 per
2438 3297 2715 3356 Dominum
2742 3312 2965 3356 nostrum
2993 3303 3168 3358 Iesum
3199 3305 3494 3372 Christum;

1912 3401 2002 3455 per
2019 3401 2164 3455 quem
2189 3395 2236 3439 et
2263 3403 2516 3442 accessum
2536 3389 2774 3445 habemus
2798 3392 2850 3444 in
2871 3394 3087 3461 gratiam
3121 3395 3285 3458 istam,
3311 3399 3362 3450 in
3391 3414 3492 3466 qua

1910 3484 2119 3538 stamus,
2148 3487 2195 3532 et
2215 3479 2495 3549 gloriamur
2532 3483 2583 3532 in
2611 3497 2700 3550 spe
2725 3481 2901 3550 gloria:
2929 3480 3004 3552 (α)
3035 3482 3130 3536 Dei
3156 3483 3329 3555 (llam.
3357 3503 3406 3550 v,
3437 3489 3486 3552 1,

1909 3568 1989 3639 2).
2037 3569 2149 3634 llis,
2191 3570 2399 3635 fratres,
2430 3586 2548 3640 (pne
2586 3587 2792 3625 mecum
2847 3575 3268 3642 recognoscitis,
3311 3577 3490 3645 paucis

1910 3659 2214 3728 apostolicis
2240 3659 2436 3725 verbis,
2453 3675 2616 3729 pauca
2641 3661 2798 3716 verba
2821 3663 3006 3731 psalmi
3027 3662 3181 3732 hujus
3195 3665 3489 3721 admiscere

1909 3750 2158 3815 delectat,
2185 3760 2238 3805 et
2261 3753 2660 3807 consonantiam
2688 3753 2941 3823 reperire.
2965 3753 3243 3823 Justiﬁcati
3277 3773 3340 3811 ea:
3359 3759 3484 3826 ﬁde,

1910 3858 2080 3912 pacem
2093 3841 2364 3898 habeamus
2382 3844 2450 3896 ad
2467 3843 2628 3897 Deum
2656 3860 2675 3898 :
2701 3845 2823 3914 quia
2839 3847 3041 3915 justitia
3063 3858 3110 3902 et
3131 3864 3232 3918 pas:
3251 3851 3490 3905 osculum

1909 3943 2023 3986 sunt
2048 3933 2274 3987 invicem.
2312 3932 2414 3987 Per
2442 3921 2710 3988 Dominum
2735 3946 2958 3990 nostrum
2980 3936 3156 3993 Iesum
3191 3940 3443 3996 Christum
3466 3957 3487 3995 :

1908 4025 2030 4094 quia
2091 4022 2281 4078 Veritas
2320 4027 2382 4079 de
2419 4037 2550 4080 terra
2580 4037 2692 4081 orta
2730 4039 2821 4083 est.
2859 4027 2958 4084 I’er
2985 4046 3130 4100 quem
3160 4041 3206 4084 ct
3232 4048 3487 4087 accessum

1911 4115 2147 4170 habemus
2171 4117 2223 4169 in
2249 4117 2464 4186 gratiam
2490 4119 2658 4184 istam,
2693 4119 2746 4172 in
2772 4135 2871 4189 qua
2897 4130 3110 4185 stamus,
3138 4131 3184 4174 ct
3209 4124 3488 4192 gloriamur

1906 4207 1956 4260 in
1981 4223 2070 4276 spe
2093 4208 2266 4277 gloria:
2290 4206 2402 4260 Dei.
2434 4207 2549 4262 Non
2569 4209 2662 4275 ait,
2689 4208 2884 4264 Gloria:
2904 4220 3098 4266 nostra:
3119 4229 3132 4277 ;
3157 4215 3248 4267 sed
3265 4254 3280 4277 ,
3311 4213 3489 4282 gloria

1907 4299 2005 4354 Dei
2030 4316 2050 4353 :
2073 4301 2191 4370 quia
2211 4302 2412 4370 justitia
2436 4316 2539 4355 non
2560 4300 2628 4356 de
2655 4301 2808 4356 nobis
2839 4303 3115 4372 processit,
3148 4305 3242 4360 sed
3271 4306 3334 4358 de
3358 4305 3488 4362 calo

1908 4393 2181 4464 prospexit.
2212 4392 2353 4464 Ergo
2377 4394 2465 4464 qui
2499 4393 2774 4464 gloriatur,
2807 4408 2914 4450 non
2951 4393 3004 4449 in
3045 4397 3139 4462 ‘se,
3167 4395 3262 4450 sed
3291 4397 3345 4451 in
3378 4395 3486 4452 Do-

1907 4485 2041 4538 mino
2069 4484 2328 4556 glorietur.
2358 4483 2492 4539 llinc
2514 4485 2656 4540 enim
2680 4493 2734 4539 et
2753 4491 2878 4540 nato
2901 4500 2968 4540 ex
2997 4485 3209 4557 Virgine
3236 4485 3485 4555 Domino,

1905 4577 2054 4648 cujus
2095 4577 2233 4634 diem
2283 4576 2522 4633 Natalem
2573 4576 2733 4633 hodie
2771 4577 3122 4643 celebramus,
3163 4582 3487 4650 praeconium

1906 4670 2053 4725 vocis
2079 4669 2330 4741 angelicce
2353 4669 2548 4726 factum
2599 4678 2678 4726 est
2703 4669 2924 4725 :Ctoria
2958 4671 3011 4725 in
3049 4671 3257 4726 excelsis
3284 4671 3412 4739 Deo,
3441 4682 3490 4726 et

1905 4761 1960 4815 in
1978 4771 2110 4816 terra
2130 4778 2234 4832 pax
2252 4763 2533 4818 hominibus
2552 4762 2695 4817 bona
2721 4763 2989 4816 uoluntatis
3023 4762 3169 4833 (Luc.
3198 4779 3254 4828 ιι,
3289 4761 3399 4835 14).
3428 4763 3488 4820 ιιι

1907 4860 2048 4908 terra
2065 4853 2206 4908 enim
2236 4868 2340 4923 pax
2356 4853 2515 4920 unde,
2531 4853 2630 4906 nisi
2654 4852 2778 4922 quia
2808 4850 3004 4906 Veritas
3031 4854 3093 4906 de
3103 4861 3236 4905 terra
3254 4863 3365 4905 orta
3387 4861 3482 4918 est,

1907 4943 1959 4999 id
1985 4951 2086 5011 est,
2118 4944 2358 4999 Christus
2396 4944 2464 4998 de
2514 4958 2674 4998 carne
2695 4953 2848 4998 natus
2876 4945 2998 4998 est?
3050 4945 3115 4998 Et
3141 4945 3248 5014 ipse
3266 4953 3339 4998 est
3375 4961 3480 5014 pas:

1906 5047 2077 5092 nostra
2095 5037 2182 5107 qui
2203 5037 2319 5106 fecit
2345 5045 2556 5106 utraque
2573 5040 2735 5089 unum
2761 5034 2974 5106 (Ephes.
3003 5052 3061 5101 ιι,
3097 5035 3183 5107 ll)
3215 5053 3228 5089 :
3257 5044 3314 5089 ut
3334 5050 3484 5090 esse-

1905 5142 2025 5182 mus
2046 5126 2286 5181 homines
2318 5123 2471 5180 bona:
2499 5124 2799 5191 voluntatis,
2842 5124 3075 5180 suaviter
3110 5125 3337 5180 connexi
3369 5126 3483 5179 viu-

1903 5220 2039 5275 culis
2091 5218 2326 5272 unitatis.
2357 5215 2413 5272 In
2443 5217 2539 5271 hac
2588 5217 2745 5286 igitur
2766 5217 2932 5288 gratia
2961 5216 3303 5286 gaudeamus,
3331 5224 3386 5269 ut
3416 5215 3485 5269 sit

1906 5311 2071 5380 gloria
2101 5318 2279 5362 nostra
2307 5307 2663 5363 testimonium
2686 5308 3022 5362 conscientiae
3051 5314 3244 5361 nostra:
3276 5306 3337 5378 (ll
3358 5306 3479 5360 Cor.

1908 5419 1943 5469 ι,
1971 5400 2058 5474 12)
2085 5419 2097 5455 :
2126 5400 2212 5454 ubi
2243 5417 2347 5455 non
2394 5399 2446 5454 in
2474 5401 2644 5464 nobis,
2678 5399 2771 5454 sed
2802 5401 2852 5453 in
2899 5400 3124 5454 Domino
3166 5399 3477 5469 gloriemur.

1963 5515 2318 5578 (0}Wm
2357 5517 2545 5573 trabeis,
2571 5515 2657 5578 qui
2701 5527 2795 5578 nee
2827 5514 3004 5578 habent
3039 5513 3166 5578 quod
3198 5512 3386 5562 additur
3431 5513 3480 5561 in

1903 5573 2132 5640 Vulgata,
2178 5573 2407 5639 ﬁliorum.
2461 5573 2607 5626 tjnde'
2635 5585 2688 5627 et
2728 5573 3095 5640 't'heophilat-tus
3137 5577 3483 5640 interpretatur

1903 5640 1948 5688 in
1986 5653 2075 5701 Spe
2117 5640 2383 5701 bonorum,
2423 5652 2532 5700 qua:
2571 5640 2708 5686 nobis
2744 5639 3032 5695 otwenient,
3067 5651 3160 5686 non
3205 5649 3276 5701 es
3307 5639 3484 5701 merito

1903 5696 2086 5755 nostro,
2109 5699 2197 5748 sed
2220 5709 2272 5750 ιιι
2294 5696 2588 5764 gloriﬁcetur
2623 5707 2767 5750 Deus.
2928 5712 3069 5748 secus
3104 5699 3304 5761 exponit
3340 5696 3483 5758 (2hr)-

1902 5769 2162 5812 sostomus.
