3886 6188
393 236 498 293 999

369 359 529 428 ,llinc
575 361 716 415 enim
764 360 959 416 dictum
993 371 1093 428 est,
1126 360 1302 416 Gloria
1335 379 1462 428 mea,
1495 374 1543 417 et
1568 364 1797 418 exultans
1824 374 1975 432 caput

391 465 557 502 meum
576 449 745 518 (Psal.
773 467 847 514 ιιι,
869 451 943 521 4).
971 451 1103 506 Nam
1131 469 1247 523 qua:
1277 453 1446 524 major
1465 454 1628 524 gratia
1655 455 1748 512 Dei
1770 457 1785 487 ¹
1825 457 1976 510 notus

391 541 560 608 potuit
609 540 936 607 illucescere,
967 560 1124 612 quam
1180 555 1238 598 ut
1259 541 1460 600 habens
1507 546 1833 616 unigenitum
1884 546 1972 600 Fi-

390 630 539 694 lium,
574 631 768 686 faceret
793 648 914 686 eum
944 635 1172 688 hominis
1221 636 1382 689 (ilium
1410 678 1424 702 ,
1454 646 1611 708 atque
1641 639 1710 692 ita
1741 640 1971 695 vicissim

389 717 620 775 hominis
663 721 850 788 filium,
885 723 1080 780 faceret
1109 726 1200 780 Dei
1233 726 1458 782 Filium?
1487 728 1676 796 Qumre
1700 730 1968 797 meritum,

385 825 566 879 qmere
595 828 830 879 oausam,
862 833 1041 884 qumre
1063 816 1322 886 justitiam
1351 835 1365 886 ;
1393 829 1440 874 et
1475 820 1595 876 vide
1625 830 1797 878 utrum
1820 822 1971 877 iuve-

384 900 500 953 nias
525 901 626 955 nisi
653 905 896 972 gratiaru.

805 1017 1033 1073 SERMO
1069 1020 1374 1076 CLXXXVI
1405 1024 1541 1092 ‘(a).

910 1117 960 1158 tu
983 1111 1130 1161 Natali
1148 1115 1347 1173 Domini,
1374 1129 1440 1163 ιιι.

449 1187 672 1244 CAPUT
693 1190 978 1247 PRIMUM.
1005 1224 1061 1233 —
1088 1196 1136 1248 1.
1154 1194 1380 1250 Christus
1395 1198 1600 1266 virginis
1617 1207 1762 1268 partu
1780 1199 1961 1254 editus.

378 1277 737 1335 lncarnatione
751 1282 886 1338 Deus
899 1301 1004 1340 esse
1017 1302 1116 1340 non
1137 1287 1342 1340 destitit.
1362 1287 1718 1354 Gaudeamus,
1738 1290 1811 1344 fra
1819 1300 1926 1345 tres
1947 1310 1959 1346 :

378 1369 622 1426 laetentur
639 1381 693 1427 et
715 1375 978 1430 exsultent
1005 1387 1211 1446 gentes.
1237 1377 1399 1433 Istum
1417 1379 1558 1434 diem
1589 1380 1740 1435 nobis
1761 1396 1864 1435 non
1881 1383 1960 1436 sol

377 1460 476 1516 iste
497 1462 739 1529 visibilis,
759 1465 852 1520 sed
876 1467 1094 1523 Creator
1122 1470 1284 1537 ipsius
1302 1471 1582 1526 invisibilis
1599 1473 1957 1538 consecravit;

374 1554 585 1621 quando
606 1572 725 1611 eum
743 1573 838 1626 pro
855 1559 1007 1613 nobis
1019 1559 1277 1615 visibilem
1298 1560 1514 1625 factum,
1535 1579 1561 1615 a
1585 1578 1690 1633 quo
1710 1563 1956 1618 invisibili

373 1654 428 1698 et
453 1645 562 1714 ipsa
606 1661 782 1703 creata
833 1658 936 1716 est,
970 1651 1261 1706 visceribus
1287 1652 1527 1708 fecundis
1565 1664 1616 1709 et
1640 1655 1958 1723 genitalibus

373 1737 595 1809 integris
613 1740 773 1811 Virgo
801 1742 966 1796 Mater
993 1743 1195 1799 effudit.
1219 1744 1534 1814 Concipiens
1559 1747 1725 1815 virgo,
1745 1745 1956 1815 pariens

371 1829 742 1902 virgo',virgo
769 1835 1006 1902 gravida,
1035 1836 1182 1904 virgo
1202 1837 1325 1899 feta,
1350 1837 1497 1905 virgo
1528 1846 1796 1906 perpetrm.
1819 1838 1953 1904 Quid

373 1921 585 1976 miraris
601 1922 733 1987 htec,
756 1939 789 1977 ο
804 1923 1002 1979 homo?
1029 1926 1195 1980 Deum
1215 1926 1292 1981 sic
1314 1927 1457 1982 nasci
1473 1928 1726 1996 oportuit,
1744 1927 1953 1998 quando

369 2024 490 2064 esse
515 2011 758 2081 dignatus
787 2021 870 2066 est
918 2012 1096 2066 homo.
1149 2014 1329 2069 Talem
1361 2015 1484 2076 fecit
1529 2015 1694 2082 illam,
1734 2018 1823 2088 qui
1870 2026 1953 2073 est

370 2099 540 2155 factus
566 2117 630 2156 ex
655 2102 762 2155 illa.
816 2103 1112 2173 Antequam
1147 2106 1288 2160 enim
1318 2105 1468 2160 fieret
1488 2147 1502 2173 ,
1552 2117 1664 2162 erat
1694 2125 1706 2160 :
1735 2117 1789 2162 et
1827 2109 1949 2178 quia

369 2190 708 2259 omnipotens
735 2205 868 2256 erat,
901 2193 1016 2247 ﬁeri
1043 2194 1214 2264 potuit
1245 2211 1469 2250 manens
1515 2196 1658 2266 quod
1686 2205 1818 2252 erat.
1846 2197 1943 2252 [τοι

365 2282 442 2336 cit
469 2283 567 2338 sibi
591 2292 832 2350 matrem,
862 2299 982 2339 cum
1011 2296 1153 2340 esset
1180 2285 1318 2355 apud
1344 2286 1556 2342 Patrem
1581 2305 1594 2340 :
1627 2297 1815 2343 etcum
1848 2291 1946 2344 lie-

365 2383 451 2428 ret
487 2388 552 2428 ex
593 2385 780 2438 matre,
806 2376 1000 2430 mansit
1047 2377 1098 2430 in
1127 2375 1304 2432 Patre.
1353 2377 1632 2445 Quomodo
1663 2379 1802 2435 Deus
1827 2395 1947 2436 esse

363 2463 666 2530 desisteret,
710 2483 831 2521 cum
861 2466 1023 2522 homo
1069 2483 1187 2526 esse
1219 2469 1402 2537 coepit,
1430 2469 1517 2538 qui
1563 2471 1805 2539 genitrici
1835 2486 1945 2526 sua:

364 2559 612 2630 praestitit
637 2575 704 2614 ne
729 2560 1013 2615 desisteret
1054 2561 1204 2630 virgo
1229 2574 1370 2628 esse,
1393 2576 1513 2615 cum
1540 2563 1743 2631 peperit
1764 2564 1787 2616 ?
1808 2563 1941 2618 Pro~

361 2649 487 2706 inde
497 2651 639 2722 quod
660 2651 886 2707 Verbum
902 2667 1028 2706 caro
1047 2651 1240 2708 factum
1260 2659 1362 2720 est,
1380 2668 1486 2708 non
1506 2653 1733 2709 Verbum
1758 2655 1808 2709 in
1829 2671 1944 2710 car-

360 2758 484 2799 nem
524 2743 792 2812 pereundo
817 2744 978 2799 cessit
1005 2760 1020 2808 ;
1062 2741 1157 2799 sed
1195 2758 1319 2800 caro
1355 2743 1421 2800 ad
1448 2743 1700 2810 Verbum,
1733 2761 1798 2800 ne
1827 2747 1940 2816 ipsa

357 2834 577 2904 periret,
593 2835 848 2889 accessit!
891 2833 1404 2904 utquemadmodum
1419 2834 1578 2890 homo
1593 2845 1673 2891 est
1689 2836 1862 2891 anima
1885 2845 1937 2892 et

357 2941 503 2992 caro,
525 2926 606 2981 sic
621 2933 764 2980 esset
790 2923 1031 2980 Christus
1054 2925 1196 2980 Deus
1219 2935 1274 2981 et
1297 2925 1476 2980 homo.
1512 2926 1653 2980 Idem
1681 2927 1820 2982 Deus
1846 2928 1934 2997 qui

353 3013 539 3082 homo,
570 3023 625 3070 et
643 3016 730 3085 qui
759 3014 899 3070 Deus
923 3014 1062 3070 idem
1092 3016 1251 3070 bomo
1279 3033 1295 3070 :
1327 3031 1434 3072 non
1451 3015 1760 3071 confusione
1785 3025 1936 3071 natu-

353 3120 448 3170 rae,
481 3105 575 3160 sed
597 3105 799 3160 unitate
823 3119 1084 3174 personae.
1128 3105 1367 3176 Denique
1399 3106 1487 3175 qui
1516 3104 1681 3160 Filius
1716 3106 1810 3161 Dei
1838 3122 1933 3175 ge-

351 3197 560 3252 neranti
600 3207 683 3252 est
725 3205 1022 3252 coaeternus
1063 3213 1275 3267 semper
1315 3214 1380 3253 ex
1407 3199 1581 3262 Patre,
1625 3198 1764 3254 idem
1793 3200 1932 3256 ﬁlius

349 3284 581 3343 hominis
605 3303 726 3344 esse
753 3289 914 3358 erepit
940 3303 1005 3344 est
1033 3287 1269 3358 Virgine.
1298 3289 1376 3344 Ac
1404 3289 1487 3346 sic
1509 3301 1560 3345 et
1590 3291 1706 3346 Filii
1732 3291 1928 3345 divini-

349 3378 445 3433 tati
471 3387 556 3434 est
581 3379 758 3434 addita
782 3379 1114 3440 humanitas;
1145 3388 1202 3435 et
1229 3388 1406 3435 tamen
1430 3397 1536 3435 non
1565 3391 1648 3436 est
1673 3397 1927 3452 persona-

346 3482 466 3522 rum
491 3466 631 3523 facta
659 3472 1007 3538 quateruitas,
1035 3468 1128 3524 sed
1155 3480 1432 3539 peunanet
1452 3471 1676 3526 trinitas.

415 3559 642 3614 CAPUT
668 3559 809 3614 ιι.--
824 3559 881 3613 2.
913 3559 1071 3614 Verbo
1095 3576 1194 3615 non
1211 3569 1403 3614 mutato
1418 3565 1582 3631 factus
1598 3573 1669 3616 est
1685 3562 1817 3618 idem
1833 3563 1927 3619 Dei

342 3658 390 3704 et
410 3649 624 3704 hominis
638 3650 796 3718 ﬁlius.
823 3649 1016 3722 Regula
1031 3652 1150 3720 ﬁdei
1157 3693 1170 3716 ,
1182 3651 1482 3723 symbolum.
1501 3652 1615 3708 Non
1637 3669 1764 3725 ergo
1777 3655 1927 3712 vobis

341 3739 590 3812 subrepat
604 3741 951 3812 quorumdam
968 3742 1229 3798 sententia
1241 3741 1416 3796 minus
1431 3751 1752 3798 attentorum
1771 3745 1822 3800 in
1847 3763 1926 3803 re-

338 3832 516 3900 gulam
536 3832 654 3887 lidei
677 3843 730 3886 et
758 3832 808 3886 in
840 3833 1230 3901 Scripturarum
1255 3835 1466 3887 oracula
1489 3834 1809 3889 divinarum.
1843 3837 1926 3892 Di-

336 3931 465 3976 cunt
482 3924 622 3977 enim
637 3939 651 3974 :
666 3923 764 3991 Qui
789 3924 926 3976 tilius
949 3932 1032 3978 est
1049 3923 1298 3990 hominis,
1325 3922 1493 3980 factus
1507 3933 1588 3979 est
1615 3924 1776 3980 Filius
1793 3926 1886 3983 Dei
1904 3944 1918 3993 ;

335 4016 426 4084 qui
443 4030 567 4070 vero
581 4015 747 4072 Filius
764 4026 843 4072 est
857 4015 970 4080 Dei,
989 4031 1095 4072 non
1111 4025 1193 4072 est
1205 4015 1374 4072 factus
1391 4017 1530 4073 illius
1545 4017 1794 4074 hominis.
1812 4018 1922 4076 Iloc

335 4115 395 4162 ut
429 4107 686 4172 dicerent,
714 4108 853 4178 quod
879 4123 1063 4163 verum
1092 4116 1175 4164 est
1203 4106 1570 4174 attenderunt;
1609 4107 1704 4164 sed
1734 4125 1918 4165 verum

334 4196 510 4265 eloqui
538 4212 642 4253 non
658 4198 958 4254 valuerunt.
976 4197 1115 4266 Quid
1135 4198 1276 4253 enim
1298 4198 1659 4264 attenderunt,
1681 4200 1778 4254 nisi
1795 4202 1916 4270 quia

337 4287 570 4345 humana
607 4299 793 4344 natura
821 4290 992 4358 potuit
1019 4290 1069 4342 in
1102 4289 1291 4344 melius
1316 4291 1655 4357 commutari,
1684 4290 1736 4344 in
1767 4291 1915 4347 dete-

336 4378 446 4432 rius
473 4387 650 4432 autem
677 4379 856 4432 divina
884 4395 990 4433 non
1020 4380 1232 4447 potuit?
1285 4379 1399 4436 Hoc
1441 4396 1626 4436 verum
1669 4389 1788 4436 est:
1819 4383 1913 4436 sed

336 4468 496 4521 etiam
525 4469 624 4530 sic,
671 4467 720 4522 id
765 4478 867 4532 est,
907 4485 1240 4538 nequaquam
1270 4471 1324 4524 in
1362 4470 1597 4527 deterius
1639 4471 1913 4528 divinitate

337 4567 558 4623 «tutata,
583 4559 815 4615 Verbum
847 4569 1023 4615 tamen
1069 4576 1196 4617 caro
1223 4562 1416 4618 factum
1443 4573 1543 4620 est.
1566 4565 1749 4636 Neque
1769 4568 1910 4623 enim

337 4653 408 4708 nit
429 4652 792 4724 Evangelium,
813 4651 957 4709 Caro
980 4653 1208 4710 Verbum
1240 4652 1375 4710 facta
1397 4664 1513 4723 est;
1540 4658 1633 4713 sed
1655 4659 1746 4722 ait,
1786 4657 1912 4713 Ver-

335 4745 446 4802 bum
472 4761 592 4800 euro
620 4747 807 4816 factum
831 4755 924 4800 est.
957 4745 1188 4802 Verbum
1218 4755 1398 4802 autem
1427 4747 1597 4814 Deus;
1627 4749 1748 4818 quia
1777 4749 1911 4806 Deus

329 4845 432 4892 erat
462 4835 677 4892 Verbum
711 4836 888 4910 (Joan.
915 4852 951 4904 ι,
981 4838 1089 4908 ll).
1125 4838 1190 4893 Et
1213 4839 1339 4910 quid
1381 4853 1536 4905 caro,
1573 4839 1671 4894 nisi
1702 4839 1910 4895 homo?

327 4928 442 4984 Non
471 4930 612 4984 enim
653 4931 770 4986 sine
805 4930 980 4985 anima
1009 4931 1063 4985 in
1087 4928 1304 4986 Christo
1329 4931 1562 4988 hominis
1585 4947 1731 4987 caro.
1757 4932 1909 4990 Unde

323 5022 419 5088 ait,
449 5021 628 5076 Tristis
649 5033 721 5077 est
747 5023 917 5077 anima
965 5039 1076 5077 mea
1110 5039 1268 5094 usque
1315 5024 1383 5078 ad
1411 5036 1621 5080 mortem
1642 5024 1664 5058 ⁸
1694 5025 1904 5096 (Matth.

383 5178 402 5252 ξ
425 5175 727 5252 ςξοιὺειιὶιιιιε
746 5184 829 5252 Ms.
849 5211 864 5236 ,
886 5176 1044 5252 gloria
1068 5176 1173 5228 Dei.

381 5241 402 5270 ι
427 5247 552 5302 Mss,
572 5251 855 5302 parmarum
873 5241 1021 5302 uirgo.

383 5301 405 5334 ³
425 5300 609 5370 Aliquot
639 5307 770 5357 Mss,
793 5301 890 5370 .sed
1084 5301 1313 5370 Verbum,
1347 5311 1443 5355 etc.
1481 5308 1535 5354 Et
1569 5307 1782 5370 quidam,
1817 5310 1904 5359 sed

320 5373 435 5411 eam
459 5359 678 5421 I'e'rbum,
704 5374 764 5410 ne
785 5359 890 5424 ipsa
907 5362 1110 5474 ἐθρήνει,
1131 5359 1331 5429 accepit.
1585 5359 1601 5369 ’
1761 5383 1766 5386 ·

384 5424 407 5454 ⁸
430 5424 730 5474 manserit-ui
770 5435 867 5472 non
942 5427 1088 5474 abeat
1104 5458 1120 5474 .
1169 5428 1304 5474 trude
1345 5425 1414 5474 ait
1434 5465 1449 5474 .
1501 5427 1663 5474 Tristis
1683 5436 1766 5474 est.

384 5424 730 5488 flauuscril-xti
770 5435 867 5472 non
890 5424 1120 5488 habent,
1169 5424 1304 5488 tjnde
1345 5425 1414 5478 ait
1434 5465 1449 5488 ,
1501 5427 1663 5480 Tristis
1683 5436 1770 5487 est.
1806 5440 1898 5482 etc.

321 5485 406 5588 pl;
424 5485 709 5588 lugendam
735 5492 813 5534 est
844 5485 901 5535 ad
925 5486 1049 5537 duos
1067 5488 1146 5538 ιιι).
1177 5487 1210 5534 f.
1236 5502 1310 5553 gr.
1337 5503 1385 5540 ιι.
1410 5485 1452 5540 r.
1479 5503 1523 5541 v.
1550 5490 1599 5540 d.
1626 5499 1678 5541 et
1700 5485 1800 5542 Am.
1824 5499 1898 5543 Er.

354 5551 418 5587 δι’.
443 5551 547 5593 ιον.

379 5624 450 5686 (α)
476 5627 614 5687 Αιιιι,
635 5629 700 5678 de
725 5637 963 5692 Tempore
999 5633 1056 5682 l9

1583 241 1639 296 s.
1680 230 2046 299 AUGUSTINI
2089 235 2384 302 EPlSCOI’l

3540 269 3672 328 ιωι)

2091 378 2233 425 xxvi,
2265 368 2460 459 δεμ-δί
2484 386 2611 459 ergo
2637 371 2869 429 Verbum
2901 368 3060 441 Deus.
3094 387 3150 434 et
3186 381 3346 436 homo
3367 400 3511 448 caro,
3545 391 3670 459 quid

2082 464 2162 508 est
2191 456 2354 520 aliud,
2390 457 2602 512 Verbum
2623 466 2809 526 factum
2827 475 2902 518 est
2930 483 3084 534 caro;
3107 469 3225 535 nisi,
3246 471 3344 542 Qui
3369 474 3507 529 Deus
3532 456 3667 543 erat,

2081 542 2252 598 factus
2278 556 2361 601 est
2387 550 2584 603 homo?
2614 553 2689 606 Ac
2721 569 2813 623 per
2837 555 2937 610 hoc
2959 560 3046 628 qui
3075 571 3189 615 erat
3220 563 3309 618 Dei
3369 566 3557 636 Filius,
3591 542 3671 623 fa?

2080 643 2198 688 ctus
2226 649 2309 690 cst
2351 637 2582 694 hominis
2622 641 2779 708 filius,
2807 651 3170 717 assumptione
3200 652 3467 712 inferioris
3487 696 3502 713 .
3559 675 3668 715 non

2076 729 2424 783 conversione
2455 732 2709 799 potioris;
2751 736 3060 806 accipiendo
3095 742 3232 810 quod
3265 761 3368 800 non
3391 756 3533 814 erat,
3557 766 3663 806 non

2073 815 2364 872 amittendo
2393 821 2534 890 quod
2587 833 2719 879 erat.
2751 825 2881 880 Nam
2914 833 3180 898 quomodo
3231 835 3280 888 in
3317 837 3516 906 Regula
3546 839 3666 896 lidci

2073 905 2466 973 eculitercmur,
2493 913 2713 970 credere
2731 933 2827 972 nos
2859 919 2909 971 iu
2935 919 3122 976 Filium
3157 925 3244 980 Dei
3272 929 3362 996 qui
3395 905 3557 985 natus
3583 946 3667 989 est

2072 1010 2136 1050 ex
2169 998 2370 1067 virgine
2395 1001 2579 1069 Maria,
2613 1005 2658 1059 si
2703 1023 2808 1062 non
2849 1008 3013 1064 Filius
3043 1013 3155 1079 Dei,
3188 1016 3278 1070 sed
3311 1017 3458 1075 ﬁlius
3485 1021 3663 1077 homi-

2070 1087 2154 1140 nis
2181 1101 2335 1143 nutus
2363 1100 2444 1145 est
2466 1110 2528 1146 ex
2559 1094 2762 1166 virgine
2783 1097 2942 1154 Maria
2965 1102 2986 1154 ?
3019 1103 3146 1170 Quis
3175 1107 3312 1160 enim
3335 1108 3663 1168 christianos

2069 1188 2224 1246 neget
2250 1194 2311 1232 ex
2343 1179 2427 1235 illa
2457 1182 2646 1238 femina
2667 1185 2829 1241 ﬁlium
2854 1188 3083 1246 hominis
3106 1197 3323 1250 natum?
3351 1198 3448 1254 sed
3479 1211 3659 1259 tamen

2068 1266 2233 1321 Deum
2269 1268 2538 1328 hominem
2588 1276 2805 1345 factum,
2859 1290 2912 1335 et
2943 1282 3010 1335 ita
3041 1282 3308 1342 hominem
3353 1289 3534 1345 Deum
3581 1293 3659 1347 fa-

2065 1367 2227 1410 ctum.
2258 1357 2394 1414 Deus
2412 1363 2551 1416 enim
2580 1375 2686 1418 erat
2744 1365 2974 1437 Verbum,
3005 1383 3052 1425 et
3089 1371 3298 1429 Verbum
3321 1395 3441 1432 caro
3463 1385 3658 1450 factum

2063 1455 2156 1500 est.
2184 1446 2556 1507 Conﬁtendum
2600 1466 2681 1509 est
2713 1457 2889 1527 igitur,
2922 1478 3044 1517 cum
3080 1466 3168 1534 qui
3200 1465 3364 1522 Filius
3391 1446 3487 1524 Dei
3515 1485 3652 1537 erat,

2066 1547 2119 1591 ut
2151 1538 2218 1594 de
2244 1541 2445 1612 virgine
2474 1543 2631 1599 Maria
2651 1561 2980 1617 nasceretur,
3003 1569 3272 1624 assumpta
3306 1563 3478 1614 turma
3510 1563 3654 1618 servi

2063 1626 2224 1682 lilium
2255 1628 2488 1688 hominis
2517 1635 2734 1704 factum,
2780 1641 2922 1712 quod
2967 1652 3082 1698 erat
3127 1658 3456 1716 manentem,
3505 1655 3652 1720 quod

2060 1732 2166 1772 non
2209 1731 2324 1775 erat
2373 1738 2728 1782 assumentem
2759 1769 2773 1784 .
2805 1747 2925 1787 esse
2959 1733 3295 1805 incipientem
3336 1756 3446 1810 quo
3472 1743 3654 1800 minor

2059 1819 2143 1863 est
2180 1810 2336 1868 Patre
2358 1813 2395 1881 ί,
2447 1825 2501 1871 et
2541 1833 2756 1889 semper
2799 1834 3102 1880 manentem
3135 1828 3185 1881 in
3214 1843 3279 1884 eo
3304 1832 3449 1901 quod
3484 1847 3645 1890 unum

2056 1909 2179 1954 sunt
2202 1902 2313 1972 ipse
2340 1913 2393 1959 et
2416 1905 2593 1963 Pater.
2873 1940 2884 1950 ο

2125 1989 2352 2048 CAPUT
2390 1994 2474 2049 Ill.
2505 2028 2576 2037 ——
2598 1999 2649 2054 3.
2697 1999 2791 2054 Dei
2823 2000 3012 2058 Filium
3066 2007 3294 2063 eumdem
3332 2028 3449 2080 esse,
3479 2016 3645 2084 ﬁlium

2054 2082 2268 2138 hominis
2318 2087 2677 2145 incarnatione.
2704 2092 2833 2146 Nam
2866 2096 2908 2148 si
2947 2097 3032 2151 illc
3056 2099 3144 2167 qui
3193 2115 3411 2170 semper
3434 2082 3520 2160 eSt
3551 2109 3641 2163 Dei

2053 2172 2238 2240 Filius,
2268 2193 2370 2232 non
2403 2178 2514 2251 ipse
2540 2192 2621 2236 est
2648 2181 2812 2239 factus
2839 2185 3070 2244 hominis
3091 2190 3246 2256 filius,
3279 2197 3553 2264 quomodo
3575 2199 3640 2255 de

2051 2267 2141 2321 illo
2167 2268 2294 2324 dicit
2340 2271 2630 2341 ApOstolus
2657 2293 2672 2329 :
2702 2277 2800 2343 Qui
2833 2295 2948 2332 cum
2972 2281 3022 2333 in
3052 2282 3216 2350 [anna
3237 2283 3334 2340 Dei
3360 2298 3510 2355 esset,
3541 2306 3638 2345 non

2048 2360 2278 2429 rapinam
2312 2364 2581 2421 arbitratus
2620 2377 2693 2421 est
2736 2386 2843 2423 esse
2881 2373 3087 2441 aequalis
3119 2373 3259 2443 Deo;
3287 2379 3378 2432 sed
3396 2396 3452 2433 se
3473 2382 3636 2451 ipsum

2047 2452 2315 2509 exinanivit
2340 2461 2555 2527 formam
2575 2461 2703 2516 servi
2715 2463 2981 2533 accipiens,
3005 2466 3057 2521 in
3071 2467 3451 2527 similitudinem
3469 2475 3636 2529 Immi-

2046 2557 2168 2596 num
2194 2548 2380 2614 factus,
2423 2559 2468 2602 et
2495 2549 2670 2605 habitu
2712 2551 2937 2610 inventus
2965 2567 3018 2609 ut
3064 2557 3256 2613 homo?
3279 2561 3462 2634 Neque
3493 2566 3635 2622 enim

2042 2633 2199 2701 alius,
2231 2636 2325 2692 sed
2361 2639 2476 2709 ipse
2506 2643 2556 2696 in
2607 2642 2775 2699 forma
2808 2646 2898 2701 Dei
2942 2651 3162 2719 :equalis
3201 2633 3386 2721 Patri,
3417 2659 3508 2728 qui
3549 2669 3638 2715 est

2044 2729 2228 2798 utique
2255 2732 2557 2802 unigenitus
2586 2735 2678 2791 Dei
2711 2737 2900 2805 Filius,
2922 2743 3239 2813 semetipsum
3261 2747 3555 2816 exinaniuit,
3579 2753 3636 2807 in

2040 2819 2420 2876 similitudinem
2451 2824 2709 2879 hominum
2737 2832 2920 2898 factus.
2949 2830 3132 2902 Neque
3157 2835 3312 2902 alius,
3349 2839 3444 2894 sed
3486 2841 3631 2898 idem

2039 2908 2154 2977 ipse
2171 2910 2222 2964 in
2246 2909 2410 2965 forma
2431 2913 2520 2969 Dei
2547 2916 2766 2986 (aqualis
2784 2917 2946 2985 Patri,
2977 2922 3280 2993 humiliarit,
3309 2943 3413 2983 non
3439 2931 3630 2996 alium,

2038 2997 2132 3052 sed
2161 3002 2482 3072 semetipsum
2512 3006 2674 3075 [actus
2702 3008 2935 3064 obediens
2955 3027 3107 3082 usque
3129 3014 3198 3067 ad
3222 3027 3448 3086 mortem,
3479 3037 3631 3075 mor-

2037 3097 2132 3141 tem
2155 3103 2324 3144 antem
2368 3095 2531 3148 erucis
2570 3095 2825 3168 (Philipp.
2860 3115 2916 3162 ιι,
2947 3103 2998 3164 6,
3030 3103 3108 3174 7).
3137 3105 3290 3173 Quod
3313 3118 3484 3165 totum
3517 3129 3627 3169 non

2034 3177 2159 3233 fecit
2186 3180 2274 3235 Dei
2301 3181 2481 3250 Filius,
2505 3184 2602 3240 nisi
2631 3186 2682 3240 in
2705 3205 2764 3242 ea
2782 3188 2949 3243 forma
2971 3208 3070 3261 qua
3102 3205 3185 3249 est
3212 3195 3440 3256 hominis
3458 3202 3626 3258 filius.

2032 3269 2164 3326 Item
2193 3273 2236 3326 si
2268 3273 2358 3329 ille
2409 3278 2497 3344 qui
2545 3293 2758 3348 semper
2793 3292 2876 3336 cst
2905 3284 2996 3338 Dei
3029 3285 3213 3353 Filius,
3265 3305 3368 3345 non
3394 3303 3479 3349 est
3506 3296 3628 3365 ipse

2031 3360 2206 3418 factus
2227 3363 2455 3420 hominis
2487 3368 2642 3435 ﬁlius,
2667 3373 2934 3441 quomodo
2953 3375 3080 3430 dicit
3098 3378 3386 3447 Apostolus
3411 3385 3478 3438 ad
3511 3360 3629 3441 ito-

2031 3467 2217 3507 manos
2248 3471 2261 3507 :
2289 3453 2593 3527 Srgregulus
2611 3460 2662 3512 in
2692 3459 3021 3533 Evangelium
3053 3466 3164 3535 Dei,
3191 3471 3326 3538 quod
3353 3485 3472 3526 ante
3494 3493 3627 3544 pro-

2029 3545 2232 3599 miserat
2250 3564 2339 3616 per
2363 3550 2648 3618 PrOphetas
2667 3569 2786 3608 suos
2811 3557 2862 3608 in
2890 3556 3168 3627 Scripturis
3191 3564 3378 3617 sanctis
3392 3565 3458 3617 de
3478 3566 3628 3624 Filio

2029 3652 2141 3702 suo,
2164 3638 2249 3706 qui
2274 3640 2439 3710 factus
2466 3653 2537 3695 est
2567 3643 2614 3697 ei
2631 3661 2693 3698 ea:
2713 3647 2901 3700 semine
2926 3647 3091 3704 David
3107 3653 3380 3707 secundum
3413 3675 3623 3714 tamen:

2029 3723 2203 3796 (Rom.
2249 3744 2286 3794 ι,
2322 3731 2477 3800 1-5)ἳ
2504 3734 2638 3788 Ecce
2665 3735 2827 3790 Filius
2857 3738 2943 3791 Dei
2963 3781 2976 3802 ,
3007 3742 3145 3808 quod
3178 3745 3359 3815 utique
3399 3765 3624 3820 semper

2026 3827 2160 3884 erat,
2195 3820 2360 3874 factus
2392 3834 2473 3877 est
2503 3839 2566 3876 ex
2607 3827 2810 3881 semine
2839 3827 3002 3884 David
3029 3835 3317 3890 secundum
3369 3854 3616 3907 carnem,

2025 3911 2166 3980 quod
2198 3928 2300 3966 non
2329 3924 2461 3968 crat.
2494 3915 2621 3970 ltem
2648 3919 2690 3970 si
2723 3919 2810 3974 ille
2831 3922 2917 3988 qui
2943 3932 3022 3976 est
3055 3925 3144 3979 [hei
3181 3927 3362 3995 Filius,
3392 3947 3504 3986 non
3530 3945 3617 3990 est

2024 3999 2136 4068 ipse
2166 4002 2332 4058 factus
2359 4005 2495 4059 tilius
2532 4005 2780 4074 hominis,
2813 4012 3078 4079 quomodo
3099 4016 3231 4069 misit
3255 4017 3390 4074 Deus
3417 4020 3616 4078 Filiam

2021 4107 2166 4145 suum
2198 4092 2388 4162 factum
2431 4111 2494 4148 ex
2535 4097 2743 4153 muliere
2779 4099 2972 4170 (Ca/at.
3016 4119 3091 4170 tv,
3119 4105 3219 4179 ψ
3244 4108 3360 4176 Quo
3391 4115 3616 4170 nomine

2021 4186 2310 4240 secundum
2343 4187 2608 4244 bebrmam
2637 4190 2864 4261 linguam
2887 4211 2990 4249 non
3021 4198 3312 4267 virgineum
3336 4203 3504 4258 decus
3523 4222 3616 4262 ne-

2018 4284 2202 4343 gatur,
2233 4276 2324 4330 sed
2360 4277 2616 4334 femineus
2655 4295 2814 4336 sexus
2857 4285 3171 4341 ostenditur.
3227 4289 3363 4356 Quis
3410 4295 3555 4349 enim
3579 4313 3612 4351 ι

2018 4363 2174 4421 Patre
2201 4374 2286 4422 est
2311 4367 2523 4433 missus,
2551 4370 2649 4424 nisi
2689 4372 2987 4443 unigenitns
3012 4375 3103 4431 Dei
3131 4377 3295 4435 Filius
3312 4383 3338 4435 τ
3365 4382 3612 4450 Quomo-

2017 4456 2086 4511 do
2109 4472 2236 4527 ergo
2261 4474 2323 4512 ex
2357 4459 2580 4514 muliere
2609 4461 2794 4528 factus,
2819 4465 2916 4518 nisi
2939 4468 3059 4534 quia
3085 4468 3222 4522 idem
3244 4471 3359 4541 ipse
3384 4476 3474 4544 qui
3491 4487 3611 4532 erat

2015 4547 2153 4616 apud
2181 4548 2390 4604 Patrem
2443 4550 2538 4606 Dei
2590 4551 2776 4617 Filius,
2833 4556 3025 4612 missus
3066 4557 3234 4616 factus
3260 4573 3343 4618 est
3373 4565 3606 4623 hominis

2014 4635 2188 4692 Illius?
2218 4638 2291 4694 De
2321 4639 2476 4697 Patre
2496 4651 2650 4698 natus
2675 4645 2790 4698 sine
2821 4651 3073 4716 temporis
3098 4649 3202 4715 die,
3223 4653 3291 4708 de
3317 4666 3490 4713 matre
3509 4674 3604 4713 ua-

2015 4735 2099 4782 tus
2121 4727 2222 4784 hoc
2249 4731 2354 4786 die.
2385 4732 2545 4788 Istum
2590 4735 2733 4790 enim
2779 4737 2922 4793 diem
2951 4755 3105 4810 quem
3147 4747 3370 4808 creavit,
3420 4749 3473 4802 in
3494 4764 3602 4820 quo

2014 4826 2288 4874 crearetur
2315 4821 2497 4894 elegit,
2526 4827 2662 4879 sicut
2682 4825 2856 4882 factus
2881 4837 2962 4883 est
2980 4829 3047 4885 de
3071 4841 3240 4887 matre
3265 4850 3430 4905 quam
3456 4840 3598 4895 fecit.

2013 4907 2146 4963 Nam
2174 4918 2228 4964 et
2254 4911 2370 4980 ipse
2407 4913 2520 4967 dies
2559 4928 2588 4968 a
2635 4931 2742 4984 quo
2767 4917 3020 4989 deinceps
3049 4921 3438 4981 incrementum
3469 4931 3607 4985 locis

2011 4999 2204 5070 accipit
2229 5001 2365 5068 dies,
2413 5019 2546 5073 epos
2585 5006 2782 5063 Christi
2831 5011 3110 5080 significat,
3163 5030 3192 5068 a
3221 5031 3331 5086 quo
3377 5020 3604 5075 interior

2013 5088 2174 5143 homo
2200 5103 2382 5147 noster
2404 5105 2689 5150 renovatur
2716 5096 2784 5152 de
2808 5099 2894 5155 die
2923 5100 2974 5154 in
3005 5101 3145 5158 diem
3167 5101 3231 5176 (ll
3254 5105 3375 5162 Cor.
3399 5111 3599 5179 "316).

2011 5179 2238 5237 Eterno
2249 5184 2443 5254 quippe
2463 5186 2702 5242 Creatori
2722 5187 2773 5242 in
2797 5199 3034 5261 tempore
3049 5203 3230 5250 creato
3265 5197 3350 5253 ille
3373 5199 3488 5254 dies
3508 5202 3602 5257 de-

2010 5272 2124 5328 buit
2147 5289 2265 5330 esse
2285 5278 2490 5341 natalis,
2513 5279 2594 5333 cui
2625 5292 2865 5336 creatura
2882 5285 2902 5313 ¹
2919 5298 3231 5356 congrueret
3262 5293 3594 5362 temporalis.

2073 5448 2087 5511 ξ
2115 5453 2166 5496 ιιι
2189 5453 2314 5508 uss,
2342 5460 2435 5511 qua
2452 5447 2608 5511 major
2631 5457 2701 5500 est
2725 5457 2884 5502 Pater.

2005 5509 2247 5620 “opus,
2287 5509 2542 5571 creatura,
2593 5513 2734 5562 abest
2773 5526 2802 5563 ιι
2837 5521 2943 5565 ius.
2989 5517 3268 5570 Oorbetensi
3318 5531 3371 5574 et
3421 5532 3594 5578 Novar-
