3886 6188
619 433 847 492 εειιιιο
880 429 1205 488 etxxxvu
1253 440 1266 458 -
1310 429 1407 503 (ο).

743 555 792 598 tn
816 545 958 598 Natali
981 544 1182 605 Domini,
1206 560 1269 596 tv.

288 677 518 736 CAPUT
570 673 940 732 PRIMUM.—
969 673 1019 727 I.
1061 670 1199 725 Mira
1252 670 1306 726 in
1356 667 1555 726 Christo
1604 669 1798 740 infante

218 773 570 833 dissidentium
610 768 960 823 attributorum
994 763 1354 819 convenientia.
1404 760 1637 816 Laudem
1692 759 1784 814 Do.

217 864 346 921 mini
391 863 635 929 loquetur
688 872 750 913 os
794 871 970 912 meum
1003 871 1016 908 :
1050 854 1164 924 ejus
1214 843 1454 917 Domini,
1498 865 1601 929 per.
1635 863 1792 920 quem

216 957 350 1011 facta
380 961 505 1009 sunt
530 950 730 1016 omnia,
759 958 814 1003 et
841 947 930 1019 qui
976 945 1147 1002 iactus
1172 952 1256 998 est
1284 943 1424 998 inter
1465 940 1677 997 omnia:
1702 940 1792 1018 qui

214 1059 298 1105 est
325 1044 499 1103 Patris
521 1041 803 1104 revelator,
827 1037 1012 1094 matris
1029 1044 1267 1090 creator:
1292 1032 1457 1088 Filius
1480 1032 1573 1087 Dei
1602 1030 1669 1086 de
1696 1030 1795 1087 Pa-

215 1124 297 1195 tre
323 1137 448 1193 sine
472 1142 664 1198 matre,
696 1122 834 1183 illius
861 1124 1092 1181 hominis
1128 1122 1197 1179 dc
1234 1130 1404 1177 matre
1446 1114 1563 1175 sine
1603 1127 1789 1199 patre:

216 1241 444 1300 magnus
484 1225 601 1281 dies
643 1219 988 1291 Angelorum,
1033 1228 1225 1286 parvus
1249 1215 1315 1299 ⁹ιιι
1353 1203 1443 1268 die
1483 1211 1791 1268 hominum:

220 1319 452 1375 Verbum
479 1316 619 1369 Deus
637 1320 761 1366 ante
782 1308 959 1364 omnia
989 1316 1247 1375 tempora,
1283 1302 1516 1387 Verbum
1544 1316 1670 1357 caro
1697 1314 1795 1387 op-

216 1419 446 1485 portuno
473 1416 744 1473 tempore:
770 1398 1017 1455 conditor
1044 1388 1193 1462 solis,
1231 1382 1489 1485 conditus
1504 1390 1603 1485 sub
1631 1382 1745 1446 sole
1773 1405 1788 1443 :

213 1480 406 1557 cuncta
438 1494 640 1552 sarcula
668 1491 922 1547 ordinans
968 1485 1037 1543 de
1079 1486 1198 1543 sinu
1239 1482 1430 1548 Patris,
1476 1480 1790 1539 hodiernum

212 1590 353 1647 diem
385 1596 706 1643 consecratis
741 1580 809 1636 de
853 1587 1005 1633 utero
1035 1576 1256 1636 matris;
1286 1573 1356 1629 ibi
1386 1586 1628 1638 manens,
1668 1570 1792 1626 hinc

212 1677 543 1750 procedens:
572 1670 789 1727 effector
812 1668 933 1725 caeli
958 1676 1012 1722 et
1032 1675 1207 1731 terrm,
1231 1664 1330 1719 sub
1351 1663 1488 1719 corio
1507 1670 1724 1717 exortus
1738 1662 1790 1716 in

210 1779 353 1826 terra
375 1762 743 1831 :inetl’abiliter
759 1759 992 1829 sapiens,
1018 1755 1285 1825 sapienter
1309 1752 1482 1808 infans
1501 1769 1514 1805 :
1534 1750 1789 1807 mundum

209 1859 463 1929 impletis,
508 1838 574 1909 in
600 1849 857 1923 prresepio
894 1848 1078 1917 jaccus
1113 1844 1331 1901 :sidera
1371 1856 1580 1913 regens,
1628 1842 1789 1896 ubera

208 1951 488 2007 lambens:
518 1947 588 2000 ita
620 1956 839 2013 magnus
878 1940 930 1995 in
969 1939 1135 1994 forma
1168 1936 1281 2000 Dei,
1311 1936 1487 1990 brevis
1528 1935 1580 1989 in
1620 1933 1790 1988 forma

207 2040 384 2104 servi;
417 2046 475 2091 ut
504 2050 602 2090 nec
631 2034 729 2087 ista
768 2020 1025 2086 brevitate
1053 2025 1356 2099 magnitudo
1386 2024 1472 2078 illa
1517 2023 1788 2078 minuere-

210 2142 313 2195 tur,
364 2143 466 2184 nec
509 2126 597 2181 illa
636 2119 995 2193 magnitudine
1025 2120 1123 2173 ista
1162 2117 1395 2172 brevitas
1437 2126 1787 2186 premeretur.

209 2223 394 2293 Neque
415 2217 558 2276 enim
583 2194 794 2287 quando
827 2209 1063 2267 membra
1091 2208 1321 2264 humana
1347 2206 1599 2277 suscepit,
1628 2219 1790 2275 opera

206 2315 394 2370 divina
431 2308 699 2366 deseruit:
722 2319 823 2373 nec
847 2302 1109 2373 attingere
1133 2315 1163 2356 a
1200 2298 1304 2355 line
1339 2312 1509 2370 usque
1535 2296 1600 2354 ad
1629 2297 1789 2351 tinem

209 2404 439 2464 lortiter.
479 2410 534 2454 et
573 2395 859 2467 disponere
899 2390 1079 2448 omnia
1119 2385 1353 2445 suaviter
1397 2386 1602 2443 destitit
1629 2383 1787 2457 (Sap.

208 2508 321 2559 vut,
371 2488 459 2564 l);
490 2485 702 2561 quando
739 2481 1044 2540 infirmitate
1076 2480 1250 2537 carnis
1279 2477 1515 2543 indutus,
1545 2474 1791 2549 virginali

210 2594 364 2640 utero
392 2589 639 2650 receptus
659 2586 762 2644 est,
789 2591 894 2632 non
922 2573 1185 2639 inclusus;
1208 2578 1267 2627 ut
1290 2585 1390 2626 nec
1417 2569 1630 2641 Angelis
1656 2565 1788 2625 sub-

211 2676 512 2732 traheretur
534 2668 807 2741 sapientia:
842 2666 1012 2733 cibus,
1051 2670 1107 2721 et
1148 2676 1245 2719 nos
1270 2670 1605 2734 gustaremus
1630 2670 1788 2733 quam

210 2766 390 2822 suavis
416 2771 501 2820 est
523 2757 803 2816 Dominus.

277 2850 507 2910 CAPUT
546 2849 610 2907 Il.
626 2881 698 2891 —
724 2845 779 2903 2.
832 2843 1047 2902 Verbum
1071 2864 1103 2901 a
1127 2843 1280 2901 Patre
1307 2860 1409 2900 non
1424 2839 1684 2901 recessisse
1696 2844 1792 2901 atl-

211 2953 356 2999 sentu
385 2943 435 2997 in
461 2956 685 3008 carnem,
714 2934 1039 2994 similitudine
1056 2945 1381 2991 monstratur.
1409 2933 1548 3003 Quid
1574 2933 1677 2990 hoc
1691 2935 1794 2990 lni-

213 3052 393 3093 ramur
411 3034 479 3090 de
498 3032 673 3088 Verbo
701 3028 817 3097 Dei,
841 3045 960 3085 cum
986 3044 1163 3085 sermo
1185 3028 1281 3083 iste
1306 3042 1463 3099 quem
1494 3027 1790 3099 promimus

212 3130 279 3185 ita
305 3106 442 3183 liber
480 3125 724 3182 sensibus
753 3120 956 3191 intluat,
989 3130 1047 3177 ut
1069 3136 1191 3175 eum
1220 3128 1276 3175 et
1315 3120 1553 3190 recipiat,
1598 3128 1654 3174 et
1680 3134 1785 3174 non

212 3219 446 3276 includat
477 3216 719 3273 auditor?
738 3214 869 3270 Nam
900 3214 998 3268 nisi
1027 3210 1374 3280 recipi-retin,
1404 3210 1671 3283 neminem
1700 3205 1787 3264 in-

209 3319 473 3368 strueret:
497 3309 542 3365 si
570 3306 948 3372 includeretur,
978 3299 1049 3381 ad
1068 3302 1200 3357 alios
1220 3315 1325 3379 non
1346 3303 1569 3357 veniret.
1596 3296 1660 3355 Et
1679 3299 1785 3354 uti-

207 3419 309 3478 que
332 3417 511 3459 sermo
536 3400 635 3455 iste
656 3397 829 3453 verbis
847 3393 1168 3469 syllabisque
1178 3387 1432 3465 dividitur
1449 3409 1465 3448 :
1484 3405 1585 3448 nec
1608 3399 1785 3446 tamen

209 3510 272 3551 ex
295 3509 361 3550 eo
382 3501 630 3562 tanquam
655 3504 720 3545 ex
740 3488 862 3544 cibo
888 3485 1086 3541 ventris
1109 3480 1344 3555 singulas
1366 3481 1652 3553 particulas
1679 3482 1784 3537 tol-

209 3585 342 3649 litis;
374 3583 467 3639 sed
497 3595 683 3639 omnes
709 3587 876 3634 totum
898 3575 1110 3641 auditis,
1144 3584 1310 3629 totum
1339 3572 1531 3644 singuli
1573 3571 1783 3642 capitis.

205 3677 313 3733 Nec
338 3677 590 3731 timemus
612 3672 736 3727 dum
764 3669 1049 3740 loquimur,
1080 3681 1148 3722 ne
1172 3674 1337 3720 totum
1365 3658 1627 3719 audiendo
1649 3678 1786 3717 unus

205 3770 470 3832 absumat,
494 3779 591 3819 nec
610 3763 743 3818 alter
772 3760 937 3832 possit
963 3758 1158 3813 habere
1183 3753 1325 3827 quod
1359 3762 1565 3811 sumat:
1595 3750 1687 3810 sed
1713 3755 1785 3811 ita

206 3872 299 3911 vos
321 3863 557 3910 attentos
584 3868 705 3907 esse
724 3851 989 3913 volumus,
1013 3848 1208 3902 nullius
1241 3862 1423 3901 aurem
1448 3854 1784 3916 mentemque

204 3944 534 4012 fraudantes,
563 3951 620 3998 ut
656 3952 710 3999 et
736 3949 904 3997 totum
933 3939 1123 4011 singuli
1162 3938 1408 4004 audiatis,
1437 3948 1491 3994 et
1520 3946 1684 3992 totum
1715 3937 1785 3993 ad

202 4036 524 4092 audiendum
549 4033 759 4089 caeteris
785 4031 1114 4102 relinquatis.
1143 4030 1325 4100 Neque
1356 4030 1456 4085 hoc
1482 4031 1540 4086 lit
1563 4031 1785 4086 alternis

205 4127 553 4197 ιυιιιροτίὺιις,
585 4132 641 4178 ιιι
667 4140 786 4179 cum
812 4137 990 4178 sermo
1014 4123 1102 4193 qui
1127 4122 1323 4177 dicitur
1360 4122 1426 4177 ad
1475 4131 1526 4177 te
1552 4122 1787 4192 primum

206 4215 503 4281 intraverit,
536 4223 690 4270 exeat
708 4230 737 4267 a
766 4222 834 4280 te,
868 4222 930 4266 ut
954 4211 1020 4266 ad
1050 4212 1218 4267 alium
1242 4214 1405 4283 pos:it
1430 4212 1658 4268 intrare:
1686 4213 1780 4269 sed

203 4307 358 4363 simul
379 4303 467 4360 ad'
463 4319 651 4359 omnes
671 4303 834 4371 venit,
858 4312 910 4357 et
928 4311 1069 4357 totus
1089 4301 1154 4357 ad
1181 4303 1418 4373 singulos
1437 4303 1694 4372 pervenit.
1717 4302 1783 4358 Et

124 4382 131 4387 ”
203 4405 246 4453 si
281 4409 425 4452 totos
456 4396 709 4451 memoria
737 4396 905 4451 teneri
935 4395 1203 4459 valuisset,
1236 4395 1371 4449 sicut
1398 4394 1463 4449 ad
1492 4401 1656 4450 totum
1687 4411 1783 4450 an-

203 4489 456 4547 diendum
476 4499 671 4545 omnes
691 4485 932 4554 venistis,
959 4489 1029 4542 ita
1052 4503 1174 4543 cum
1215 4496 1324 4543 toto
1356 4482 1546 4558 singuli
1576 4486 1781 4543 redire-

204 4584 286 4636 tis.
320 4581 535 4650 Quanto
559 4579 724 4649 magis
749 4573 980 4634 Verbum
1023 4575 1134 4643 Dei,
1177 4592 1271 4647 per
1305 4577 1444 4648 quod
1485 4576 1617 4632 facta
1658 4587 1783 4633 sunt

202 4674 402 4736 omnia,
423 4682 476 4728 ct
500 4670 639 4742 quod
663 4669 716 4726 in
738 4685 796 4725 se
817 4683 1036 4725 manens
1058 4669 1272 4724 innovat
1292 4670 1497 4734 omnia;
1521 4670 1661 4745 quod
1684 4686 1782 4726 nec

202 4766 335 4828 locis
356 4762 707 4829 concluditur,
735 4777 835 4819 nec
856 4760 1181 4834 temporibus
1203 4757 1455 4830 tenditur,
1479 4779 1576 4819 nec
1602 4779 1783 4819 moru-

203 4854 266 4915 Iis
297 4854 555 4928 brevibus
580 4856 855 4926 longisque
894 4854 1147 4921 variatur,
1181 4868 1277 4908 nec
1306 4854 1523 4909 vocibus
1563 4854 1778 4919 texitur,

201 4964 299 5002 nec
326 4947 539 5003 silentio
564 4947 907 5004 terminatur;
937 4954 1136 5015 quanto
1161 4943 1328 5014 magis
1367 4942 1467 4998 hoc
1496 4951 1696 4999 tantum
1727 4952 1782 4999 et

203 5041 307 5097 tale
334 5039 568 5096 Verbum
606 5037 777 5108 potuit
813 5037 1000 5092 matris
1024 5045 1229 5091 uterum
1258 5043 1530 5105 assmnpto
1556 5048 1780 5105 corpore

201 5130 509 5198 lectmdare,
540 5138 598 5185 et
637 5128 707 5183 de
747 5127 866 5182 sinu
905 5127 1076 5182 Patris
1110 5141 1215 5180 nou
1244 5123 1541 5196 emigrare?
1566 5124 1689 5180 hinc
1712 5125 1780 5180 ad

200 5222 388 5285 culos
402 5220 665 5279 buutanos
679 5218 849 5287 esire,
863 5217 984 5274 inde
1000 5224 1206 5275 utentes
1214 5215 1480 5283 angelieas
1492 5215 1781 5271 illustraret

204 5313 328 5368 hinc
351 5312 418 5367 ad
445 5321 616 5366 terras
640 5308 950 5382 procedere,
968 5307 1087 5365 inde
1105 5307 1273 5364 emlos
1285 5306 1574 5363 extendere
1587 5307 1645 5362 ιτ
1657 5306 1781 5364 hinc

202 5404 367 5460 homo
395 5404 530 5465 lteri.
557 5403 679 5461 inde
696 5401 953 5457 vboutiues
979 5400 1187 5456 lacere?

265 5511 804 5580 {statqerreederehr
942 5573 957 5580 _
1059 5571 1127 5580 η
1242 5574 1247 5580 .

261 5576 279 5596 ‘
303 5571 592 5625 Faneth
612 5579 690 5624 est
710 5572 771 5624 ad
792 5579 896 5624 tres
915 5573 993 5623 ch.
1016 5571 1076 5623 ad
1096 5572 1216 5625 duos
1239 5574 1287 5624 ιι.
1313 5572 1374 5625 ad
1396 5572 1430 5625 f.
1455 5578 1493 5624 ιι
1513 5578 1565 5623 ν.
1584 5578 1778 5626 mn.

196 5648 272 5687 921
289 5676 300 5687 .
324 5644 434 5687 Ιιοισ.

260 5703 334 5767 (ιι)
358 5696 498 5757 Alius,
512 5696 579 5747 de
598 5704 837 5760 Tempore
852 5695 928 5746 27.

468 5777 739 5837 ΡΑΤῐιοι..
776 5772 1132 5839 XXXVIII.

1563 308 1788 371 SEIlMO
1825 308 2189 375 CLXXXVII.‘

3341 331 3479 388 1002

1974 429 2200 488 CAPUT
2238 432 2473 493 III.-—-3.
2511 436 2718 493 Verbum
2736 424 3084 498 incarnatione
3102 460 3199 498 non
3215 455 3483 502 mutatum.
3536 510 3539 513 δ

1906 518 2076 576 Nemo
2092 536 2223 593 ergo
2246 524 2428 581 credat
2448 527 2542 582 Dei
2567 527 2755 585 Filium
2771 544 3087 587 cottversum
3113 542 3168 589 et
3189 542 3489 590 commuta—

1905 620 2017 666 tum
2056 626 2177 668 esse
2214 614 2268 670 in
2311 614 2540 672 hominis
2569 619 2769 675 illium:
2796 622 2889 677 sed
2919 624 3091 692 potius
3112 623 3395 681 credamus
3428 637 3485 680 ct

1903 716 2013 758 non
2035 716 2346 776 contempta
2374 705 2550 763 divitia
2588 718 2644 764 et
2690 711 2923 780 perfecte
2958 721 3225 784 assumpta
3251 713 3481 770 humana

1866 836 1867 841 η
1902 792 2215 861 substantia,
2246 797 2559 855 manentcm‘
2572 801 2663 856 Dei
2694 802 2906 869 Filium,
2934 803 3128 860 factum
3150 805 3383 860 hominis
3414 806 3447 861 tl

1900 880 2053 936 lium.
2081 883 2263 955 Neque
2282 887 2424 942 enim
2443 890 2568 959 quia
2590 890 2789 946 dictum
2818 898 2920 958 est,
2944 892 3081 949 Deus
3103 904 3209 949 erat
3245 894 3481 962 Verbum,

1902 978 1958 1025 et
1986 970 2198 1027 Verbum
2215 991 2334 1030 caro
2353 977 2544 1047 factum
2568 990 2640 1034 est
2661 980 2837 1050 (Joan.
2862 996 2899 1048 ι,
2924 984 2979 1049 I,
3002 981 3121 1055 ll);
3152 983 3481 1041 sic'Vet-bum

1901 1075 2028 1118 caro
2071 1063 2267 1120 factum
2305 1076 2406 1131 est,
2435 1080 2494 1124 ut
2521 1084 2644 1126 esse
2679 1072 2946 1128 desineret
2990 1075 3161 1130 Deus:
3183 1075 3397 1145 quando
3425 1078 3481 1134 In

1901 1151 2016 1222 ipsa
2042 1169 2206 1211 carne
2229 1157 2368 1227 quod
2404 1158 2635 1216 Verbum
2663 1176 2789 1218 caro
2816 1161 3013 1219 factum
3041 1174 3144 1231 est,
3180 1164 3481 1222 Εηιιιιαηκσι

1900 1253 2080 1300 natum
2096 1255 2198 1312 est,
2222 1249 2477 1304 nobiscum
2496 1250 2630 1307 Deus
2652 1252 2864 1320 (Matth.
2894 1270 2930 1320 ι,
2948 1253 3064 1326 23).
3088 1252 3239 1313 Sicut
3259 1258 3479 1313 verbum

1899 1333 2039 1401 quod
2060 1336 2223 1391 corde
2244 1347 2532 1408 gestamus,
2563 1341 2622 1397 lit
2644 1358 2743 1399 vos
2765 1359 2887 1400 cum
2915 1345 2966 1400 id
3000 1354 3094 1402 dre
3124 1345 3443 1417 proferimus
3458 1390 3477 1414 .

1900 1436 2005 1478 non
2023 1432 2198 1482 tamen
2227 1427 2352 1483 illud
2382 1429 2434 1485 in
2465 1430 2601 1487 hanc
2626 1440 3003 1503 commutatur,
3033 1437 3127 1492 sed
3155 1438 3245 1492 illo
3274 1439 3481 1509 integro

1899 1509 2000 1568 ista
2030 1512 2081 1568 in
2109 1529 2210 1585 qua
2259 1518 2513 1587 procedat
2550 1523 2860 1593 assumitur,
2911 1533 2972 1581 ut
3009 1537 3062 1581 et
3088 1522 3230 1582 Intus
3268 1541 3476 1583 maneat

1897 1603 2038 1672 quod
2069 1606 2412 1679 intelligatur,
2439 1604 2509 1667 et
2549 1611 2677 1668 foris
2703 1623 2863 1670 sonet
2892 1615 3035 1685 quod
3074 1616 3355 1673 audiatur:
3381 1618 3481 1674 hoc
3515 1625 3527 1637 ‘

1898 1692 2039 1748 idem
2070 1704 2246 1752 tamen
2275 1698 2539 1768 profertur
2570 1702 2622 1757 iu
2647 1716 2801 1771 sono,
2823 1705 2966 1775 quod
2992 1717 3117 1762 ante
3140 1718 3400 1764 sonuerat
3426 1711 3477 1764 in

1896 1782 2137 1851 silentia;
2161 1796 2320 1858 atque
2354 1789 2424 1845 ita
2450 1791 2671 1849 verbum
2698 1808 2821 1849 eum
2851 1796 2910 1850 iit
2934 1812 3059 1862 vos,
3090 1813 3198 1855 non
3243 1810 3481 1856 mutatur

1897 1870 1952 1925 in
1979 1888 2192 1939 vocent;
2233 1877 2327 1932 sed
2357 1893 2579 1935 nmnens
2621 1882 2676 1936 in
2717 1885 2912 1940 mentis
2953 1886 3092 1949 luce.
3124 1897 3181 1943 et
3204 1901 3480 1960 assumpta

1895 1961 2072 2017 carnis
2098 1977 2228 2018 voce
2247 1966 2488 2036 procedit
2504 1968 2572 2024 ad
2598 1970 2924 2039 audientem,
2950 1983 3140 2030 etnon
3166 1975 3366 2033 deserit
3382 1993 3473 2034 eo-

1894 2049 2166 2140 gitautem.
2193 2053 2311 2111 Non
2330 2070 2452 2112 cum
2480 2058 2592 2127 ipsa
2614 2074 2717 2116 vos
2739 2061 2793 2117 in
2817 2063 3030 2120 silentio
3052 2066 3336 2136 cogitatur,
3357 2082 3479 2140 qtuu

1896 2138 1981 2230 vel
2005 2158 2193 2213 graeca:
2215 2154 2318 2212 est,
2342 2148 2427 2203 vel
2463 2149 2662 2218 latinae,
2685 2152 2767 2207 vel
2795 2152 2988 2224 lingua:
3010 2157 3231 2215 alterius
3254 2138 3478 2230 cujusli-

1896 2229 2015 2287 bet:
2038 2233 2134 2289 sed
2153 2249 2273 2290 eum
2299 2247 2426 2293 ante
2452 2254 2664 2297 omnem
2692 2243 2991 2314 linguarum
3011 2229 3374 2307 diversitatem
3389 2267 3478 2309 res

1896 2319 2009 2391 ipsa
2033 2337 2153 2393 qua:
2179 2324 2402 2382 dicenda
2443 2338 2542 2395 est,
2573 2330 2746 2387 adhuc
2768 2332 2820 2387 iu
2851 2333 3013 2391 cubili
3039 2336 3217 2394 cordis
3243 2340 3476 2411 quodam

1894 2412 2057 2467 modo
2079 2415 2219 2471 nuda
2239 2427 2322 2473 est
2341 2419 2675 2491 intelligenti,
2701 2438 2821 2493 quae
2855 2434 2915 2481 ut
2949 2427 3070 2483 inde
3095 2430 3349 2500 procedat
3393 2431 3478 2489 Io-

1894 2504 2105 2572 quentls
2130 2521 2259 2562 voce
2284 2509 2522 2565 vestitur.
2554 2509 2935 2571 Verumtamen
2962 2528 3250 2592 utrumque
3278 2516 3401 2590 hoc,
3422 2534 3479 2580 et

1894 2592 2036 2663 quod
2067 2595 2330 2666 cogitatur
2367 2598 2727 2671 intelligendo,
2757 2612 2812 2660 et
2836 2606 2977 2676 quod
3005 2619 3161 2665 sonat
3187 2612 3475 2684 loquendo,

1898 2684 2154 2742 mutabile
2191 2694 2351 2758 atque
2390 2687 2651 2748 dissimile
2688 2702 2805 2751 est:
2836 2711 3010 2768 neque
3042 2698 3174 2755 illud
3218 2704 3474 2774 manebit,

1893 2786 2016 2831 eum
2043 2774 2242 2833 oblitus
2269 2776 2462 2845 fueris;
2484 2794 2658 2852 neque
2680 2780 2803 2851 hoc,
2829 2799 2951 2843 eum
2973 2788 3219 2857 silueris:
3242 2778 3476 2853 Verbum

1893 2874 2070 2924 autem
2092 2866 2301 2926 Domini
2320 2881 2496 2928 manet
2518 2872 2569 2929 in
2589 2883 2872 2947 aeternum,
2895 2888 2951 2936 et
2975 2880 3478 2946 incommutabiiiter

1898 2963 2096 3013 manet.

1954 3042 2188 3103 .CAI’U'I‘
2224 3047 2311 3103 IV.
2326 3078 2400 3092 -
2415 3050 2471 3106 ι.
2517 3050 2735 3109 Verbum
2750 3054 3069 3115 incarnatus
3087 3060 3224 3118 Delta
3239 3075 3285 3120 et
3301 3067 3474 3123 homo.

1891 3134 2105 3230 Etcum
2125 3151 2351 3230 carnem
2374 3143 2662 3213 assumpsit
2696 3159 2764 3201 ex
2800 3155 3060 3221 tempore,
3092 3161 3151 3209 ut
3177 3153 3244 3211 ad
3271 3148 3481 3230 tempus

1892 3226 2058 3284 ralem
2088 3228 2250 3285 vitam
2272 3240 2507 3289 nostram
2534 3234 2868 3306 procederet,
2891 3252 2997 3296 non
3024 3242 3080 3298 in
3115 3257 3277 3302 carne
3300 3226 3477 3305 amisit

1889 3323 2261 3390 aeternitatem,
2276 3324 2372 3381 sed
2387 3325 2546 3382 etiam
2562 3327 2712 3384 carni
2726 3331 2975 3400 priestitit
2994 3333 3472 3393 immortalitatem.

1891 3410 1964 3467 lta
1993 3412 2106 3485 ipse
2138 3423 2376 3485 tanquam
2417 3417 2651 3487 sponsus
2680 3420 2959 3489 procedens
2996 3423 3061 3477 de
3109 3427 3333 3482 thalamo
3358 3447 3472 3491 suo.

1887 3507 2151 3560 emanarit
2173 3516 2226 3559 ut
2242 3507 2388 3579 gigas
2409 3508 2477 3563 ad
2500 3510 2804 3565 currendum
2832 3513 2965 3566 uiam
2988 3512 3142 3584 (Paul
3209 3532 3363 3581 xvm,
3393 3521 3469 3587 6).

1891 3593 1995 3661 Qui
2018 3611 2135 3649 cum
2156 3596 2210 3648 in
2237 3599 2403 3666 fortun
2422 3596 2517 3652 Dei
2544 3608 2691 3666 esset,
2716 3616 2819 3655 non
2840 3603 3075 3673 rapinam
3096 3605 3372 3662 arbitratus
3399 3616 3471 3664 est

1887 3699 1995 3739 esse
2017 3684 2224 3753 manalis
2261 3683 2518 3744 Deo:sed
2549 3696 2606 3742 ut
2640 3699 2860 3760 propter
2887 3706 2984 3746 nos
3013 3692 3163 3748 ﬁeret
3191 3698 3333 3765 quod
3364 3717 3470 3755 non

1887 3781 2023 3839 erat,
2052 3773 2371 3844 semetipsum
2389 3778 2664 3837 exirmaiuit
2677 3794 2697 3843 ς
2720 3794 2828 3834 non
2854 3780 3082 3838 fortnam
3106 3784 3196 3841 Dei
3216 3790 3470 3859 perde»,

1886 3860 1982 3919 sed
2002 3866 2219 3934 formam
2241 3866 2371 3919 serui
2387 3867 2675 3937 accipiens:
2700 3878 2756 3926 et
2786 3885 2882 3941 per
2911 3871 3049 3929 hanc
3082 3875 3135 3929 in
3177 3878 3469 3935 similitudi-

1888 3970 2002 4009 nem
2021 3955 2279 4013 Matinum
2290 3961 2453 4028 foetus
2467 3973 2595 4023 :nec
2611 3963 2821 4031 propria
2840 3963 3132 4029 subuantia
3150 3969 3272 4031 ;sed
3293 3968 3467 4026 Italum

1887 4044 2116 4100 inventus
2144 4054 2196 4099 ut
2230 4046 2379 4103 beato
2420 4045 2677 4120 (Philipp.
2699 4067 2756 4117 ιι,
2786 4054 2821 4107 6
2844 4064 2893 4108 et
2932 4054 3010 4128 7).
3054 4056 3166 4113 Hoc
3197 4061 3337 4116 enim
3382 4073 3468 4118 to-

1890 4142 2001 4190 tum
2030 4135 2176 4206 quod
2201 4152 2386 4192 sumus
2412 4138 2496 4195 vel
2536 4140 2588 4196 in
2615 4141 2789 4196 anima
2818 4144 2902 4199 vel
2928 4144 2980 4200 in
3009 4160 3252 4218 corpore,
3284 4163 3464 4210 nostra

1884 4241 2076 4288 natura
2104 4243 2207 4300 est,
2251 4235 2390 4293 illius
2413 4237 2658 4296 habitus:
2683 4236 2780 4299 nos
2805 4245 2907 4300 nisi
2932 4246 3034 4302 hoc
3069 4263 3329 4313 essemus.
3360 4266 3466 4307 non

1840 4352 1843 4357 -
1885 4338 2157 4392 «scmus;
2180 4328 2276 4384 ille
2298 4330 2343 4384 si
2372 4329 2471 4385 hoc
2494 4346 2600 4388 non
2633 4345 2799 4403 esset,
2827 4346 2970 4394 esset
2993 4328 3175 4412 utique
3212 4343 3370 4397 Deus.
3398 4344 3468 4400 Et

1885 4430 2009 4471 cum
2047 4416 2149 4473 hoe
2171 4432 2292 4475 esse
2312 4421 2478 4490 cmpit
2503 4422 2644 4493 quod
2681 4438 2785 4479 non
2813 4434 2948 4491 erat,
2989 4427 3152 4484 homo
3189 4430 3357 4487 factus
3382 4443 3468 4490 est

1887 4523 2206 4578 permanens
2237 4510 2409 4567 Deus:
2436 4522 2494 4569 ut
2521 4529 2627 4571 non
2669 4530 2835 4572 unum
2877 4518 3087 4586 borum,
3118 4522 3212 4578 sed
3252 4526 3465 4580 utrum-

1884 4613 1990 4670 que
2016 4600 2293 4658 verissime
2315 4601 2610 4671 diceretur;
2631 4616 2687 4662 et
2705 4616 2922 4678 propter
2940 4611 3081 4680 quod
3107 4609 3268 4667 homo
3295 4608 3465 4672 lactus

1886 4701 1990 4755 est.
2015 4692 2267 4760 Quoniam
2291 4693 2450 4750 Pater
2485 4699 2653 4768 major
2693 4716 2773 4754 nte
2808 4710 2887 4755 est
2909 4700 3088 4774 (Joan.
3115 4719 3225 4770 xlv,
3252 4704 3379 4776 28);
3409 4720 3466 4764 et

1886 4794 2105 4853 propter
2130 4784 2271 4855 quod
2301 4787 2591 4854 permansit
2618 4787 2776 4853 Deus,
2806 4788 2917 4861 Ego
2934 4801 2983 4845 et
3007 4790 3167 4846 Pater
3191 4808 3349 4848 unum
3375 4812 3463 4848 su-

1885 4891 1998 4929 mus
2026 4874 2135 4945 (Id.
2163 4891 2215 4940 ι,
2244 4876 2355 4945 50).
2385 4876 2519 4931 Nam
2546 4876 2592 4932 si
2623 4877 2851 4934 Verbum
2884 4883 2937 4935 iu
2963 4896 3199 4948 cantem,
3227 4882 3330 4939 hoc
3357 4896 3456 4947 est,

1885 4965 2028 5020 Deus
2059 4968 2113 5021 iu
2142 4966 2411 5022 hominem
2459 4970 2694 5024 mutatus
2729 4980 3149 5038 converteretur,
3189 4989 3293 5030 non
3319 4987 3463 5031 esset

1885 5071 2093 5121 verum.
2124 5057 2247 5123 nisi,
2275 5055 2435 5112 Pater
2461 5060 2625 5132 major
2659 5075 2738 5116 tne
2762 5056 2866 5125 est;
2900 5063 3022 5133 quia
3050 5064 3264 5121 homine
3293 5067 3459 5136 major

1884 5155 1970 5201 est
1996 5145 2136 5202 Deus
2155 5163 2169 5200 :
2194 5146 2323 5202 illud
2341 5157 2518 5203 autem
2537 5146 2730 5205 falsum
2747 5160 2911 5217 esset,
2935 5151 3046 5224 Ego
3064 5163 3113 5209 et
3137 5152 3292 5211 Pater
3306 5170 3458 5212 unum

1882 5253 2087 5303 mus;
2108 5239 2232 5309 quia
2257 5254 2363 5295 non
2391 5248 2516 5296 sunt
2543 5254 2705 5297 tutum
2728 5242 2866 5301 Deus
2889 5252 2945 5300 et
2969 5244 3151 5301 homo.
3173 5245 3279 5303 Sed
3304 5246 3454 5303 forsi-

1887 5337 1978 5386 tan
2021 5337 2202 5400 posset
2240 5328 2456 5386 dicere:
2485 5331 2597 5402 Ego
2622 5342 2677 5387 et
2702 5333 2885 5395 Pater;
2920 5349 3028 5397 non
3057 5340 3219 5391 unum
3253 5324 3454 5404 sumus,

1884 5418 1981 5476 sed
2011 5434 2171 5473 unum
2198 5417 2412 5474 fuimus.
2439 5419 2593 5489 Quod
2620 5421 2893 5478 enimerat
2911 5425 3338 5494 etcssedestitit,
3352 5443 3456 5487 non

1884 5518 1968 5565 est
1994 5509 2197 5581 utique,
2235 5508 2331 5565 sed
2376 5509 2491 5566 fuit.
2528 5509 2683 5567 Nune
2715 5522 2915 5581 autem,
2946 5525 3003 5571 ot
3040 5527 3246 5588 propter
3277 5528 3451 5597 verat!

1885 5598 2109 5655 formant
2134 5599 2294 5665 servi,
2315 5612 2474 5670 quam
2492 5608 2790 5671 acceperas,
2813 5617 2995 5658 verum
3010 5604 3164 5674 dixit,
3188 5604 3342 5664 Pater
3354 5624 3450 5667 nta-

1884 5710 1970 5766 pr
1994 5711 2072 5748 me
2097 5703 2200 5759 est;
2227 5702 2276 5748 et
2304 5701 2521 5764 propter
2544 5708 2721 5749 veram
2752 5694 2975 5753 fortnam
3003 5694 3115 5763 Dei,
3137 5699 3188 5755 in
3213 5716 3314 5772 qua
3332 5717 3462 5773 νει.

2641 5781 3139 5864 ΙΤνεηιεοᾱευ.τ.)
