3886 6188
454 186 622 247 amo-7
1720 218 1773 272 S.
1818 221 1952 278 AUC.
1963 221 2181 280 liS'l‘lNl
2223 227 2517 292 EPISCOPI

487 310 563 378 3).
597 310 712 368 Noli
757 317 1070 375 erubescere
1122 323 1212 378 Dei
1261 341 1380 383 esse
1422 329 1718 398 jumentum
1753 337 2060 398 :Christum

479 403 743 470 portabis,
771 421 876 461 non
897 411 1134 478 errabis;
1165 416 1404 474 ambulas
1436 438 1529 492 per
1551 427 1708 492 viam,
1729 431 1879 487 sedet
1898 449 2061 505 super

411 533 416 544 .
485 500 554 546 te.
597 493 790 549 Sedeat
833 512 995 568 super
1039 517 1136 559 nos
1176 505 1468 574 Dominus.
1502 524 1556 570 et
1581 533 1686 587 quo
1714 522 1821 576 vult
1849 540 1946 581 nos
1967 493 2058 582 di-

481 582 614 652 rigat
643 601 656 637 :
678 584 976 653 jumentum
1002 592 1168 664 ipsius
1195 599 1383 670 simus,
1432 606 1498 661 ad
1533 582 1827 670 Jerusalem
1849 631 2053 677 eamus.

475 670 594 740 ipso
625 674 888 736 insidente
916 697 1020 740 non
1051 689 1401 758 opprimimur
1421 737 1436 761 ,
1466 700 1561 755 sed
1591 703 1864 764 elevamur
1890 727 1904 764 :
1937 711 2055 782 ipso

1423 759 1430 761 ν
1890 759 1903 764 -
1939 759 2052 782 τη

471 759 736 834 ducente,
777 784 885 826 non
927 777 1224 837 errabimus
1252 824 1268 850 ,
1309 799 1406 855 per
1449 788 1622 860 ipsum
1649 795 1716 850 ad
1755 798 1928 868 ipsum
1957 817 2052 859 ea-

3613 277 3739 340 l008

2175 359 2344 416 patre.
2379 353 2434 408 Si
2477 355 2626 413 istam
2669 377 2774 418 non
2813 372 3334 449 comprehendimus,
3367 385 3509 442 illam
3535 397 3732 461 quando

2169 449 2523 501 enarramus?
2572 449 2700 518 Quis
2741 461 3155 529 comprehendat
3197 475 3484 532 novitatem
3530 476 3732 558 novam,

2167 528 2492 603 inusitatam,
2527 541 2735 598 unicam
2766 547 2820 602 in
2859 528 3076 622 mundo,
3120 558 3479 623 incredibilem
3507 530 3734 633 credibi:

2166 618 2269 676 lem
2303 622 2492 683 factam
2515 670 2531 695 ,
2557 643 2612 688 et
2645 644 2756 692 toto
2792 644 2993 699 mundo
3035 618 3416 714 incredibiliter
3447 665 3727 739 creditam;

2163 722 2221 767 ut
2268 716 2416 788 virgo
2464 725 2800 799 conciperet,
2845 733 2996 807 virgo
3041 754 3287 814 pareret,
3329 745 3484 822 virgo
3530 717 3730 827 parieti;

472 868 620 920 mus;
667 867 723 912 ut
761 874 881 918 cum
921 875 1047 923 nato
1069 869 1248 929 bodie
1285 889 1458 945 puero
1486 880 1540 936 in
1570 896 1882 956 perpetuum
1920 907 2052 964 gau-

467 944 689 1002 deamus
726 951 766 1005 ⁸.

966 1071 1198 1132 SERMO
1233 1078 1366 1137 exc
1399 1087 1415 1107 ο
1444 1084 1545 1158 (α).

985 1182 1031 1224 tn
1056 1181 1201 1230 Natali
1226 1187 1426 1248 Domini,
1450 1202 1530 1239 vn.

430 1251 433 1254 ’
531 1265 760 1324 CAPUT
798 1263 1080 1332 PRIMUM.
1111 1311 1180 1336 —.
1208 1284 1259 1337 l.
1291 1284 1440 1341 Diem
1466 1307 1563 1360 quo
1592 1309 1878 1355 nasceretur
1903 1283 2044 1360 Chri-

458 1365 562 1408 stus
593 1362 815 1427 mysterii
857 1381 1010 1420 causa
1049 1370 1214 1442 elegit.
1262 1376 1514 1436 Dominus
1560 1396 1742 1445 noster
1765 1391 1921 1448 Jesus
1949 1399 2040 1466 qui

457 1460 574 1504 erat
621 1455 759 1536 apud
791 1457 996 1515 Patrem
1026 1474 1307 1536 antequam
1339 1483 1498 1530 natus
1545 1489 1686 1536 esset
1731 1499 1795 1538 ex
1843 1498 2034 1558 matre,

1168 1527 1184 1536 _
1476 1527 1492 1530 -
1550 1527 1686 1536 η---
1732 1527 1795 1538 ν..
1844 1527 2034 1558 ...υ-..η

460 1555 564 1593 non
595 1527 765 1599 solum
803 1549 1060 1620 virginem
1089 1555 1155 1610 de
1189 1573 1290 1628 qua
1330 1577 1660 1636 nasceretur,
1693 1574 1786 1630 sed
1814 1587 1868 1632 et
1894 1579 2034 1636 diem

456 1644 562 1696 quo
597 1647 925 1703 nasceretur,
961 1643 1136 1728 elegit.
1172 1647 1423 1709 Errantes
1453 1656 1694 1717 homines
1725 1665 2035 1742 plerumque

456 1719 646 1742 ..Ιτμημι
682 1724 753 1742 Δυμ
774 1741 785 1742 γ
891 1731 922 1742 η
1159 1738 1193 1742 --
1287 1741 1297 1742 κ

452 1719 651 1789 eligunt
675 1724 792 1780 dies
811 1769 824 1790 ,
856 1731 991 1786 alius
1020 1717 1320 1795 novellandi
1343 1786 1358 1809 ,
1388 1745 1524 1804 alius
1552 1717 1869 1825 :edificandi,
1898 1717 2034 1819 alius

450 1811 816 1876 proficiscendi
835 1858 850 1882 ,
902 1833 956 1875 et
981 1823 1272 1894 aliquando
1302 1833 1460 1890 etiam
1491 1838 1626 1897 alius
1673 1860 1895 1904 uxorem
1925 1851 2029 1907 du-

449 1899 627 1955 condi.
675 1902 976 1969 Quod‘cum
1006 1912 1176 1983 'facit,
1220 1918 1340 1976 ideo
1387 1923 1546 1997 facit,
1579 1939 1638 1986 ut
1682 1899 2031 2011 magalia

451 1997 630 2045 natum
665 1993 891 2052 feliciter
917 2004 1198 2063 nutriatur.
1231 2007 1399 2070 Nemo
1427 1993 1602 2075 tamen
1631 2033 1810 2094 potest
1833 1993 2030 2103 elig'ere

451 2076 586 2103 ,ατη-κ
677 2099 769 2103 --μ
821 2086 834 2100 ο
885 2102 888 2103 ν
1297 2099 1325 2103 “
1388 2102 1394 2103 ⁷

446 2076 620 2147 diem,
672 2099 777 2153 quo
820 2086 935 2157 ipse
973 2103 1240 2153 nascatur.
1290 2099 1398 2158 Sed
1428 2104 1521 2163 ille
1551 2076 1721 2180 pomit
1747 2076 2028 2194 utrunrqne

446 2167 639 2194 ιδεμ-ιι-..
695 2175 779 2194 ---ς
811 2185 859 2194 η.
1246 2190 1258 2194 -

441 2167 664 2239 eligere,
690 2175 780 2242 qui
808 2185 1090 2253 utrumque
1114 2190 1285 2257 potuit
1311 2201 1367 2249 et
1392 2167 1596 2256 creare.
1626 2203 1737 2262 Nec
1766 2208 1838 2267 ita
1867 2167 2027 2287 elggit

444 2255 582 2287 ,πη-..ι
649 2263 780 2287 -ε---.
838 2269 929 2287 ,υμ
1013 2281 1026 2287 -
1151 2277 1165 2287 .
1213 2277 1237 2287 -
1360 2283 1374 2287 -

442 2255 605 2325 diem,
648 2263 785 2320 sicut
827 2269 1032 2340 eligunt
1074 2255 1165 2347 qui
1209 2277 1316 2337 fata
1346 2255 2035 2366 hominum

441 2349 675 2407 siderum
703 2355 1050 2427 dispositione
1071 2372 1423 2439 suspendunt.
1452 2377 1567 2437 Non
1593 2349 2020 2462 enirn—pervilis;

441 2439 568 2498 felit
598 2444 767 2504 factus
792 2461 874 2507 est
899 2456 988 2524 qui
1014 2467 1096 2514 est
1120 2469 1308 2531 natus;
1337 2469 1429 2525 sed
1461 2471 1666 2533 felicem
1706 2439 1830 2540 fecit
1854 2489 2016 2560 diem,

438 2545 547 2601 quo
585 2538 730 2591 nasci
771 2551 854 2595 est
895 2543 1010 2612 ipse
1036 2545 1301 2618 dignatus.
1341 2557 1473 2614 Nam
1512 2573 1567 2620 et
1591 2567 1706 2626 dies
1733 2538 2020 2639 nativitatis

435 2622 574 2691 ejus,
601 2624 759 2682 habet
785 2636 1096 2702 mysterium
1125 2640 1256 2700 lucis
1285 2645 1422 2717 ejus.
1448 2651 1537 2710 Sic
1565 2622 1706 2715 enim

435 2717 609 2772 stolus
648 2735 664 2773 :
705 2719 830 2777 Nox
868 2732 1140 2800 prwcessit,
1191 2735 1299 2793 dies
1342 2752 1511 2800 autem
1554 2717 1972 2830 appmpt'ttquav'it
1997 2780 2017 2820 .-

442 2806 704 2830 ,υωμη
793 2829 796 2830 ν
1072 2823 1083 2830 .

1585 2806 1599 2822 ι
1622 2806 1636 2822 1
1661 2806 1666 2807 ⁷
1692 2806 1971 2830 ‘r""l""'"
1997 2806 2010 2820 ⁸

436 2806 736 2879 abjiciamus
774 2829 930 2885 Opera
955 2823 1267 2884 tenebrarum
1285 2873 1302 2900 ,
1351 2844 1399 2888 et
1439 2837 1710 2901 induamas
1753 2867 1845 2908 nos
1870 2871 2015 2912 arma

412 2899 580 2965 'lucis,
609 2901 739 2957 sicut
765 2905 816 2960 in
846 2909 928 2963 die
953 2911 1159 2971 honeste
1185 2922 1497 2986 ambulemus
1522 2933 1542 2963 ³
1572 2933 1745 3004 (Rom.
1777 2957 1888 3012 xm,
1919 2947 2008 3015 12,

432 2989 524 3015 Δ.2ὶ
588 2991 867 3015 A------,,_
1007 3002 1042 3015 ι.

432 2989 546 3059 1-5).
578 2991 943 3063 Agnoscamus
989 3002 1162 3096 diem,
1220 3022 1274 3067 et
1315 3016 1482 3076 simus
1527 2989 2008 3096 di‘esaNoxu-etiini

386 3109 390 3112 -
428 3089 1129 3153 eramus,'cum’intideliter
1153 3101 1479 3168 vivebamus.
1510 3113 1580 3171 Et
1617 3124 1865 3189 quoniam
1894 3129 2006 3200 ipsa

429 3170 714 3200 ιηηληιε.--
748 3193 856 3200 ---μ
890 3191 959 3200 ,ΑΔ
1231 3193 1245 3200 -
1403 3199 1407 3200 ,

428 3170 716 3230 ίηίίάείίιδε
743 3193 861 3248 quae
889 3191 1054 3240 totum
1085 3193 1336 3250 mundum
1362 3199 1478 3257 vice
1505 3170 1679 3265 noctis
1705 3170 2002 3290 obtexerlat,

428 3263 707 3290 min.......l-
743 3268 908 3290 ALL”-
944 3273 972 3290 η
995 3277 1009 3290 ι

425 3263 711 3322 minuenda
741 3268 912 3328 fuerat
940 3273 1380 3356 “decrescente;
1409 3291 1529 3350 ideo
1551 3263 2002 3367 die

422 3352 554 3407 mini
581 3359 903 3418 nostri'Jesu
926 3365 1144 3437 Christi,
1170 3383 1226 3430 et
1254 3352 1578 3465 nox‘incipit
1601 3399 1804 3465 perpeti
1834 3400 2000 3460 detri-

417 3452 597 3499 menta
617 3487 631 3512 ,
675 3457 730 3504 et
772 3451 888 3508 dies
928 3471 1140 3518 sumere
1167 3480 1470 3537 augmenta.
1493 3451 1820 3544 'Habeamus
1848 3507 1994 3567 ergo,

418 3531 608 3567 τμη-ορ
695 3539 983 3567 ..ΛΑΜ-,μ
1035 3550 1095 3567 ρ-.
1245 3556 1280 3567 ..

417 3531 646 3602 fratres,
693 3539 987 3601 solemnem
1033 3550 1190 3609 istum
1226 3531 1408 3627 diem;
1449 3580 1553 3623 non
1593 3571 1730 3630 sicut
1755 3531 1997 3642 inﬁdeles

415 3634 633 3694 propter
652 3628 798 3686 hunc
823 3635 992 3691 solem
1016 3679 1031 3705 ,
1063 3641 1158 3697 sed
1184 3659 1401 3719 propter
1425 3670 1546 3714 eum
1573 3664 1661 3732 qui
1706 3665 1832 3726 fecit
1855 3671 1994 3733 hunc

411 3719 608 3773 solem.
661 3721 813 3790 Quod
859 3729 1002 3784 enim
1030 3733 1265 3794 Verbum
1303 3755 1448 3812 erat,
1502 3765 1628 3809 caro
1674 3756 1866 3818 factum
1911 3780 1994 3825 est

414 3809 591 3876 (Joan.
622 3829 687 3881 τ,
733 3817 860 3887 14),
892 3831 951 3915 ut
989 3835 1210 3897 propter
1238 3848 1336 3889 nos
1375 3809 1555 3906 posset
1581 3809 1988 3915 esseﬁsu‘b'solve:

405 3900 580 3957 Carne
605 3905 802 3976 quippe
835 3910 935 3968 sub
971 3915 1083 3971 sole
1111 3935 1126 3972 :
1155 3900 1432 3992 majestate
1470 3943 1648 3992 autem
1675 3953 1838 4013 super
1865 3951 1986 4004 ιιιιί-

405 4006 619 4048 versum
646 3998 905 4056 mundum
926 4043 941 4068 ,
973 4004 1025 4059 in
1055 4021 1161 4078 quo
1188 4014 1424 4074 condidit
1464 4023 1650 4082 solem.
1678 3998 1830 4092 Nunc
1858 4054 1986 4098 vero

2159 815 2534 873 permaneret?
2577 816 2729 886 Quod
2764 821 2992 883 humana
3023 835 3158 889 ratio
3190 852 3294 894 non
3323 815 3563 911 invenit:
3607 849 3729 911 fides

2157 898 2337 966 capit:
2382 911 2438 957 et
2479 905 2566 960 ubi
2613 907 2841 970 humana
2889 920 3025 976 ratio
3064 923 3274 997 deficit,
3327 898 3722 1008 ﬁdesprolici:

2155 985 2283 1052 Quis
2325 991 2467 1048 enim
2507 995 2651 1053 dicat
2679 1016 2784 1058 non
2816 1009 3054 1076 potuisse
3083 1014 3177 1071 Dei
3211 985 3721 1102 νὲτδξιῖἶρὲἶξᾷὦ

2153 1074 2290 1133 facta
2316 1093 2441 1138 sunt
2465 1088 2663 1158 omnia,
2703 1074 2880 1152 facere
2904 1100 3006 1156 sibi
3030 1116 3244 1163 carnem
3271 1113 3434 1171 etiam
3459 1074 3579 1174 sine
3597 1074 3719 1177 ama-

2117 1225 2122 1232 ,
2154 1174 2254 1234 tre,
2277 1171 2408 1227 sicut
2431 1176 2658 1244 primum
2683 1181 2951 1244 hominem
2977 1191 3094 1249 sine
3119 1207 3267 1266 patre
3297 1201 3422 1260 fecit
3441 1217 3496 1262 et
3526 1217 3721 1269 matre?

2149 1257 2254 1314 Sed
2280 1266 2529 1332 quoniam
2575 1280 2855 1346 utrumque
2894 1296 3078 1340 sexum
3105 1327 3120 1351 ,
3169 1289 3220 1344 id
3249 1303 3360 1362 est,
3411 1304 3633 1358 masculi
3674 1317 3718 1360 et

2149 1348 2393 1422 feminae,
2438 1359 2550 1428 ipse
2581 1363 2761 1436 utique
2788 1373 3028 1441 creavit;
3078 1377 3198 1435 ideo
3226 1392 3513 1458 utrumque
3538 1405 3715 1449 sexum

2145 1444 2306 1500 etiam
2335 1453 2601 1508 nascendo
2631 1459 2794 1514 voluit
2819 1462 3084 1526 honorare
3103 1511 3116 1533 ,
3147 1487 3304 1542 quem
3336 1493 3558 1536 venerat
3596 1487 3716 1542 libe~

2144 1549 2284 1591 rare.
2315 1537 2541 1610 Lapsum
2584 1557 2727 1604 certe
2759 1552 2915 1621 primi
2944 1555 3172 1617 hominis
3211 1568 3380 1624 nostis
3401 1611 3416 1634 ,
3457 1575 3581 1642 quia
3619 1593 3712 1633 non

2143 1634 2226 1681 est
2266 1643 2425 1686 ausus
2463 1648 2682 1706 serpens
2719 1638 2862 1713 loqui
2896 1646 3045 1715 viro,
3089 1653 3182 1708 sed
3209 1655 3276 1710 ad
3303 1673 3426 1714 eum
3467 1634 3715 1733 dejicien-

2140 1717 2265 1774 dum
2308 1722 2535 1782 femineo
2569 1745 2694 1786 usus
2732 1743 2816 1789 est
2842 1737 3158 1798 ministerio.
3203 1745 3306 1803 Per
3343 1751 3711 1825 infirmior-mu,

2139 1809 2365 1868 obtinuit
2409 1815 2680 1876 fortiorem
2713 1841 2727 1878 :
2758 1833 2812 1880 et
2853 1828 2939 1898 qui
2981 1845 3076 1901 per
3115 1835 3345 1894 alterum
3398 1850 3710 1916 penetravit,

2135 1897 2205 1955 de
2232 1910 2454 1975 utroque
2481 1909 2844 1982 triumphavit.
2874 1897 3015 1976 ideo
3045 1932 3103 1978 ut
3131 1941 3235 1982 non
3267 1897 3550 1999 possemus
3579 1954 3711 1993 mor-

2138 1999 2242 2046 tem
2269 2006 2502 2053 nostram
2535 1999 2585 2056 in
2617 2002 2808 2062 femina
2837 2009 2981 2066 velut
3005 2023 3148 2070 motu
3175 2017 3305 2087 justi
3336 2022 3545 2082 doloris
3589 2027 3708 2084 hor-

2133 2171 2388 2233 Dominus
2416 2181 2634 2238 veniens
2679 2200 2917 2256 qmercre
2957 2171 3099 2262 quod
3131 2199 3395 2270 perierat,
3431 2171 3706 2280 utrumque

2131 2263 2297 2320 voluit
2333 2266 2646 2328 honorando
2680 2281 3075 2353 commendare,
3126 2263 3245 2359 quia
3276 2303 3562 2368 utrumque
3588 2317 3700 2372 pcr-

2129 2353 2286 2411 ierat.
2315 2358 2370 2414 ln
2397 2362 2544 2418 nullo
2581 2365 2739 2436 igitur
2765 2383 2895 2426 sexu
2934 2375 3189 2435 debemus
3235 2383 3488 2453 iujuriam
3534 2390 3702 2449 facere

2125 2443 2368 2504 Creatori
2392 2469 2408 2507 :
2436 2461 2720 2528 utrumque
2744 2461 2811 2515 ad
2841 2468 3156 2532 sperandam
3182 2474 3409 2532 salutem
3433 2475 3696 2538 commen-

2124 2533 2269 2592 davit
2294 2537 2551 2600 Nativitas
2578 2545 2805 2604 Domini.
2841 2552 3022 2610 Honor
3047 2563 3323 2620 masculini

2123 2639 2283 2684 carne
2311 2628 2505 2689 Christi
2536 2652 2552 2688 :
2583 2635 2755 2694 honor
2797 2640 3037 2703 fetninini
3082 2661 3163 2706 est
3194 2653 3245 2708 in
3286 2669 3458 2715 matre
3485 2661 3684 2720 Christi.

2124 2715 2266 2774 Vicit
2289 2725 2551 2792 serpentis
2577 2730 2826 2786 astutiam
2853 2737 3019 2804 gratia
3049 2739 3173 2796 Jcsu
3199 2743 3416 2803 Christi.

2189 2807 2418 2868 CAPUT
2456 2812 2544 2869 ΙΙΙ.
2575 2846 2648 2858 —-
2688 2820 2740 2876 5.
2773 2821 3004 2883 Christus
3049 2842 3255 2903 propter
3297 2853 3392 2892 nos
3435 2840 3599 2913 infans
3635 2847 3683 2901 is

2118 2901 2349 2971 pmsepi.
2398 2903 2630 2977 Uterque
2659 2924 2787 2982 ergo
2833 2929 2993 2972 sexus
3019 2919 3070 2975 in
3112 2901 3298 2996 coqui
3343 2901 3503 2987 hodie
3539 2944 3680 2990 natas

2113 2997 2198 3044 est
2224 3004 2550 3062 renascatur,
2581 3008 2636 3055 et
2659 3003 2896 3061 celebret
2921 3007 3233 3069 hodiernum
3263 3017 3406 3074 diem
3439 3039 3454 3076 :
3484 3038 3585 3094 quo
3603 3026 3678 3080 dio

2114 3094 2219 3137 non
2247 3083 2498 3143 Dominus
2523 3089 2767 3151 Christus
2795 3112 2914 3153 esse
2953 3104 3133 3173 erepit,
3167 3107 3260 3162 sed
3291 3111 3379 3180 qui
3409 3083 3523 3170 erat
3549 3131 3652 3172 sem

2112 3187 2207 3241 per
2242 3177 2379 3245 apud
2424 3179 2635 3239 Patrem
2656 3226 2670 3251 ,
2719 3201 2932 3245 carnem
2962 3210 3119 3263 quam
3154 3177 3361 3270 accep—it
3403 3220 3468 3260 ex
3498 3219 3670 3276 matre,

2111 3263 2162 3318 in
2192 3265 2330 3322 hanc
2355 3268 2524 3326 lucem
2555 3277 2810 3346 protulit;
2841 3283 2993 3338 matri
3032 3263 3408 3349 fecunditatem
3437 3295 3668 3366 offerens,

2108 3353 2461 3428 integritatem
2491 3379 2596 3419 non
2627 3367 2890 3428 auferens.
2939 3373 3266 3449 Concipitur,
3310 3388 3561 3454 nascitur,
3599 3390 3665 3444 in-

2105 3443 2218 3501 fans
2257 3458 2358 3503 est.
2409 3451 2538 3519 Quis
2567 3465 2646 3511 est
2690 3458 2787 3516 iste
2828 3463 3041 3522 infans?
3077 3469 3265 3539 'lnfans
3295 3479 3440 3534 enim
3469 3481 3660 3548 dicitur.

2101 3535 2242 3604 quod
2285 3553 2390 3593 non
2437 3545 2601 3611 possit
2642 3546 2774 3614 fari,
2825 3551 2876 3606 id
2906 3565 2987 3610 est
3020 3536 3181 3630 loqui.
3226 3563 3371 3636 Ergo
3396 3579 3450 3625 et
3487 3535 3657 3641 infans,

2099 3633 2155 3680 et
2177 3625 2404 3684 Verbum
2434 3641 2536 3688 est.
2569 3635 2671 3692 Per
2695 3654 2908 3698 carnem
2937 3625 3100 3716 tacet,
3125 3667 3220 3722 per
3245 3625 3480 3728 Angelos
3501 3625 3654 3720 docet:

2097 3713 2378 3774 Nuntiatur
2403 3726 2704 3791 pastoribus
2749 3733 3000 3807 princeps
3034 3713 3653 3820 pastorqueupsstontm:

2095 3811 2150 3858 et
2193 3807 2242 3860 in
2293 3813 2518 3882 prtescpi
2560 3814 2704 3885 jacet
2755 3821 2984 3881 fidelium
3034 3807 3244 3889 cibaria
3285 3807 3650 3906 jumentorum.

2096 3894 2412 3956 Praedictum
2436 3905 2576 3960 enim
2608 3907 2779 3966 fuerat
2823 3931 2918 3984 per
2943 3894 3307 3990 Prophetam':
3344 3894 3652 4002 Aquom—bos

2092 4005 2425 4057 possessorem
2452 4013 2618 4064 suum,
2648 4011 2697 4055 et
2722 4005 2897 4060 asinus
2921 4026 3147 4082 praesepe
3174 4015 3386 4076 Domini
3410 4026 3490 4078 sui
3516 4025 3646 4098 (Isai.

2092 4091 2106 4098 _
2175 4079 2229 4098 ..ι
2286 4081 2301 4098 .
2321 4081 2359 4098 ,ν
2390 4097 2393 4098 ,
2451 4085 2463 4098 .
2637 4089 2669 4098 --
2830 4094 2862 4098 -~

623 4076 629 4082 -
906 4094 919 4106 .
1073 4076 1085 4078 -
1678 4076 1830 4092 ’““”“’
1866 4076 1986 4098 “‘"’
2091 4091 2141 4142 ι,
2174 4079 2252 4148 5).
2285 4081 2406 4137 Ideo
2451 4085 2502 4140 in
2542 4089 2707 4146 asello
2752 4094 2888 4151 sedit
2909 4076 2932 4162 ,⁷
2963 4103 3175 4170 quando
3199 4076 3647 4170 Jerusalem\cum

623 4102 662 4142 Ie
698 4102 866 4161 super
905 4103 1063 4152 istum
1091 4103 1286 4170 solem,
1317 4123 1474 4170 quem
1520 4131 1616 4170 bro
1643 4120 1754 4170 Dea
1781 4129 1958 4170 nni-ml
2091 4167 2103 4170 -
2202 4169 2207 4170 κ

363 4116 366 4119 -
403 4090 458 4135 et
499 4099 662 4142 carne
698 4102 866 4161 super
905 4094 1063 4152 istum
1091 4103 1286 4171 solem,
1317 4123 1474 4178 quem
1520 4131 1616 4185 pro
1643 4120 1754 4178 Deo
1781 4129 1980 4199 colunt,

395 4173 488 4241 qui
519 4183 855 4237 mente’carci
879 4199 1069 4243 verum
1093 4191 1312 4260 justitia:
1340 4215 1447 4256 non
1485 4205 1664 4264 vident
1693 4213 1880 4271 solem.

457 4264 696 4325 CAPUT
734 4271 796 4326 ll.
827 4265 898 4316 -+
921 4278 981 4332 2.
1017 4279 1322 4344 Nativitates
1350 4291 1538 4352 Christi
1562 4264 1978 4368 dum."cl}"na.

394 4356 469 4407 “'5
493 4373 554 4410 επ
577 4360 764 4429 Ῑειπίηα
786 4367 967 4420 valuit.
1003 4370 1149 4428 Diem
1173 4391 1301 4448 ergo
1329 4383 1506 4449 istum,
1531 4389 1838 4465 Christiani,
1871 4418 1978 4460 non

394 4443 591 4503 divina:
621 4451 912 4512 nativitatis
938 4460 1270 4523 celebremus
1289 4511 1304 4536 ,
1337 4476 1430 4529 sed
1459 4479 1732 4556 humanae,
1770 4494 1976 4552 scilicet

390 4549 492 4603 qua
535 4549 970 4612 contemperatus
1015 4562 1098 4608 est
1146 4558 1338 4627 nobis;
1399 4577 1456 4622 ut
1500 4587 1596 4640 per
1652 4549 1968 4644 invisibilem

363 4625 652 4684 "visibilem
691 4632 883 4690 factum
907 4677 924 4703 ,
969 4654 1000 4694 a
1040 4625 1335 4707 visibilibus
1357 4655 1423 4710 ad
1457 4625 1970 4734 litigatiiil'iiliil

382 4822 506 4865 esse
535 4812 840 4874 nativitates
863 4819 1071 4881 Domini
1107 4844 1120 4881 :
1152 4845 1308 4888 unam
1331 4836 1584 4912 divinam,
1615 4849 1835 4912 alteram
1861 4857 1963 4916 hu-

381 4915 593 4959 manam
619 4922 635 4971 ;
665 4905 809 4965 illaut
849 4912 964 4970 sine
989 4924 1248 4990 tempore,
1289 4925 1428 4986 hanc
1457 4930 1508 4989 in

378 4991 475 5050 bas
517 5006 695 5056 autem
731 5002 1003 5064 miraoiles
1032 5027 1046 5063 :
1079 5010 1220 5070 illam
1261 5019 1379 5077 sine
1405 5035 1603 5098 matre,
1647 4991 1805 5092 istam
1845 5041 1961 5100 sine

343 5105 348 5110 .
439 5105 457 5136 ι
503 5107 576 5158 sic
621 5111 822 5172 explicit
856 5115 936 5169 hic
977 5133 1140 5174 senm
1181 5127 1320 5188 jam.
1354 5141 1521 5201 hang.
1563 5155 1579 5191 τ
1623 5153 1732 5209 ’μω
1764 5153 1961 5209 “dam

370 5176 467 5209 nm
500 5172 764 5209 nit-mimi”
825 5181 907 5209 οιΑ
932 5180 1170 5209 ,μω-η..-
1190 5201 1202 5209 .
1225 5189 1322 5209 .-___
1372 5196 1384 5209 .

370 5172 764 5281 meme
1563 5172 1958 5281 eam:

372 5228 762 5320 αα,

1722 5335 1954 5389 mm-

973 5358 984 5367 ,
1073 5358 1076 5359 ν
1095 5358 1104 5360 Ὗ
1133 5358 1290 5366 _,_..--.-
1309 5358 1419 5382 ...ινφ
1433 5358 1702 5389 υμυιιιηισιπ
1722 5371 1736 5384 ο

371 5361 476 5399 mus
499 5365 644 5415 opera
665 5358 968 5416 tenebrarum
983 5405 997 5427 ,
1024 5377 1069 5421 et
1091 5371 1348 5433 inducimus
1366 5395 1452 5436 ms
1473 5390 1754 5446 armaturis
1769 5435 1782 5458 ,
1809 5401 1879 5451 sic
1902 5410 1953 5452 ut

371 5409 420 5458 ﬁ,
539 5414 728 5458 ΙῘΜΡΣῘΩ
750 5424 1047 5458 ηιηΙιηΙοι-η..
1131 5441 1166 5458 ll

369 5411 420 5460 in
439 5411 728 5470 die'honeste
750 5411 1069 5482 ambulemus:

435 5496 452 5510 '
481 5502 718 5560 ttepertus
738 5513 816 5556 est
838 5509 886 5558 iu
908 5510 972 5561 cl.
997 5526 1039 5562 r.
1065 5529 1113 5566 ν.
1139 5525 1249 5571 Lov.

423 5576 504 5654 '(a)
531 5579 669 5644 Alias,
693 5587 756 5637 de
780 5592 1086 5649 Diversis‘fit'.

1181 5127 1320 5201 juxta
1354 5141 1521 5201 mag.

2091 4167 2334 4226 laudibus
2385 4175 2734 4236 multitudinis
2784 4167 3134 4256 praecedentis
3185 4207 3240 4250 et
3289 4207 3648 4275 consequentis

2087 4257 2300 4315 intravit
2345 4263 2554 4332 (Matth.
2586 4285 2692 4337 xxi,
2742 4274 2878 4346 1-9).
2928 4277 2996 4334 Et
3023 4297 3120 4337 nos
3161 4257 3649 4363 agnoscasz

2085 4363 2323 4420 praesepe
2347 4355 2680 4428 accedamus,
2713 4363 2907 4422 cibaria
2939 4355 3352 4446 manducemus,
3384 4381 3650 4442 Dominum

2085 4449 2451 4514 rectoremque
2481 4458 2790 4520 portemus;
2846 4467 2903 4512 ut
2941 4461 3006 4516 ad
3047 4465 3322 4525 emlestem
3365 4473 3649 4535 Jerusalem

2081 4530 2172 4587 illo
2196 4525 2426 4592 ducente
2453 4541 2746 4598 veniamus.
2795 4546 3004 4607 infirma
3042 4565 3123 4610 est
3146 4558 3348 4618 Christi
3388 4579 3454 4620 es
3493 4581 3651 4626 matre

2078 4623 2362 4692 nativitas;
2417 4629 2512 4684 sed
2555 4647 2619 4687 es
2660 4635 2817 4694 Patre
2855 4644 3025 4712 ampla
3074 4649 3343 4719 majestas.
3397 4657 3568 4716 liabet
3603 4664 3648 4717 in

2140 4899 2194 4954 4.
2222 4898 2530 4960 Celebranda
2557 4905 2744 4963 Christi
2781 4913 3033 4970 nativitas.
3075 4916 3263 4974 Merito
3301 4925 3499 4992 psalmi
3541 4931 3646 5000 ejus

2069 4994 2315 5060 tanquam
2349 5007 2480 5051 voce
2517 4997 2658 5052 mbae
2695 5001 2926 5060 caelestis
2964 5010 3326 5076 accendimur,
3375 5016 3464 5071 ubi
3500 4994 3646 5101 uali-

2065 5096 2187 5137 mus
2218 5099 2232 5136 :
2259 5083 2468 5141 Cantate
2493 5086 2712 5146 Domino
2751 5097 2999 5151 canticum
3039 5115 3257 5167 norum;
3303 5116 3509 5162 cautae
3538 5097 3644 5163 Do-

2063 5175 2200 5227 mino
2217 5214 2232 5238 ,
2282 5177 2446 5231 omnis
2495 5187 2646 5259 terra.
2701 5181 2914 5240 Cantate
2961 5185 3182 5248 Domino
3203 5233 3218 5259 ,
3272 5207 3322 5251 et
3372 5199 3647 5258 benedicits

2063 5279 2241 5321 nomen
2266 5268 2376 5339 ejus
2407 5257 2579 5343 (Psa‘l.
2605 5289 2724 5341 xcv,
2757 5277 2780 5332 t
2813 5287 2859 5332 et
2886 5279 2966 5352 2).
2997 5257 3366 5356 Agnoscamus
3403 5308 3553 5368 ergo,
3589 5308 3646 5355 et

2059 5359 2432 5415 annuntiemus
2466 5362 2600 5418 diem
2627 5381 2689 5419 et
2711 5367 2811 5433 die,
2853 5372 2943 5439 qui
2978 5373 3030 5428 in
3054 5390 3218 5435 carne
3245 5390 3406 5440 natus
3433 5396 3521 5442 est
3539 5388 3644 5444 ista

2057 5447 2162 5502 die.
2195 5448 2317 5505 Dies
2337 5451 2502 5509 Filius
2527 5469 2590 5510 ex
2620 5456 2706 5512 die
2735 5458 2911 5526 Patre,
2946 5463 3086 5522 Deus
3113 5483 3178 5524 ex
3207 5471 3337 5541 Deo,
3370 5475 3548 5534 lmnen
3575 5495 3639 5536 ex

2057 5538 2274 5596 lumine.
2307 5541 2418 5598 lloc
2447 5554 2525 5600 est
2555 5547 2696 5602 enim
2725 5550 2979 5622 salutare,
3021 5557 3089 5614 de
3113 5576 3218 5631 quo
3245 5538 3374 5622 alibi
3400 5567 3635 5628 dicitur:

2058 5626 2196 5685 Deus
2245 5635 2536 5691 misereatur
2577 5641 2766 5710 nostri,
2810 5651 2859 5697 et
2901 5646 3158 5706 bcnedicat
3205 5670 3298 5710 nos
3315 5673 3337 5724 ,'
3385 5659 3637 5720 illaminst
