3886 6188
231 421 364 479 1017

227 539 333 595 ruit
357 535 478 605 quid
522 533 725 588 a-imus.
763 528 833 587 Et
865 531 1054 588 scimus
1085 532 1323 595 quoniam
1351 548 1467 587 eum
1493 534 1805 603 apparuerit,

228 628 415 683 simias
459 624 508 681 ei
547 624 756 689 erimus,
800 626 1042 695 quoniam
1080 624 1357 680 videbimus
1393 641 1512 682 euut
1550 626 1699 680 sicuti
1737 635 1810 679 est

227 718 274 786 (l
293 717 453 772 Joatt.
478 732 559 784 ιιι,
580 715 660 788 2).
686 715 815 770 Nam
834 716 923 787 qui
944 725 1067 772 sunt
1086 717 1161 772 illi
1183 716 1455 788 sapientiae
1469 718 1811 788 scientiarque

231 809 488 874 thes-ruri,
518 825 637 881 qua:
663 809 765 865 ilhc
791 808 987 865 divitim
1015 808 1229 875 divinae,
1254 809 1356 865 nisi
1382 810 1505 880 quia
1540 809 1811 865 sufﬁciunt

227 901 420 957 nobis?
447 900 514 957 Et
538 915 658 972 qua:
687 900 773 955 illa
797 899 1075 956 multitudo
1094 899 1413 966 dulcedinis,
1438 900 1541 956 nisi
1566 900 1688 971 quia
1713 914 1804 955 sa-
1848 904 1856 919 '

228 995 326 1049 tiat
362 994 498 1049 nos?
525 992 747 1049 Ostende
782 1008 910 1065 ergo
938 995 1081 1049 nobis
1123 993 1349 1061 Patrem,
1373 1004 1421 1049 et
1448 993 1630 1064 sumsit
1667 994 1810 1050 nobis

228 1083 407 1154 (Jomt.
437 1099 550 1151 ιιι,
580 1083 658 1156 8).
689 1083 756 1139 Et
789 1084 842 1140 in
866 1084 1096 1155 quodam
1134 1085 1341 1157 psalmo
1374 1084 1590 1156 quidam
1615 1100 1683 1141 ex
1711 1099 1809 1139 no-

228 1176 329 1243 bis,
354 1175 437 1230 vel
458 1176 511 1231 in
535 1175 712 1239 nobis,
735 1176 819 1232 vel
846 1190 941 1246 pro
966 1176 1136 1242 nobis,
1166 1176 1240 1231 ait
1262 1176 1337 1231 illi
1361 1193 1376 1232 :
1408 1176 1666 1240 Satiabor,
1686 1177 1809 1230 dum

228 1267 630 1339 manifestabitur
654 1267 831 1339 gloria
870 1276 958 1321 tua
983 1266 1151 1340 (Psal.
1185 1282 1297 1333 avt,
1328 1265 1439 1339 l5).
1470 1267 1587 1338 ipse
1628 1276 1807 1322 autem

228 1372 278 1417 et
308 1360 467 1421 Pater
503 1372 666 1415 unum
697 1366 823 1414 sunt
842 1344 1022 1430 (Joau.
1065 1375 1120 1424 x,
1157 1358 1248 1430 50)
1280 1366 1378 1413 :et
1403 1359 1492 1429 qui
1523 1358 1694 1428 ipsum
1722 1357 1806 1413 vi.

225 1454 335 1513 det.
362 1450 508 1508 videt
532 1461 585 1507 et
613 1450 824 1507 Patrem
855 1450 970 1521 (Id.
1003 1467 1115 1518 xlv,
1150 1451 1226 1520 9).
1261 1451 1402 1521 Ergo
1431 1450 1680 1506 Dominus
1702 1450 1811 1505 uir-

225 1552 406 1605 tutum.
433 1543 543 1614 ipse
581 1552 655 1598 est
690 1558 782 1596 res
824 1543 1002 1614 gloria:
1040 1542 1209 1616 (Psal.
1238 1558 1386 1607 χχιιι,
1416 1542 1531 1613 10).
1573 1542 1808 1599 Conver-

226 1644 343 1692 tens
386 1650 507 1702 nos,
534 1634 781 1690 ostendet
819 1635 970 1690 nobis
1016 1635 1424 1700 facicm'snam;
1467 1643 1523 1691 et
1548 1634 1678 1691 salvi
1702 1634 1809 1690 eri-

226 1744 343 1783 mus
398 1724 582 1798 (Psal.
613 1741 803 1794 usu,
847 1725 942 1798 4),
997 1733 1053 1781 ct
1094 1725 1428 1793 adlabimur,
1482 1733 1538 1783 et
1582 1725 1810 1782 sufficiet

227 1817 399 1873 nobis.

292 1909 520 1966 CAPUT
558 1908 648 1966 IV.
676 1938 749 1951 —-
774 1909 830 1966 ι.
855 1908 1145 1965 Conclusio.
1190 1906 1343 1965 Dicat
1388 1908 1565 1979 itaque
1606 1908 1684 1963 illi
1715 1922 1809 1963 cor

226 2014 467 2059 nostrum
493 2019 508 2056 :
531 2003 751 2071 Qumiui
784 2003 975 2058 uultum
1003 2011 1142 2057 tuum
1158 2016 1179 2067 ;
1207 2001 1400 2056 uultum
1427 2011 1590 2067 lauru,
1631 2000 1809 2055 Domi.

225 2113 308 2161 ne,
330 2095 616 2167 requiram;
645 2112 716 2151 us.
730 2103 923 2150 avertas
948 2094 1128 2168 facient
1149 2103 1289 2149 tuam
1311 2111 1344 2148 a
1364 2111 1443 2150 me
1459 2093 1632 2166 (Psal.
1656 2109 1803 2160 nrt,

225 2190 279 2252 8,
304 2189 383 2260 9).
416 2187 484 2243 Et
526 2187 846 2259 respondeat
890 2186 1005 2256 ipse
1047 2186 1196 2242 cordi
1243 2194 1463 2242 nostro:
1498 2184 1600 2252 Qui
1641 2184 1809 2257 diligit

231 2295 322 2345 an»,
346 2279 589 2334 mandata
611 2295 722 2334 mea
744 2278 960 2336 custodit
985 2295 1006 2335 :
1023 2289 1070 2332 et
1088 2279 1177 2350 qui
1207 2278 1372 2350 diligit
1398 2295 1498 2347 me,
1528 2278 1810 2349 diligetura

231 2368 387 2427 Patre
408 2388 552 2438 meo;
577 2380 625 2425 et
651 2387 743 2443 ego
763 2371 972 2443 diligam
1000 2387 1134 2437 eum,
1171 2381 1219 2424 et
1242 2371 1502 2426 ostendam
1530 2386 1609 2425 me
1643 2371 1810 2441 ipsum

223 2463 300 2517 illi
342 2461 524 2535 (Joau.
572 2478 684 2528 XIV,
724 2462 842 2534 2|).
870 2461 1130 2519 Videbam
1166 2464 1347 2533 utique
1387 2477 1510 2518 cum
1538 2463 1709 2518 oculis
1735 2463 1809 2519 illi

223 2553 419 2626 quibus
443 2551 547 2609 hoc
572 2552 799 2619 diccbat,
825 2560 879 2608 et
916 2566 1105 2608 sonum
1134 2552 1281 2610 vocis
1316 2552 1434 2623 ejus
1470 2553 1688 2608 auribus
1711 2567 1809 2608 au-

224 2643 464 2709 diebant,
494 2651 550 2699 et
575 2641 808 2698 humano
838 2643 1000 2699 corde
1039 2642 1308 2699 hominem
1336 2643 1638 2716 cogitabant
1666 2659 1683 2697 :
1712 2642 1808 2700 sed

224 2734 366 2803 quod
404 2735 594 2790 oculus
634 2748 740 2789 non
776 2733 927 2800 vidit,
958 2747 1058 2789 nec
1093 2735 1239 2790 auris
1263 2735 1483 2802 audivit,
1505 2749 1606 2791 nec
1634 2733 1689 2789 in
1716 2741 1813 2791 cor

226 2825 462 2882 hominis
524 2827 802 2895 ascendit,
851 2826 1099 2883 eumdem
1152 2828 1324 2897 ipsum
1371 2842 1431 2884 se
1471 2827 1814 2898 promittebat

224 2919 511 2975 esttandem
556 2919 894 2992 diligentibus
930 2933 990 2976 se
1025 2920 1067 2991 (l
1096 2919 1213 2975 Cor.
1243 2936 1301 2987 tt,
1335 2920 1412 2991 9).
1449 2920 1602 2990 Quod
1643 2920 1815 2978 donec

229 3012 340 3075 ﬁat,
368 3010 543 3066 donec
566 3011 811 3067 ostendat
839 3011 992 3066 nobis
1015 3010 1156 3082 quod
1186 3010 1414 3067 sufficiat
1437 3012 1609 3079 nobis,
1642 3011 1814 3084 donec

225 3118 347 3160 eum
390 3102 589 3158 fontem
632 3103 750 3159 vita:
786 3112 1028 3173 potamus
1050 3111 1105 3159 et
1129 3104 1414 3171 satiemur;
1446 3105 1655 3161 interim
1684 3104 1813 3162 dum

225 3193 564 3249 ambulantes
593 3208 687 3263 per
715 3193 871 3250 {idem
909 3193 1307 3266 pcregrinamur
1339 3194 1407 3250 ab
1437 3209 1520 3262 eo,
1545 3195 1670 3251 dum
1693 3211 1816 3253 esu-

224 3292 396 3339 rimus
425 3292 482 3339 et
513 3283 723 3339 sitimus
750 3283 1030 3354 justitiam,
1060 3292 1115 3339 et
1136 3283 1154 3315 ⁸
1180 3283 1364 3339 formae
1396 3284 1488 3340 Dei
1524 3283 1817 3357 pulchritu-

226 3376 409 3431 dinem
461 3376 713 3431 inelfahili
756 3376 949 3432 ardore
998 3374 1387 3446 desideramus,
1417 3376 1623 3440 ,formte
1676 3380 1816 3435 servi

226 3465 471 3523 Natalem
507 3466 701 3522 devoto
729 3466 987 3540 obsequio
1019 3466 1374 3525 celebremus.
1403 3467 1648 3546 Nondum
1682 3483 1817 3525 eon-

227 3558 477 3629 tcmplari
521 3573 806 3629 possumus
848 3558 988 3630 quod
1017 3557 1228 3630 genitus
1256 3568 1339 3616 est
1378 3570 1503 3617 ante
1539 3560 1819 3617 luciferum

225 3663 254 3704 a
297 3650 485 3716 Patre,
534 3648 933 3720 frequentemus
978 3651 1000 3681 ⁹
1044 3650 1186 3721 quod
1232 3649 1506 3707 nocturnis
1554 3649 1701 3708 boris
1736 3662 1823 3708 est

226 3750 387 3796 natus
414 3754 484 3795 ex
507 3739 733 3811 virgine.
759 3738 1004 3795 Nondum
1042 3740 1301 3810 capimus,
1332 3741 1472 3812 quod
1503 3750 1627 3798 ante
1650 3743 1821 3798 solem

226 3837 515 3902 permanet
550 3845 746 3886 nomen
783 3824 898 3901 ejus
929 3829 1101 3902 (Psal.
1131 3833 1276 3898 auxi,
1320 3830 1431 3902 l7).
1473 3845 1823 3902 agnoscamus

227 3923 278 3978 in
322 3922 444 3979 sole
478 3923 706 3993 positum
737 3921 1135 3977 tabernaculum
1167 3922 1302 3992 ejus.
1333 3923 1576 3979 Nondum
1605 3933 1826 3981 contue-

229 4035 357 4074 mur
384 4017 611 4074 Unicum
643 4025 1042 4088 permanentem
1067 4017 1119 4071 in
1152 4017 1310 4072 Patre
1334 4031 1453 4085 suo,
1483 4018 1827 4073 recordemur

228 4126 496 4182 sponsum
543 4109 918 4181 procedentem
956 4108 1026 4166 de
1066 4109 1300 4165 thalamo
1337 4124 1435 4166 suo
1477 4109 1647 4182 (Psal.
1677 4127 1823 4177 xvnt,

232 4200 311 4273 6).
366 4200 612 4256 Nondum
662 4200 840 4256 idonei
892 4215 1076 4256 sumus
1122 4200 1366 4256 convivio
1414 4201 1586 4256 Patris
1633 4201 1824 4272 nostri,

230 4307 590 4364 agnoscamus
618 4306 861 4364 przcsepe
887 4291 1095 4347 Domini
1125 4292 1291 4347 nostri
1313 4291 1439 4348 Jesu
1463 4290 1683 4349 Christi.

725 4425 957 4482 summ
990 4424 1172 4481 cxcv
1203 4428 1221 4448 ·
1249 4422 1349 4495 (η).

715 4523 765 4567 In
787 4515 932 4567 Natali
955 4515 1153 4578 Domini,
1179 4529 1247 4566 xu
1267 4514 1361 4580 (lt).

308 4645 366 4699 l.
413 4640 668 4696 Natiuilas
718 4640 907 4696 Christi
950 4640 1162 4711 duplex,
1204 4649 1418 4712 utraque
1458 4639 1828 4696 inenarrabilis.

236 4733 409 4790 Filius
460 4733 554 4789 Dei
603 4732 849 4801 idemque
896 4730 1033 4785 illius
1076 4731 1306 4785 hominis
1350 4730 1603 4785 Dominus
1650 4741 1834 4787 noster

233 4824 398 4886 Iesus
422 4822 685 4885 Christus,
734 4823 850 4877 sine
893 4832 1064 4875 matre
1109 4821 1176 4877 dc
1219 4821 1377 4876 Patre
1419 4831 1592 4885 natus,
1631 4822 1834 4876 creavit

233 4931 456 4976 Omnem
484 4915 625 4973 diem
648 4931 663 4979 ;
691 4914 806 4968 sine
833 4922 981 4983 patre
1008 4912 1076 4967 de
1100 4920 1268 4966 matre
1294 4920 1472 4977 natus,
1499 4912 1835 4967 consecravit

239 5012 390 5069 hunc
419 5007 597 5071 diem;
623 5006 800 5061 divina
846 5005 1119 5060 nativitate
1157 5002 1456 5069 invisibilis,
1494 5002 1726 5058 humana
1753 5004 1834 5059 vi.

237 5101 441 5166 sibilis,
470 5109 692 5169 utraque
734 5097 1010 5152 mirabilis.
1055 5095 1284 5151 Proinde
1310 5094 1450 5166 quod
1489 5094 1557 5150 de
1580 5094 1676 5149 illo
1716 5110 1835 5165 pro-

240 5194 406 5263 pheta
434 5190 705 5262 pra-dixit,
721 5187 1103 5246 Geuerationem
1125 5188 1238 5258 ejus
1268 5187 1379 5256 quis
1403 5186 1655 5241 enarrabit
1680 5185 1833 5260 (Isai.

305 5370 325 5402 ι
361 5364 661 5427 rarﬁatlam,
684 5373 732 5417 et
780 5365 1013 5428 omittunt
1055 5360 1223 5425 plures
1242 5371 1347 5415 uss.
1369 5362 1453 5428 qui
1476 5359 1735 5424 iniraloco,
1753 5360 1838 5414 de-

238 5429 537 5487 sideratum,
564 5424 768 5483 habent.
780 5424 1129 5477 desideremus.

307 5493 328 5553 ξ
346 5489 441 5541 Flor
453 5490 659 5540 incensis
682 5486 1078 5553 Happensmmts.

304 5552 324 5573 '
347 5556 603 5602 eiu-rectus
623 5558 702 5601 est
718 5550 776 5600 ad
799 5547 903 5600 ires
915 5547 992 5597 ch.
1018 5547 1079 5597 ad
1095 5548 1129 5597 f.
1150 5553 1253 5599 aut.
1280 5556 1335 5599 et
1355 5555 1455 5605 Ant.
1474 5554 1550 5598 Β.
1586 5554 1672 5597 Par
1694 5552 1805 5598 ιον.

306 5613 382 5674 (ιι)
406 5611 639 5674 Alias,t_lc
658 5621 897 5674 Tempore
932 5607 1008 5674 12.
1104 5668 1118 5674 _
1154 5670 1200 5674 η
1292 5669 1309 5674 _
1339 5670 1350 5674 Α
1560 5670 1606 5674 __
1658 5614 1695 5674 _'

305 5668 379 5736 (lt)
399 5668 568 5725 Serui)
586 5669 679 5724 iste
693 5668 1072 5736 toiauiensilms
1087 5668 1264 5720 dubius
1287 5669 1376 5723 mn
1393 5683 1480 5736 ;_ac
1500 5668 1707 5721 subinde
1724 5683 1844 5734 spu-

240 5734 562 5788 rtus'vcrino.
590 5734 825 5797 vindingo
857 5741 1021 5797 autem
1051 5743 1314 5795 germanus
1344 5734 1569 5792 videtur;
1595 5740 1646 5783 et
1677 5742 1841 5782 nostra

241 5802 475 5865 opimone
506 5796 803 5863 augustino,
817 5796 894 5847 cui
918 5796 1225 5865 manuscripti
1261 5797 1477 5852 triluunt
1497 5829 1509 5858 ,
1531 5809 1624 5847 non
1659 5803 1732 5843 est
1772 5798 1840 5845 ln-

1626 418 1858 479 SEMIO
1884 420 2095 482 CXCV.

3367 428 3499 485 10ιὸ

1921 547 2031 599 ιιιι,
2055 532 2150 604 8)?
2173 532 2386 604 deqna
2436 537 2610 605 potius
2651 537 2851 594 dictum
2892 537 2981 604 sit,
3019 538 3260 610 judicare
3284 539 3498 608 difticilc

1915 634 2031 691 eat;
2059 634 2233 680 utrum
2253 625 2322 682 de
2345 626 2430 680 illa
2457 627 2545 682 ubi
2569 643 2836 699 nunquam
2864 645 2969 685 non
2995 638 3152 685 natus
3172 640 3497 687 comternum

1917 716 2080 774 habet
2102 717 2333 786 Patrem,
2363 734 2432 773 an
2456 718 2524 775 de
2550 720 2648 775 ista
2670 720 2759 776 ubi
2787 722 3074 792 aliquando
3101 730 3281 788 natus,
3313 723 3366 776 in
3393 737 3497 791 qua

1916 806 2087 875 fieret,
2108 807 2218 877 jam
2245 807 2447 865 fecerat
2471 819 2696 867 matrem
2726 828 2740 865 :
2768 821 2942 866 utrum
2962 812 3029 868 de
3055 812 3143 871 illa
3172 813 3260 867 ubi
3286 828 3498 882 semper

1915 909 2073 955 natus
2094 908 2197 969 est,
2220 903 2308 972 qui
2341 917 2556 973 semper
2576 913 2722 969 erat;
2759 907 2878 976 quis
2906 907 3048 961 enim
3076 906 3341 962 enarrabit
3368 921 3499 975 quo-

1914 991 2077 1049 modo
2121 1002 2302 1050 natum
2344 995 2417 1051 sit
2454 995 2634 1054 lumen
2677 997 2746 1053 de
2794 998 3013 1063 lumine,
3043 1008 3097 1054 et
3124 1014 3287 1054 unum
3318 999 3495 1056 lumen

1915 1092 2199 1154 utrumque
2238 1086 2348 1141 sit?
2372 1087 2640 1158 quomodo
2668 1097 2822 1144 natus
2863 1089 2933 1143 sit
2970 1088 3110 1145 Deus
3136 1089 3205 1145 de
3243 1090 3371 1154 Deo,
3398 1106 3497 1146 nec

1913 1171 2136 1228 deorum
2185 1190 2439 1232 numerus
2491 1177 2756 1233 creverit?
2807 1178 3079 1249 quomodo
3128 1178 3274 1234 velut
3319 1178 3386 1233 de
3438 1195 3497 1236 re

1914 1269 2179 1319 transacta
2217 1265 2424 1321 dicatur
2446 1267 2587 1338 quod
2618 1277 2770 1323 natus
2795 1276 2897 1335 est,
2926 1283 3049 1324 cum
3078 1277 3289 1337 tempus
3325 1269 3376 1324 in
3409 1269 3495 1325 illa

1913 1351 2189 1411 nativitate
2232 1371 2333 1411 nec
2375 1357 2663 1426 transierit,
2711 1374 2818 1428 quo
2867 1358 3138 1430 pra-terita
3182 1367 3352 1425 esset;
3397 1375 3497 1414 nec

1912 1448 2266 1517 praecesserit.
2291 1464 2399 1520 quo
2446 1448 2621 1505 futura
2660 1460 2835 1517 esset;
2886 1466 2987 1507 nec
3028 1465 3265 1522 pmens
3312 1450 3493 1514 fuerit.

1912 1538 2064 1607 quasi
2085 1537 2258 1595 adhuc
2288 1540 2458 1606 ﬁeret,
2488 1549 2544 1596 et
2582 1541 2812 1611 perfecta
2841 1559 2946 1597 non
2974 1543 3159 1599 esset?
3182 1543 3331 1600 [lane
3366 1559 3498 1615 ergo

1911 1632 2309 1700 generationem
2337 1633 2457 1704 quis
2496 1634 2803 1700 enarrahit;
2831 1650 2951 1690 cum
2980 1635 3033 1691 id
3061 1635 3203 1706 quod
3239 1650 3494 1691 enarran-

1911 1720 2038 1776 dum
2064 1731 2147 1777 est
2170 1738 2330 1795 supra
2360 1733 2598 1794 tempora
2626 1735 2857 1792 maneat,
2885 1726 3077 1782 'scrmo
3111 1734 3292 1782 autem
3336 1743 3497 1783 enm-

1911 1811 2082 1866 rantis
2102 1811 2156 1866 in
2187 1821 2428 1884 tempore
2454 1816 2722 1871 transeat?
2750 1815 2907 1872 Istam
2937 1832 3148 1888 quoque
3184 1833 3249 1873 ex
3294 1819 3497 1889 virgine

1910 1902 2308 1971 generationem
2332 1904 2454 1975 quis
2475 1906 2763 1973 enarrabit,
2786 1906 2935 1975 cujus
2957 1914 3246 1977 conceptus
3265 1908 3318 1963 in
3338 1923 3499 1965 carne

1911 2006 2021 2046 non
2043 1993 2328 2049 carnaliter
2352 1994 2539 2062 uictus,
2567 1995 2889 2066 cujusortus
2915 2010 2982 2052 ex
3007 2010 3172 2053 carne
3200 1997 3496 2053 ubertatem

1912 2085 2168 2140 nutrientl
2212 2087 2422 2154 attulit,
2467 2088 2823 2158 integritatem
2859 2088 3085 2159 parienti
3124 2103 3235 2145 non
3253 2090 3501 2145 abstulit?

1912 2175 2215 2243 Qummlibet
2242 2177 2423 2249 itaque
2449 2194 2658 2246 earum,
2679 2179 2795 2237 sive
2832 2189 3111 2251 utramque
3130 2181 3500 2253 generationem

1912 2269 2024 2338 ejus
2044 2269 2155 2340 quis
2178 2270 2433 2326 enarrabit
2447 2270 2476 2324 .’
2576 2288 2583 2293 ·

1982 2360 2038 2414 2.
2050 2358 2283 2416 Christus
2300 2361 2507 2431 uirginis
2526 2360 2684 2430 ﬁlius,
2705 2362 2913 2433 virginis
2929 2379 3161 2432 sponsus.
3176 2362 3274 2418 llic
3292 2373 3375 2420 est
3398 2364 3499 2417 Do-

1914 2450 2091 2505 minus
2115 2450 2258 2505 Detts
2283 2460 2484 2518 noster,
2516 2451 2602 2508 llic
2624 2462 2707 2508 est
2730 2453 2992 2508 mediator
3014 2453 3108 2509 Dei
3136 2463 3191 2508 et
3219 2453 3495 2508 hominum

1916 2540 2078 2595 immo
2090 2540 2338 2597 Salvator
2350 2550 2550 2608 noster,
2565 2542 2655 2613 qui
2670 2550 2831 2598 natus
2839 2543 2911 2599 de
2929 2543 3086 2598 Patre
3098 2544 3369 2601 ereavitet
3386 2559 3499 2598 ma-

1916 2638 2085 2697 trem;
2110 2640 2322 2688 creatus
2348 2631 2418 2688 de
2441 2641 2612 2688 matre
2645 2632 2961 2703 gloriﬁcavit
3001 2643 3052 2689 et
3093 2634 3307 2691 Patrem
3337 2652 3351 2688 :
3382 2634 3500 2691 sine

1916 2722 2147 2778 femineo
2161 2730 2314 2793 partu
2335 2722 2523 2779 unicus
2549 2723 2714 2788 Patri,
2733 2724 2851 2779 sine
2865 2723 3004 2781 virili
3017 2724 3301 2793 complexu
3315 2725 3502 2780 uilicus

1916 2811 2093 2868 matri.
2110 2811 2206 2868 llic
2218 2821 2300 2868 est
2313 2813 2587 2883 speciosus
2603 2812 2771 2868 forma
2787 2828 2898 2883 przc
2913 2813 3036 2868 liliis
3046 2812 3497 2886 bominum(Psal.

1919 2919 2066 2972 xuv,
2088 2905 2166 2977 3),
2201 2914 2400 2960 sancta:
2431 2904 2574 2961 lilius
2597 2905 2796 2971 Mariae,
2827 2915 3025 2961 sancite
3054 2920 3282 2975 sponsus
3315 2906 3501 2961 Eccle-

1919 2996 2031 3060 siae,
2072 3010 2231 3067 quam
2274 3011 2385 3052 suae
2424 2995 2668 3068 genitrici
2704 2995 2937 3053 similem
2981 2996 3257 3052 reddidit:
3288 3012 3409 3053 nam
3446 3006 3503 3059 ct

1918 3087 2075 3142 nobis
2097 3102 2217 3143 eam
2246 3096 2469 3143 matrem
2519 3087 2665 3156 fecit,
2709 3097 2766 3144 et
2805 3087 3065 3158 virginem
3105 3088 3206 3144 sibi
3250 3086 3502 3144 custmlil.

1918 3175 2002 3232 Ad
2030 3174 2167 3232 hanc
2191 3176 2385 3247 quippe
2420 3176 2552 3233 dicit
2579 3177 2867 3246 Apostolus
2896 3194 2912 3233 :
2946 3178 3125 3247 Aptari
3151 3194 3235 3233 uos
3261 3177 3347 3232 ιιιιί
3373 3180 3503 3244 uiro,

1919 3269 2162 3340 uirginem
2204 3279 2417 3324 castam
2439 3269 2670 3325 exhibere
2705 3267 2909 3325 Christo
2951 3268 3014 3339 (ll
3045 3269 3163 3325 Cor.
3195 3285 3271 3334 ιι,
3311 3267 3390 3341 2).
3426 3270 3509 3324 De

1920 3372 2026 3428 qua
2052 3372 2240 3415 rursus
2260 3358 2413 3425 dicit,
2452 3365 2678 3414 matrem
2708 3368 2943 3416 nostram
2980 3373 3085 3414 non
3118 3360 3393 3426 ancillam,
3411 3359 3507 3416 sed

1922 3449 2169 3518 liberam,
2195 3450 2349 3522 cujus
2377 3452 2528 3506 multi
2575 3451 2667 3505 lilii
2708 3451 2937 3506 desertas
2977 3451 3147 3520 magis
3186 3466 3346 3520 quam
3389 3450 3508 3519 ejus

1924 3554 2045 3609 qua:
2070 3538 2233 3599 habet
2280 3539 2450 3595 virum
2491 3538 2688 3607 (Galat.
2736 3555 2810 3604 ιν,
2838 3539 2912 3594 26
2948 3549 2995 3593 et
3022 3539 3136 3607 ΩΤ).
3184 3540 3278 3595 Est
3300 3555 3431 3610 ergo
3454 3548 3511 3600 et

1926 3628 2205 3696 Ecclesiae,
2251 3628 2390 3684 sicut
2416 3628 2617 3692 Marize,
2645 3637 2899 3699 perpetua
2926 3629 3221 3699 integritas,
3251 3637 3307 3684 et
3335 3632 3511 3684 incor-

1927 3728 2081 3789 rupta
2129 3718 2446 3774 iucunditas.
2474 3717 2629 3786 Quod
2669 3719 2811 3773 enim
2858 3719 2947 3774 illa
2995 3720 3190 3774 meruit
3232 3719 3284 3775 in
3326 3735 3509 3789 carne,

1928 3810 2049 3866 lucc
2073 3811 2308 3867 servavit
2334 3811 2386 3866 in
2420 3820 2603 3866 mente
2629 3827 2642 3864 :
2671 3809 2772 3866 nisi
2799 3811 2940 3882 quod
2980 3812 3067 3867 illa
3098 3812 3304 3883 peperit
3324 3829 3510 3880 mnam,

1930 3899 2046 3957 haec
2083 3901 2223 3972 parit
2248 3901 2466 3967 multos,
2498 3903 2551 3957 in
2591 3917 2753 3957 unum
2779 3903 3178 3974 congregandos
3201 3920 3299 3975 per
3326 3920 3509 3962 unum.

2001 3992 2056 4049 ὅ.
2080 3990 2185 4047 Cur
2212 3990 2443 4048 Christus
2462 3992 2515 4047 iu
2533 4003 2689 4048 carne
2709 3994 2860 4048 venit.
2883 3993 2981 4050 llic
3009 4002 3094 4050 est
3119 4000 3247 4065 ergo
3273 3994 3391 4051 dies
3407 4010 3517 4066 quo

1932 4084 2078 4139 venit
2113 4084 2169 4139 in
2198 4083 2473 4150 mundum,
2502 4099 2615 4155 per
2634 4100 2793 4154 quem
2818 4084 3095 4142 factns'est
3118 4087 3384 4153 mundus;
3409 4103 3517 4159 quo

1930 4184 2093 4230 carne
2129 4172 2300 4230 lactus
2330 4182 2415 4230 est
2457 4189 2708 4245 praesens,
2738 4176 2936 4231 virtute
2970 4191 3243 4247 nunquam
3278 4178 3471 4235 absens
3498 4196 3513 4233 :

1931 4265 2054 4334 quia
2082 4264 2135 4321 in
2178 4264 2283 4321 hoc
2308 4265 2510 4322 mundo
2550 4274 2685 4331 erat,
2731 4275 2788 4322 et
2823 4267 2875 4322 in
2904 4282 3002 4324 sua
3038 4268 3205 4324 venit.
3235 4268 3292 4325 lu
3319 4270 3520 4326 mundo

1932 4367 2070 4427 erat,
2096 4357 2193 4413 sed
2234 4358 2490 4415 mundum
2530 4358 2765 4416 latebat:
2791 4359 2912 4430 quia
2941 4359 3028 4414 lux
3055 4359 3265 4417 lucebat
3287 4361 3522 4418 intene-

1936 4448 2068 4514 bris,
2098 4456 2158 4505 et
2185 4464 2303 4505 eam
2328 4450 2565 4506 tenebrae
2590 4466 2699 4506 non
2721 4450 3250 4522 comprehendebant
3271 4451 3448 4523 (Joan.
3477 4468 3518 4520 ι,

1937 4540 2026 4607 to,
2058 4542 2146 4607 ll,
2186 4540 2266 4614 5).
2291 4540 2451 4598 Venit
2473 4558 2601 4612 ergo
2629 4543 2682 4598 in
2720 4558 2902 4608 ραι-ιω,
2928 4544 3108 4601 carnis
3145 4545 3272 4601 vitia
3298 4546 3522 4602 munda-

1936 4639 2108 4688 turns.
2140 4630 2296 4688 Venit
2329 4632 2381 4687 in
2408 4632 2709 4689 medicinali
2736 4642 2877 4690 terra
2906 4636 2948 4702 ⁸,
2972 4634 3113 4691 unde
3145 4645 3354 4693 curaret
3380 4637 3522 4693 intc-

1937 4722 2108 4778 riores
2147 4723 2332 4781 oculos
2379 4732 2617 4790 nostros,
2658 4739 2794 4794 quos
2817 4725 3050 4780 exterior
3077 4734 3256 4780 nostra
3283 4740 3521 4780 excaeca-

1937 4823 2085 4870 vcrat
2111 4824 2287 4872 terra:
2312 4824 2370 4872 ut
2394 4816 2475 4873 eis
2500 4816 2723 4882 sanatis,
2749 4817 2839 4885 qui
2862 4816 3056 4871 fuimus
3077 4826 3232 4872 antea
3260 4817 3521 4881 tcuebrm,

1938 4904 2027 4960 lux
2053 4905 2348 4969 ciliciamur
2374 4907 2426 4960 in
2467 4907 2693 4960 Domino
2739 4905 2952 4976 (Ep/tes.
2993 4922 3044 4971 v,
3076 4907 3166 4974 8);
3197 4916 3253 4962 et
3278 4921 3383 4960 non
3412 4907 3522 4975 jam

1940 4994 2027 5049 lus
2063 4995 2115 5050 in
2142 4981 2377 5051 teneb'ris
2399 4995 2577 5050 luceat
2610 5009 2846 5065 praesens
2876 4995 3205 5061 absentibus,
3235 4995 3328 5050 sed
3355 5011 3523 5066 appa-

1940 5096 2057 5143 reat
2088 5097 2234 5145 certa
2261 5088 2628 5152 cernentibus.
2656 5087 2739 5143 Ad
2768 5088 2871 5143 hoc
2904 5089 3163 5157 processit
3198 5105 3428 5158 sponsas
3457 5090 3526 5145 de

1940 5181 2181 5237 thalamo
2218 5194 2340 5248 suo,
2385 5189 2441 5235 et
2483 5179 2765 5235 exsultavit
2808 5188 2866 5233 ut
2906 5179 3054 5250 gigas
3098 5178 3166 5233 ad
3206 5180 3526 5235 currendum

1942 5273 2083 5328 viam
2115 5270 2287 5344 (Psal.
2313 5285 2465 5336 svnt,
2494 5270 2573 5341 6).
2601 5269 2883 5340 Speciosus
2917 5277 2975 5323 ut
3013 5282 3262 5338 sponsus,
3295 5267 3445 5324 fortis
3472 5280 3530 5324 ut

1939 5364 2109 5435 gigas,
2138 5358 2386 5417 amabilis
2412 5370 2471 5417 et
2507 5361 2778 5424 terribilis,
2810 5375 3029 5416 severus
3053 5368 3110 5417 et
3136 5374 3380 5428 serenus,
3406 5363 3529 5431 pul-

1939 5453 2072 5511 cher
2094 5452 2270 5519 bonis,
2296 5465 2453 5524 asper
2479 5452 2655 5517 malis,
2694 5465 2919 5508 manens
2958 5451 3013 5506 in
3047 5451 3173 5508 sinu
3202 5451 3395 5520 Patris,
3423 5454 3529 5511 im-

2007 5608 2025 5640 ¹
2045 5605 2182 5676 Etim,
2206 5602 2450 5676 Midea
2466 5602 2518 5676 in
2540 5608 2749 5676 ιεννφξι
2764 5604 3183 5676 “ammenta
3216 5603 3533 5676 Mesenen

1941 5673 2045 5726 κε..
2088 5665 2140 5716 in
2160 5664 2439 5730 medicinali
2459 5673 2607 5716 terra.
2630 5668 2772 5730 Cujus
2809 5664 2953 5730 etiam
2981 5664 3159 5730 codicis
3187 5680 3301 5730 cpe,
3329 5669 3532 5719 inferius

1943 5732 2114 5800 verba,
2139 5727 2384 5800 Speciosns
2419 5735 2469 5778 ut
2488 5726 2722 5800 sponsus,
2746 5726 2882 5790 fartis
2904 5735 2955 5777 ut
2976 5729 3142 5800 gigas;
3165 5726 3383 5800 itemque
3407 5730 3529 5786 haec.

1945 5788 2181 5856 habitaret
2202 5790 2252 5840 in
2274 5788 2424 5856 nobis,
2449 5798 2499 5856 ut
2518 5788 2582 5840 ad
2615 5788 2804 5847 Patrem
2826 5788 3139 5854 prmeédéns;
3173 5802 3283 5856 quae
3305 5788 3358 5841 in
3381 5803 3529 5843 excu-

1944 5856 2012 5904 sis
2034 5853 2257 5918 deerant,
2278 5852 2594 5905 resituimus.
