  <div class='ocr_page' id='page_1' title='image "/cluster/home/n/w/nwhite01/storage/ocr_20150623/38/hvd.32044096580600/515.png"; bbox 0 0 3934 6188; ppageno 0'>
   <div class='ocr_carea' id='block_1_1' title="bbox 357 338 487 396">
    <p class='ocr_par' dir='ltr' id='par_1_1' title="bbox 357 338 487 396">
     <span class='ocr_line' id='line_1_1' title="bbox 357 338 487 396; baseline 0.023 -3"><span class='ocrx_word' id='word_1_1' title='bbox 357 338 487 396; x_wconf 79' lang='grc'><strong>1019</strong></span> 
     </span>
    </p>
   </div>
   <div class='ocr_carea' id='block_1_2' title="bbox 350 443 1918 523">
    <p class='ocr_par' dir='ltr' id='par_1_2' title="bbox 350 443 1918 523">
     <span class='ocr_line' id='line_1_2' title="bbox 350 443 1918 523; baseline -0.004 -18"><span class='ocrx_word' id='word_1_2' title='bbox 350 453 512 523; x_wconf 83' lang='lat' dir='ltr'><strong>plevit</strong></span> <span class='ocrx_word' id='word_1_3' title='bbox 538 459 741 505; x_wconf 80' lang='lat' dir='ltr'><strong>utet-nm</strong></span> <span class='ocrx_word' id='word_1_4' title='bbox 769 448 967 502; x_wconf 81' lang='lat' dir='ltr'><strong>matris.</strong></span> <span class='ocrx_word' id='word_1_5' title='bbox 998 448 1052 502; x_wconf 92' lang='lat' dir='ltr'><strong>In</strong></span> <span class='ocrx_word' id='word_1_6' title='bbox 1075 462 1176 517; x_wconf 86' lang='lat' dir='ltr'><strong>quo</strong></span> <span class='ocrx_word' id='word_1_7' title='bbox 1192 446 1449 512; x_wconf 78' lang='lat' dir='ltr'><strong>thalamo,</strong></span> <span class='ocrx_word' id='word_1_8' title='bbox 1486 445 1536 499; x_wconf 88' lang='lat' dir='ltr'><strong>id</strong></span> <span class='ocrx_word' id='word_1_9' title='bbox 1561 456 1662 511; x_wconf 90' lang='lat' dir='ltr'><strong>est,</strong></span> <span class='ocrx_word' id='word_1_10' title='bbox 1690 443 1918 515; x_wconf 79' lang='lat' dir='ltr'><strong>Virginis</strong></span> 
     </span>
    </p>
   </div>
   <div class='ocr_carea' id='block_1_3' title="bbox 349 534 1928 607">
    <p class='ocr_par' dir='ltr' id='par_1_3' title="bbox 349 534 1928 607">
     <span class='ocr_line' id='line_1_3' title="bbox 349 534 1928 607; baseline -0.001 -13"><span class='ocrx_word' id='word_1_11' title='bbox 349 545 520 605; x_wconf 85' lang='lat' dir='ltr'><strong>utero,</strong></span> <span class='ocrx_word' id='word_1_12' title='bbox 569 552 753 593; x_wconf 81' lang='lat' dir='ltr'><strong>natura</strong></span> <span class='ocrx_word' id='word_1_13' title='bbox 802 538 977 592; x_wconf 84' lang='lat' dir='ltr'><strong>divina</strong></span> <span class='ocrx_word' id='word_1_14' title='bbox 1026 538 1125 593; x_wconf 82' lang='lat' dir='ltr'><strong>sibi</strong></span> <span class='ocrx_word' id='word_1_15' title='bbox 1170 539 1436 607; x_wconf 87' lang='lat' dir='ltr'><strong>copulavit</strong></span> <span class='ocrx_word' id='word_1_16' title='bbox 1478 537 1761 590; x_wconf 86' lang='lat' dir='ltr'><strong>humanam</strong></span> <span class='ocrx_word' id='word_1_17' title='bbox 1790 553 1806 589; x_wconf 88' lang='lat'><strong>:</strong></span> <span class='ocrx_word' id='word_1_18' title='bbox 1838 534 1928 593; x_wconf 81' lang='lat' dir='ltr'><strong>ubi</strong></span> 
     </span>
    </p>
   </div>
   <div class='ocr_carea' id='block_1_4' title="bbox 353 630 1929 709">
    <p class='ocr_par' dir='ltr' id='par_1_4' title="bbox 353 630 1929 709">
     <span class='ocr_line' id='line_1_4' title="bbox 353 630 1929 709; baseline 0.003 -25"><span class='ocrx_word' id='word_1_19' title='bbox 353 631 587 687; x_wconf 82' lang='lat' dir='ltr'><strong>Verbum</strong></span> <span class='ocrx_word' id='word_1_20' title='bbox 609 646 734 685; x_wconf 84' lang='lat' dir='ltr'><strong>caro</strong></span> <span class='ocrx_word' id='word_1_21' title='bbox 762 632 954 685; x_wconf 81' lang='lat' dir='ltr'><strong>factum</strong></span> <span class='ocrx_word' id='word_1_22' title='bbox 978 639 1059 685; x_wconf 85' lang='lat' dir='ltr'><strong>est</strong></span> <span class='ocrx_word' id='word_1_23' title='bbox 1091 646 1187 700; x_wconf 85' lang='lat' dir='ltr'><strong>pro</strong></span> <span class='ocrx_word' id='word_1_24' title='bbox 1211 630 1469 709; x_wconf 81' lang='lat' dir='ltr'><strong>nobis,&#39;t_t_t</strong></span> <span class='ocrx_word' id='word_1_25' title='bbox 1489 645 1517 683; x_wconf 86' lang='lat' dir='ltr'><strong>a</strong></span> <span class='ocrx_word' id='word_1_26' title='bbox 1544 638 1717 687; x_wconf 77' lang='lat' dir='ltr'><strong>matre</strong></span> <span class='ocrx_word' id='word_1_27' title='bbox 1737 644 1929 702; x_wconf 78' lang='lat' dir='ltr'><strong>proce-</strong></span> 
     </span>
    </p>
   </div>
   <div class='ocr_carea' id='block_1_5' title="bbox 350 704 1928 793">
    <p class='ocr_par' dir='ltr' id='par_1_5' title="bbox 350 704 1928 793">
     <span class='ocr_line' id='line_1_5' title="bbox 350 704 1928 793; baseline 0.001 -18"><span class='ocrx_word' id='word_1_28' title='bbox 350 721 500 786; x_wconf 85' lang='lat' dir='ltr'><strong>deus,</strong></span> <span class='ocrx_word' id='word_1_29' title='bbox 528 719 792 774; x_wconf 83' lang='lat' dir='ltr'><strong>habitaret</strong></span> <span class='ocrx_word' id='word_1_30' title='bbox 822 720 872 774; x_wconf 92' lang='lat' dir='ltr'><strong>in</strong></span> <span class='ocrx_word' id='word_1_31' title='bbox 914 720 1065 775; x_wconf 86' lang='lat' dir='ltr'><strong>nobis</strong></span> <span class='ocrx_word' id='word_1_32' title='bbox 1093 720 1271 793; x_wconf 72' lang='lat' dir='ltr'><strong>(1m.</strong></span> <span class='ocrx_word' id='word_1_33' title='bbox 1303 736 1340 787; x_wconf 88' lang='grc' dir='ltr'><strong>ι,</strong></span> <span class='ocrx_word' id='word_1_34' title='bbox 1381 704 1504 791; x_wconf 69' lang='lat' dir='ltr'><strong>ti);</strong></span> <span class='ocrx_word' id='word_1_35' title='bbox 1531 730 1587 776; x_wconf 88' lang='lat' dir='ltr'><strong>ut</strong></span> <span class='ocrx_word' id='word_1_36' title='bbox 1608 720 1677 778; x_wconf 86' lang='lat' dir='ltr'><strong>ad</strong></span> <span class='ocrx_word' id='word_1_37' title='bbox 1718 723 1928 778; x_wconf 83' lang='lat' dir='ltr'><strong>Patrem</strong></span> 
     </span>
    </p>
   </div>
   <div class='ocr_carea' id='block_1_6' title="bbox 351 809 1931 884">
    <p class='ocr_par' dir='ltr' id='par_1_6' title="bbox 351 809 1931 884">
     <span class='ocr_line' id='line_1_6' title="bbox 351 809 1931 884; baseline 0.004 -20"><span class='ocrx_word' id='word_1_38' title='bbox 351 809 676 879; x_wconf 62' lang='lat' dir='ltr'><strong>praecedens,</strong></span> <span class='ocrx_word' id='word_1_39' title='bbox 696 809 789 863; x_wconf 83' lang='lat' dir='ltr'><strong>ubi</strong></span> <span class='ocrx_word' id='word_1_40' title='bbox 821 809 1119 865; x_wconf 81' lang='lat' dir='ltr'><strong>habitemns</strong></span> <span class='ocrx_word' id='word_1_41' title='bbox 1145 817 1408 881; x_wconf 60' lang='lat' dir='ltr'><strong>praeparet</strong></span> <span class='ocrx_word' id='word_1_42' title='bbox 1427 810 1599 869; x_wconf 74' lang='lat' dir='ltr'><strong>nobis.</strong></span> <span class='ocrx_word' id='word_1_43' title='bbox 1619 814 1776 869; x_wconf 80' lang='lat' dir='ltr'><strong>ilunc</strong></span> <span class='ocrx_word' id='word_1_44' title='bbox 1801 827 1931 884; x_wconf 83' lang='lat' dir='ltr'><strong>ergo</strong></span> 
     </span>
    </p>
   </div>
   <div class='ocr_carea' id='block_1_7' title="bbox 347 900 1926 972">
    <p class='ocr_par' dir='ltr' id='par_1_7' title="bbox 347 900 1926 972">
     <span class='ocr_line' id='line_1_7' title="bbox 347 900 1926 972; baseline 0.004 -18"><span class='ocrx_word' id='word_1_45' title='bbox 347 901 487 955; x_wconf 89' lang='lat' dir='ltr'><strong>diem</strong></span> <span class='ocrx_word' id='word_1_46' title='bbox 529 901 637 956; x_wconf 74' lang='lat' dir='ltr'><strong>lteti</strong></span> <span class='ocrx_word' id='word_1_47' title='bbox 670 900 979 956; x_wconf 76' lang='lat' dir='ltr'><strong>soiemniter</strong></span> <span class='ocrx_word' id='word_1_48' title='bbox 1005 901 1375 970; x_wconf 83' lang='lat' dir='ltr'><strong>celebremus;</strong></span> <span class='ocrx_word' id='word_1_49' title='bbox 1411 913 1739 961; x_wconf 68' lang='lat' dir='ltr'><strong>ct‘mtet&#39;num</strong></span> <span class='ocrx_word' id='word_1_50' title='bbox 1766 906 1926 972; x_wconf 81' lang='lat' dir='ltr'><strong>diem,</strong></span> 
     </span>
    </p>
   </div>
   <div class='ocr_carea' id='block_1_8' title="bbox 348 992 1926 1068">
    <p class='ocr_par' dir='ltr' id='par_1_8' title="bbox 348 992 1926 1068">
     <span class='ocr_line' id='line_1_8' title="bbox 348 992 1926 1068; baseline 0.004 -23"><span class='ocrx_word' id='word_1_51' title='bbox 348 1006 445 1062; x_wconf 87' lang='lat' dir='ltr'><strong>per</strong></span> <span class='ocrx_word' id='word_1_52' title='bbox 491 1004 613 1046; x_wconf 85' lang='lat' dir='ltr'><strong>eum</strong></span> <span class='ocrx_word' id='word_1_53' title='bbox 661 993 748 1062; x_wconf 87' lang='lat' dir='ltr'><strong>qui</strong></span> <span class='ocrx_word' id='word_1_54' title='bbox 798 992 950 1048; x_wconf 89' lang='lat' dir='ltr'><strong>nobis</strong></span> <span class='ocrx_word' id='word_1_55' title='bbox 992 1000 1228 1052; x_wconf 81' lang='lat' dir='ltr'><strong>:eternus</strong></span> <span class='ocrx_word' id='word_1_56' title='bbox 1269 993 1323 1052; x_wconf 86' lang='lat' dir='ltr'><strong>in</strong></span> <span class='ocrx_word' id='word_1_57' title='bbox 1367 1005 1606 1068; x_wconf 85' lang='lat' dir='ltr'><strong>tempore</strong></span> <span class='ocrx_word' id='word_1_58' title='bbox 1636 1007 1792 1053; x_wconf 84' lang='lat' dir='ltr'><strong>natus</strong></span> <span class='ocrx_word' id='word_1_59' title='bbox 1826 1007 1926 1063; x_wconf 83' lang='lat' dir='ltr'><strong>est,</strong></span> 
     </span>
    </p>
   </div>
   <div class='ocr_carea' id='block_1_9' title="bbox 349 1083 933 1154">
    <p class='ocr_par' dir='ltr' id='par_1_9' title="bbox 349 1083 933 1154">
     <span class='ocr_line' id='line_1_9' title="bbox 349 1083 933 1154; baseline 0.002 -18"><span class='ocrx_word' id='word_1_60' title='bbox 349 1083 576 1140; x_wconf 83' lang='lat' dir='ltr'><strong>ﬁdeliter</strong></span> <span class='ocrx_word' id='word_1_61' title='bbox 602 1089 933 1154; x_wconf 75' lang='lat' dir='ltr'><strong>exoptemns.</strong></span> 
     </span>
    </p>
   </div>
   <div class='ocr_carea' id='block_1_10' title="bbox 788 1173 1487 1253">
    <p class='ocr_par' dir='ltr' id='par_1_10' title="bbox 788 1173 1487 1253">
     <span class='ocr_line' id='line_1_10' title="bbox 788 1173 1487 1253; baseline 0.003 -21"><span class='ocrx_word' id='word_1_62' title='bbox 788 1173 1023 1235; x_wconf 67' lang='lat' dir='ltr'><strong>senato</strong></span> <span class='ocrx_word' id='word_1_63' title='bbox 1077 1178 1288 1235; x_wconf 76' lang='lat' dir='ltr'><strong>cxcw</strong></span> <span class='ocrx_word' id='word_1_64' title='bbox 1330 1183 1348 1204; x_wconf 76' lang='grc' dir='ltr'><strong><em>ο</em></strong></span> <span class='ocrx_word' id='word_1_65' title='bbox 1395 1178 1487 1253; x_wconf 83' lang='grc' dir='ltr'><strong>((ι).</strong></span> 
     </span>
    </p>
   </div>
   <div class='ocr_carea' id='block_1_11' title="bbox 852 1268 1715 1330">
    <p class='ocr_par' dir='ltr' id='par_1_11' title="bbox 852 1268 1715 1330">
     <span class='ocr_line' id='line_1_11' title="bbox 852 1268 1715 1330; baseline 0.001 -11"><span class='ocrx_word' id='word_1_66' title='bbox 852 1272 904 1319; x_wconf 74' lang='lat' dir='ltr'><strong>In</strong></span> <span class='ocrx_word' id='word_1_67' title='bbox 926 1268 1071 1321; x_wconf 74' lang='lat' dir='ltr'><strong>Natali</strong></span> <span class='ocrx_word' id='word_1_68' title='bbox 1095 1271 1293 1330; x_wconf 82' lang='lat' dir='ltr'><strong>Domini,</strong></span> <span class='ocrx_word' id='word_1_69' title='bbox 1318 1284 1420 1320; x_wconf 79' lang='lat' dir='ltr'><strong>xm.</strong></span> <span class='ocrx_word' id='word_1_70' title='bbox 1708 1292 1715 1299; x_wconf 54' lang='grc' dir='ltr'><strong>κ</strong></span> 
     </span>
    </p>
   </div>
   <div class='ocr_carea' id='block_1_12' title="bbox 416 1347 1925 1409">
    <p class='ocr_par' dir='ltr' id='par_1_12' title="bbox 416 1347 1925 1409">
     <span class='ocr_line' id='line_1_12' title="bbox 416 1347 1925 1409; baseline 0.001 -4"><span class='ocrx_word' id='word_1_71' title='bbox 416 1347 650 1408; x_wconf 67' lang='lat' dir='ltr'><strong>CAPUT</strong></span> <span class='ocrx_word' id='word_1_72' title='bbox 687 1352 967 1409; x_wconf 73' lang='lat' dir='ltr'><strong>PRIMUM.</strong></span> <span class='ocrx_word' id='word_1_73' title='bbox 989 1383 1061 1394; x_wconf 92' lang='lat'>—</span> <span class='ocrx_word' id='word_1_74' title='bbox 1081 1355 1130 1408; x_wconf 81' lang='lat' dir='ltr'><strong>l.</strong></span> <span class='ocrx_word' id='word_1_75' title='bbox 1161 1353 1347 1407; x_wconf 71' lang='lat' dir='ltr'><strong>Clu&#39;t&#39;stt&#39;</strong></span> <span class='ocrx_word' id='word_1_76' title='bbox 1364 1356 1643 1408; x_wconf 73' lang='lat' dir='ltr'><strong>nativitates</strong></span> <span class='ocrx_word' id='word_1_77' title='bbox 1661 1355 1777 1407; x_wconf 69' lang='lat' dir='ltr'><strong>dum</strong></span> <span class='ocrx_word' id='word_1_78' title='bbox 1792 1362 1925 1408; x_wconf 80' lang='lat' dir='ltr'><strong>sunt.</strong></span> 
     </span>
    </p>
   </div>
   <div class='ocr_carea' id='block_1_13' title="bbox 360 1442 1934 1514">
    <p class='ocr_par' dir='ltr' id='par_1_13' title="bbox 360 1442 1934 1514">
     <span class='ocr_line' id='line_1_13' title="bbox 360 1442 1934 1514; baseline 0.001 -19"><span class='ocrx_word' id='word_1_79' title='bbox 360 1443 521 1497; x_wconf 72' lang='lat' dir='ltr'><strong>Filius</strong></span> <span class='ocrx_word' id='word_1_80' title='bbox 564 1444 672 1496; x_wconf 83' lang='lat' dir='ltr'><strong>sine</strong></span> <span class='ocrx_word' id='word_1_81' title='bbox 711 1443 854 1497; x_wconf 77' lang='lat' dir='ltr'><strong>initio</strong></span> <span class='ocrx_word' id='word_1_82' title='bbox 886 1460 1081 1514; x_wconf 80' lang='lat' dir='ltr'><strong>semper</strong></span> <span class='ocrx_word' id='word_1_83' title='bbox 1121 1445 1314 1514; x_wconf 75' lang='lat' dir='ltr'><strong>genitus</strong></span> <span class='ocrx_word' id='word_1_84' title='bbox 1352 1459 1384 1495; x_wconf 83' lang='grc' dir='ltr'>α</span> <span class='ocrx_word' id='word_1_85' title='bbox 1421 1442 1594 1498; x_wconf 75' lang='lat' dir='ltr'><strong>Patre.</strong></span> <span class='ocrx_word' id='word_1_86' title='bbox 1639 1444 1934 1498; x_wconf 87' lang='lat' dir='ltr'><strong>llodiernus</strong></span> 
     </span>
    </p>
   </div>
   <div class='ocr_carea' id='block_1_14' title="bbox 354 1532 1936 1589">
    <p class='ocr_par' dir='ltr' id='par_1_14' title="bbox 354 1532 1936 1589">
     <span class='ocr_line' id='line_1_14' title="bbox 354 1532 1936 1589; baseline 0.002 -4"><span class='ocrx_word' id='word_1_87' title='bbox 354 1534 468 1586; x_wconf 83' lang='lat' dir='ltr'><strong>dies</strong></span> <span class='ocrx_word' id='word_1_88' title='bbox 492 1532 691 1587; x_wconf 77' lang='lat' dir='ltr'><strong>Natalis</strong></span> <span class='ocrx_word' id='word_1_89' title='bbox 731 1532 939 1588; x_wconf 83' lang='lat' dir='ltr'><strong>Domini</strong></span> <span class='ocrx_word' id='word_1_90' title='bbox 986 1534 1151 1587; x_wconf 77' lang='lat' dir='ltr'><strong>nostri</strong></span> <span class='ocrx_word' id='word_1_91' title='bbox 1190 1533 1317 1589; x_wconf 81' lang='lat' dir='ltr'><strong>.lesu</strong></span> <span class='ocrx_word' id='word_1_92' title='bbox 1354 1534 1551 1589; x_wconf 85' lang='lat' dir='ltr'><strong>Christi</strong></span> <span class='ocrx_word' id='word_1_93' title='bbox 1581 1534 1732 1589; x_wconf 89' lang='lat' dir='ltr'><strong>nobis</strong></span> <span class='ocrx_word' id='word_1_94' title='bbox 1772 1533 1936 1588; x_wconf 75' lang='lat' dir='ltr'><strong>festus</strong></span> 
     </span>
    </p>
   </div>
   <div class='ocr_carea' id='block_1_15' title="bbox 358 1623 1935 1694">
    <p class='ocr_par' dir='ltr' id='par_1_15' title="bbox 358 1623 1935 1694">
     <span class='ocr_line' id='line_1_15' title="bbox 358 1623 1935 1694; baseline 0.002 -18"><span class='ocrx_word' id='word_1_95' title='bbox 358 1625 549 1678; x_wconf 76' lang='lat' dir='ltr'><strong>illuxit.</strong></span> <span class='ocrx_word' id='word_1_96' title='bbox 572 1623 773 1679; x_wconf 82' lang='lat' dir='ltr'><strong>Natalis</strong></span> <span class='ocrx_word' id='word_1_97' title='bbox 790 1624 923 1692; x_wconf 84' lang='lat' dir='ltr'><strong>dies,</strong></span> <span class='ocrx_word' id='word_1_98' title='bbox 946 1642 1052 1694; x_wconf 86' lang='lat' dir='ltr'><strong>quo</strong></span> <span class='ocrx_word' id='word_1_99' title='bbox 1079 1634 1231 1679; x_wconf 88' lang='lat' dir='ltr'><strong>natus</strong></span> <span class='ocrx_word' id='word_1_100' title='bbox 1256 1634 1337 1680; x_wconf 85' lang='lat' dir='ltr'><strong>est</strong></span> <span class='ocrx_word' id='word_1_101' title='bbox 1362 1624 1497 1680; x_wconf 80' lang='lat' dir='ltr'><strong>dies.</strong></span> <span class='ocrx_word' id='word_1_102' title='bbox 1526 1625 1595 1679; x_wconf 86' lang='lat' dir='ltr'><strong>Et</strong></span> <span class='ocrx_word' id='word_1_103' title='bbox 1618 1626 1737 1679; x_wconf 87' lang='lat' dir='ltr'><strong>ideo</strong></span> <span class='ocrx_word' id='word_1_104' title='bbox 1757 1625 1935 1690; x_wconf 73' lang='lat' dir='ltr'><strong>hodie,</strong></span> 
     </span>
    </p>
   </div>
   <div class='ocr_carea' id='block_1_16' title="bbox 354 1716 1936 1785">
    <p class='ocr_par' dir='ltr' id='par_1_16' title="bbox 354 1716 1936 1785">
     <span class='ocr_line' id='line_1_16' title="bbox 354 1716 1936 1785; baseline 0.001 -16"><span class='ocrx_word' id='word_1_105' title='bbox 354 1717 475 1785; x_wconf 86' lang='lat' dir='ltr'><strong>quia</strong></span> <span class='ocrx_word' id='word_1_106' title='bbox 523 1730 589 1771; x_wconf 76' lang='lat' dir='ltr'><strong>ex</strong></span> <span class='ocrx_word' id='word_1_107' title='bbox 642 1716 901 1772; x_wconf 84' lang='lat' dir='ltr'><strong>hodierno</strong></span> <span class='ocrx_word' id='word_1_108' title='bbox 947 1717 1141 1772; x_wconf 78' lang='lat' dir='ltr'><strong>crescit</strong></span> <span class='ocrx_word' id='word_1_109' title='bbox 1188 1717 1323 1771; x_wconf 87' lang='lat' dir='ltr'><strong>dies.</strong></span> <span class='ocrx_word' id='word_1_110' title='bbox 1377 1716 1686 1773; x_wconf 81' lang='lat' dir='ltr'><strong>Nativitates</strong></span> <span class='ocrx_word' id='word_1_111' title='bbox 1731 1717 1936 1771; x_wconf 82' lang='lat' dir='ltr'><strong>Domini</strong></span> 
     </span>
    </p>
   </div>
   <div class='ocr_carea' id='block_1_17' title="bbox 356 1806 1936 1885">
    <p class='ocr_par' dir='ltr' id='par_1_17' title="bbox 356 1806 1936 1885">
     <span class='ocr_line' id='line_1_17' title="bbox 356 1806 1936 1885; baseline 0.001 -26"><span class='ocrx_word' id='word_1_112' title='bbox 356 1808 523 1881; x_wconf 84' lang='lat' dir='ltr'><strong>nostri</strong></span> <span class='ocrx_word' id='word_1_113' title='bbox 548 1806 674 1862; x_wconf 80' lang='lat' dir='ltr'><strong>Jesu</strong></span> <span class='ocrx_word' id='word_1_114' title='bbox 699 1808 918 1874; x_wconf 78' lang='lat' dir='ltr'><strong>Christi,</strong></span> <span class='ocrx_word' id='word_1_115' title='bbox 950 1807 1067 1861; x_wconf 77' lang='lat' dir='ltr'><strong>tluze</strong></span> <span class='ocrx_word' id='word_1_116' title='bbox 1088 1814 1210 1861; x_wconf 84' lang='lat' dir='ltr'><strong>sunt</strong></span> <span class='ocrx_word' id='word_1_117' title='bbox 1233 1824 1252 1885; x_wconf 58' lang='grc' dir='ltr'><strong>ί</strong></span> <span class='ocrx_word' id='word_1_118' title='bbox 1275 1823 1379 1861; x_wconf 81' lang='lat' dir='ltr'><strong>una</strong></span> <span class='ocrx_word' id='word_1_119' title='bbox 1407 1807 1603 1873; x_wconf 85' lang='lat' dir='ltr'><strong>divina,</strong></span> <span class='ocrx_word' id='word_1_120' title='bbox 1636 1807 1798 1861; x_wconf 84' lang='lat' dir='ltr'><strong>altera</strong></span> <span class='ocrx_word' id='word_1_121' title='bbox 1832 1807 1936 1861; x_wconf 80' lang='lat' dir='ltr'><strong>htt-</strong></span> 
     </span>
    </p>
   </div>
   <div class='ocr_carea' id='block_1_18' title="bbox 359 1897 1938 1962">
    <p class='ocr_par' dir='ltr' id='par_1_18' title="bbox 359 1897 1938 1962">
     <span class='ocr_line' id='line_1_18' title="bbox 359 1897 1938 1962; baseline 0.003 -14"><span class='ocrx_word' id='word_1_122' title='bbox 359 1910 512 1951; x_wconf 80' lang='lat' dir='ltr'><strong>maua</strong></span> <span class='ocrx_word' id='word_1_123' title='bbox 540 1915 554 1952; x_wconf 89' lang='lat'><strong>:</strong></span> <span class='ocrx_word' id='word_1_124' title='bbox 584 1897 754 1952; x_wconf 69' lang='lat' dir='ltr'><strong>ambae</strong></span> <span class='ocrx_word' id='word_1_125' title='bbox 782 1898 1079 1962; x_wconf 78' lang='lat' dir='ltr'><strong>mirabiles;</strong></span> <span class='ocrx_word' id='word_1_126' title='bbox 1109 1897 1196 1951; x_wconf 87' lang='lat' dir='ltr'><strong>illa</strong></span> <span class='ocrx_word' id='word_1_127' title='bbox 1241 1898 1358 1953; x_wconf 88' lang='lat' dir='ltr'><strong>sine</strong></span> <span class='ocrx_word' id='word_1_128' title='bbox 1398 1897 1589 1952; x_wconf 80' lang='lat' dir='ltr'><strong>femina</strong></span> <span class='ocrx_word' id='word_1_129' title='bbox 1619 1906 1807 1962; x_wconf 83' lang='lat' dir='ltr'><strong>matre,</strong></span> <span class='ocrx_word' id='word_1_130' title='bbox 1839 1898 1938 1953; x_wconf 82' lang='lat' dir='ltr'><strong>ista</strong></span> 
     </span>
    </p>
   </div>
   <div class='ocr_carea' id='block_1_19' title="bbox 359 1988 1942 2058">
    <p class='ocr_par' dir='ltr' id='par_1_19' title="bbox 359 1988 1942 2058">
     <span class='ocr_line' id='line_1_19' title="bbox 359 1988 1942 2058; baseline 0.001 -16"><span class='ocrx_word' id='word_1_131' title='bbox 359 1989 477 2042; x_wconf 85' lang='lat' dir='ltr'><strong>sine</strong></span> <span class='ocrx_word' id='word_1_132' title='bbox 500 1988 615 2043; x_wconf 85' lang='lat' dir='ltr'><strong>viro</strong></span> <span class='ocrx_word' id='word_1_133' title='bbox 641 1999 810 2058; x_wconf 80' lang='lat' dir='ltr'><strong>patre.</strong></span> <span class='ocrx_word' id='word_1_134' title='bbox 843 1989 994 2055; x_wconf 84' lang='lat' dir='ltr'><strong>Quod</strong></span> <span class='ocrx_word' id='word_1_135' title='bbox 1024 1990 1098 2043; x_wconf 80' lang='lat' dir='ltr'><strong>ait</strong></span> <span class='ocrx_word' id='word_1_136' title='bbox 1119 2000 1333 2044; x_wconf 79' lang='lat' dir='ltr'><strong>sanctus</strong></span> <span class='ocrx_word' id='word_1_137' title='bbox 1355 1988 1512 2044; x_wconf 82' lang='lat' dir='ltr'><strong>Isaias</strong></span> <span class='ocrx_word' id='word_1_138' title='bbox 1540 1989 1815 2058; x_wconf 77' lang='lat' dir='ltr'><strong>propheta,</strong></span> <span class='ocrx_word' id='word_1_139' title='bbox 1843 1988 1942 2044; x_wconf 75' lang='lat' dir='ltr'><strong>Ge-</strong></span> 
     </span>
    </p>
   </div>
   <div class='ocr_carea' id='block_1_20' title="bbox 360 2079 1941 2152">
    <p class='ocr_par' dir='ltr' id='par_1_20' title="bbox 360 2079 1941 2152">
     <span class='ocr_line' id='line_1_20' title="bbox 360 2079 1941 2152; baseline 0.004 -20"><span class='ocrx_word' id='word_1_140' title='bbox 360 2080 667 2133; x_wconf 78' lang='lat' dir='ltr'><strong>nerationem</strong></span> <span class='ocrx_word' id='word_1_141' title='bbox 690 2081 800 2151; x_wconf 77' lang='lat' dir='ltr'><strong>ejus</strong></span> <span class='ocrx_word' id='word_1_142' title='bbox 827 2082 941 2151; x_wconf 80' lang='lat' dir='ltr'><strong>quis</strong></span> <span class='ocrx_word' id='word_1_143' title='bbox 963 2079 1214 2135; x_wconf 76' lang='lat' dir='ltr'><strong>enarrabit</strong></span> <span class='ocrx_word' id='word_1_144' title='bbox 1235 2079 1385 2150; x_wconf 81' lang='lat' dir='ltr'><strong>(Isai.</strong></span> <span class='ocrx_word' id='word_1_145' title='bbox 1410 2096 1522 2146; x_wconf 81' lang='lat' dir='ltr'><strong>Lttt,</strong></span> <span class='ocrx_word' id='word_1_146' title='bbox 1551 2079 1642 2152; x_wconf 89' lang='lat'><strong>8)?</strong></span> <span class='ocrx_word' id='word_1_147' title='bbox 1662 2081 1733 2135; x_wconf 86' lang='lat' dir='ltr'><strong>ad</strong></span> <span class='ocrx_word' id='word_1_148' title='bbox 1756 2081 1941 2139; x_wconf 83' lang='lat' dir='ltr'><strong>ambas</strong></span> 
     </span>
    </p>
   </div>
   <div class='ocr_carea' id='block_1_21' title="bbox 363 2169 1941 2243">
    <p class='ocr_par' dir='ltr' id='par_1_21' title="bbox 363 2169 1941 2243">
     <span class='ocr_line' id='line_1_21' title="bbox 363 2169 1941 2243; baseline 0.002 -19"><span class='ocrx_word' id='word_1_149' title='bbox 363 2170 733 2239; x_wconf 76' lang='lat' dir='ltr'><strong>generationes</strong></span> <span class='ocrx_word' id='word_1_150' title='bbox 767 2169 949 2224; x_wconf 81' lang='lat' dir='ltr'><strong>referri</strong></span> <span class='ocrx_word' id='word_1_151' title='bbox 988 2180 1179 2241; x_wconf 84' lang='lat' dir='ltr'><strong>potest.</strong></span> <span class='ocrx_word' id='word_1_152' title='bbox 1208 2171 1337 2239; x_wconf 85' lang='lat' dir='ltr'><strong>Quis</strong></span> <span class='ocrx_word' id='word_1_153' title='bbox 1361 2171 1517 2241; x_wconf 86' lang='lat' dir='ltr'><strong>digne</strong></span> <span class='ocrx_word' id='word_1_154' title='bbox 1542 2181 1752 2227; x_wconf 79' lang='lat' dir='ltr'><strong>enarret</strong></span> <span class='ocrx_word' id='word_1_155' title='bbox 1775 2189 1941 2243; x_wconf 60' lang='lat' dir='ltr'><strong>geneo</strong></span> 
     </span>
    </p>
   </div>
   <div class='ocr_carea' id='block_1_22' title="bbox 360 2259 1940 2337">
    <p class='ocr_par' dir='ltr' id='par_1_22' title="bbox 360 2259 1940 2337">
     <span class='ocr_line' id='line_1_22' title="bbox 360 2259 1940 2337; baseline 0.003 -24"><span class='ocrx_word' id='word_1_156' title='bbox 360 2268 570 2314; x_wconf 84' lang='lat' dir='ltr'><strong>rantem</strong></span> <span class='ocrx_word' id='word_1_157' title='bbox 600 2259 768 2314; x_wconf 84' lang='lat' dir='ltr'><strong>Deum</strong></span> <span class='ocrx_word' id='word_1_158' title='bbox 796 2261 852 2313; x_wconf 64' lang='lat' dir='ltr'><strong>*‘I</strong></span> <span class='ocrx_word' id='word_1_159' title='bbox 877 2260 1009 2327; x_wconf 77' lang='lat' dir='ltr'><strong>Quis</strong></span> <span class='ocrx_word' id='word_1_160' title='bbox 1033 2260 1191 2337; x_wconf 73' lang='lat' dir='ltr'><strong>digne</strong></span> <span class='ocrx_word' id='word_1_161' title='bbox 1214 2271 1428 2317; x_wconf 83' lang='lat' dir='ltr'><strong>enarret</strong></span> <span class='ocrx_word' id='word_1_162' title='bbox 1454 2263 1668 2329; x_wconf 75' lang='lat' dir='ltr'><strong>virginis</strong></span> <span class='ocrx_word' id='word_1_163' title='bbox 1694 2264 1940 2331; x_wconf 80' lang='lat' dir='ltr'><strong>partum?</strong></span> 
     </span>
    </p>
   </div>
   <div class='ocr_carea' id='block_1_23' title="bbox 365 2350 1943 2424">
    <p class='ocr_par' dir='ltr' id='par_1_23' title="bbox 365 2350 1943 2424">
     <span class='ocr_line' id='line_1_23' title="bbox 365 2350 1943 2424; baseline 0.004 -20"><span class='ocrx_word' id='word_1_164' title='bbox 365 2350 496 2404; x_wconf 82' lang='lat' dir='ltr'><strong>Illud</strong></span> <span class='ocrx_word' id='word_1_165' title='bbox 534 2351 651 2406; x_wconf 82' lang='lat' dir='ltr'><strong>sine</strong></span> <span class='ocrx_word' id='word_1_166' title='bbox 671 2352 777 2417; x_wconf 87' lang='lat' dir='ltr'><strong>die,</strong></span> <span class='ocrx_word' id='word_1_167' title='bbox 808 2352 907 2406; x_wconf 92' lang='lat' dir='ltr'><strong>hoc</strong></span> <span class='ocrx_word' id='word_1_168' title='bbox 934 2361 1085 2406; x_wconf 81' lang='lat' dir='ltr'><strong>certo</strong></span> <span class='ocrx_word' id='word_1_169' title='bbox 1104 2353 1230 2408; x_wconf 88' lang='lat' dir='ltr'><strong>die:</strong></span> <span class='ocrx_word' id='word_1_170' title='bbox 1260 2361 1542 2424; x_wconf 86' lang='lat' dir='ltr'><strong>utrumque</strong></span> <span class='ocrx_word' id='word_1_171' title='bbox 1568 2355 1684 2410; x_wconf 89' lang='lat' dir='ltr'><strong>sine</strong></span> <span class='ocrx_word' id='word_1_172' title='bbox 1713 2355 1943 2411; x_wconf 80' lang='lat' dir='ltr'><strong>humana</strong></span> 
     </span>
    </p>
   </div>
   <div class='ocr_carea' id='block_1_24' title="bbox 363 2443 1945 2516">
    <p class='ocr_par' dir='ltr' id='par_1_24' title="bbox 363 2443 1945 2516">
     <span class='ocr_line' id='line_1_24' title="bbox 363 2443 1945 2516; baseline 0.004 -21"><span class='ocrx_word' id='word_1_173' title='bbox 363 2443 735 2509; x_wconf 82' lang='lat' dir='ltr'><strong>:t-stimatione,</strong></span> <span class='ocrx_word' id='word_1_174' title='bbox 762 2454 815 2498; x_wconf 85' lang='lat' dir='ltr'><strong>et</strong></span> <span class='ocrx_word' id='word_1_175' title='bbox 843 2459 971 2498; x_wconf 86' lang='lat' dir='ltr'><strong>cmn</strong></span> <span class='ocrx_word' id='word_1_176' title='bbox 1008 2458 1194 2513; x_wconf 80' lang='lat' dir='ltr'><strong>magna</strong></span> <span class='ocrx_word' id='word_1_177' title='bbox 1236 2444 1599 2501; x_wconf 80' lang='lat' dir='ltr'><strong>admiratione.</strong></span> <span class='ocrx_word' id='word_1_178' title='bbox 1644 2445 1793 2501; x_wconf 81' lang='lat' dir='ltr'><strong>Illam</strong></span> <span class='ocrx_word' id='word_1_179' title='bbox 1838 2447 1945 2516; x_wconf 62' lang='lat' dir='ltr'><strong>prio</strong></span> 
     </span>
    </p>
   </div>
   <div class='ocr_carea' id='block_1_25' title="bbox 366 2532 1944 2608">
    <p class='ocr_par' dir='ltr' id='par_1_25' title="bbox 366 2532 1944 2608">
     <span class='ocr_line' id='line_1_25' title="bbox 366 2532 1944 2608; baseline 0.004 -22"><span class='ocrx_word' id='word_1_180' title='bbox 366 2547 507 2587; x_wconf 67' lang='lat' dir='ltr'><strong>metu</strong></span> <span class='ocrx_word' id='word_1_181' title='bbox 532 2532 785 2589; x_wconf 80' lang='lat' dir='ltr'><strong>attendite</strong></span> <span class='ocrx_word' id='word_1_182' title='bbox 812 2535 1208 2604; x_wconf 82' lang='lat' dir='ltr'><strong>generationem</strong></span> <span class='ocrx_word' id='word_1_183' title='bbox 1251 2551 1266 2589; x_wconf 89' lang='lat'><strong>:</strong></span> <span class='ocrx_word' id='word_1_184' title='bbox 1297 2534 1362 2588; x_wconf 86' lang='lat' dir='ltr'><strong>In</strong></span> <span class='ocrx_word' id='word_1_185' title='bbox 1390 2536 1638 2608; x_wconf 67' lang='lat' dir='ltr'><strong>principio</strong></span> <span class='ocrx_word' id='word_1_186' title='bbox 1675 2547 1781 2591; x_wconf 74' lang='lat' dir='ltr'><strong>erat</strong></span> <span class='ocrx_word' id='word_1_187' title='bbox 1816 2537 1944 2593; x_wconf 42' lang='lat' dir='ltr'><strong>Ver.</strong></span> 
     </span>
    </p>
   </div>
   <div class='ocr_carea' id='block_1_26' title="bbox 363 2624 1947 2697">
    <p class='ocr_par' dir='ltr' id='par_1_26' title="bbox 363 2624 1947 2697">
     <span class='ocr_line' id='line_1_26' title="bbox 363 2624 1947 2697; baseline 0.004 -18"><span class='ocrx_word' id='word_1_188' title='bbox 363 2624 503 2690; x_wconf 60' lang='lat' dir='ltr'><strong>tum,</strong></span> <span class='ocrx_word' id='word_1_189' title='bbox 527 2634 573 2680; x_wconf 84' lang='lat' dir='ltr'><strong>et</strong></span> <span class='ocrx_word' id='word_1_190' title='bbox 606 2624 821 2680; x_wconf 76' lang='lat' dir='ltr'><strong>Verbum</strong></span> <span class='ocrx_word' id='word_1_191' title='bbox 849 2634 954 2680; x_wconf 77' lang='lat' dir='ltr'><strong>erat</strong></span> <span class='ocrx_word' id='word_1_192' title='bbox 982 2626 1123 2697; x_wconf 65' lang='lat' dir='ltr'><strong>apud</strong></span> <span class='ocrx_word' id='word_1_193' title='bbox 1150 2624 1333 2692; x_wconf 77' lang='lat' dir='ltr'><strong>Deum,</strong></span> <span class='ocrx_word' id='word_1_194' title='bbox 1362 2638 1408 2682; x_wconf 82' lang='lat' dir='ltr'><strong>et</strong></span> <span class='ocrx_word' id='word_1_195' title='bbox 1436 2628 1571 2683; x_wconf 74' lang='lat' dir='ltr'><strong>Data</strong></span> <span class='ocrx_word' id='word_1_196' title='bbox 1595 2642 1701 2687; x_wconf 79' lang='lat' dir='ltr'><strong>erat</strong></span> <span class='ocrx_word' id='word_1_197' title='bbox 1729 2629 1947 2685; x_wconf 76' lang='lat' dir='ltr'><strong>Verbum</strong></span> 
     </span>
    </p>
   </div>
   <div class='ocr_carea' id='block_1_27' title="bbox 368 2715 1948 2795">
    <p class='ocr_par' dir='ltr' id='par_1_27' title="bbox 368 2715 1948 2795">
     <span class='ocr_line' id='line_1_27' title="bbox 368 2715 1948 2795; baseline 0.008 -29"><span class='ocrx_word' id='word_1_198' title='bbox 368 2715 550 2785; x_wconf 74' lang='lat' dir='ltr'><strong>(Imm.</strong></span> <span class='ocrx_word' id='word_1_199' title='bbox 596 2730 634 2780; x_wconf 90' lang='lat' dir='ltr'><strong>t,</strong></span> <span class='ocrx_word' id='word_1_200' title='bbox 681 2717 757 2785; x_wconf 80' lang='lat' dir='ltr'><strong>t).</strong></span> <span class='ocrx_word' id='word_1_201' title='bbox 802 2716 966 2785; x_wconf 84' lang='lat' dir='ltr'><strong>Cujus</strong></span> <span class='ocrx_word' id='word_1_202' title='bbox 1012 2717 1277 2795; x_wconf 57' lang='lat' dir='ltr'><strong>yerbtm!</strong></span> <span class='ocrx_word' id='word_1_203' title='bbox 1333 2718 1502 2787; x_wconf 80' lang='lat' dir='ltr'><strong>Ipsius</strong></span> <span class='ocrx_word' id='word_1_204' title='bbox 1551 2721 1741 2779; x_wconf 79' lang='lat' dir='ltr'><strong>Patris.</strong></span> <span class='ocrx_word' id='word_1_205' title='bbox 1795 2722 1948 2790; x_wconf 79' lang='lat' dir='ltr'><strong>Quod</strong></span> 
     </span>
    </p>
   </div>
   <div class='ocr_carea' id='block_1_28' title="bbox 369 2805 1948 2879">
    <p class='ocr_par' dir='ltr' id='par_1_28' title="bbox 369 2805 1948 2879">
     <span class='ocr_line' id='line_1_28' title="bbox 369 2805 1948 2879; baseline 0.006 -20"><span class='ocrx_word' id='word_1_206' title='bbox 369 2805 795 2877; x_wconf 41' lang='lat' dir='ltr'><strong>Verbnmblpse</strong></span> <span class='ocrx_word' id='word_1_207' title='bbox 827 2807 1008 2861; x_wconf 81' lang='lat' dir='ltr'><strong>Filius.</strong></span> <span class='ocrx_word' id='word_1_208' title='bbox 1051 2808 1326 2879; x_wconf 79' lang='lat' dir='ltr'><strong>Nunquam</strong></span> <span class='ocrx_word' id='word_1_209' title='bbox 1355 2808 1514 2866; x_wconf 80' lang='lat' dir='ltr'><strong>Pater</strong></span> <span class='ocrx_word' id='word_1_210' title='bbox 1538 2813 1652 2867; x_wconf 85' lang='lat' dir='ltr'><strong>sine</strong></span> <span class='ocrx_word' id='word_1_211' title='bbox 1692 2813 1841 2867; x_wconf 82' lang='lat' dir='ltr'><strong>Filio.</strong></span> <span class='ocrx_word' id='word_1_212' title='bbox 1884 2815 1948 2869; x_wconf 77' lang='lat' dir='ltr'><strong>Et</strong></span> 
     </span>
    </p>
   </div>
   <div class='ocr_carea' id='block_1_29' title="bbox 364 2898 1950 2976">
    <p class='ocr_par' dir='ltr' id='par_1_29' title="bbox 364 2898 1950 2976">
     <span class='ocr_line' id='line_1_29' title="bbox 364 2898 1950 2976; baseline 0.005 -23"><span class='ocrx_word' id='word_1_213' title='bbox 364 2908 547 2953; x_wconf 85' lang='lat' dir='ltr'><strong>tamen</strong></span> <span class='ocrx_word' id='word_1_214' title='bbox 578 2898 665 2969; x_wconf 85' lang='lat' dir='ltr'><strong>qui</strong></span> <span class='ocrx_word' id='word_1_215' title='bbox 698 2910 964 2968; x_wconf 70' lang='lat' dir='ltr'><strong>&quot;mutuam</strong></span> <span class='ocrx_word' id='word_1_216' title='bbox 994 2903 1112 2957; x_wconf 84' lang='lat' dir='ltr'><strong>sine</strong></span> <span class='ocrx_word' id='word_1_217' title='bbox 1138 2902 1293 2965; x_wconf 80' lang='lat' dir='ltr'><strong>Filio,</strong></span> <span class='ocrx_word' id='word_1_218' title='bbox 1332 2904 1510 2972; x_wconf 86' lang='lat' dir='ltr'><strong>genuit</strong></span> <span class='ocrx_word' id='word_1_219' title='bbox 1539 2904 1750 2958; x_wconf 82' lang='lat' dir='ltr'><strong>Filium.</strong></span> <span class='ocrx_word' id='word_1_220' title='bbox 1781 2906 1847 2959; x_wconf 83' lang='lat' dir='ltr'><strong>Et</strong></span> <span class='ocrx_word' id='word_1_221' title='bbox 1864 2922 1950 2976; x_wconf 82' lang='lat' dir='ltr'><strong>ge-</strong></span> 
     </span>
    </p>
   </div>
   <div class='ocr_carea' id='block_1_30' title="bbox 373 2989 1952 3060">
    <p class='ocr_par' dir='ltr' id='par_1_30' title="bbox 373 2989 1952 3060">
     <span class='ocr_line' id='line_1_30' title="bbox 373 2989 1952 3060; baseline 0.005 -19"><span class='ocrx_word' id='word_1_222' title='bbox 373 2989 507 3050; x_wconf 89' lang='lat' dir='ltr'><strong>nuit,</strong></span> <span class='ocrx_word' id='word_1_223' title='bbox 536 2996 593 3041; x_wconf 86' lang='lat' dir='ltr'><strong>et</strong></span> <span class='ocrx_word' id='word_1_224' title='bbox 634 3001 739 3042; x_wconf 85' lang='lat' dir='ltr'><strong>non</strong></span> <span class='ocrx_word' id='word_1_225' title='bbox 781 2991 959 3058; x_wconf 75' lang='lat' dir='ltr'><strong>cmpit.</strong></span> <span class='ocrx_word' id='word_1_226' title='bbox 1001 2989 1130 3046; x_wconf 86' lang='lat' dir='ltr'><strong>Sine</strong></span> <span class='ocrx_word' id='word_1_227' title='bbox 1165 2991 1315 3045; x_wconf 82' lang='lat' dir='ltr'><strong>initio</strong></span> <span class='ocrx_word' id='word_1_228' title='bbox 1349 3004 1600 3060; x_wconf 75' lang='lat' dir='ltr'><strong>genemto</strong></span> <span class='ocrx_word' id='word_1_229' title='bbox 1639 2995 1840 3048; x_wconf 84' lang='lat' dir='ltr'><strong>nullum</strong></span> <span class='ocrx_word' id='word_1_230' title='bbox 1868 3005 1952 3050; x_wconf 88' lang='lat' dir='ltr'><strong>est</strong></span> 
     </span>
    </p>
   </div>
   <div class='ocr_carea' id='block_1_31' title="bbox 371 3080 1951 3155">
    <p class='ocr_par' dir='ltr' id='par_1_31' title="bbox 371 3080 1951 3155">
     <span class='ocr_line' id='line_1_31' title="bbox 371 3080 1951 3155; baseline 0.007 -22"><span class='ocrx_word' id='word_1_231' title='bbox 371 3080 601 3134; x_wconf 89' lang='lat' dir='ltr'><strong>initium.</strong></span> <span class='ocrx_word' id='word_1_232' title='bbox 630 3080 701 3135; x_wconf 81' lang='lat' dir='ltr'><strong>Et</strong></span> <span class='ocrx_word' id='word_1_233' title='bbox 735 3089 910 3137; x_wconf 81' lang='lat' dir='ltr'><strong>tamen</strong></span> <span class='ocrx_word' id='word_1_234' title='bbox 947 3082 1129 3148; x_wconf 77' lang='lat' dir='ltr'><strong>Filius,</strong></span> <span class='ocrx_word' id='word_1_235' title='bbox 1160 3091 1215 3138; x_wconf 91' lang='lat' dir='ltr'><strong>et</strong></span> <span class='ocrx_word' id='word_1_236' title='bbox 1243 3090 1421 3139; x_wconf 75' lang='lat' dir='ltr'><strong>tanien</strong></span> <span class='ocrx_word' id='word_1_237' title='bbox 1450 3087 1676 3155; x_wconf 87' lang='lat' dir='ltr'><strong>genitus.</strong></span> <span class='ocrx_word' id='word_1_238' title='bbox 1707 3088 1951 3144; x_wconf 87' lang='lat' dir='ltr'><strong>Dicturus</strong></span> 
     </span>
    </p>
   </div>
   <div class='ocr_carea' id='block_1_32' title="bbox 369 3168 1952 3243">
    <p class='ocr_par' dir='ltr' id='par_1_32' title="bbox 369 3168 1952 3243">
     <span class='ocr_line' id='line_1_32' title="bbox 369 3168 1952 3243; baseline 0.006 -19"><span class='ocrx_word' id='word_1_239' title='bbox 369 3178 456 3225; x_wconf 82' lang='lat' dir='ltr'><strong>est</strong></span> <span class='ocrx_word' id='word_1_240' title='bbox 499 3169 660 3225; x_wconf 84' lang='lat' dir='ltr'><strong>homo</strong></span> <span class='ocrx_word' id='word_1_241' title='bbox 702 3187 715 3224; x_wconf 89' lang='lat'><strong>:</strong></span> <span class='ocrx_word' id='word_1_242' title='bbox 745 3168 1025 3239; x_wconf 81' lang='lat' dir='ltr'><strong>Quomodo</strong></span> <span class='ocrx_word' id='word_1_243' title='bbox 1051 3174 1279 3243; x_wconf 87' lang='lat' dir='ltr'><strong>genitus,</strong></span> <span class='ocrx_word' id='word_1_244' title='bbox 1309 3183 1365 3230; x_wconf 86' lang='lat' dir='ltr'><strong>et</strong></span> <span class='ocrx_word' id='word_1_245' title='bbox 1391 3191 1497 3230; x_wconf 89' lang='lat' dir='ltr'><strong>non</strong></span> <span class='ocrx_word' id='word_1_246' title='bbox 1524 3176 1683 3232; x_wconf 78' lang='lat' dir='ltr'><strong>habet</strong></span> <span class='ocrx_word' id='word_1_247' title='bbox 1710 3178 1952 3235; x_wconf 85' lang='lat' dir='ltr'><strong>initium?</strong></span> 
     </span>
    </p>
   </div>
   <div class='ocr_carea' id='block_1_33' title="bbox 368 3260 1952 3341">
    <p class='ocr_par' dir='ltr' id='par_1_33' title="bbox 368 3260 1952 3341">
     <span class='ocr_line' id='line_1_33' title="bbox 368 3260 1952 3341; baseline 0.007 -27"><span class='ocrx_word' id='word_1_248' title='bbox 368 3261 426 3315; x_wconf 81' lang='lat' dir='ltr'><strong>Si</strong></span> <span class='ocrx_word' id='word_1_249' title='bbox 452 3261 682 3331; x_wconf 84' lang='lat' dir='ltr'><strong>genitus,</strong></span> <span class='ocrx_word' id='word_1_250' title='bbox 702 3260 864 3317; x_wconf 80' lang='lat' dir='ltr'><strong>habet</strong></span> <span class='ocrx_word' id='word_1_251' title='bbox 887 3263 1090 3318; x_wconf 90' lang='lat' dir='ltr'><strong>initium</strong></span> <span class='ocrx_word' id='word_1_252' title='bbox 1124 3280 1137 3318; x_wconf 87' lang='lat'><strong>:</strong></span> <span class='ocrx_word' id='word_1_253' title='bbox 1170 3265 1215 3320; x_wconf 92' lang='lat' dir='ltr'><strong>si</strong></span> <span class='ocrx_word' id='word_1_254' title='bbox 1246 3281 1350 3321; x_wconf 90' lang='lat' dir='ltr'><strong>non</strong></span> <span class='ocrx_word' id='word_1_255' title='bbox 1378 3266 1538 3322; x_wconf 83' lang='lat' dir='ltr'><strong>habet</strong></span> <span class='ocrx_word' id='word_1_256' title='bbox 1562 3268 1792 3336; x_wconf 84' lang='lat' dir='ltr'><strong>initium,</strong></span> <span class='ocrx_word' id='word_1_257' title='bbox 1820 3266 1952 3341; x_wconf 74' lang='lat' dir='ltr'><strong>quo-</strong></span> 
     </span>
    </p>
   </div>
   <div class='ocr_carea' id='block_1_34' title="bbox 374 3351 1952 3426">
    <p class='ocr_par' dir='ltr' id='par_1_34' title="bbox 374 3351 1952 3426">
     <span class='ocr_line' id='line_1_34' title="bbox 374 3351 1952 3426; baseline 0.008 -21"><span class='ocrx_word' id='word_1_258' title='bbox 374 3351 533 3407; x_wconf 89' lang='lat' dir='ltr'><strong>modo</strong></span> <span class='ocrx_word' id='word_1_259' title='bbox 560 3352 807 3423; x_wconf 82' lang='lat' dir='ltr'><strong>genitus?</strong></span> <span class='ocrx_word' id='word_1_260' title='bbox 826 3353 1124 3423; x_wconf 85' lang='lat' dir='ltr'><strong>Quomodo,</strong></span> <span class='ocrx_word' id='word_1_261' title='bbox 1163 3358 1361 3411; x_wconf 88' lang='lat' dir='ltr'><strong>nescio.</strong></span> <span class='ocrx_word' id='word_1_262' title='bbox 1400 3356 1607 3426; x_wconf 70' lang='lat' dir='ltr'><strong>Quaeris</strong></span> <span class='ocrx_word' id='word_1_263' title='bbox 1643 3360 1710 3414; x_wconf 88' lang='lat' dir='ltr'><strong>ab</strong></span> <span class='ocrx_word' id='word_1_264' title='bbox 1739 3361 1952 3418; x_wconf 84' lang='lat' dir='ltr'><strong>homine</strong></span> 
     </span>
    </p>
   </div>
   <div class='ocr_carea' id='block_1_35' title="bbox 373 3443 1948 3520">
    <p class='ocr_par' dir='ltr' id='par_1_35' title="bbox 373 3443 1948 3520">
     <span class='ocr_line' id='line_1_35' title="bbox 373 3443 1948 3520; baseline 0.008 -25"><span class='ocrx_word' id='word_1_265' title='bbox 373 3444 641 3513; x_wconf 84' lang='lat' dir='ltr'><strong>quomodo</strong></span> <span class='ocrx_word' id='word_1_266' title='bbox 669 3443 738 3498; x_wconf 89' lang='lat' dir='ltr'><strong>sit</strong></span> <span class='ocrx_word' id='word_1_267' title='bbox 758 3444 967 3514; x_wconf 87' lang='lat' dir='ltr'><strong>genitus</strong></span> <span class='ocrx_word' id='word_1_268' title='bbox 995 3445 1169 3502; x_wconf 75' lang='lat' dir='ltr'><strong>Deus?</strong></span> <span class='ocrx_word' id='word_1_269' title='bbox 1192 3448 1605 3520; x_wconf 80' lang='lat' dir='ltr'><strong>Interrogatione</strong></span> <span class='ocrx_word' id='word_1_270' title='bbox 1624 3462 1711 3505; x_wconf 85' lang='lat' dir='ltr'><strong>tua</strong></span> <span class='ocrx_word' id='word_1_271' title='bbox 1740 3452 1948 3518; x_wconf 82' lang='lat' dir='ltr'><strong>laboro;</strong></span> 
     </span>
    </p>
   </div>
   <div class='ocr_carea' id='block_1_36' title="bbox 372 3532 1985 3610">
    <p class='ocr_par' dir='ltr' id='par_1_36' title="bbox 372 3532 1985 3610">
     <span class='ocr_line' id='line_1_36' title="bbox 372 3532 1985 3610; baseline 0.007 -23"><span class='ocrx_word' id='word_1_272' title='bbox 372 3532 466 3587; x_wconf 80' lang='lat' dir='ltr'><strong>sed</strong></span> <span class='ocrx_word' id='word_1_273' title='bbox 495 3533 809 3602; x_wconf 84' lang='lat' dir='ltr'><strong>Prophetam</strong></span> <span class='ocrx_word' id='word_1_274' title='bbox 837 3536 1045 3603; x_wconf 80' lang='lat' dir='ltr'><strong>appello</strong></span> <span class='ocrx_word' id='word_1_275' title='bbox 1069 3552 1082 3587; x_wconf 90' lang='lat'><strong>:</strong></span> <span class='ocrx_word' id='word_1_276' title='bbox 1106 3534 1480 3591; x_wconf 78' lang='lat' dir='ltr'><strong>Generatt&#39;oném</strong></span> <span class='ocrx_word' id='word_1_277' title='bbox 1507 3541 1615 3610; x_wconf 70' lang='lat' dir='ltr'><strong>ejus</strong></span> <span class='ocrx_word' id='word_1_278' title='bbox 1631 3540 1745 3609; x_wconf 74' lang='lat' dir='ltr'><strong>quis</strong></span> <span class='ocrx_word' id='word_1_279' title='bbox 1757 3559 1955 3597; x_wconf 85' lang='lat' dir='ltr'><strong>enarra-</strong></span> <span class='ocrx_word' id='word_1_280' title='bbox 1973 3594 1985 3603; x_wconf 89' lang='grc'><em>,</em></span> 
     </span>
    </p>
   </div>
   <div class='ocr_carea' id='block_1_37' title="bbox 338 3622 1952 3698">
    <p class='ocr_par' dir='ltr' id='par_1_37' title="bbox 338 3622 1952 3698">
     <span class='ocr_line' id='line_1_37' title="bbox 338 3622 1952 3698; baseline 0.008 -23"><span class='ocrx_word' id='word_1_281' title='bbox 338 3656 345 3665; x_wconf 88' lang='grc'><strong>-</strong></span> <span class='ocrx_word' id='word_1_282' title='bbox 374 3622 442 3676; x_wconf 81' lang='lat' dir='ltr'><strong>bit</strong></span> <span class='ocrx_word' id='word_1_283' title='bbox 454 3622 480 3676; x_wconf 71' lang='lat'><strong>.9</strong></span> <span class='ocrx_word' id='word_1_284' title='bbox 494 3622 623 3678; x_wconf 86' lang='lat' dir='ltr'><strong>Veni</strong></span> <span class='ocrx_word' id='word_1_285' title='bbox 641 3638 846 3678; x_wconf 90' lang='lat' dir='ltr'><strong>mecum</strong></span> <span class='ocrx_word' id='word_1_286' title='bbox 862 3624 927 3678; x_wconf 90' lang='lat' dir='ltr'><strong>ad</strong></span> <span class='ocrx_word' id='word_1_287' title='bbox 947 3624 1098 3680; x_wconf 85' lang='lat' dir='ltr'><strong>istam</strong></span> <span class='ocrx_word' id='word_1_288' title='bbox 1115 3629 1509 3696; x_wconf 73' lang='lat' dir='ltr'><strong>generationem</strong></span> <span class='ocrx_word' id='word_1_289' title='bbox 1526 3628 1750 3685; x_wconf 85' lang='lat' dir='ltr'><strong>humana</strong></span> <span class='ocrx_word' id='word_1_290' title='bbox 1758 3636 1952 3698; x_wconf 88' lang='lat' dir='ltr'><strong>m,vcni</strong></span> 
     </span>
    </p>
   </div>
   <div class='ocr_carea' id='block_1_38' title="bbox 376 3715 1953 3787">
    <p class='ocr_par' dir='ltr' id='par_1_38' title="bbox 376 3715 1953 3787">
     <span class='ocr_line' id='line_1_38' title="bbox 376 3715 1953 3787; baseline 0.005 -18"><span class='ocrx_word' id='word_1_291' title='bbox 376 3728 584 3770; x_wconf 85' lang='lat' dir='ltr'><strong>mecum</strong></span> <span class='ocrx_word' id='word_1_292' title='bbox 611 3715 678 3770; x_wconf 88' lang='lat' dir='ltr'><strong>ad</strong></span> <span class='ocrx_word' id='word_1_293' title='bbox 706 3715 880 3781; x_wconf 83' lang='lat' dir='ltr'><strong>istum,</strong></span> <span class='ocrx_word' id='word_1_294' title='bbox 906 3715 959 3770; x_wconf 87' lang='lat' dir='ltr'><strong>in</strong></span> <span class='ocrx_word' id='word_1_295' title='bbox 994 3731 1095 3786; x_wconf 87' lang='lat' dir='ltr'><strong>qua</strong></span> <span class='ocrx_word' id='word_1_296' title='bbox 1123 3733 1182 3773; x_wconf 87' lang='lat' dir='ltr'><strong>se</strong></span> <span class='ocrx_word' id='word_1_297' title='bbox 1224 3718 1395 3787; x_wconf 85' lang='lat' dir='ltr'><strong>ipsum</strong></span> <span class='ocrx_word' id='word_1_298' title='bbox 1420 3721 1708 3776; x_wconf 74' lang='lat' dir='ltr'><strong>eainanivit</strong></span> <span class='ocrx_word' id='word_1_299' title='bbox 1732 3724 1953 3778; x_wconf 81' lang='lat' dir='ltr'><strong>fortnam</strong></span> 
     </span>
    </p>
   </div>
   <div class='ocr_carea' id='block_1_39' title="bbox 375 3807 1952 3884">
    <p class='ocr_par' dir='ltr' id='par_1_39' title="bbox 375 3807 1952 3884">
     <span class='ocr_line' id='line_1_39' title="bbox 375 3807 1952 3884; baseline 0.006 -24"><span class='ocrx_word' id='word_1_300' title='bbox 375 3807 516 3861; x_wconf 67' lang='lat' dir='ltr'><strong>Servi</strong></span> <span class='ocrx_word' id='word_1_301' title='bbox 558 3808 822 3876; x_wconf 85' lang='lat' dir='ltr'><strong>accipiens</strong></span> <span class='ocrx_word' id='word_1_302' title='bbox 852 3827 865 3861; x_wconf 89' lang='lat'><strong>:</strong></span> <span class='ocrx_word' id='word_1_303' title='bbox 893 3809 949 3862; x_wconf 85' lang='lat' dir='ltr'><strong>si</strong></span> <span class='ocrx_word' id='word_1_304' title='bbox 971 3808 1105 3864; x_wconf 73' lang='lat' dir='ltr'><strong>forte</strong></span> <span class='ocrx_word' id='word_1_305' title='bbox 1136 3811 1215 3865; x_wconf 89' lang='lat' dir='ltr'><strong>vel</strong></span> <span class='ocrx_word' id='word_1_306' title='bbox 1247 3811 1413 3881; x_wconf 83' lang='lat' dir='ltr'><strong>ipsam</strong></span> <span class='ocrx_word' id='word_1_307' title='bbox 1447 3827 1638 3882; x_wconf 83' lang='lat' dir='ltr'><strong>capere</strong></span> <span class='ocrx_word' id='word_1_308' title='bbox 1667 3816 1952 3884; x_wconf 81' lang='lat' dir='ltr'><strong>possimus,</strong></span> 
     </span>
    </p>
   </div>
   <div class='ocr_carea' id='block_1_40' title="bbox 330 3896 1954 3971">
    <p class='ocr_par' dir='ltr' id='par_1_40' title="bbox 330 3896 1954 3971">
     <span class='ocr_line' id='line_1_40' title="bbox 330 3896 1954 3971; baseline 0.007 -21"><span class='ocrx_word' id='word_1_309' title='bbox 330 3910 335 3919; x_wconf 90' lang='grc'>·</span> <span class='ocrx_word' id='word_1_310' title='bbox 375 3898 421 3950; x_wconf 80' lang='lat' dir='ltr'><strong>si</strong></span> <span class='ocrx_word' id='word_1_311' title='bbox 467 3896 604 3952; x_wconf 81' lang='lat' dir='ltr'><strong>forte</strong></span> <span class='ocrx_word' id='word_1_312' title='bbox 632 3898 715 3952; x_wconf 74' lang='lat' dir='ltr'><strong>Vel</strong></span> <span class='ocrx_word' id='word_1_313' title='bbox 752 3897 823 3953; x_wconf 87' lang='lat' dir='ltr'><strong>de</strong></span> <span class='ocrx_word' id='word_1_314' title='bbox 864 3898 975 3968; x_wconf 78' lang='lat' dir='ltr'><strong>ipsa</strong></span> <span class='ocrx_word' id='word_1_315' title='bbox 1018 3899 1212 3970; x_wconf 83' lang='lat' dir='ltr'><strong>aliquid</strong></span> <span class='ocrx_word' id='word_1_316' title='bbox 1243 3902 1383 3971; x_wconf 85' lang='lat' dir='ltr'><strong>loqui</strong></span> <span class='ocrx_word' id='word_1_317' title='bbox 1409 3903 1697 3959; x_wconf 79' lang='lat' dir='ltr'><strong>valeamus.</strong></span> <span class='ocrx_word' id='word_1_318' title='bbox 1748 3906 1954 3961; x_wconf 87' lang='lat' dir='ltr'><strong>Etenim</strong></span> 
     </span>
    </p>
   </div>
   <div class='ocr_carea' id='block_1_41' title="bbox 375 3989 1955 4067">
    <p class='ocr_par' dir='ltr' id='par_1_41' title="bbox 375 3989 1955 4067">
     <span class='ocr_line' id='line_1_41' title="bbox 375 3989 1955 4067; baseline 0.006 -26"><span class='ocrx_word' id='word_1_319' title='bbox 375 3990 497 4059; x_wconf 86' lang='lat' dir='ltr'><strong>quis</strong></span> <span class='ocrx_word' id='word_1_320' title='bbox 528 3990 720 4061; x_wconf 78' lang='lat' dir='ltr'><strong>cupiat,</strong></span> <span class='ocrx_word' id='word_1_321' title='bbox 753 3989 853 4057; x_wconf 76' lang='lat' dir='ltr'><strong>Qui</strong></span> <span class='ocrx_word' id='word_1_322' title='bbox 877 4007 991 4044; x_wconf 81' lang='lat' dir='ltr'><strong>cum</strong></span> <span class='ocrx_word' id='word_1_323' title='bbox 1018 3993 1073 4045; x_wconf 80' lang='lat' dir='ltr'><strong>in</strong></span> <span class='ocrx_word' id='word_1_324' title='bbox 1103 3993 1269 4063; x_wconf 77' lang='lat' dir='ltr'><strong>{anna</strong></span> <span class='ocrx_word' id='word_1_325' title='bbox 1299 3992 1391 4047; x_wconf 75' lang='lat' dir='ltr'><strong>Dei</strong></span> <span class='ocrx_word' id='word_1_326' title='bbox 1417 4004 1561 4058; x_wconf 74' lang='lat' dir='ltr'><strong>esset,</strong></span> <span class='ocrx_word' id='word_1_327' title='bbox 1592 4010 1691 4049; x_wconf 81' lang='lat' dir='ltr'><strong>non</strong></span> <span class='ocrx_word' id='word_1_328' title='bbox 1726 3997 1955 4067; x_wconf 72' lang='lat' dir='ltr'><strong>rapinam</strong></span> 
     </span>
    </p>
   </div>
   <div class='ocr_carea' id='block_1_42' title="bbox 376 4081 1957 4158">
    <p class='ocr_par' dir='ltr' id='par_1_42' title="bbox 376 4081 1957 4158">
     <span class='ocr_line' id='line_1_42' title="bbox 376 4081 1957 4158; baseline 0.008 -25"><span class='ocrx_word' id='word_1_329' title='bbox 376 4081 647 4136; x_wconf 70' lang='lat' dir='ltr'><strong>arbitratu</strong></span> <span class='ocrx_word' id='word_1_330' title='bbox 696 4091 770 4137; x_wconf 81' lang='lat' dir='ltr'><strong>est</strong></span> <span class='ocrx_word' id='word_1_331' title='bbox 817 4096 926 4137; x_wconf 76' lang='lat' dir='ltr'><strong>esse</strong></span> <span class='ocrx_word' id='word_1_332' title='bbox 964 4084 1179 4151; x_wconf 70' lang='lat' dir='ltr'><strong>aequalis</strong></span> <span class='ocrx_word' id='word_1_333' title='bbox 1229 4083 1385 4140; x_wconf 77' lang='lat' dir='ltr'><strong>Dea?</strong></span> <span class='ocrx_word' id='word_1_334' title='bbox 1426 4086 1556 4154; x_wconf 88' lang='lat' dir='ltr'><strong>Quis</strong></span> <span class='ocrx_word' id='word_1_335' title='bbox 1601 4087 1703 4143; x_wconf 85' lang='lat' dir='ltr'><strong>hoc</strong></span> <span class='ocrx_word' id='word_1_336' title='bbox 1752 4090 1957 4158; x_wconf 83' lang='lat' dir='ltr'><strong>capiat?</strong></span> 
     </span>
    </p>
   </div>
   <div class='ocr_carea' id='block_1_43' title="bbox 322 4173 1957 4249">
    <p class='ocr_par' dir='ltr' id='par_1_43' title="bbox 322 4173 1957 4249">
     <span class='ocr_line' id='line_1_43' title="bbox 322 4173 1957 4249; baseline 0.009 -28"><span class='ocrx_word' id='word_1_337' title='bbox 322 4184 331 4201; x_wconf 54' lang='lat'><strong><em>*</em></strong></span> <span class='ocrx_word' id='word_1_338' title='bbox 377 4174 498 4241; x_wconf 79' lang='lat' dir='ltr'><strong>quis</strong></span> <span class='ocrx_word' id='word_1_339' title='bbox 529 4173 629 4229; x_wconf 86' lang='lat' dir='ltr'><strong>huc</strong></span> <span class='ocrx_word' id='word_1_340' title='bbox 653 4173 809 4243; x_wconf 83' lang='lat' dir='ltr'><strong>digne</strong></span> <span class='ocrx_word' id='word_1_341' title='bbox 837 4176 1073 4245; x_wconf 74' lang='lat' dir='ltr'><strong>cogitet?</strong></span> <span class='ocrx_word' id='word_1_342' title='bbox 1096 4177 1262 4248; x_wconf 81' lang='lat' dir='ltr'><strong>Cujus</strong></span> <span class='ocrx_word' id='word_1_343' title='bbox 1296 4192 1447 4233; x_wconf 88' lang='lat' dir='ltr'><strong>mens</strong></span> <span class='ocrx_word' id='word_1_344' title='bbox 1486 4180 1593 4233; x_wconf 84' lang='lat' dir='ltr'><strong>hoe</strong></span> <span class='ocrx_word' id='word_1_345' title='bbox 1610 4178 1807 4234; x_wconf 85' lang='lat' dir='ltr'><strong>audeat</strong></span> <span class='ocrx_word' id='word_1_346' title='bbox 1831 4194 1957 4249; x_wconf 85' lang='lat' dir='ltr'><strong>per-</strong></span> 
     </span>
    </p>
   </div>
   <div class='ocr_carea' id='block_1_44' title="bbox 378 4264 1959 4340">
    <p class='ocr_par' dir='ltr' id='par_1_44' title="bbox 378 4264 1959 4340">
     <span class='ocr_line' id='line_1_44' title="bbox 378 4264 1959 4340; baseline 0.004 -24"><span class='ocrx_word' id='word_1_347' title='bbox 378 4264 601 4317; x_wconf 80' lang='lat' dir='ltr'><strong>scrutari</strong></span> <span class='ocrx_word' id='word_1_348' title='bbox 620 4265 646 4317; x_wconf 79' lang='lat'><strong>?</strong></span> <span class='ocrx_word' id='word_1_349' title='bbox 669 4264 831 4332; x_wconf 81' lang='lat' dir='ltr'><strong>Cujus</strong></span> <span class='ocrx_word' id='word_1_350' title='bbox 862 4266 1037 4336; x_wconf 78' lang='lat' dir='ltr'><strong>lingua</strong></span> <span class='ocrx_word' id='word_1_351' title='bbox 1057 4268 1248 4322; x_wconf 82' lang='lat' dir='ltr'><strong>audeat</strong></span> <span class='ocrx_word' id='word_1_352' title='bbox 1275 4270 1656 4337; x_wconf 74' lang='lat' dir='ltr'><strong>pronuntiare?</strong></span> <span class='ocrx_word' id='word_1_353' title='bbox 1676 4268 1841 4340; x_wconf 83' lang='lat' dir='ltr'><strong>Cujus</strong></span> <span class='ocrx_word' id='word_1_354' title='bbox 1867 4286 1959 4323; x_wconf 84' lang='lat' dir='ltr'><strong>va-</strong></span> 
     </span>
    </p>
   </div>
   <div class='ocr_carea' id='block_1_45' title="bbox 378 4353 1960 4422">
    <p class='ocr_par' dir='ltr' id='par_1_45' title="bbox 378 4353 1960 4422">
     <span class='ocr_line' id='line_1_45' title="bbox 378 4353 1960 4422; baseline 0.006 -17"><span class='ocrx_word' id='word_1_355' title='bbox 378 4353 487 4411; x_wconf 68' lang='lat' dir='ltr'><strong>leat</strong></span> <span class='ocrx_word' id='word_1_356' title='bbox 525 4354 773 4421; x_wconf 75' lang='lat' dir='ltr'><strong>cogitatio</strong></span> <span class='ocrx_word' id='word_1_357' title='bbox 807 4355 1033 4422; x_wconf 78' lang='lat' dir='ltr'><strong>capere?</strong></span> <span class='ocrx_word' id='word_1_358' title='bbox 1079 4357 1290 4409; x_wconf 87' lang='lat' dir='ltr'><strong>Interim</strong></span> <span class='ocrx_word' id='word_1_359' title='bbox 1321 4357 1423 4413; x_wconf 90' lang='lat' dir='ltr'><strong>hoc</strong></span> <span class='ocrx_word' id='word_1_360' title='bbox 1447 4359 1793 4414; x_wconf 77' lang='lat' dir='ltr'><strong>omittamus:</strong></span> <span class='ocrx_word' id='word_1_361' title='bbox 1824 4360 1960 4414; x_wconf 80' lang='lat' dir='ltr'><strong>mul-</strong></span> 
     </span>
    </p>
   </div>
   <div class='ocr_carea' id='block_1_46' title="bbox 377 4444 1969 4516">
    <p class='ocr_par' dir='ltr' id='par_1_46' title="bbox 377 4444 1969 4516">
     <span class='ocr_line' id='line_1_46' title="bbox 377 4444 1969 4516; baseline 0.005 -21"><span class='ocrx_word' id='word_1_362' title='bbox 377 4454 492 4496; x_wconf 79' lang='lat' dir='ltr'><strong>tum</strong></span> <span class='ocrx_word' id='word_1_363' title='bbox 522 4452 606 4497; x_wconf 81' lang='lat' dir='ltr'><strong>est</strong></span> <span class='ocrx_word' id='word_1_364' title='bbox 622 4444 688 4498; x_wconf 85' lang='lat' dir='ltr'><strong>ad</strong></span> <span class='ocrx_word' id='word_1_365' title='bbox 715 4458 832 4497; x_wconf 87' lang='lat' dir='ltr'><strong>nos.</strong></span> <span class='ocrx_word' id='word_1_366' title='bbox 876 4445 945 4500; x_wconf 85' lang='lat' dir='ltr'><strong>Ut</strong></span> <span class='ocrx_word' id='word_1_367' title='bbox 966 4453 1142 4499; x_wconf 81' lang='lat' dir='ltr'><strong>autent</strong></span> <span class='ocrx_word' id='word_1_368' title='bbox 1183 4461 1286 4500; x_wconf 85' lang='lat' dir='ltr'><strong>non</strong></span> <span class='ocrx_word' id='word_1_369' title='bbox 1324 4448 1544 4503; x_wconf 84' lang='lat' dir='ltr'><strong>multum</strong></span> <span class='ocrx_word' id='word_1_370' title='bbox 1570 4459 1715 4506; x_wconf 86' lang='lat' dir='ltr'><strong>esset</strong></span> <span class='ocrx_word' id='word_1_371' title='bbox 1749 4451 1814 4505; x_wconf 86' lang='lat' dir='ltr'><strong>ad</strong></span> <span class='ocrx_word' id='word_1_372' title='bbox 1839 4464 1969 4516; x_wconf 86' lang='lat' dir='ltr'><strong>nos,-</strong></span> 
     </span>
    </p>
   </div>
   <div class='ocr_carea' id='block_1_47' title="bbox 314 4532 1960 4610">
    <p class='ocr_par' dir='ltr' id='par_1_47' title="bbox 314 4532 1960 4610">
     <span class='ocr_line' id='line_1_47' title="bbox 314 4532 1960 4610; baseline 0.005 -25"><span class='ocrx_word' id='word_1_373' title='bbox 314 4576 319 4585; x_wconf 93' lang='lat'><strong>.</strong></span> <span class='ocrx_word' id='word_1_374' title='bbox 379 4534 700 4605; x_wconf 64' lang='lat' dir='ltr'><strong>semetipsum</strong></span> <span class='ocrx_word' id='word_1_375' title='bbox 725 4532 1012 4600; x_wconf 65' lang='lat' dir='ltr'><strong>exinanivit,</strong></span> <span class='ocrx_word' id='word_1_376' title='bbox 1045 4535 1261 4603; x_wconf 75' lang='lat' dir='ltr'><strong>fonnem</strong></span> <span class='ocrx_word' id='word_1_377' title='bbox 1289 4538 1418 4590; x_wconf 75' lang='lat' dir='ltr'><strong>servi</strong></span> <span class='ocrx_word' id='word_1_378' title='bbox 1445 4541 1716 4610; x_wconf 78' lang='lat' dir='ltr'><strong>accipiens,</strong></span> <span class='ocrx_word' id='word_1_379' title='bbox 1743 4542 1798 4595; x_wconf 74' lang='lat' dir='ltr'><strong>in</strong></span> <span class='ocrx_word' id='word_1_380' title='bbox 1820 4542 1960 4595; x_wconf 78' lang='lat' dir='ltr'><strong>sitni-</strong></span> 
     </span>
    </p>
   </div>
   <div class='ocr_carea' id='block_1_48' title="bbox 380 4609 1956 4700">
    <p class='ocr_par' dir='ltr' id='par_1_48' title="bbox 380 4609 1956 4700">
     <span class='ocr_line' id='line_1_48' title="bbox 380 4609 1956 4700; baseline 0.006 -23"><span class='ocrx_word' id='word_1_381' title='bbox 380 4609 644 4678; x_wconf 72' lang='lat' dir='ltr'><strong>limdinem</strong></span> <span class='ocrx_word' id='word_1_382' title='bbox 672 4625 935 4679; x_wconf 69' lang='lat' dir='ltr'><strong>hominum</strong></span> <span class='ocrx_word' id='word_1_383' title='bbox 959 4630 1121 4697; x_wconf 76' lang='lat' dir='ltr'><strong>[actus</strong></span> <span class='ocrx_word' id='word_1_384' title='bbox 1157 4625 1413 4697; x_wconf 81' lang='lat' dir='ltr'><strong>(Philipp.</strong></span> <span class='ocrx_word' id='word_1_385' title='bbox 1457 4644 1513 4694; x_wconf 85' lang='grc' dir='ltr'><strong>ιι,</strong></span> <span class='ocrx_word' id='word_1_386' title='bbox 1544 4630 1598 4696; x_wconf 85' lang='grc'><strong>6,</strong></span> <span class='ocrx_word' id='word_1_387' title='bbox 1628 4633 1705 4700; x_wconf 80' lang='grc'><strong>7).</strong></span> <span class='ocrx_word' id='word_1_388' title='bbox 1737 4632 1876 4687; x_wconf 86' lang='lat' dir='ltr'><strong>Ubi?</strong></span> <span class='ocrx_word' id='word_1_389' title='bbox 1903 4632 1956 4687; x_wconf 90' lang='lat' dir='ltr'><strong>In</strong></span> 
     </span>
    </p>
   </div>
   <div class='ocr_carea' id='block_1_49' title="bbox 380 4712 1958 4789">
    <p class='ocr_par' dir='ltr' id='par_1_49' title="bbox 380 4712 1958 4789">
     <span class='ocr_line' id='line_1_49' title="bbox 380 4712 1958 4789; baseline 0.005 -20"><span class='ocrx_word' id='word_1_390' title='bbox 380 4714 586 4785; x_wconf 75' lang='lat' dir='ltr'><strong>virgine</strong></span> <span class='ocrx_word' id='word_1_391' title='bbox 610 4712 810 4769; x_wconf 73' lang='lat' dir='ltr'><strong>Maria.</strong></span> <span class='ocrx_word' id='word_1_392' title='bbox 861 4715 985 4771; x_wconf 91' lang='lat' dir='ltr'><strong>Inde</strong></span> <span class='ocrx_word' id='word_1_393' title='bbox 1024 4730 1151 4787; x_wconf 81' lang='lat' dir='ltr'><strong>ergo</strong></span> <span class='ocrx_word' id='word_1_394' title='bbox 1186 4717 1382 4788; x_wconf 76' lang='lat' dir='ltr'><strong>aliquid</strong></span> <span class='ocrx_word' id='word_1_395' title='bbox 1430 4718 1724 4789; x_wconf 83' lang='lat' dir='ltr'><strong>quttamur,</strong></span> <span class='ocrx_word' id='word_1_396' title='bbox 1753 4722 1797 4775; x_wconf 85' lang='lat' dir='ltr'><strong>si</strong></span> <span class='ocrx_word' id='word_1_397' title='bbox 1825 4723 1958 4777; x_wconf 76' lang='lat' dir='ltr'><strong>forte</strong></span> 
     </span>
    </p>
   </div>
   <div class='ocr_carea' id='block_1_50' title="bbox 380 4808 1997 4885">
    <p class='ocr_par' dir='ltr' id='par_1_50' title="bbox 380 4808 1997 4885">
     <span class='ocr_line' id='line_1_50' title="bbox 380 4808 1997 4885; baseline 0.007 -26"><span class='ocrx_word' id='word_1_398' title='bbox 380 4821 684 4885; x_wconf 74' lang='lat' dir='ltr'><strong>possumus.</strong></span> <span class='ocrx_word' id='word_1_399' title='bbox 730 4808 963 4878; x_wconf 81' lang='lat' dir='ltr'><strong>Angelus</strong></span> <span class='ocrx_word' id='word_1_400' title='bbox 1005 4810 1229 4873; x_wconf 86' lang='lat' dir='ltr'><strong>nuntiat,</strong></span> <span class='ocrx_word' id='word_1_401' title='bbox 1280 4810 1432 4881; x_wconf 86' lang='lat' dir='ltr'><strong>virgo</strong></span> <span class='ocrx_word' id='word_1_402' title='bbox 1475 4810 1639 4876; x_wconf 81' lang='lat' dir='ltr'><strong>audit,</strong></span> <span class='ocrx_word' id='word_1_403' title='bbox 1671 4812 1857 4878; x_wconf 83' lang='lat' dir='ltr'><strong>credit,</strong></span> <span class='ocrx_word' id='word_1_404' title='bbox 1905 4825 1960 4870; x_wconf 91' lang='lat' dir='ltr'><strong>et</strong></span> <span class='ocrx_word' id='word_1_405' title='bbox 1994 4852 1997 4857; x_wconf 91' lang='lat'><strong><em>-</em></strong></span> 
     </span>
    </p>
   </div>
   <div class='ocr_carea' id='block_1_51' title="bbox 376 4898 1958 4977">
    <p class='ocr_par' dir='ltr' id='par_1_51' title="bbox 376 4898 1958 4977">
     <span class='ocr_line' id='line_1_51' title="bbox 376 4898 1958 4977; baseline 0.005 -25"><span class='ocrx_word' id='word_1_406' title='bbox 376 4899 629 4967; x_wconf 78' lang='lat' dir='ltr'><strong>concipit.</strong></span> <span class='ocrx_word' id='word_1_407' title='bbox 665 4898 824 4954; x_wconf 84' lang='lat' dir='ltr'><strong>Fides</strong></span> <span class='ocrx_word' id='word_1_408' title='bbox 855 4902 906 4954; x_wconf 86' lang='lat' dir='ltr'><strong>in</strong></span> <span class='ocrx_word' id='word_1_409' title='bbox 937 4911 1134 4967; x_wconf 80' lang='lat' dir='ltr'><strong>tuente,</strong></span> <span class='ocrx_word' id='word_1_410' title='bbox 1172 4901 1421 4957; x_wconf 82' lang='lat' dir='ltr'><strong>Christus</strong></span> <span class='ocrx_word' id='word_1_411' title='bbox 1465 4901 1517 4956; x_wconf 88' lang='lat' dir='ltr'><strong>in</strong></span> <span class='ocrx_word' id='word_1_412' title='bbox 1562 4911 1767 4958; x_wconf 81' lang='lat' dir='ltr'><strong>ventre.</strong></span> <span class='ocrx_word' id='word_1_413' title='bbox 1802 4904 1958 4977; x_wconf 69' lang='lat' dir='ltr'><strong>Virgo</strong></span> 
     </span>
    </p>
   </div>
   <div class='ocr_carea' id='block_1_52' title="bbox 380 4990 1956 5065">
    <p class='ocr_par' dir='ltr' id='par_1_52' title="bbox 380 4990 1956 5065">
     <span class='ocr_line' id='line_1_52' title="bbox 380 4990 1956 5065; baseline 0.005 -20"><span class='ocrx_word' id='word_1_414' title='bbox 380 4992 647 5059; x_wconf 76' lang='lat' dir='ltr'><strong>concepit,</strong></span> <span class='ocrx_word' id='word_1_415' title='bbox 699 4990 965 5047; x_wconf 80' lang='lat' dir='ltr'><strong>miramini</strong></span> <span class='ocrx_word' id='word_1_416' title='bbox 1000 5010 1014 5046; x_wconf 89' lang='lat'><strong>:</strong></span> <span class='ocrx_word' id='word_1_417' title='bbox 1045 4993 1194 5063; x_wconf 76' lang='lat' dir='ltr'><strong>virgo</strong></span> <span class='ocrx_word' id='word_1_418' title='bbox 1236 4995 1463 5064; x_wconf 79' lang='lat' dir='ltr'><strong>peperit,</strong></span> <span class='ocrx_word' id='word_1_419' title='bbox 1490 4994 1611 5065; x_wconf 83' lang='lat' dir='ltr'><strong>plus</strong></span> <span class='ocrx_word' id='word_1_420' title='bbox 1644 4996 1908 5052; x_wconf 75' lang='lat' dir='ltr'><strong>miramini</strong></span> <span class='ocrx_word' id='word_1_421' title='bbox 1942 5015 1956 5054; x_wconf 89' lang='lat'><strong>:</strong></span> 
     </span>
    </p>
   </div>
   <div class='ocr_carea' id='block_1_53' title="bbox 382 5084 1960 5161">
    <p class='ocr_par' dir='ltr' id='par_1_53' title="bbox 382 5084 1960 5161">
     <span class='ocr_line' id='line_1_53' title="bbox 382 5084 1960 5161; baseline 0.008 -27"><span class='ocrx_word' id='word_1_422' title='bbox 382 5090 506 5151; x_wconf 84' lang='lat' dir='ltr'><strong>post</strong></span> <span class='ocrx_word' id='word_1_423' title='bbox 556 5091 785 5152; x_wconf 85' lang='lat' dir='ltr'><strong>partum,</strong></span> <span class='ocrx_word' id='word_1_424' title='bbox 837 5084 985 5153; x_wconf 85' lang='lat' dir='ltr'><strong>virgo</strong></span> <span class='ocrx_word' id='word_1_425' title='bbox 1033 5085 1339 5154; x_wconf 81' lang='lat' dir='ltr'><strong>permansit.</strong></span> <span class='ocrx_word' id='word_1_426' title='bbox 1385 5086 1795 5145; x_wconf 63' lang='lat' dir='ltr'><strong>Gener-nionem</strong></span> <span class='ocrx_word' id='word_1_427' title='bbox 1828 5095 1960 5161; x_wconf 77' lang='lat' dir='ltr'><strong>ergo</strong></span> 
     </span>
    </p>
   </div>
   <div class='ocr_carea' id='block_1_54' title="bbox 385 5172 1016 5240">
    <p class='ocr_par' dir='ltr' id='par_1_54' title="bbox 385 5172 1016 5240">
     <span class='ocr_line' id='line_1_54' title="bbox 385 5172 1016 5240; baseline 0 -11"><span class='ocrx_word' id='word_1_428' title='bbox 385 5172 541 5229; x_wconf 86' lang='lat' dir='ltr'><strong>istam</strong></span> <span class='ocrx_word' id='word_1_429' title='bbox 566 5174 689 5240; x_wconf 82' lang='lat' dir='ltr'><strong>quis</strong></span> <span class='ocrx_word' id='word_1_430' title='bbox 709 5175 1016 5229; x_wconf 79' lang='lat' dir='ltr'><strong>enarrabit?</strong></span> 
     </span>
    </p>
   </div>
   <div class='ocr_carea' id='block_1_55' title="bbox 444 5261 1989 5338">
    <p class='ocr_par' dir='ltr' id='par_1_55' title="bbox 444 5261 1989 5338">
     <span class='ocr_line' id='line_1_55' title="bbox 444 5261 1989 5338; baseline 0.004 -21"><span class='ocrx_word' id='word_1_431' title='bbox 444 5261 680 5318; x_wconf 77' lang='lat' dir='ltr'><strong>CAPUT</strong></span> <span class='ocrx_word' id='word_1_432' title='bbox 714 5263 779 5317; x_wconf 92' lang='lat' dir='ltr'><strong>ll.</strong></span> <span class='ocrx_word' id='word_1_433' title='bbox 804 5291 879 5305; x_wconf 87' lang='lat'><strong>——</strong></span> <span class='ocrx_word' id='word_1_434' title='bbox 901 5265 956 5317; x_wconf 68' lang='lat'><strong>3.</strong></span> <span class='ocrx_word' id='word_1_435' title='bbox 1005 5262 1126 5319; x_wconf 75' lang='lat' dir='ltr'><strong>Tres</strong></span> <span class='ocrx_word' id='word_1_436' title='bbox 1149 5266 1296 5330; x_wconf 69' lang='lat' dir='ltr'><strong>vita,</strong></span> <span class='ocrx_word' id='word_1_437' title='bbox 1326 5268 1629 5338; x_wconf 60' lang='lat' dir='ltr'><strong>conﬂigam,</strong></span> <span class='ocrx_word' id='word_1_438' title='bbox 1650 5270 1886 5336; x_wconf 57' lang='lat' dir='ltr'><strong>videatis;</strong></span> <span class='ocrx_word' id='word_1_439' title='bbox 1915 5281 1959 5323; x_wconf 78' lang='lat' dir='ltr'><strong>et</strong></span> <span class='ocrx_word' id='word_1_440' title='bbox 1985 5302 1989 5307; x_wconf 91' lang='lat'><strong><em>-</em></strong></span> 
     </span>
    </p>
   </div>
   <div class='ocr_carea' id='block_1_56' title="bbox 380 5352 1953 5428">
    <p class='ocr_par' dir='ltr' id='par_1_56' title="bbox 380 5352 1953 5428">
     <span class='ocr_line' id='line_1_56' title="bbox 380 5352 1953 5428; baseline 0.006 -21"><span class='ocrx_word' id='word_1_441' title='bbox 380 5352 887 5425; x_wconf 51' lang='grc' dir='ltr'><strong>φενσᾶιαῶιατίηο</strong></span> <span class='ocrx_word' id='word_1_442' title='bbox 912 5364 1235 5411; x_wconf 61' lang='lat' dir='ltr'><strong>attestatur.</strong></span> <span class='ocrx_word' id='word_1_443' title='bbox 1260 5357 1393 5413; x_wconf 86' lang='lat' dir='ltr'><strong>Dico</strong></span> <span class='ocrx_word' id='word_1_444' title='bbox 1417 5358 1559 5428; x_wconf 79' lang='lat' dir='ltr'><strong>quod</strong></span> <span class='ocrx_word' id='word_1_445' title='bbox 1585 5374 1681 5415; x_wconf 85' lang='lat' dir='ltr'><strong>vos</strong></span> <span class='ocrx_word' id='word_1_446' title='bbox 1694 5360 1918 5417; x_wconf 78' lang='lat' dir='ltr'><strong>delectet</strong></span> <span class='ocrx_word' id='word_1_447' title='bbox 1939 5405 1953 5427; x_wconf 94' lang='lat'><strong>,</strong></span> 
     </span>
    </p>
   </div>
   <div class='ocr_carea' id='block_1_57' title="bbox 449 5477 1959 5557">
    <p class='ocr_par' dir='ltr' id='par_1_57' title="bbox 449 5477 1959 5557">
     <span class='ocr_line' id='line_1_57' title="bbox 449 5477 1959 5557; baseline 0.004 -19"><span class='ocrx_word' id='word_1_448' title='bbox 449 5491 464 5522; x_wconf 79' lang='grc'>⁸</span> <span class='ocrx_word' id='word_1_449' title='bbox 487 5488 626 5547; x_wconf 73' lang='lat' dir='ltr'><strong>Batti,</strong></span> <span class='ocrx_word' id='word_1_450' title='bbox 969 5497 1137 5540; x_wconf 64' lang='lat' dir='ltr'><strong>Desint.</strong></span> <span class='ocrx_word' id='word_1_451' title='bbox 1165 5497 1221 5557; x_wconf 67' lang='lat' dir='ltr'><strong>at</strong></span> <span class='ocrx_word' id='word_1_452' title='bbox 1261 5492 1459 5557; x_wconf 72' lang='lat' dir='ltr'><strong>Regium</strong></span> <span class='ocrx_word' id='word_1_453' title='bbox 1495 5491 1748 5556; x_wconf 73' lang='lat' dir='ltr'><strong>exemplar</strong></span> <span class='ocrx_word' id='word_1_454' title='bbox 1773 5528 1788 5552; x_wconf 93' lang='lat'><strong>,</strong></span> <span class='ocrx_word' id='word_1_455' title='bbox 1832 5496 1959 5557; x_wconf 78' lang='lat' dir='ltr'><strong>quod</strong></span> 
     </span>
    </p>
   </div>
   <div class='ocr_carea' id='block_1_58' title="bbox 380 5550 1997 5625">
    <p class='ocr_par' dir='ltr' id='par_1_58' title="bbox 380 5550 1997 5625">
     <span class='ocr_line' id='line_1_58' title="bbox 380 5550 1997 5625; baseline -0.002 -17"><span class='ocrx_word' id='word_1_456' title='bbox 847 5551 991 5614; x_wconf 88' lang='lat' dir='ltr'><strong>hujus</strong></span> <span class='ocrx_word' id='word_1_457' title='bbox 1011 5552 1264 5625; x_wconf 78' lang='lat' dir='ltr'><strong>sermonis,</strong></span> <span class='ocrx_word' id='word_1_458' title='bbox 1283 5550 1448 5625; x_wconf 67' lang='lat' dir='ltr'><strong>habet,</strong></span> <span class='ocrx_word' id='word_1_459' title='bbox 1466 5550 1781 5625; x_wconf 64' lang='lat' dir='ltr'><strong>penei-niuem</strong></span> <span class='ocrx_word' id='word_1_460' title='bbox 1793 5550 1958 5625; x_wconf 60' lang='lat' dir='ltr'><strong>Dium.</strong></span> <span class='ocrx_word' id='word_1_461' title='bbox 1974 5604 1997 5621; x_wconf 74' lang='grc'><em>,</em></span> 
     </span>
    </p>
   </div>
   <div class='ocr_carea' id='block_1_59' title="bbox 449 5607 1956 5676">
    <p class='ocr_par' dir='ltr' id='par_1_59' title="bbox 449 5607 1956 5676">
     <span class='ocr_line' id='line_1_59' title="bbox 449 5607 1956 5676; baseline 0.005 -20"><span class='ocrx_word' id='word_1_462' title='bbox 449 5611 465 5625; x_wconf 89' lang='grc'><strong>⁹</strong></span> <span class='ocrx_word' id='word_1_463' title='bbox 491 5607 676 5676; x_wconf 55' lang='lat' dir='ltr'><strong>nullum</strong></span> <span class='ocrx_word' id='word_1_464' title='bbox 696 5610 838 5676; x_wconf 72' lang='lat' dir='ltr'><strong>hujus</strong></span> <span class='ocrx_word' id='word_1_465' title='bbox 859 5607 1096 5676; x_wconf 74' lang='lat' dir='ltr'><strong>sei-monis</strong></span> <span class='ocrx_word' id='word_1_466' title='bbox 1124 5607 1376 5675; x_wconf 70' lang='lat' dir='ltr'><strong>exunjdar</strong></span> <span class='ocrx_word' id='word_1_467' title='bbox 1399 5607 1626 5676; x_wconf 67' lang='lat' dir='ltr'><strong>scriptum</strong></span> <span class='ocrx_word' id='word_1_468' title='bbox 1669 5616 1956 5674; x_wconf 68' lang='lat' dir='ltr'><strong>invenimus,</strong></span> 
     </span>
    </p>
   </div>
   <div class='ocr_carea' id='block_1_60' title="bbox 384 5671 1109 5773">
    <p class='ocr_par' dir='ltr' id='par_1_60' title="bbox 384 5671 1109 5773">
     <span class='ocr_line' id='line_1_60' title="bbox 384 5671 1109 5773; baseline 0.014 -62"><span class='ocrx_word' id='word_1_469' title='bbox 384 5675 707 5773; x_wconf 65' lang='lat' dir='ltr'><strong>pra-torquati:</strong></span> <span class='ocrx_word' id='word_1_470' title='bbox 731 5671 779 5718; x_wconf 88' lang='lat' dir='ltr'><strong>in</strong></span> <span class='ocrx_word' id='word_1_471' title='bbox 802 5675 948 5732; x_wconf 74' lang='lat' dir='ltr'><strong>Regio</strong></span> <span class='ocrx_word' id='word_1_472' title='bbox 964 5671 1109 5741; x_wconf 73' lang='lat' dir='ltr'><strong>libro.</strong></span> 
     </span>
     <span class='ocr_line' id='line_1_61' title="bbox 447 5729 1099 5773; baseline 0 0"><span class='ocrx_word' id='word_1_473' title='bbox 447 5729 518 5773; x_wconf 79' lang='lat' dir='ltr'><strong>tu)</strong></span> <span class='ocrx_word' id='word_1_474' title='bbox 543 5735 573 5773; x_wconf 73' lang='grc' dir='ltr'><strong>Α</strong></span> <span class='ocrx_word' id='word_1_475' title='bbox 596 5740 678 5773; x_wconf 75' lang='lat' dir='ltr'><strong>tas;</strong></span> <span class='ocrx_word' id='word_1_476' title='bbox 707 5729 770 5773; x_wconf 77' lang='lat' dir='ltr'><strong>de</strong></span> <span class='ocrx_word' id='word_1_477' title='bbox 787 5732 1001 5773; x_wconf 71' lang='lat' dir='ltr'><strong>nivei-sm</strong></span> <span class='ocrx_word' id='word_1_478' title='bbox 1022 5732 1099 5773; x_wconf 65' lang='lat' dir='ltr'><strong>fit).</strong></span> 
     </span>
    </p>
   </div>
   <div class='ocr_carea' id='block_1_61' title="bbox 447 5728 1099 5787">
    <p class='ocr_par' dir='ltr' id='par_1_61' title="bbox 447 5728 1099 5787">
     <span class='ocr_line' id='line_1_62' title="bbox 447 5728 1099 5787; baseline -0.005 -5"><span class='ocrx_word' id='word_1_479' title='bbox 447 5729 518 5782; x_wconf 71' lang='lat' dir='ltr'><strong>tu)</strong></span> <span class='ocrx_word' id='word_1_480' title='bbox 543 5728 678 5787; x_wconf 65' lang='lat' dir='ltr'><strong>Alias,</strong></span> <span class='ocrx_word' id='word_1_481' title='bbox 707 5729 770 5778; x_wconf 83' lang='lat' dir='ltr'><strong>de</strong></span> <span class='ocrx_word' id='word_1_482' title='bbox 785 5728 1001 5781; x_wconf 69' lang='lat' dir='ltr'><strong>Diversis</strong></span> <span class='ocrx_word' id='word_1_483' title='bbox 1022 5732 1099 5780; x_wconf 68' lang='lat' dir='ltr'><strong>bi).</strong></span> 
     </span>
    </p>
   </div>
   <div class='ocr_carea' id='block_1_62' title="bbox 1581 325 2375 386">
    <p class='ocr_par' dir='ltr' id='par_1_62' title="bbox 1581 325 2375 386">
     <span class='ocr_line' id='line_1_63' title="bbox 1581 325 2375 386; baseline -0.006 0"><span class='ocrx_word' id='word_1_484' title='bbox 1581 329 1634 386; x_wconf 87' lang='lat' dir='ltr'><strong>S.</strong></span> <span class='ocrx_word' id='word_1_485' title='bbox 1670 325 2030 385; x_wconf 74' lang='lat' dir='ltr'><strong>AUGUSTINI</strong></span> <span class='ocrx_word' id='word_1_486' title='bbox 2068 325 2375 386; x_wconf 74' lang='lat' dir='ltr'><strong>EPISCOPI</strong></span> 
     </span>
    </p>
   </div>
   <div class='ocr_carea' id='block_1_63' title="bbox 3478 334 3616 389">
    <p class='ocr_par' dir='ltr' id='par_1_63' title="bbox 3478 334 3616 389">
     <span class='ocr_line' id='line_1_64' title="bbox 3478 334 3616 389; baseline 0.007 -1"><span class='ocrx_word' id='word_1_487' title='bbox 3478 334 3616 389; x_wconf 68' lang='lat' dir='ltr'><strong>i020</strong></span> 
     </span>
    </p>
   </div>
   <div class='ocr_carea' id='block_1_64' title="bbox 2038 441 3617 503">
    <p class='ocr_par' dir='ltr' id='par_1_64' title="bbox 2038 441 3617 503">
     <span class='ocr_line' id='line_1_65' title="bbox 2038 441 3617 503; baseline 0.002 -4"><span class='ocrx_word' id='word_1_488' title='bbox 2038 443 2353 499; x_wconf 82' lang='lat' dir='ltr'><strong>cbarissimi.</strong></span> <span class='ocrx_word' id='word_1_489' title='bbox 2393 442 2526 496; x_wconf 82' lang='lat' dir='ltr'><strong>Tres</strong></span> <span class='ocrx_word' id='word_1_490' title='bbox 2567 442 2684 496; x_wconf 65' lang='lat' dir='ltr'><strong>vite</strong></span> <span class='ocrx_word' id='word_1_491' title='bbox 2722 451 2849 497; x_wconf 87' lang='lat' dir='ltr'><strong>sunt</strong></span> <span class='ocrx_word' id='word_1_492' title='bbox 2889 441 2942 498; x_wconf 84' lang='lat' dir='ltr'><strong>in</strong></span> <span class='ocrx_word' id='word_1_493' title='bbox 2973 442 3207 501; x_wconf 78' lang='lat' dir='ltr'><strong>Ecclesia</strong></span> <span class='ocrx_word' id='word_1_494' title='bbox 3254 445 3617 503; x_wconf 84' lang='lat' dir='ltr'><strong>mcutbturum</strong></span> 
     </span>
    </p>
   </div>
   <div class='ocr_carea' id='block_1_65' title="bbox 2032 534 3619 608">
    <p class='ocr_par' dir='ltr' id='par_1_65' title="bbox 2032 534 3619 608">
     <span class='ocr_line' id='line_1_66' title="bbox 2032 534 3619 608; baseline 0.001 -17"><span class='ocrx_word' id='word_1_495' title='bbox 2032 536 2228 591; x_wconf 84' lang='lat' dir='ltr'><strong>Christi</strong></span> <span class='ocrx_word' id='word_1_496' title='bbox 2255 554 2269 589; x_wconf 89' lang='lat'><strong>:</strong></span> <span class='ocrx_word' id='word_1_497' title='bbox 2294 535 2621 605; x_wconf 82' lang='lat' dir='ltr'><strong>oonjngalis,</strong></span> <span class='ocrx_word' id='word_1_498' title='bbox 2667 534 2930 601; x_wconf 82' lang='lat' dir='ltr'><strong>vidualis,</strong></span> <span class='ocrx_word' id='word_1_499' title='bbox 2970 535 3264 607; x_wconf 73' lang='lat' dir='ltr'><strong>virginalis.</strong></span> <span class='ocrx_word' id='word_1_500' title='bbox 3304 536 3441 606; x_wconf 82' lang='lat' dir='ltr'><strong>Quia</strong></span> <span class='ocrx_word' id='word_1_501' title='bbox 3490 539 3619 608; x_wconf 65' lang='lat' dir='ltr'><strong>ipsa:</strong></span> 
     </span>
    </p>
   </div>
   <div class='ocr_carea' id='block_1_66' title="bbox 2030 625 3622 697">
    <p class='ocr_par' dir='ltr' id='par_1_66' title="bbox 2030 625 3622 697">
     <span class='ocr_line' id='line_1_67' title="bbox 2030 625 3622 697; baseline 0.002 -16"><span class='ocrx_word' id='word_1_502' title='bbox 2030 628 2186 695; x_wconf 63' lang='lat' dir='ltr'><strong>vita,</strong></span> <span class='ocrx_word' id='word_1_503' title='bbox 2217 628 2345 697; x_wconf 64' lang='lat' dir='ltr'><strong>ipse</strong></span> <span class='ocrx_word' id='word_1_504' title='bbox 2371 626 2634 697; x_wconf 76' lang='lat' dir='ltr'><strong>pudicitia:</strong></span> <span class='ocrx_word' id='word_1_505' title='bbox 2655 625 2844 680; x_wconf 68' lang='lat' dir='ltr'><strong>futura:</strong></span> <span class='ocrx_word' id='word_1_506' title='bbox 2871 635 3027 681; x_wconf 86' lang='lat' dir='ltr'><strong>erant</strong></span> <span class='ocrx_word' id='word_1_507' title='bbox 3054 626 3108 682; x_wconf 90' lang='lat' dir='ltr'><strong>in</strong></span> <span class='ocrx_word' id='word_1_508' title='bbox 3135 627 3334 683; x_wconf 78' lang='lat' dir='ltr'><strong>sanctis</strong></span> <span class='ocrx_word' id='word_1_509' title='bbox 3360 627 3622 684; x_wconf 71' lang='lat' dir='ltr'><strong>membris</strong></span> 
     </span>
    </p>
   </div>
   <div class='ocr_carea' id='block_1_67' title="bbox 2031 717 3618 783">
    <p class='ocr_par' dir='ltr' id='par_1_67' title="bbox 2031 717 3618 783">
     <span class='ocr_line' id='line_1_68' title="bbox 2031 717 3618 783; baseline 0.001 -9"><span class='ocrx_word' id='word_1_510' title='bbox 2031 719 2265 783; x_wconf 85' lang='lat' dir='ltr'><strong>Christi;</strong></span> <span class='ocrx_word' id='word_1_511' title='bbox 2296 732 2484 773; x_wconf 85' lang='lat' dir='ltr'><strong>omnes</strong></span> <span class='ocrx_word' id='word_1_512' title='bbox 2526 718 2642 773; x_wconf 71' lang='lat' dir='ltr'><strong>ista:</strong></span> <span class='ocrx_word' id='word_1_513' title='bbox 2684 717 2807 771; x_wconf 68' lang='lat' dir='ltr'><strong>vita:</strong></span> <span class='ocrx_word' id='word_1_514' title='bbox 2854 726 2963 772; x_wconf 86' lang='lat' dir='ltr'><strong>tres</strong></span> <span class='ocrx_word' id='word_1_515' title='bbox 3004 726 3269 772; x_wconf 82' lang='lat' dir='ltr'><strong>attestatae</strong></span> <span class='ocrx_word' id='word_1_516' title='bbox 3307 726 3435 772; x_wconf 89' lang='lat' dir='ltr'><strong>sunt</strong></span> <span class='ocrx_word' id='word_1_517' title='bbox 3458 717 3618 775; x_wconf 81' lang='lat' dir='ltr'><strong>Chri-</strong></span> 
     </span>
    </p>
   </div>
   <div class='ocr_carea' id='block_1_68' title="bbox 2032 809 3617 881">
    <p class='ocr_par' dir='ltr' id='par_1_68' title="bbox 2032 809 3617 881">
     <span class='ocr_line' id='line_1_69' title="bbox 2032 809 3617 881; baseline 0 -15"><span class='ocrx_word' id='word_1_518' title='bbox 2032 820 2192 866; x_wconf 79' lang='lat' dir='ltr'><strong>stum.</strong></span> <span class='ocrx_word' id='word_1_519' title='bbox 2214 811 2391 865; x_wconf 84' lang='lat' dir='ltr'><strong>Prima</strong></span> <span class='ocrx_word' id='word_1_520' title='bbox 2411 852 2427 877; x_wconf 93' lang='lat'><strong>,</strong></span> <span class='ocrx_word' id='word_1_521' title='bbox 2457 810 2752 881; x_wconf 87' lang='lat' dir='ltr'><strong>conjugalis</strong></span> <span class='ocrx_word' id='word_1_522' title='bbox 2778 827 2791 863; x_wconf 88' lang='lat'><strong>:</strong></span> <span class='ocrx_word' id='word_1_523' title='bbox 2819 810 3033 880; x_wconf 85' lang='lat' dir='ltr'><strong>quando</strong></span> <span class='ocrx_word' id='word_1_524' title='bbox 3063 809 3229 865; x_wconf 80' lang='lat' dir='ltr'><strong>Maria</strong></span> <span class='ocrx_word' id='word_1_525' title='bbox 3248 810 3401 881; x_wconf 86' lang='lat' dir='ltr'><strong>virgo</strong></span> <span class='ocrx_word' id='word_1_526' title='bbox 3423 826 3617 867; x_wconf 72' lang='lat' dir='ltr'><strong>contre-</strong></span> 
     </span>
    </p>
   </div>
   <div class='ocr_carea' id='block_1_69' title="bbox 2033 900 3618 973">
    <p class='ocr_par' dir='ltr' id='par_1_69' title="bbox 2033 900 3618 973">
     <span class='ocr_line' id='line_1_70' title="bbox 2033 900 3618 973; baseline 0 -18"><span class='ocrx_word' id='word_1_527' title='bbox 2033 903 2141 973; x_wconf 88' lang='lat' dir='ltr'><strong>pit,</strong></span> <span class='ocrx_word' id='word_1_528' title='bbox 2173 901 2440 956; x_wconf 77' lang='lat' dir='ltr'><strong>Elisabeth</strong></span> <span class='ocrx_word' id='word_1_529' title='bbox 2488 916 2627 958; x_wconf 76' lang='lat' dir='ltr'><strong>uxor</strong></span> <span class='ocrx_word' id='word_1_530' title='bbox 2680 900 2950 955; x_wconf 74' lang='lat' dir='ltr'><strong>Zacharia:</strong></span> <span class='ocrx_word' id='word_1_531' title='bbox 2994 908 3051 954; x_wconf 87' lang='lat' dir='ltr'><strong>et</strong></span> <span class='ocrx_word' id='word_1_532' title='bbox 3104 900 3217 969; x_wconf 85' lang='lat' dir='ltr'><strong>ipsa</strong></span> <span class='ocrx_word' id='word_1_533' title='bbox 3261 911 3618 970; x_wconf 77' lang='lat' dir='ltr'><strong>conceperat;</strong></span> 
     </span>
    </p>
   </div>
   <div class='ocr_carea' id='block_1_70' title="bbox 2036 991 3621 1063">
    <p class='ocr_par' dir='ltr' id='par_1_70' title="bbox 2036 991 3621 1063">
     <span class='ocr_line' id='line_1_71' title="bbox 2036 991 3621 1063; baseline 0 -16"><span class='ocrx_word' id='word_1_534' title='bbox 2036 993 2193 1063; x_wconf 76' lang='lat' dir='ltr'><strong>hujus</strong></span> <span class='ocrx_word' id='word_1_535' title='bbox 2219 994 2426 1049; x_wconf 82' lang='lat' dir='ltr'><strong>Judicis</strong></span> <span class='ocrx_word' id='word_1_536' title='bbox 2453 1008 2752 1063; x_wconf 74' lang='lat' dir='ltr'><strong>praeconem</strong></span> <span class='ocrx_word' id='word_1_537' title='bbox 2794 991 3001 1049; x_wconf 76' lang='lat' dir='ltr'><strong>ferebat</strong></span> <span class='ocrx_word' id='word_1_538' title='bbox 3044 992 3099 1048; x_wconf 85' lang='lat' dir='ltr'><strong>in</strong></span> <span class='ocrx_word' id='word_1_539' title='bbox 3140 1000 3317 1051; x_wconf 57' lang='lat' dir='ltr'><strong>utet».</strong></span> <span class='ocrx_word' id='word_1_540' title='bbox 3358 991 3524 1049; x_wconf 79' lang='lat' dir='ltr'><strong>Venit</strong></span> <span class='ocrx_word' id='word_1_541' title='bbox 3550 994 3621 1047; x_wconf 89' lang='lat' dir='ltr'><strong>ad</strong></span> 
     </span>
    </p>
   </div>
   <div class='ocr_carea' id='block_1_71' title="bbox 2035 1083 3623 1155">
    <p class='ocr_par' dir='ltr' id='par_1_71' title="bbox 2035 1083 3623 1155">
     <span class='ocr_line' id='line_1_72' title="bbox 2035 1083 3623 1155; baseline -0.001 -15"><span class='ocrx_word' id='word_1_542' title='bbox 2035 1102 2153 1141; x_wconf 82' lang='lat' dir='ltr'><strong>eam</strong></span> <span class='ocrx_word' id='word_1_543' title='bbox 2179 1095 2367 1141; x_wconf 76' lang='lat' dir='ltr'><strong>sancta</strong></span> <span class='ocrx_word' id='word_1_544' title='bbox 2389 1086 2551 1140; x_wconf 77' lang='lat' dir='ltr'><strong>Maria</strong></span> <span class='ocrx_word' id='word_1_545' title='bbox 2567 1124 2582 1147; x_wconf 93' lang='lat'><strong>,</strong></span> <span class='ocrx_word' id='word_1_546' title='bbox 2613 1094 2864 1155; x_wconf 85' lang='lat' dir='ltr'><strong>tanquam</strong></span> <span class='ocrx_word' id='word_1_547' title='bbox 2892 1083 2961 1139; x_wconf 85' lang='lat' dir='ltr'><strong>ad</strong></span> <span class='ocrx_word' id='word_1_548' title='bbox 2983 1092 3265 1154; x_wconf 73' lang='lat' dir='ltr'><strong>cognatam</strong></span> <span class='ocrx_word' id='word_1_549' title='bbox 3290 1098 3442 1139; x_wconf 88' lang='lat' dir='ltr'><strong>suam</strong></span> <span class='ocrx_word' id='word_1_550' title='bbox 3473 1084 3623 1139; x_wconf 80' lang='lat' dir='ltr'><strong>salu-</strong></span> 
     </span>
    </p>
   </div>
   <div class='ocr_carea' id='block_1_72' title="bbox 2038 1172 3623 1232">
    <p class='ocr_par' dir='ltr' id='par_1_72' title="bbox 2038 1172 3623 1232">
     <span class='ocr_line' id='line_1_73' title="bbox 2038 1172 3623 1232; baseline -0.001 -1"><span class='ocrx_word' id='word_1_551' title='bbox 2038 1178 2268 1231; x_wconf 82' lang='lat' dir='ltr'><strong>tandam-</strong></span> <span class='ocrx_word' id='word_1_552' title='bbox 2326 1175 2620 1232; x_wconf 65' lang='lat' dir='ltr'><strong>Essnitavit</strong></span> <span class='ocrx_word' id='word_1_553' title='bbox 2665 1174 2842 1229; x_wconf 79' lang='lat' dir='ltr'><strong>infans</strong></span> <span class='ocrx_word' id='word_1_554' title='bbox 2890 1174 2941 1229; x_wconf 91' lang='lat' dir='ltr'><strong>in</strong></span> <span class='ocrx_word' id='word_1_555' title='bbox 2992 1184 3143 1229; x_wconf 87' lang='lat' dir='ltr'><strong>utero</strong></span> <span class='ocrx_word' id='word_1_556' title='bbox 3184 1172 3484 1230; x_wconf 72' lang='lat' dir='ltr'><strong>Elisabetb;</strong></span> <span class='ocrx_word' id='word_1_557' title='bbox 3529 1173 3623 1231; x_wconf 84' lang='lat' dir='ltr'><strong>ille</strong></span> 
     </span>
    </p>
   </div>
   <div class='ocr_carea' id='block_1_73' title="bbox 2037 1262 3624 1334">
    <p class='ocr_par' dir='ltr' id='par_1_73' title="bbox 2037 1262 3624 1334">
     <span class='ocr_line' id='line_1_74' title="bbox 2037 1262 3624 1334; baseline -0.003 -14"><span class='ocrx_word' id='word_1_558' title='bbox 2037 1266 2316 1321; x_wconf 70' lang='lat' dir='ltr'><strong>exsultavit</strong></span> <span class='ocrx_word' id='word_1_559' title='bbox 2335 1307 2349 1326; x_wconf 86' lang='lat'><strong>.</strong></span> <span class='ocrx_word' id='word_1_560' title='bbox 2380 1265 2467 1319; x_wconf 85' lang='lat' dir='ltr'><strong>illa</strong></span> <span class='ocrx_word' id='word_1_561' title='bbox 2498 1264 2849 1334; x_wconf 78' lang='lat' dir='ltr'><strong>prophetavit.</strong></span> <span class='ocrx_word' id='word_1_562' title='bbox 2885 1262 3060 1319; x_wconf 81' lang='lat' dir='ltr'><strong>Habes</strong></span> <span class='ocrx_word' id='word_1_563' title='bbox 3086 1270 3425 1318; x_wconf 82' lang='lat' dir='ltr'><strong>attestantem</strong></span> <span class='ocrx_word' id='word_1_564' title='bbox 3466 1262 3624 1334; x_wconf 79' lang='lat' dir='ltr'><strong>pudi-</strong></span> 
     </span>
    </p>
   </div>
   <div class='ocr_carea' id='block_1_74' title="bbox 2037 1353 3624 1423">
    <p class='ocr_par' dir='ltr' id='par_1_74' title="bbox 2037 1353 3624 1423">
     <span class='ocr_line' id='line_1_75' title="bbox 2037 1353 3624 1423; baseline -0.001 -14"><span class='ocrx_word' id='word_1_565' title='bbox 2037 1356 2215 1410; x_wconf 84' lang='lat' dir='ltr'><strong>citiam</strong></span> <span class='ocrx_word' id='word_1_566' title='bbox 2251 1354 2608 1423; x_wconf 71' lang='lat' dir='ltr'><strong>coniugalem.</strong></span> <span class='ocrx_word' id='word_1_567' title='bbox 2650 1353 2752 1412; x_wconf 83' lang='lat' dir='ltr'><strong>Ubi</strong></span> <span class='ocrx_word' id='word_1_568' title='bbox 2798 1353 3140 1408; x_wconf 87' lang='lat' dir='ltr'><strong>vidualis?ln</strong></span> <span class='ocrx_word' id='word_1_569' title='bbox 3180 1355 3353 1408; x_wconf 85' lang='lat' dir='ltr'><strong>Anna.</strong></span> <span class='ocrx_word' id='word_1_570' title='bbox 3383 1354 3624 1408; x_wconf 80' lang='lat' dir='ltr'><strong>Audistis</strong></span> 
     </span>
    </p>
   </div>
   <div class='ocr_carea' id='block_1_75' title="bbox 2039 1444 3619 1517">
    <p class='ocr_par' dir='ltr' id='par_1_75' title="bbox 2039 1444 3619 1517">
     <span class='ocr_line' id='line_1_76' title="bbox 2039 1444 3619 1517; baseline -0.001 -15"><span class='ocrx_word' id='word_1_571' title='bbox 2039 1448 2197 1503; x_wconf 82' lang='lat' dir='ltr'><strong>modo</strong></span> <span class='ocrx_word' id='word_1_572' title='bbox 2233 1462 2353 1503; x_wconf 90' lang='lat' dir='ltr'><strong>cum</strong></span> <span class='ocrx_word' id='word_1_573' title='bbox 2396 1446 2738 1517; x_wconf 78' lang='lat' dir='ltr'><strong>Evnngelium</strong></span> <span class='ocrx_word' id='word_1_574' title='bbox 2766 1444 3048 1516; x_wconf 83' lang='lat' dir='ltr'><strong>legeretur,</strong></span> <span class='ocrx_word' id='word_1_575' title='bbox 3078 1444 3220 1516; x_wconf 88' lang='lat' dir='ltr'><strong>quod</strong></span> <span class='ocrx_word' id='word_1_576' title='bbox 3262 1452 3407 1499; x_wconf 87' lang='lat' dir='ltr'><strong>esset</strong></span> <span class='ocrx_word' id='word_1_577' title='bbox 3433 1453 3619 1500; x_wconf 76' lang='lat' dir='ltr'><strong>sancta</strong></span> 
     </span>
    </p>
   </div>
   <div class='ocr_carea' id='block_1_76' title="bbox 2041 1535 3622 1608">
    <p class='ocr_par' dir='ltr' id='par_1_76' title="bbox 2041 1535 3622 1608">
     <span class='ocr_line' id='line_1_77' title="bbox 2041 1535 3622 1608; baseline 0.001 -19"><span class='ocrx_word' id='word_1_578' title='bbox 2041 1536 2372 1607; x_wconf 81' lang='lat' dir='ltr'><strong>prophetissa</strong></span> <span class='ocrx_word' id='word_1_579' title='bbox 2398 1535 2551 1590; x_wconf 81' lang='lat' dir='ltr'><strong>vidua</strong></span> <span class='ocrx_word' id='word_1_580' title='bbox 2576 1536 2843 1608; x_wconf 81' lang='lat' dir='ltr'><strong>octoginta</strong></span> <span class='ocrx_word' id='word_1_581' title='bbox 2866 1543 2919 1590; x_wconf 87' lang='lat' dir='ltr'><strong>et</strong></span> <span class='ocrx_word' id='word_1_582' title='bbox 2940 1544 3169 1604; x_wconf 88' lang='lat' dir='ltr'><strong>quatuor</strong></span> <span class='ocrx_word' id='word_1_583' title='bbox 3190 1549 3479 1601; x_wconf 81' lang='lat' dir='ltr'><strong>annorum,</strong></span> <span class='ocrx_word' id='word_1_584' title='bbox 3500 1550 3622 1605; x_wconf 72' lang='lat' dir='ltr'><strong>qua:</strong></span> 
     </span>
    </p>
   </div>
   <div class='ocr_carea' id='block_1_77' title="bbox 2040 1627 3624 1704">
    <p class='ocr_par' dir='ltr' id='par_1_77' title="bbox 2040 1627 3624 1704">
     <span class='ocr_line' id='line_1_78' title="bbox 2040 1627 3624 1704; baseline 0 -23"><span class='ocrx_word' id='word_1_585' title='bbox 2040 1636 2242 1697; x_wconf 81' lang='lat' dir='ltr'><strong>septem</strong></span> <span class='ocrx_word' id='word_1_586' title='bbox 2271 1628 2425 1683; x_wconf 88' lang='lat' dir='ltr'><strong>annis</strong></span> <span class='ocrx_word' id='word_1_587' title='bbox 2451 1628 2657 1691; x_wconf 75' lang='lat' dir='ltr'><strong>vixerat</strong></span> <span class='ocrx_word' id='word_1_588' title='bbox 2679 1642 2798 1682; x_wconf 89' lang='lat' dir='ltr'><strong>cum</strong></span> <span class='ocrx_word' id='word_1_589' title='bbox 2820 1627 2933 1681; x_wconf 83' lang='lat' dir='ltr'><strong>viro</strong></span> <span class='ocrx_word' id='word_1_590' title='bbox 2955 1642 3088 1692; x_wconf 86' lang='lat' dir='ltr'><strong>suo;</strong></span> <span class='ocrx_word' id='word_1_591' title='bbox 3114 1627 3457 1704; x_wconf 80' lang='lat' dir='ltr'><strong>frequentans</strong></span> <span class='ocrx_word' id='word_1_592' title='bbox 3484 1637 3624 1681; x_wconf 86' lang='lat' dir='ltr'><strong>tem-</strong></span> 
     </span>
    </p>
   </div>
   <div class='ocr_carea' id='block_1_78' title="bbox 2042 1709 3629 1789">
    <p class='ocr_par' dir='ltr' id='par_1_78' title="bbox 2042 1709 3629 1789">
     <span class='ocr_line' id='line_1_79' title="bbox 2042 1709 3629 1789; baseline 0.001 -17"><span class='ocrx_word' id='word_1_593' title='bbox 2042 1719 2187 1789; x_wconf 88' lang='lat' dir='ltr'><strong>plum</strong></span> <span class='ocrx_word' id='word_1_594' title='bbox 2210 1716 2437 1783; x_wconf 90' lang='lat' dir='ltr'><strong>Domini,</strong></span> <span class='ocrx_word' id='word_1_595' title='bbox 2460 1718 2697 1772; x_wconf 89' lang='lat' dir='ltr'><strong>serviens</strong></span> <span class='ocrx_word' id='word_1_596' title='bbox 2724 1717 2774 1771; x_wconf 93' lang='lat' dir='ltr'><strong>in</strong></span> <span class='ocrx_word' id='word_1_597' title='bbox 2804 1718 3133 1772; x_wconf 87' lang='lat' dir='ltr'><strong>orationibus</strong></span> <span class='ocrx_word' id='word_1_598' title='bbox 3160 1727 3315 1774; x_wconf 90' lang='lat' dir='ltr'><strong>nocte</strong></span> <span class='ocrx_word' id='word_1_599' title='bbox 3341 1728 3397 1772; x_wconf 90' lang='lat' dir='ltr'><strong>et</strong></span> <span class='ocrx_word' id='word_1_600' title='bbox 3417 1717 3527 1772; x_wconf 86' lang='lat' dir='ltr'><strong>die.</strong></span> <span class='ocrx_word' id='word_1_601' title='bbox 3558 1709 3629 1773; x_wconf 77' lang='lat' dir='ltr'><strong>Et</strong></span> 
     </span>
    </p>
   </div>
   <div class='ocr_carea' id='block_1_79' title="bbox 2044 1805 3630 1877">
    <p class='ocr_par' dir='ltr' id='par_1_79' title="bbox 2044 1805 3630 1877">
     <span class='ocr_line' id='line_1_80' title="bbox 2044 1805 3630 1877; baseline 0.001 -16"><span class='ocrx_word' id='word_1_602' title='bbox 2044 1808 2156 1877; x_wconf 80' lang='lat' dir='ltr'><strong>ipsa</strong></span> <span class='ocrx_word' id='word_1_603' title='bbox 2184 1806 2340 1871; x_wconf 82' lang='lat' dir='ltr'><strong>vidua</strong></span> <span class='ocrx_word' id='word_1_604' title='bbox 2379 1806 2594 1876; x_wconf 78' lang='lat' dir='ltr'><strong>agnovit</strong></span> <span class='ocrx_word' id='word_1_605' title='bbox 2619 1805 2909 1863; x_wconf 73' lang='lat' dir='ltr'><strong>Christum.</strong></span> <span class='ocrx_word' id='word_1_606' title='bbox 2946 1806 3087 1861; x_wconf 77' lang='lat' dir='ltr'><strong>Vidit</strong></span> <span class='ocrx_word' id='word_1_607' title='bbox 3127 1822 3381 1876; x_wconf 87' lang='lat' dir='ltr'><strong>parvum,</strong></span> <span class='ocrx_word' id='word_1_608' title='bbox 3407 1809 3630 1877; x_wconf 79' lang='lat' dir='ltr'><strong>agnovit</strong></span> 
     </span>
    </p>
   </div>
   <div class='ocr_carea' id='block_1_80' title="bbox 2042 1885 3628 1968">
    <p class='ocr_par' dir='ltr' id='par_1_80' title="bbox 2042 1885 3628 1968">
     <span class='ocr_line' id='line_1_81' title="bbox 2042 1885 3628 1968; baseline 0.001 -15"><span class='ocrx_word' id='word_1_609' title='bbox 2042 1914 2311 1967; x_wconf 76' lang='lat' dir='ltr'><strong>magnum.</strong></span> <span class='ocrx_word' id='word_1_610' title='bbox 2344 1898 2409 1953; x_wconf 82' lang='lat' dir='ltr'><strong>Et</strong></span> <span class='ocrx_word' id='word_1_611' title='bbox 2434 1898 2545 1968; x_wconf 87' lang='lat' dir='ltr'><strong>ipsa</strong></span> <span class='ocrx_word' id='word_1_612' title='bbox 2574 1885 2819 1952; x_wconf 85' lang='lat' dir='ltr'><strong>attestata</strong></span> <span class='ocrx_word' id='word_1_613' title='bbox 2847 1906 2946 1953; x_wconf 89' lang='lat' dir='ltr'><strong>est.</strong></span> <span class='ocrx_word' id='word_1_614' title='bbox 2979 1898 3154 1954; x_wconf 86' lang='lat' dir='ltr'><strong>Ilabes</strong></span> <span class='ocrx_word' id='word_1_615' title='bbox 3175 1908 3231 1954; x_wconf 90' lang='lat' dir='ltr'><strong>et</strong></span> <span class='ocrx_word' id='word_1_616' title='bbox 3258 1900 3310 1954; x_wconf 90' lang='lat' dir='ltr'><strong>in</strong></span> <span class='ocrx_word' id='word_1_617' title='bbox 3334 1898 3432 1953; x_wconf 89' lang='lat' dir='ltr'><strong>ista</strong></span> <span class='ocrx_word' id='word_1_618' title='bbox 3462 1901 3628 1954; x_wconf 77' lang='lat' dir='ltr'><strong>vitam</strong></span> 
     </span>
    </p>
   </div>
   <div class='ocr_carea' id='block_1_81' title="bbox 2043 1988 3633 2059">
    <p class='ocr_par' dir='ltr' id='par_1_81' title="bbox 2043 1988 3633 2059">
     <span class='ocr_line' id='line_1_82' title="bbox 2043 1988 3633 2059; baseline 0.001 -15"><span class='ocrx_word' id='word_1_619' title='bbox 2043 1989 2327 2045; x_wconf 81' lang='lat' dir='ltr'><strong>vitlualetu.</strong></span> <span class='ocrx_word' id='word_1_620' title='bbox 2374 1988 2432 2042; x_wconf 91' lang='lat' dir='ltr'><strong>In</strong></span> <span class='ocrx_word' id='word_1_621' title='bbox 2474 1988 2669 2054; x_wconf 81' lang='lat' dir='ltr'><strong>Maria,</strong></span> <span class='ocrx_word' id='word_1_622' title='bbox 2697 1989 3007 2059; x_wconf 79' lang='lat' dir='ltr'><strong>virginalem</strong></span> <span class='ocrx_word' id='word_1_623' title='bbox 3053 1988 3201 2058; x_wconf 85' lang='lat' dir='ltr'><strong>(Luc.</strong></span> <span class='ocrx_word' id='word_1_624' title='bbox 3232 1991 3427 2057; x_wconf 78' lang='lat' dir='ltr'><strong>tetu).</strong></span> <span class='ocrx_word' id='word_1_625' title='bbox 3456 1990 3633 2059; x_wconf 82' lang='lat' dir='ltr'><strong>Eligat</strong></span> 
     </span>
    </p>
   </div>
   <div class='ocr_carea' id='block_1_82' title="bbox 2044 2079 3634 2151">
    <p class='ocr_par' dir='ltr' id='par_1_82' title="bbox 2044 2079 3634 2151">
     <span class='ocr_line' id='line_1_83' title="bbox 2044 2079 3634 2151; baseline 0 -16"><span class='ocrx_word' id='word_1_626' title='bbox 2044 2080 2144 2135; x_wconf 85' lang='lat' dir='ltr'><strong>sibi</strong></span> <span class='ocrx_word' id='word_1_627' title='bbox 2173 2080 2392 2149; x_wconf 82' lang='lat' dir='ltr'><strong>quisque</strong></span> <span class='ocrx_word' id='word_1_628' title='bbox 2417 2079 2485 2134; x_wconf 86' lang='lat' dir='ltr'><strong>de</strong></span> <span class='ocrx_word' id='word_1_629' title='bbox 2505 2079 2622 2135; x_wconf 78' lang='lat' dir='ltr'><strong>istis</strong></span> <span class='ocrx_word' id='word_1_630' title='bbox 2643 2079 2811 2134; x_wconf 85' lang='lat' dir='ltr'><strong>tribus</strong></span> <span class='ocrx_word' id='word_1_631' title='bbox 2840 2095 2995 2149; x_wconf 87' lang='lat' dir='ltr'><strong>quam</strong></span> <span class='ocrx_word' id='word_1_632' title='bbox 3019 2080 3264 2133; x_wconf 86' lang='lat' dir='ltr'><strong>voluerit.</strong></span> <span class='ocrx_word' id='word_1_633' title='bbox 3299 2079 3401 2147; x_wconf 90' lang='lat' dir='ltr'><strong>Qui</strong></span> <span class='ocrx_word' id='word_1_634' title='bbox 3434 2091 3634 2151; x_wconf 73' lang='lat' dir='ltr'><strong>prteter</strong></span> 
     </span>
    </p>
   </div>
   <div class='ocr_carea' id='block_1_83' title="bbox 2045 2172 3631 2240">
    <p class='ocr_par' dir='ltr' id='par_1_83' title="bbox 2045 2172 3631 2240">
     <span class='ocr_line' id='line_1_84' title="bbox 2045 2172 3631 2240; baseline -0.003 -12"><span class='ocrx_word' id='word_1_635' title='bbox 2045 2174 2172 2229; x_wconf 84' lang='lat' dir='ltr'><strong>istas</strong></span> <span class='ocrx_word' id='word_1_636' title='bbox 2190 2189 2309 2229; x_wconf 80' lang='lat' dir='ltr'><strong>esse</strong></span> <span class='ocrx_word' id='word_1_637' title='bbox 2332 2173 2575 2237; x_wconf 72' lang='lat' dir='ltr'><strong>voluerit,</strong></span> <span class='ocrx_word' id='word_1_638' title='bbox 2603 2172 2653 2225; x_wconf 90' lang='lat' dir='ltr'><strong>in</strong></span> <span class='ocrx_word' id='word_1_639' title='bbox 2682 2172 2933 2227; x_wconf 85' lang='lat' dir='ltr'><strong>membris</strong></span> <span class='ocrx_word' id='word_1_640' title='bbox 2953 2172 3148 2226; x_wconf 89' lang='lat' dir='ltr'><strong>Christi</strong></span> <span class='ocrx_word' id='word_1_641' title='bbox 3174 2187 3294 2225; x_wconf 86' lang='lat' dir='ltr'><strong>esse</strong></span> <span class='ocrx_word' id='word_1_642' title='bbox 3316 2187 3420 2225; x_wconf 90' lang='lat' dir='ltr'><strong>non</strong></span> <span class='ocrx_word' id='word_1_643' title='bbox 3442 2173 3631 2240; x_wconf 82' lang='lat' dir='ltr'><strong>dispo-</strong></span> 
     </span>
    </p>
   </div>
   <div class='ocr_carea' id='block_1_84' title="bbox 2039 2262 3634 2334">
    <p class='ocr_par' dir='ltr' id='par_1_84' title="bbox 2039 2262 3634 2334">
     <span class='ocr_line' id='line_1_85' title="bbox 2039 2262 3634 2334; baseline -0.001 -14"><span class='ocrx_word' id='word_1_644' title='bbox 2039 2266 2144 2320; x_wconf 85' lang='lat' dir='ltr'><strong>nit.</strong></span> <span class='ocrx_word' id='word_1_645' title='bbox 2190 2265 2308 2319; x_wconf 85' lang='lat' dir='ltr'><strong>Non</strong></span> <span class='ocrx_word' id='word_1_646' title='bbox 2350 2263 2533 2319; x_wconf 82' lang='lat' dir='ltr'><strong>dicant</strong></span> <span class='ocrx_word' id='word_1_647' title='bbox 2586 2264 2917 2334; x_wconf 73' lang='lat' dir='ltr'><strong>conjugalm:</strong></span> <span class='ocrx_word' id='word_1_648' title='bbox 2946 2263 3051 2318; x_wconf 86' lang='lat' dir='ltr'><strong>Nos</strong></span> <span class='ocrx_word' id='word_1_649' title='bbox 3093 2262 3158 2316; x_wconf 87' lang='lat' dir='ltr'><strong>ad</strong></span> <span class='ocrx_word' id='word_1_650' title='bbox 3203 2262 3468 2318; x_wconf 64' lang='lat' dir='ltr'><strong>Christum</strong></span> <span class='ocrx_word' id='word_1_651' title='bbox 3525 2281 3634 2320; x_wconf 86' lang='lat' dir='ltr'><strong>non</strong></span> 
     </span>
    </p>
   </div>
   <div class='ocr_carea' id='block_1_85' title="bbox 2050 2344 3636 2427">
    <p class='ocr_par' dir='ltr' id='par_1_85' title="bbox 2050 2344 3636 2427">
     <span class='ocr_line' id='line_1_86' title="bbox 2050 2344 3636 2427; baseline 0 -18"><span class='ocrx_word' id='word_1_652' title='bbox 2050 2356 2395 2427; x_wconf 85' lang='lat' dir='ltr'><strong>pertinemus.</strong></span> <span class='ocrx_word' id='word_1_653' title='bbox 2427 2354 2735 2408; x_wconf 73' lang='lat' dir='ltr'><strong>Habuerunt</strong></span> <span class='ocrx_word' id='word_1_654' title='bbox 2777 2354 2995 2408; x_wconf 87' lang='lat' dir='ltr'><strong>maritos</strong></span> <span class='ocrx_word' id='word_1_655' title='bbox 3024 2362 3226 2408; x_wconf 71' lang='lat' dir='ltr'><strong>sanctte</strong></span> <span class='ocrx_word' id='word_1_656' title='bbox 3252 2344 3483 2408; x_wconf 72' lang='lat' dir='ltr'><strong>I&#39;entinze.</strong></span> <span class='ocrx_word' id='word_1_657' title='bbox 3517 2353 3636 2409; x_wconf 82' lang='lat' dir='ltr'><strong>Non</strong></span> 
     </span>
    </p>
   </div>
   <div class='ocr_carea' id='block_1_86' title="bbox 2048 2444 3641 2514">
    <p class='ocr_par' dir='ltr' id='par_1_86' title="bbox 2048 2444 3641 2514">
     <span class='ocr_line' id='line_1_87' title="bbox 2048 2444 3641 2514; baseline -0.001 -11"><span class='ocrx_word' id='word_1_658' title='bbox 2048 2462 2108 2503; x_wconf 85' lang='lat' dir='ltr'><strong>sc</strong></span> <span class='ocrx_word' id='word_1_659' title='bbox 2131 2446 2385 2503; x_wconf 79' lang='lat' dir='ltr'><strong>extollant</strong></span> <span class='ocrx_word' id='word_1_660' title='bbox 2413 2445 2664 2514; x_wconf 81' lang='lat' dir='ltr'><strong>virgines.</strong></span> <span class='ocrx_word' id='word_1_661' title='bbox 2694 2444 2902 2513; x_wconf 82' lang='lat' dir='ltr'><strong>Quanto</strong></span> <span class='ocrx_word' id='word_1_662' title='bbox 2932 2459 3135 2514; x_wconf 73' lang='lat' dir='ltr'><strong>magna:</strong></span> <span class='ocrx_word' id='word_1_663' title='bbox 3165 2454 3318 2508; x_wconf 88' lang='lat' dir='ltr'><strong>sunt,</strong></span> <span class='ocrx_word' id='word_1_664' title='bbox 3350 2444 3641 2501; x_wconf 85' lang='lat' dir='ltr'><strong>ltumilient</strong></span> 
     </span>
    </p>
   </div>
   <div class='ocr_carea' id='block_1_87' title="bbox 2052 2538 3640 2612">
    <p class='ocr_par' dir='ltr' id='par_1_87' title="bbox 2052 2538 3640 2612">
     <span class='ocr_line' id='line_1_88' title="bbox 2052 2538 3640 2612; baseline -0.004 -11"><span class='ocrx_word' id='word_1_665' title='bbox 2052 2556 2112 2601; x_wconf 77' lang='lat' dir='ltr'><strong>8e</strong></span> <span class='ocrx_word' id='word_1_666' title='bbox 2130 2542 2187 2595; x_wconf 89' lang='lat' dir='ltr'><strong>in</strong></span> <span class='ocrx_word' id='word_1_667' title='bbox 2215 2541 2465 2597; x_wconf 79' lang='lat' dir='ltr'><strong>omnibus</strong></span> <span class='ocrx_word' id='word_1_668' title='bbox 2495 2538 2681 2612; x_wconf 82' lang='lat' dir='ltr'><strong>(Eccli.</strong></span> <span class='ocrx_word' id='word_1_669' title='bbox 2715 2557 2767 2597; x_wconf 83' lang='grc' dir='ltr'><strong>ιιι</strong></span> <span class='ocrx_word' id='word_1_670' title='bbox 2790 2582 2805 2607; x_wconf 84' lang='grc'>,</span> <span class='ocrx_word' id='word_1_671' title='bbox 2830 2540 2943 2611; x_wconf 72' lang='lat'><strong>20).</strong></span> <span class='ocrx_word' id='word_1_672' title='bbox 2966 2539 3153 2596; x_wconf 88' lang='lat' dir='ltr'><strong>Omnia</strong></span> <span class='ocrx_word' id='word_1_673' title='bbox 3180 2540 3420 2608; x_wconf 75' lang='lat' dir='ltr'><strong>exempla</strong></span> <span class='ocrx_word' id='word_1_674' title='bbox 3445 2540 3640 2594; x_wconf 75' lang='lat' dir='ltr'><strong>salutis</strong></span> 
     </span>
    </p>
   </div>
   <div class='ocr_carea' id='block_1_88' title="bbox 2048 2616 3637 2701">
    <p class='ocr_par' dir='ltr' id='par_1_88' title="bbox 2048 2616 3637 2701">
     <span class='ocr_line' id='line_1_89' title="bbox 2048 2616 3637 2701; baseline -0.001 -16"><span class='ocrx_word' id='word_1_675' title='bbox 2048 2632 2320 2701; x_wconf 83' lang='lat' dir='ltr'><strong>proposita</strong></span> <span class='ocrx_word' id='word_1_676' title='bbox 2358 2641 2483 2685; x_wconf 88' lang='lat' dir='ltr'><strong>sunt</strong></span> <span class='ocrx_word' id='word_1_677' title='bbox 2518 2639 2643 2686; x_wconf 87' lang='lat' dir='ltr'><strong>ante</strong></span> <span class='ocrx_word' id='word_1_678' title='bbox 2670 2632 2852 2689; x_wconf 86' lang='lat' dir='ltr'><strong>oculos</strong></span> <span class='ocrx_word' id='word_1_679' title='bbox 2888 2640 3122 2686; x_wconf 88' lang='lat' dir='ltr'><strong>nostros.</strong></span> <span class='ocrx_word' id='word_1_680' title='bbox 3151 2630 3318 2685; x_wconf 85' lang='lat' dir='ltr'><strong>Nemo</strong></span> <span class='ocrx_word' id='word_1_681' title='bbox 3343 2616 3637 2684; x_wconf 72' lang='lat' dir='ltr'><strong>exorbitat.</strong></span> 
     </span>
    </p>
   </div>
   <div class='ocr_carea' id='block_1_89' title="bbox 2050 2720 3641 2790">
    <p class='ocr_par' dir='ltr' id='par_1_89' title="bbox 2050 2720 3641 2790">
     <span class='ocr_line' id='line_1_90' title="bbox 2050 2720 3641 2790; baseline -0.002 -13"><span class='ocrx_word' id='word_1_682' title='bbox 2050 2720 2219 2777; x_wconf 84' lang='lat' dir='ltr'><strong>Nemo</strong></span> <span class='ocrx_word' id='word_1_683' title='bbox 2258 2729 2698 2790; x_wconf 62' lang='lat' dir='ltr'><strong>pradoruxorem</strong></span> <span class='ocrx_word' id='word_1_684' title='bbox 2727 2738 2738 2772; x_wconf 93' lang='lat'><strong>:</strong></span> <span class='ocrx_word' id='word_1_685' title='bbox 2772 2721 2958 2775; x_wconf 87' lang='lat' dir='ltr'><strong>melius</strong></span> <span class='ocrx_word' id='word_1_686' title='bbox 2995 2721 3111 2775; x_wconf 88' lang='lat' dir='ltr'><strong>sine</strong></span> <span class='ocrx_word' id='word_1_687' title='bbox 3155 2737 3338 2775; x_wconf 78' lang='lat' dir='ltr'><strong>uxore.</strong></span> <span class='ocrx_word' id='word_1_688' title='bbox 3383 2721 3436 2776; x_wconf 89' lang='lat' dir='ltr'><strong>Si</strong></span> <span class='ocrx_word' id='word_1_689' title='bbox 3480 2723 3641 2789; x_wconf 80' lang='lat' dir='ltr'><strong>pudi—</strong></span> 
     </span>
    </p>
   </div>
   <div class='ocr_carea' id='block_1_90' title="bbox 2053 2811 3644 2881">
    <p class='ocr_par' dir='ltr' id='par_1_90' title="bbox 2053 2811 3644 2881">
     <span class='ocr_line' id='line_1_91' title="bbox 2053 2811 3644 2881; baseline 0.003 -16"><span class='ocrx_word' id='word_1_690' title='bbox 2053 2812 2228 2866; x_wconf 85' lang='lat' dir='ltr'><strong>citiam</strong></span> <span class='ocrx_word' id='word_1_691' title='bbox 2273 2811 2602 2881; x_wconf 80' lang='lat' dir='ltr'><strong>conjngalem</strong></span> <span class='ocrx_word' id='word_1_692' title='bbox 2649 2811 2874 2881; x_wconf 72' lang='lat' dir='ltr'><strong>qumris;</strong></span> <span class='ocrx_word' id='word_1_693' title='bbox 2903 2811 3068 2867; x_wconf 83' lang='lat' dir='ltr'><strong>habes</strong></span> <span class='ocrx_word' id='word_1_694' title='bbox 3106 2812 3406 2867; x_wconf 77' lang='lat' dir='ltr'><strong>Snsaunam</strong></span> <span class='ocrx_word' id='word_1_695' title='bbox 3438 2831 3450 2866; x_wconf 93' lang='lat'>:</span> <span class='ocrx_word' id='word_1_696' title='bbox 3479 2815 3527 2869; x_wconf 89' lang='lat' dir='ltr'><strong>si</strong></span> <span class='ocrx_word' id='word_1_697' title='bbox 3559 2816 3644 2869; x_wconf 86' lang='lat' dir='ltr'><strong>vi-</strong></span> 
     </span>
    </p>
   </div>
   <div class='ocr_carea' id='block_1_91' title="bbox 2053 2884 3640 2972">
    <p class='ocr_par' dir='ltr' id='par_1_91' title="bbox 2053 2884 3640 2972">
     <span class='ocr_line' id='line_1_92' title="bbox 2053 2884 3640 2972; baseline 0.001 -15"><span class='ocrx_word' id='word_1_698' title='bbox 2053 2901 2294 2964; x_wconf 80' lang='lat' dir='ltr'><strong>dualcm;</strong></span> <span class='ocrx_word' id='word_1_699' title='bbox 2318 2902 2482 2954; x_wconf 80' lang='lat' dir='ltr'><strong>habes</strong></span> <span class='ocrx_word' id='word_1_700' title='bbox 2511 2901 2714 2955; x_wconf 84' lang='lat' dir='ltr'><strong>Annam</strong></span> <span class='ocrx_word' id='word_1_701' title='bbox 2736 2921 2748 2956; x_wconf 92' lang='lat'>:</span> <span class='ocrx_word' id='word_1_702' title='bbox 2769 2902 2811 2963; x_wconf 82' lang='lat' dir='ltr'><strong>si</strong></span> <span class='ocrx_word' id='word_1_703' title='bbox 2836 2902 3135 2972; x_wconf 85' lang='lat' dir='ltr'><strong>virginalem</strong></span> <span class='ocrx_word' id='word_1_704' title='bbox 3159 2919 3173 2968; x_wconf 88' lang='lat'><strong>;</strong></span> <span class='ocrx_word' id='word_1_705' title='bbox 3202 2884 3370 2957; x_wconf 77' lang='lat' dir='ltr'><strong>habes</strong></span> <span class='ocrx_word' id='word_1_706' title='bbox 3396 2904 3640 2958; x_wconf 76' lang='lat' dir='ltr'><strong>Mariam.</strong></span> 
     </span>
    </p>
   </div>
   <div class='ocr_carea' id='block_1_92' title="bbox 2126 2992 3648 3063">
    <p class='ocr_par' dir='ltr' id='par_1_92' title="bbox 2126 2992 3648 3063">
     <span class='ocr_line' id='line_1_93' title="bbox 2126 2992 3648 3063; baseline -0.001 -14"><span class='ocrx_word' id='word_1_707' title='bbox 2126 2993 2350 3050; x_wconf 64' lang='lat' dir='ltr'><strong>CAPUT</strong></span> <span class='ocrx_word' id='word_1_708' title='bbox 2376 2992 2458 3046; x_wconf 89' lang='lat' dir='ltr'><strong>Ill.</strong></span> <span class='ocrx_word' id='word_1_709' title='bbox 2482 3024 2551 3032; x_wconf 92' lang='lat'><strong>—</strong></span> <span class='ocrx_word' id='word_1_710' title='bbox 2572 2993 2624 3050; x_wconf 82' lang='lat'><strong>5.</strong></span> <span class='ocrx_word' id='word_1_711' title='bbox 2655 2992 2786 3047; x_wconf 81' lang='lat' dir='ltr'><strong>Deus</strong></span> <span class='ocrx_word' id='word_1_712' title='bbox 2811 2993 2967 3055; x_wconf 81' lang='lat' dir='ltr'><strong>nostri</strong></span> <span class='ocrx_word' id='word_1_713' title='bbox 2988 3010 3140 3048; x_wconf 82' lang='lat' dir='ltr'><strong>causa</strong></span> <span class='ocrx_word' id='word_1_714' title='bbox 3162 2994 3348 3063; x_wconf 79' lang='lat' dir='ltr'><strong>infans.</strong></span> <span class='ocrx_word' id='word_1_715' title='bbox 3383 2995 3648 3049; x_wconf 83' lang='lat' dir='ltr'><strong>Dominus</strong></span> 
     </span>
    </p>
   </div>
   <div class='ocr_carea' id='block_1_93' title="bbox 2056 3082 3647 3152">
    <p class='ocr_par' dir='ltr' id='par_1_93' title="bbox 2056 3082 3647 3152">
     <span class='ocr_line' id='line_1_94' title="bbox 2056 3082 3647 3152; baseline -0.001 -11"><span class='ocrx_word' id='word_1_716' title='bbox 2056 3083 2210 3141; x_wconf 70' lang='lat' dir='ltr'><strong>Iesus</strong></span> <span class='ocrx_word' id='word_1_717' title='bbox 2239 3082 2398 3137; x_wconf 87' lang='lat' dir='ltr'><strong>homo</strong></span> <span class='ocrx_word' id='word_1_718' title='bbox 2428 3097 2548 3137; x_wconf 88' lang='lat' dir='ltr'><strong>esse</strong></span> <span class='ocrx_word' id='word_1_719' title='bbox 2576 3083 2742 3136; x_wconf 83' lang='lat' dir='ltr'><strong>voluit</strong></span> <span class='ocrx_word' id='word_1_720' title='bbox 2772 3095 2984 3152; x_wconf 83' lang='lat' dir='ltr'><strong>propter</strong></span> <span class='ocrx_word' id='word_1_721' title='bbox 3011 3098 3127 3137; x_wconf 90' lang='lat' dir='ltr'><strong>nos.</strong></span> <span class='ocrx_word' id='word_1_722' title='bbox 3156 3083 3271 3137; x_wconf 88' lang='lat' dir='ltr'><strong>Non</strong></span> <span class='ocrx_word' id='word_1_723' title='bbox 3299 3084 3520 3140; x_wconf 80' lang='lat' dir='ltr'><strong>vilescat</strong></span> <span class='ocrx_word' id='word_1_724' title='bbox 3545 3088 3647 3141; x_wconf 84' lang='lat' dir='ltr'><strong>mi-</strong></span> 
     </span>
    </p>
   </div>
   <div class='ocr_carea' id='block_1_94' title="bbox 2056 3171 3645 3249">
    <p class='ocr_par' dir='ltr' id='par_1_94' title="bbox 2056 3171 3645 3249">
     <span class='ocr_line' id='line_1_95' title="bbox 2056 3171 3645 3249; baseline 0.001 -22"><span class='ocrx_word' id='word_1_725' title='bbox 2056 3172 2344 3229; x_wconf 83' lang='lat' dir='ltr'><strong>sericordia</strong></span> <span class='ocrx_word' id='word_1_726' title='bbox 2376 3190 2388 3223; x_wconf 87' lang='lat'><strong>:</strong></span> <span class='ocrx_word' id='word_1_727' title='bbox 2412 3172 2553 3241; x_wconf 84' lang='lat' dir='ltr'><strong>jacet</strong></span> <span class='ocrx_word' id='word_1_728' title='bbox 2579 3173 2629 3229; x_wconf 90' lang='lat' dir='ltr'><strong>in</strong></span> <span class='ocrx_word' id='word_1_729' title='bbox 2659 3181 2795 3226; x_wconf 85' lang='lat' dir='ltr'><strong>terra</strong></span> <span class='ocrx_word' id='word_1_730' title='bbox 2828 3171 3117 3242; x_wconf 83' lang='lat' dir='ltr'><strong>Sapientia.</strong></span> <span class='ocrx_word' id='word_1_731' title='bbox 3147 3172 3213 3227; x_wconf 85' lang='lat' dir='ltr'><strong>In</strong></span> <span class='ocrx_word' id='word_1_732' title='bbox 3249 3175 3501 3247; x_wconf 74' lang='lat' dir='ltr'><strong>principio</strong></span> <span class='ocrx_word' id='word_1_733' title='bbox 3530 3188 3645 3249; x_wconf 74' lang='lat' dir='ltr'><strong>erat</strong></span> 
     </span>
    </p>
   </div>
   <div class='ocr_carea' id='block_1_95' title="bbox 2068 3262 3648 3345">
    <p class='ocr_par' dir='ltr' id='par_1_95' title="bbox 2068 3262 3648 3345">
     <span class='ocr_line' id='line_1_96' title="bbox 2068 3262 3648 3345; baseline 0.002 -28"><span class='ocrx_word' id='word_1_734' title='bbox 2068 3263 2302 3328; x_wconf 76' lang='lat' dir='ltr'><strong>Verbum,</strong></span> <span class='ocrx_word' id='word_1_735' title='bbox 2326 3273 2371 3317; x_wconf 85' lang='lat' dir='ltr'><strong>et</strong></span> <span class='ocrx_word' id='word_1_736' title='bbox 2402 3262 2614 3317; x_wconf 80' lang='lat' dir='ltr'><strong>Verbum</strong></span> <span class='ocrx_word' id='word_1_737' title='bbox 2637 3274 2743 3318; x_wconf 81' lang='lat' dir='ltr'><strong>erat</strong></span> <span class='ocrx_word' id='word_1_738' title='bbox 2764 3266 2902 3333; x_wconf 81' lang='lat' dir='ltr'><strong>apud</strong></span> <span class='ocrx_word' id='word_1_739' title='bbox 2926 3263 3106 3329; x_wconf 82' lang='lat' dir='ltr'><strong>Deum,</strong></span> <span class='ocrx_word' id='word_1_740' title='bbox 3135 3276 3182 3319; x_wconf 81' lang='lat' dir='ltr'><strong>et</strong></span> <span class='ocrx_word' id='word_1_741' title='bbox 3204 3264 3342 3345; x_wconf 73' lang='lat' dir='ltr'><strong>Deus</strong></span> <span class='ocrx_word' id='word_1_742' title='bbox 3371 3276 3481 3320; x_wconf 78' lang='lat' dir='ltr'><strong>erat</strong></span> <span class='ocrx_word' id='word_1_743' title='bbox 3514 3266 3648 3321; x_wconf 73' lang='lat' dir='ltr'><strong>Ver—</strong></span> 
     </span>
    </p>
   </div>
   <div class='ocr_carea' id='block_1_96' title="bbox 2057 3353 3652 3427">
    <p class='ocr_par' dir='ltr' id='par_1_96' title="bbox 2057 3353 3652 3427">
     <span class='ocr_line' id='line_1_97' title="bbox 2057 3353 3652 3427; baseline 0.003 -18"><span class='ocrx_word' id='word_1_744' title='bbox 2057 3356 2191 3409; x_wconf 79' lang='lat' dir='ltr'><strong>bum.</strong></span> <span class='ocrx_word' id='word_1_745' title='bbox 2240 3353 2461 3411; x_wconf 79' lang='lat' dir='ltr'><strong>Ocibus</strong></span> <span class='ocrx_word' id='word_1_746' title='bbox 2503 3364 2558 3409; x_wconf 92' lang='lat' dir='ltr'><strong>et</strong></span> <span class='ocrx_word' id='word_1_747' title='bbox 2600 3356 2752 3421; x_wconf 82' lang='lat' dir='ltr'><strong>panis</strong></span> <span class='ocrx_word' id='word_1_748' title='bbox 2778 3356 3097 3427; x_wconf 81' lang='lat' dir='ltr'><strong>Angelorum</strong></span> <span class='ocrx_word' id='word_1_749' title='bbox 3125 3356 3229 3412; x_wconf 89' lang='lat' dir='ltr'><strong>:de</strong></span> <span class='ocrx_word' id='word_1_750' title='bbox 3258 3366 3313 3412; x_wconf 88' lang='lat' dir='ltr'><strong>te</strong></span> <span class='ocrx_word' id='word_1_751' title='bbox 3355 3358 3652 3427; x_wconf 77' lang='lat' dir='ltr'><strong>implentur</strong></span> 
     </span>
    </p>
   </div>
   <div class='ocr_carea' id='block_1_97' title="bbox 2058 3445 3648 3518">
    <p class='ocr_par' dir='ltr' id='par_1_97' title="bbox 2058 3445 3648 3518">
     <span class='ocr_line' id='line_1_98' title="bbox 2058 3445 3648 3518; baseline 0.003 -19"><span class='ocrx_word' id='word_1_752' title='bbox 2058 3445 2278 3515; x_wconf 74' lang='lat' dir='ltr'><strong>Angeli,</strong></span> <span class='ocrx_word' id='word_1_753' title='bbox 2305 3445 2374 3499; x_wconf 88' lang='lat' dir='ltr'><strong>de</strong></span> <span class='ocrx_word' id='word_1_754' title='bbox 2419 3455 2469 3499; x_wconf 87' lang='lat' dir='ltr'><strong>te</strong></span> <span class='ocrx_word' id='word_1_755' title='bbox 2514 3446 2794 3509; x_wconf 87' lang='lat' dir='ltr'><strong>satiantur,</strong></span> <span class='ocrx_word' id='word_1_756' title='bbox 2820 3455 2875 3500; x_wconf 89' lang='lat' dir='ltr'><strong>et</strong></span> <span class='ocrx_word' id='word_1_757' title='bbox 2908 3463 3010 3502; x_wconf 90' lang='lat' dir='ltr'><strong>non</strong></span> <span class='ocrx_word' id='word_1_758' title='bbox 3038 3446 3337 3513; x_wconf 81' lang='lat' dir='ltr'><strong>fastidiunt;</strong></span> <span class='ocrx_word' id='word_1_759' title='bbox 3369 3448 3459 3518; x_wconf 85' lang='lat' dir='ltr'><strong>de</strong></span> <span class='ocrx_word' id='word_1_760' title='bbox 3482 3461 3535 3504; x_wconf 88' lang='lat' dir='ltr'><strong>te</strong></span> <span class='ocrx_word' id='word_1_761' title='bbox 3562 3452 3648 3504; x_wconf 82' lang='lat' dir='ltr'><strong>vi-</strong></span> 
     </span>
    </p>
   </div>
   <div class='ocr_carea' id='block_1_98' title="bbox 2058 3535 3654 3611">
    <p class='ocr_par' dir='ltr' id='par_1_98' title="bbox 2058 3535 3654 3611">
     <span class='ocr_line' id='line_1_99' title="bbox 2058 3535 3654 3611; baseline 0.004 -23"><span class='ocrx_word' id='word_1_762' title='bbox 2058 3543 2215 3598; x_wconf 81' lang='lat' dir='ltr'><strong>\uut,</strong></span> <span class='ocrx_word' id='word_1_763' title='bbox 2244 3535 2310 3590; x_wconf 87' lang='lat' dir='ltr'><strong>de</strong></span> <span class='ocrx_word' id='word_1_764' title='bbox 2337 3544 2390 3591; x_wconf 89' lang='lat' dir='ltr'><strong>te</strong></span> <span class='ocrx_word' id='word_1_765' title='bbox 2417 3536 2657 3605; x_wconf 86' lang='lat' dir='ltr'><strong>sapiunt,</strong></span> <span class='ocrx_word' id='word_1_766' title='bbox 2690 3536 2759 3591; x_wconf 90' lang='lat' dir='ltr'><strong>de</strong></span> <span class='ocrx_word' id='word_1_767' title='bbox 2788 3548 2838 3591; x_wconf 91' lang='lat' dir='ltr'><strong>te</strong></span> <span class='ocrx_word' id='word_1_768' title='bbox 2868 3535 3004 3591; x_wconf 86' lang='lat' dir='ltr'><strong>beati</strong></span> <span class='ocrx_word' id='word_1_769' title='bbox 3041 3546 3183 3592; x_wconf 90' lang='lat' dir='ltr'><strong>sunt.</strong></span> <span class='ocrx_word' id='word_1_770' title='bbox 3214 3537 3317 3594; x_wconf 88' lang='lat' dir='ltr'><strong>Ubi</strong></span> <span class='ocrx_word' id='word_1_771' title='bbox 3339 3554 3401 3593; x_wconf 87' lang='lat' dir='ltr'><strong>es</strong></span> <span class='ocrx_word' id='word_1_772' title='bbox 3425 3552 3654 3611; x_wconf 82' lang='lat' dir='ltr'><strong>propter</strong></span> 
     </span>
    </p>
   </div>
   <div class='ocr_carea' id='block_1_99' title="bbox 2060 3614 3649 3699">
    <p class='ocr_par' dir='ltr' id='par_1_99' title="bbox 2060 3614 3649 3699">
     <span class='ocr_line' id='line_1_100' title="bbox 2060 3614 3649 3699; baseline 0.003 -19"><span class='ocrx_word' id='word_1_773' title='bbox 2060 3626 2182 3682; x_wconf 87' lang='lat' dir='ltr'><strong>me?</strong></span> <span class='ocrx_word' id='word_1_774' title='bbox 2208 3624 2267 3680; x_wconf 85' lang='lat' dir='ltr'><strong>In</strong></span> <span class='ocrx_word' id='word_1_775' title='bbox 2296 3614 2613 3680; x_wconf 84' lang='lat' dir='ltr'><strong>diversorio</strong></span> <span class='ocrx_word' id='word_1_776' title='bbox 2640 3638 2894 3696; x_wconf 78' lang='lat' dir='ltr'><strong>angusto,</strong></span> <span class='ocrx_word' id='word_1_777' title='bbox 2927 3626 2979 3680; x_wconf 86' lang='lat' dir='ltr'><strong>in</strong></span> <span class='ocrx_word' id='word_1_778' title='bbox 3028 3629 3216 3697; x_wconf 85' lang='lat' dir='ltr'><strong>pannis</strong></span> <span class='ocrx_word' id='word_1_779' title='bbox 3235 3668 3251 3693; x_wconf 91' lang='lat'><strong>,</strong></span> <span class='ocrx_word' id='word_1_780' title='bbox 3279 3628 3328 3683; x_wconf 85' lang='lat' dir='ltr'><strong>in</strong></span> <span class='ocrx_word' id='word_1_781' title='bbox 3358 3632 3649 3699; x_wconf 63' lang='lat' dir='ltr'><strong>prxsepio.</strong></span> 
     </span>
    </p>
   </div>
   <div class='ocr_carea' id='block_1_100' title="bbox 2061 3714 3653 3788">
    <p class='ocr_par' dir='ltr' id='par_1_100' title="bbox 2061 3714 3653 3788">
     <span class='ocr_line' id='line_1_101' title="bbox 2061 3714 3653 3788; baseline 0.003 -19"><span class='ocrx_word' id='word_1_782' title='bbox 2061 3716 2284 3786; x_wconf 84' lang='lat' dir='ltr'><strong>Propter</strong></span> <span class='ocrx_word' id='word_1_783' title='bbox 2309 3715 2504 3787; x_wconf 82' lang='lat' dir='ltr'><strong>quem?</strong></span> <span class='ocrx_word' id='word_1_784' title='bbox 2528 3714 2627 3782; x_wconf 89' lang='lat' dir='ltr'><strong>Qui</strong></span> <span class='ocrx_word' id='word_1_785' title='bbox 2656 3716 2791 3785; x_wconf 84' lang='lat' dir='ltr'><strong>regit</strong></span> <span class='ocrx_word' id='word_1_786' title='bbox 2830 3715 3003 3773; x_wconf 86' lang='lat' dir='ltr'><strong>sidera</strong></span> <span class='ocrx_word' id='word_1_787' title='bbox 3024 3758 3039 3783; x_wconf 94' lang='lat'><strong>,</strong></span> <span class='ocrx_word' id='word_1_788' title='bbox 3064 3717 3203 3787; x_wconf 90' lang='lat' dir='ltr'><strong>sugit</strong></span> <span class='ocrx_word' id='word_1_789' title='bbox 3230 3716 3390 3772; x_wconf 87' lang='lat' dir='ltr'><strong>ubera</strong></span> <span class='ocrx_word' id='word_1_790' title='bbox 3417 3735 3429 3770; x_wconf 93' lang='lat'>:</span> <span class='ocrx_word' id='word_1_791' title='bbox 3457 3719 3653 3788; x_wconf 85' lang='lat' dir='ltr'><strong>implet</strong></span> 
     </span>
    </p>
   </div>
   <div class='ocr_carea' id='block_1_101' title="bbox 2059 3796 3649 3878">
    <p class='ocr_par' dir='ltr' id='par_1_101' title="bbox 2059 3796 3649 3878">
     <span class='ocr_line' id='line_1_102' title="bbox 2059 3796 3649 3878; baseline 0.004 -17"><span class='ocrx_word' id='word_1_792' title='bbox 2059 3807 2325 3878; x_wconf 84' lang='lat' dir='ltr'><strong>Angelos,</strong></span> <span class='ocrx_word' id='word_1_793' title='bbox 2354 3806 2495 3861; x_wconf 82' lang='lat' dir='ltr'><strong>fatur</strong></span> <span class='ocrx_word' id='word_1_794' title='bbox 2534 3806 2588 3862; x_wconf 88' lang='lat' dir='ltr'><strong>itt</strong></span> <span class='ocrx_word' id='word_1_795' title='bbox 2635 3806 2755 3861; x_wconf 91' lang='lat' dir='ltr'><strong>sinu</strong></span> <span class='ocrx_word' id='word_1_796' title='bbox 2784 3805 2957 3861; x_wconf 86' lang='lat' dir='ltr'><strong>Patris</strong></span> <span class='ocrx_word' id='word_1_797' title='bbox 2978 3848 2992 3871; x_wconf 93' lang='lat'><strong>,</strong></span> <span class='ocrx_word' id='word_1_798' title='bbox 3020 3816 3157 3862; x_wconf 89' lang='lat' dir='ltr'><strong>tacet</strong></span> <span class='ocrx_word' id='word_1_799' title='bbox 3202 3808 3252 3862; x_wconf 91' lang='lat' dir='ltr'><strong>in</strong></span> <span class='ocrx_word' id='word_1_800' title='bbox 3284 3796 3411 3862; x_wconf 89' lang='lat' dir='ltr'><strong>sinu</strong></span> <span class='ocrx_word' id='word_1_801' title='bbox 3432 3811 3649 3867; x_wconf 85' lang='lat' dir='ltr'><strong>matris.</strong></span> 
     </span>
    </p>
   </div>
   <div class='ocr_carea' id='block_1_102' title="bbox 2060 3899 3651 3970">
    <p class='ocr_par' dir='ltr' id='par_1_102' title="bbox 2060 3899 3651 3970">
     <span class='ocr_line' id='line_1_103' title="bbox 2060 3899 3651 3970; baseline 0.001 -16"><span class='ocrx_word' id='word_1_802' title='bbox 2060 3899 2163 3954; x_wconf 82' lang='lat' dir='ltr'><strong>Sed</strong></span> <span class='ocrx_word' id='word_1_803' title='bbox 2190 3901 2459 3955; x_wconf 86' lang='lat' dir='ltr'><strong>locuturus</strong></span> <span class='ocrx_word' id='word_1_804' title='bbox 2481 3908 2564 3954; x_wconf 90' lang='lat' dir='ltr'><strong>est</strong></span> <span class='ocrx_word' id='word_1_805' title='bbox 2583 3906 2917 3968; x_wconf 86' lang='lat' dir='ltr'><strong>competente</strong></span> <span class='ocrx_word' id='word_1_806' title='bbox 2938 3907 3116 3965; x_wconf 83' lang='lat' dir='ltr'><strong>:etate,</strong></span> <span class='ocrx_word' id='word_1_807' title='bbox 3137 3899 3448 3970; x_wconf 87' lang='lat' dir='ltr'><strong>impleturus</strong></span> <span class='ocrx_word' id='word_1_808' title='bbox 3470 3901 3651 3956; x_wconf 82' lang='lat' dir='ltr'><strong>Evan-</strong></span> 
     </span>
    </p>
   </div>
   <div class='ocr_carea' id='block_1_103' title="bbox 2058 3987 3653 4061">
    <p class='ocr_par' dir='ltr' id='par_1_103' title="bbox 2058 3987 3653 4061">
     <span class='ocr_line' id='line_1_104' title="bbox 2058 3987 3653 4061; baseline 0.003 -18"><span class='ocrx_word' id='word_1_809' title='bbox 2058 3991 2252 4061; x_wconf 87' lang='lat' dir='ltr'><strong>geliunt</strong></span> <span class='ocrx_word' id='word_1_810' title='bbox 2284 3989 2456 4043; x_wconf 86' lang='lat' dir='ltr'><strong>nobis.</strong></span> <span class='ocrx_word' id='word_1_811' title='bbox 2481 3987 2702 4058; x_wconf 87' lang='lat' dir='ltr'><strong>Propter</strong></span> <span class='ocrx_word' id='word_1_812' title='bbox 2730 4002 2825 4047; x_wconf 86' lang='lat' dir='ltr'><strong>nos</strong></span> <span class='ocrx_word' id='word_1_813' title='bbox 2849 4003 3125 4060; x_wconf 86' lang='lat' dir='ltr'><strong>passurus,</strong></span> <span class='ocrx_word' id='word_1_814' title='bbox 3156 3998 3373 4059; x_wconf 86' lang='lat' dir='ltr'><strong>propter</strong></span> <span class='ocrx_word' id='word_1_815' title='bbox 3398 4006 3500 4052; x_wconf 83' lang='lat' dir='ltr'><strong>nos</strong></span> <span class='ocrx_word' id='word_1_816' title='bbox 3530 4008 3653 4047; x_wconf 60' lang='lat' dir='ltr'><strong>mo-</strong></span> 
     </span>
    </p>
   </div>
   <div class='ocr_carea' id='block_1_104' title="bbox 2064 4077 3652 4148">
    <p class='ocr_par' dir='ltr' id='par_1_104' title="bbox 2064 4077 3652 4148">
     <span class='ocr_line' id='line_1_105' title="bbox 2064 4077 3652 4148; baseline -0.002 -13"><span class='ocrx_word' id='word_1_817' title='bbox 2064 4081 2289 4145; x_wconf 88' lang='lat' dir='ltr'><strong>riturus,</strong></span> <span class='ocrx_word' id='word_1_818' title='bbox 2317 4079 2384 4134; x_wconf 85' lang='lat' dir='ltr'><strong>ad</strong></span> <span class='ocrx_word' id='word_1_819' title='bbox 2430 4077 2731 4148; x_wconf 80' lang='lat' dir='ltr'><strong>exemplum</strong></span> <span class='ocrx_word' id='word_1_820' title='bbox 2776 4077 2977 4148; x_wconf 71' lang='lat' dir='ltr'><strong>pratmii</strong></span> <span class='ocrx_word' id='word_1_821' title='bbox 3020 4079 3185 4133; x_wconf 88' lang='lat' dir='ltr'><strong>nostri</strong></span> <span class='ocrx_word' id='word_1_822' title='bbox 3217 4090 3652 4147; x_wconf 73' lang='lat' dir='ltr'><strong>resurrecturus,</strong></span> 
     </span>
    </p>
   </div>
   <div class='ocr_carea' id='block_1_105' title="bbox 2062 4168 3655 4239">
    <p class='ocr_par' dir='ltr' id='par_1_105' title="bbox 2062 4168 3655 4239">
     <span class='ocr_line' id='line_1_106' title="bbox 2062 4168 3655 4239; baseline 0.001 -14"><span class='ocrx_word' id='word_1_823' title='bbox 2062 4181 2189 4225; x_wconf 90' lang='lat' dir='ltr'><strong>ante</strong></span> <span class='ocrx_word' id='word_1_824' title='bbox 2232 4169 2417 4226; x_wconf 90' lang='lat' dir='ltr'><strong>oculos</strong></span> <span class='ocrx_word' id='word_1_825' title='bbox 2462 4168 2840 4239; x_wconf 87' lang='lat' dir='ltr'><strong>discipulorum</strong></span> <span class='ocrx_word' id='word_1_826' title='bbox 2890 4169 2941 4223; x_wconf 90' lang='lat' dir='ltr'><strong>in</strong></span> <span class='ocrx_word' id='word_1_827' title='bbox 2968 4170 3161 4224; x_wconf 60' lang='lat' dir='ltr'><strong>coelum</strong></span> <span class='ocrx_word' id='word_1_828' title='bbox 3189 4186 3549 4239; x_wconf 85' lang='lat' dir='ltr'><strong>ascensurus,</strong></span> <span class='ocrx_word' id='word_1_829' title='bbox 3580 4173 3655 4227; x_wconf 79' lang='lat' dir='ltr'><strong>ad</strong></span> 
     </span>
    </p>
   </div>
   <div class='ocr_carea' id='block_1_106' title="bbox 2059 4248 3657 4332">
    <p class='ocr_par' dir='ltr' id='par_1_106' title="bbox 2059 4248 3657 4332">
     <span class='ocr_line' id='line_1_107' title="bbox 2059 4248 3657 4332; baseline 0.002 -19"><span class='ocrx_word' id='word_1_830' title='bbox 2059 4248 2315 4330; x_wconf 82' lang='lat' dir='ltr'><strong>judicium</strong></span> <span class='ocrx_word' id='word_1_831' title='bbox 2338 4261 2404 4315; x_wconf 87' lang='lat' dir='ltr'><strong>de</strong></span> <span class='ocrx_word' id='word_1_832' title='bbox 2425 4259 2562 4314; x_wconf 75' lang='lat' dir='ltr'><strong>ctelo</strong></span> <span class='ocrx_word' id='word_1_833' title='bbox 2588 4268 2865 4318; x_wconf 84' lang='lat' dir='ltr'><strong>venturus.</strong></span> <span class='ocrx_word' id='word_1_834' title='bbox 2893 4258 3031 4314; x_wconf 87' lang='lat' dir='ltr'><strong>Ecce</strong></span> <span class='ocrx_word' id='word_1_835' title='bbox 3051 4260 3141 4329; x_wconf 89' lang='lat' dir='ltr'><strong>qui</strong></span> <span class='ocrx_word' id='word_1_836' title='bbox 3168 4260 3219 4315; x_wconf 92' lang='lat' dir='ltr'><strong>in</strong></span> <span class='ocrx_word' id='word_1_837' title='bbox 3252 4263 3477 4331; x_wconf 73' lang='lat' dir='ltr'><strong>pnesepi</strong></span> <span class='ocrx_word' id='word_1_838' title='bbox 3498 4263 3657 4332; x_wconf 67' lang='lat' dir='ltr'><strong>jace-</strong></span> 
     </span>
    </p>
   </div>
   <div class='ocr_carea' id='block_1_107' title="bbox 2063 4350 3656 4423">
    <p class='ocr_par' dir='ltr' id='par_1_107' title="bbox 2063 4350 3656 4423">
     <span class='ocr_line' id='line_1_108' title="bbox 2063 4350 3656 4423; baseline 0.002 -17"><span class='ocrx_word' id='word_1_839' title='bbox 2063 4354 2185 4418; x_wconf 89' lang='lat' dir='ltr'><strong>hat,</strong></span> <span class='ocrx_word' id='word_1_840' title='bbox 2216 4351 2512 4406; x_wconf 86' lang='lat' dir='ltr'><strong>diminulus</strong></span> <span class='ocrx_word' id='word_1_841' title='bbox 2529 4359 2643 4417; x_wconf 88' lang='lat' dir='ltr'><strong>est,</strong></span> <span class='ocrx_word' id='word_1_842' title='bbox 2674 4350 2773 4405; x_wconf 77' lang='lat' dir='ltr'><strong>sed</strong></span> <span class='ocrx_word' id='word_1_843' title='bbox 2787 4367 2891 4406; x_wconf 91' lang='lat' dir='ltr'><strong>non</strong></span> <span class='ocrx_word' id='word_1_844' title='bbox 2921 4351 3144 4420; x_wconf 85' lang='lat' dir='ltr'><strong>perdidit</strong></span> <span class='ocrx_word' id='word_1_845' title='bbox 3171 4354 3486 4422; x_wconf 89' lang='lat' dir='ltr'><strong>se:acccpit</strong></span> <span class='ocrx_word' id='word_1_846' title='bbox 3505 4355 3656 4423; x_wconf 83' lang='lat' dir='ltr'><strong>quod</strong></span> 
     </span>
    </p>
   </div>
   <div class='ocr_carea' id='block_1_108' title="bbox 2065 4442 3659 4512">
    <p class='ocr_par' dir='ltr' id='par_1_108' title="bbox 2065 4442 3659 4512">
     <span class='ocr_line' id='line_1_109' title="bbox 2065 4442 3659 4512; baseline 0.002 -15"><span class='ocrx_word' id='word_1_847' title='bbox 2065 4461 2168 4498; x_wconf 90' lang='lat' dir='ltr'><strong>non</strong></span> <span class='ocrx_word' id='word_1_848' title='bbox 2195 4453 2329 4510; x_wconf 87' lang='lat' dir='ltr'><strong>erat,</strong></span> <span class='ocrx_word' id='word_1_849' title='bbox 2357 4443 2448 4498; x_wconf 89' lang='lat' dir='ltr'><strong>sed</strong></span> <span class='ocrx_word' id='word_1_850' title='bbox 2477 4444 2673 4497; x_wconf 84' lang='lat' dir='ltr'><strong>mansit</strong></span> <span class='ocrx_word' id='word_1_851' title='bbox 2696 4442 2836 4512; x_wconf 90' lang='lat' dir='ltr'><strong>quod</strong></span> <span class='ocrx_word' id='word_1_852' title='bbox 2862 4452 2997 4497; x_wconf 89' lang='lat' dir='ltr'><strong>erat.</strong></span> <span class='ocrx_word' id='word_1_853' title='bbox 3028 4444 3162 4499; x_wconf 79' lang='lat' dir='ltr'><strong>Ecce</strong></span> <span class='ocrx_word' id='word_1_854' title='bbox 3192 4444 3447 4500; x_wconf 82' lang='lat' dir='ltr'><strong>habemus</strong></span> <span class='ocrx_word' id='word_1_855' title='bbox 3474 4445 3659 4500; x_wconf 77' lang='lat' dir='ltr'><strong>infan-</strong></span> 
     </span>
    </p>
   </div>
   <div class='ocr_carea' id='block_1_109' title="bbox 2034 4533 3093 4597">
    <p class='ocr_par' dir='ltr' id='par_1_109' title="bbox 2034 4533 3093 4597">
     <span class='ocr_line' id='line_1_110' title="bbox 2034 4533 3093 4597; baseline 0.002 -8"><span class='ocrx_word' id='word_1_856' title='bbox 2034 4576 2037 4579; x_wconf 82' lang='lat'><strong>.</strong></span> <span class='ocrx_word' id='word_1_857' title='bbox 2064 4543 2170 4591; x_wconf 89' lang='lat' dir='ltr'><strong>tem</strong></span> <span class='ocrx_word' id='word_1_858' title='bbox 2196 4533 2487 4597; x_wconf 83' lang='lat' dir='ltr'><strong>Christum.</strong></span> <span class='ocrx_word' id='word_1_859' title='bbox 2516 4549 2818 4593; x_wconf 79' lang='lat' dir='ltr'><strong>crcscmnus</strong></span> <span class='ocrx_word' id='word_1_860' title='bbox 2836 4550 2956 4590; x_wconf 89' lang='lat' dir='ltr'><strong>cum</strong></span> <span class='ocrx_word' id='word_1_861' title='bbox 2984 4536 3093 4591; x_wconf 85' lang='lat' dir='ltr'><strong>illo.</strong></span> 
     </span>
    </p>
   </div>
   <div class='ocr_carea' id='block_1_110' title="bbox 2132 4612 3661 4691">
    <p class='ocr_par' dir='ltr' id='par_1_110' title="bbox 2132 4612 3661 4691">
     <span class='ocr_line' id='line_1_111' title="bbox 2132 4612 3661 4691; baseline 0.001 -10"><span class='ocrx_word' id='word_1_862' title='bbox 2132 4626 2358 4691; x_wconf 82' lang='lat' dir='ltr'><strong>CAPUT</strong></span> <span class='ocrx_word' id='word_1_863' title='bbox 2402 4625 2490 4680; x_wconf 77' lang='lat' dir='ltr'><strong>IV.</strong></span> <span class='ocrx_word' id='word_1_864' title='bbox 2532 4655 2606 4666; x_wconf 92' lang='grc'><strong>-</strong></span> <span class='ocrx_word' id='word_1_865' title='bbox 2647 4612 2703 4680; x_wconf 63' lang='grc'><strong>4.</strong></span> <span class='ocrx_word' id='word_1_866' title='bbox 2738 4624 3075 4680; x_wconf 79' lang='lat' dir='ltr'><strong>Calendarum</strong></span> <span class='ocrx_word' id='word_1_867' title='bbox 3111 4626 3479 4681; x_wconf 72' lang='lat' dir='ltr'><strong>Ianuariarum</strong></span> <span class='ocrx_word' id='word_1_868' title='bbox 3519 4629 3661 4683; x_wconf 74' lang='lat' dir='ltr'><strong>sole-</strong></span> 
     </span>
    </p>
   </div>
   <div class='ocr_carea' id='block_1_111' title="bbox 2064 4708 3656 4789">
    <p class='ocr_par' dir='ltr' id='par_1_111' title="bbox 2064 4708 3656 4789">
     <span class='ocr_line' id='line_1_112' title="bbox 2064 4708 3656 4789; baseline 0.003 -19"><span class='ocrx_word' id='word_1_869' title='bbox 2064 4718 2245 4772; x_wconf 84' lang='lat' dir='ltr'><strong>mnitas</strong></span> <span class='ocrx_word' id='word_1_870' title='bbox 2268 4717 2631 4789; x_wconf 79' lang='lat' dir='ltr'><strong>superstitiosa.</strong></span> <span class='ocrx_word' id='word_1_871' title='bbox 2659 4716 2802 4773; x_wconf 83' lang='lat' dir='ltr'><strong>Satis</strong></span> <span class='ocrx_word' id='word_1_872' title='bbox 2829 4716 2944 4772; x_wconf 75' lang='lat' dir='ltr'><strong>btet:</strong></span> <span class='ocrx_word' id='word_1_873' title='bbox 2987 4717 3095 4771; x_wconf 90' lang='lat' dir='ltr'><strong>sint</strong></span> <span class='ocrx_word' id='word_1_874' title='bbox 3137 4716 3401 4773; x_wconf 87' lang='lat' dir='ltr'><strong>Charitati</strong></span> <span class='ocrx_word' id='word_1_875' title='bbox 3430 4708 3656 4775; x_wconf 64' lang='lat' dir='ltr'><strong>vestras.</strong></span> 
     </span>
    </p>
   </div>
   <div class='ocr_carea' id='block_1_112' title="bbox 2063 4805 3657 4879">
    <p class='ocr_par' dir='ltr' id='par_1_112' title="bbox 2063 4805 3657 4879">
     <span class='ocr_line' id='line_1_113' title="bbox 2063 4805 3657 4879; baseline 0.004 -20"><span class='ocrx_word' id='word_1_876' title='bbox 2063 4808 2197 4875; x_wconf 84' lang='lat' dir='ltr'><strong>Quia</strong></span> <span class='ocrx_word' id='word_1_877' title='bbox 2227 4807 2424 4873; x_wconf 82' lang='lat' dir='ltr'><strong>multos</strong></span> <span class='ocrx_word' id='word_1_878' title='bbox 2451 4806 2536 4862; x_wconf 88' lang='lat' dir='ltr'><strong>hic</strong></span> <span class='ocrx_word' id='word_1_879' title='bbox 2560 4805 2717 4861; x_wconf 89' lang='lat' dir='ltr'><strong>video</strong></span> <span class='ocrx_word' id='word_1_880' title='bbox 2743 4813 2960 4876; x_wconf 89' lang='lat' dir='ltr'><strong>propter</strong></span> <span class='ocrx_word' id='word_1_881' title='bbox 2983 4806 3398 4873; x_wconf 86' lang='lat' dir='ltr'><strong>solemnitatem,</strong></span> <span class='ocrx_word' id='word_1_882' title='bbox 3429 4820 3657 4879; x_wconf 84' lang='lat' dir='ltr'><strong>oportet</strong></span> 
     </span>
    </p>
   </div>
   <div class='ocr_carea' id='block_1_113' title="bbox 2066 4897 3669 4965">
    <p class='ocr_par' dir='ltr' id='par_1_113' title="bbox 2066 4897 3669 4965">
     <span class='ocr_line' id='line_1_114' title="bbox 2066 4897 3669 4965; baseline 0.004 -15"><span class='ocrx_word' id='word_1_883' title='bbox 2066 4908 2124 4952; x_wconf 88' lang='lat' dir='ltr'><strong>ut</strong></span> <span class='ocrx_word' id='word_1_884' title='bbox 2175 4899 2371 4953; x_wconf 90' lang='lat' dir='ltr'><strong>dicam.</strong></span> <span class='ocrx_word' id='word_1_885' title='bbox 2413 4897 2660 4955; x_wconf 68' lang='lat' dir='ltr'><strong>Calendze</strong></span> <span class='ocrx_word' id='word_1_886' title='bbox 2703 4897 2967 4965; x_wconf 71' lang='lat' dir='ltr'><strong>Januarize</strong></span> <span class='ocrx_word' id='word_1_887' title='bbox 3012 4909 3245 4955; x_wconf 75' lang='lat' dir='ltr'><strong>ventura:</strong></span> <span class='ocrx_word' id='word_1_888' title='bbox 3289 4909 3434 4955; x_wconf 89' lang='lat' dir='ltr'><strong>sunt.</strong></span> <span class='ocrx_word' id='word_1_889' title='bbox 3490 4903 3669 4956; x_wconf 81' lang='lat' dir='ltr'><strong>Chri-</strong></span> 
     </span>
    </p>
   </div>
   <div class='ocr_carea' id='block_1_114' title="bbox 2063 4989 3667 5071">
    <p class='ocr_par' dir='ltr' id='par_1_114' title="bbox 2063 4989 3667 5071">
     <span class='ocr_line' id='line_1_115' title="bbox 2063 4989 3667 5071; baseline 0.001 -25"><span class='ocrx_word' id='word_1_890' title='bbox 2063 4991 2360 5047; x_wconf 81' lang='lat' dir='ltr'><strong>stianiestis</strong></span> <span class='ocrx_word' id='word_1_891' title='bbox 2371 5005 2578 5056; x_wconf 84' lang='lat' dir='ltr'><strong>omnes;</strong></span> <span class='ocrx_word' id='word_1_892' title='bbox 2599 4990 2708 5045; x_wconf 87' lang='lat' dir='ltr'><strong>Deo</strong></span> <span class='ocrx_word' id='word_1_893' title='bbox 2723 4991 2970 5071; x_wconf 80' lang='lat' dir='ltr'><strong>propitio,</strong></span> <span class='ocrx_word' id='word_1_894' title='bbox 2987 4989 3272 5046; x_wconf 84' lang='lat' dir='ltr'><strong>christiana</strong></span> <span class='ocrx_word' id='word_1_895' title='bbox 3298 5004 3382 5048; x_wconf 87' lang='lat' dir='ltr'><strong>est</strong></span> <span class='ocrx_word' id='word_1_896' title='bbox 3396 4993 3585 5048; x_wconf 83' lang='lat' dir='ltr'><strong>civitas</strong></span> <span class='ocrx_word' id='word_1_897' title='bbox 3605 4996 3629 5025; x_wconf 72' lang='grc' dir='ltr'>ι</span> <span class='ocrx_word' id='word_1_898' title='bbox 3650 5033 3667 5047; x_wconf 93' lang='grc'><strong>.</strong></span> 
     </span>
    </p>
   </div>
   <div class='ocr_carea' id='block_1_115' title="bbox 2129 5124 3662 5193">
    <p class='ocr_par' dir='ltr' id='par_1_115' title="bbox 2129 5124 3662 5193">
     <span class='ocr_line' id='line_1_116' title="bbox 2129 5124 3662 5193; baseline 0.001 0"><span class='ocrx_word' id='word_1_899' title='bbox 2129 5128 2145 5193; x_wconf 61' lang='grc' dir='ltr'><em>ε</em></span> <span class='ocrx_word' id='word_1_900' title='bbox 2173 5128 2350 5193; x_wconf 64' lang='lat' dir='ltr'><strong>tenus</strong></span> <span class='ocrx_word' id='word_1_901' title='bbox 2387 5133 2493 5187; x_wconf 45' lang='lat' dir='ltr'><strong>usq</strong></span> <span class='ocrx_word' id='word_1_902' title='bbox 2530 5124 2791 5193; x_wconf 54' lang='lat' dir='ltr'><strong>omne</strong></span> <span class='ocrx_word' id='word_1_903' title='bbox 2812 5124 2963 5187; x_wconf 62' lang='lat' dir='ltr'><strong>esas.-</strong></span> <span class='ocrx_word' id='word_1_904' title='bbox 3176 5135 3277 5178; x_wconf 71' lang='grc' dir='ltr'><strong>πω</strong></span> <span class='ocrx_word' id='word_1_905' title='bbox 3302 5126 3529 5193; x_wconf 66' lang='grc' dir='ltr'><strong>μηρίων</strong></span> <span class='ocrx_word' id='word_1_906' title='bbox 3550 5141 3662 5183; x_wconf 63' lang='grc' dir='ltr'><strong>αα</strong></span> 
     </span>
    </p>
   </div>
   <div class='ocr_carea' id='block_1_116' title="bbox 2084 5188 3667 5252">
    <p class='ocr_par' dir='ltr' id='par_1_116' title="bbox 2084 5188 3667 5252">
     <span class='ocr_line' id='line_1_117' title="bbox 2084 5188 3667 5252; baseline 0.004 -15"><span class='ocrx_word' id='word_1_907' title='bbox 2084 5189 2154 5238; x_wconf 82' lang='lat' dir='ltr'><strong>ob</strong></span> <span class='ocrx_word' id='word_1_908' title='bbox 2177 5188 2330 5252; x_wconf 65' lang='lat' dir='ltr'><strong>bte&#39;ea</strong></span> <span class='ocrx_word' id='word_1_909' title='bbox 2367 5188 2613 5238; x_wconf 88' lang='lat' dir='ltr'><strong>nonnullis</strong></span> <span class='ocrx_word' id='word_1_910' title='bbox 2653 5189 2937 5252; x_wconf 79' lang='lat' dir='ltr'><strong>dubitatum,</strong></span> <span class='ocrx_word' id='word_1_911' title='bbox 2974 5190 3194 5252; x_wconf 80' lang='lat' dir='ltr'><strong>uumbic</strong></span> <span class='ocrx_word' id='word_1_912' title='bbox 3233 5188 3478 5252; x_wconf 81' lang='lat' dir='ltr'><strong>genuinus</strong></span> <span class='ocrx_word' id='word_1_913' title='bbox 3513 5188 3667 5244; x_wconf 76' lang='lat' dir='ltr'><strong>esset</strong></span> 
     </span>
    </p>
   </div>
   <div class='ocr_carea' id='block_1_117' title="bbox 2067 5250 3681 5312">
    <p class='ocr_par' dir='ltr' id='par_1_117' title="bbox 2067 5250 3681 5312">
     <span class='ocr_line' id='line_1_118' title="bbox 2067 5250 3681 5312; baseline 0.003 -17"><span class='ocrx_word' id='word_1_914' title='bbox 2067 5251 2313 5312; x_wconf 72' lang='lat' dir='ltr'><strong>angustini</strong></span> <span class='ocrx_word' id='word_1_915' title='bbox 2356 5263 2549 5309; x_wconf 85' lang='lat' dir='ltr'><strong>sermo,</strong></span> <span class='ocrx_word' id='word_1_916' title='bbox 2600 5268 2621 5296; x_wconf 73' lang='grc' dir='ltr'>ι</span> <span class='ocrx_word' id='word_1_917' title='bbox 2654 5256 2717 5298; x_wconf 82' lang='lat' dir='ltr'><strong>Eo</strong></span> <span class='ocrx_word' id='word_1_918' title='bbox 2755 5250 2884 5312; x_wconf 89' lang='lat' dir='ltr'><strong>quod</strong></span> <span class='ocrx_word' id='word_1_919' title='bbox 2915 5266 2937 5293; x_wconf 81' lang='grc'><strong>»</strong></span> <span class='ocrx_word' id='word_1_920' title='bbox 2961 5250 3198 5312; x_wconf 76' lang='lat' dir='ltr'><strong>inquiunt</strong></span> <span class='ocrx_word' id='word_1_921' title='bbox 3220 5250 3257 5307; x_wconf 18' lang='grc' dir='ltr'><strong>,ἡ</strong></span> <span class='ocrx_word' id='word_1_922' title='bbox 3280 5269 3305 5312; x_wconf 68' lang='lat' dir='ltr'><strong>s</strong></span> <span class='ocrx_word' id='word_1_923' title='bbox 3350 5254 3498 5312; x_wconf 77' lang='lat' dir='ltr'><strong>etiam</strong></span> <span class='ocrx_word' id='word_1_924' title='bbox 3539 5263 3681 5309; x_wconf 80' lang='lat' dir='ltr'><strong>tunc</strong></span> 
     </span>
    </p>
   </div>
   <div class='ocr_carea' id='block_1_118' title="bbox 2073 5310 3671 5373">
    <p class='ocr_par' dir='ltr' id='par_1_118' title="bbox 2073 5310 3671 5373">
     <span class='ocr_line' id='line_1_119' title="bbox 2073 5310 3671 5373; baseline 0.004 -15"><span class='ocrx_word' id='word_1_925' title='bbox 2073 5322 2096 5358; x_wconf 75' lang='lat' dir='ltr'><strong>tt</strong></span> <span class='ocrx_word' id='word_1_926' title='bbox 2120 5310 2411 5368; x_wconf 67' lang='lat' dir='ltr'><strong>aiauichzeos,</strong></span> <span class='ocrx_word' id='word_1_927' title='bbox 2435 5313 2718 5373; x_wconf 84' lang='lat' dir='ltr'><strong>Donatistas,</strong></span> <span class='ocrx_word' id='word_1_928' title='bbox 2743 5310 2923 5373; x_wconf 84' lang='lat' dir='ltr'><strong>aliosve</strong></span> <span class='ocrx_word' id='word_1_929' title='bbox 2959 5310 3215 5373; x_wconf 65' lang='lat' dir='ltr'><strong>bmietioos</strong></span> <span class='ocrx_word' id='word_1_930' title='bbox 3232 5310 3455 5373; x_wconf 66' lang='lat' dir='ltr'><strong>Hippone</strong></span> <span class='ocrx_word' id='word_1_931' title='bbox 3494 5327 3604 5364; x_wconf 77' lang='lat' dir='ltr'><strong>em</strong></span> <span class='ocrx_word' id='word_1_932' title='bbox 3619 5314 3671 5365; x_wconf 78' lang='lat' dir='ltr'><strong>i-</strong></span> 
     </span>
    </p>
   </div>
   <div class='ocr_carea' id='block_1_119' title="bbox 2074 5372 3667 5443">
    <p class='ocr_par' dir='ltr' id='par_1_119' title="bbox 2074 5372 3667 5443">
     <span class='ocr_line' id='line_1_120' title="bbox 2074 5372 3667 5443; baseline 0.003 -21"><span class='ocrx_word' id='word_1_933' title='bbox 2074 5393 2102 5443; x_wconf 50' lang='lat' dir='ltr'><strong>gg</strong></span> <span class='ocrx_word' id='word_1_934' title='bbox 2118 5373 2235 5422; x_wconf 89' lang='lat' dir='ltr'><strong>tisse</strong></span> <span class='ocrx_word' id='word_1_935' title='bbox 2277 5372 2528 5443; x_wconf 72' lang='lat' dir='ltr'><strong>probabile</strong></span> <span class='ocrx_word' id='word_1_936' title='bbox 2578 5375 2656 5423; x_wconf 85' lang='lat' dir='ltr'><strong>sit.</strong></span> <span class='ocrx_word' id='word_1_937' title='bbox 2686 5382 2718 5443; x_wconf 65' lang='grc' dir='ltr'><strong>ιΔ</strong></span> <span class='ocrx_word' id='word_1_938' title='bbox 2761 5372 2903 5443; x_wconf 70' lang='lat' dir='ltr'><strong>Recte</strong></span> <span class='ocrx_word' id='word_1_939' title='bbox 2946 5372 3240 5443; x_wconf 43' lang='lat' dir='ltr'><strong>idnquidetn</strong></span> <span class='ocrx_word' id='word_1_940' title='bbox 3490 5383 3667 5443; x_wconf 56' lang='lat' dir='ltr'><strong>{Ulto-</strong></span> 
     </span>
    </p>
   </div>
   <div class='ocr_carea' id='block_1_120' title="bbox 2067 5432 3665 5494">
    <p class='ocr_par' dir='ltr' id='par_1_120' title="bbox 2067 5432 3665 5494">
     <span class='ocr_line' id='line_1_121' title="bbox 2067 5432 3665 5494; baseline 0.003 -11"><span class='ocrx_word' id='word_1_941' title='bbox 2067 5432 2179 5494; x_wconf 79' lang='lat' dir='ltr'><strong>ls&#39;ca,</strong></span> <span class='ocrx_word' id='word_1_942' title='bbox 2214 5432 2330 5493; x_wconf 80' lang='lat' dir='ltr'><strong>non,</strong></span> <span class='ocrx_word' id='word_1_943' title='bbox 2359 5432 2623 5489; x_wconf 72' lang='lat' dir='ltr'><strong>clu‘t&#39;stiana</strong></span> <span class='ocrx_word' id='word_1_944' title='bbox 2649 5439 2719 5485; x_wconf 82' lang='lat' dir='ltr'><strong>est</strong></span> <span class='ocrx_word' id='word_1_945' title='bbox 2754 5432 2936 5492; x_wconf 61' lang='lat' dir='ltr'><strong>citima,</strong></span> <span class='ocrx_word' id='word_1_946' title='bbox 2980 5432 3241 5494; x_wconf 72' lang='lat' dir='ltr'><strong>dicerem.</strong></span> <span class='ocrx_word' id='word_1_947' title='bbox 3277 5435 3370 5485; x_wconf 87' lang='lat' dir='ltr'><strong>sed</strong></span> <span class='ocrx_word' id='word_1_948' title='bbox 3405 5434 3528 5489; x_wconf 85' lang='lat' dir='ltr'><strong>nihil</strong></span> <span class='ocrx_word' id='word_1_949' title='bbox 3564 5453 3665 5487; x_wconf 72' lang='lat' dir='ltr'><strong>se.</strong></span> 
     </span>
    </p>
   </div>
   <div class='ocr_carea' id='block_1_121' title="bbox 2068 5488 3661 5563">
    <p class='ocr_par' dir='ltr' id='par_1_121' title="bbox 2068 5488 3661 5563">
     <span class='ocr_line' id='line_1_122' title="bbox 2068 5488 3661 5563; baseline 0.003 -20"><span class='ocrx_word' id='word_1_950' title='bbox 2068 5498 2135 5563; x_wconf 79' lang='lat' dir='ltr'><strong>tat</strong></span> <span class='ocrx_word' id='word_1_951' title='bbox 2158 5488 2433 5563; x_wconf 48' lang='lat' dir='ltr'><strong>quominus</strong></span> <span class='ocrx_word' id='word_1_952' title='bbox 2471 5496 2710 5545; x_wconf 69' lang='lat' dir='ltr'><strong>Manichtei</strong></span> <span class='ocrx_word' id='word_1_953' title='bbox 2731 5529 2747 5555; x_wconf 90' lang='lat'><strong>,</strong></span> <span class='ocrx_word' id='word_1_954' title='bbox 2796 5488 3052 5544; x_wconf 65' lang='lat' dir='ltr'><strong>Donatistae</strong></span> <span class='ocrx_word' id='word_1_955' title='bbox 3089 5488 3235 5563; x_wconf 72' lang='lat' dir='ltr'><strong>aliive</strong></span> <span class='ocrx_word' id='word_1_956' title='bbox 3507 5533 3524 5556; x_wconf 89' lang='lat'><strong>,</strong></span> <span class='ocrx_word' id='word_1_957' title='bbox 3546 5502 3661 5563; x_wconf 77' lang='lat' dir='ltr'><strong>qui</strong></span> 
     </span>
    </p>
   </div>
   <div class='ocr_carea' id='block_1_122' title="bbox 2065 5556 3665 5620">
    <p class='ocr_par' dir='ltr' id='par_1_122' title="bbox 2065 5556 3665 5620">
     <span class='ocr_line' id='line_1_123' title="bbox 2065 5556 3665 5620; baseline 0.008 -20"><span class='ocrx_word' id='word_1_958' title='bbox 2065 5556 2231 5620; x_wconf 68' lang='lat' dir='ltr'><strong>christi</strong></span> <span class='ocrx_word' id='word_1_959' title='bbox 2255 5569 2431 5606; x_wconf 88' lang='lat' dir='ltr'><strong>nomen</strong></span> <span class='ocrx_word' id='word_1_960' title='bbox 2455 5565 2540 5620; x_wconf 83' lang='lat' dir='ltr'><strong>aut</strong></span> <span class='ocrx_word' id='word_1_961' title='bbox 2561 5562 2858 5620; x_wconf 82' lang='lat' dir='ltr'><strong>venerantur</strong></span> <span class='ocrx_word' id='word_1_962' title='bbox 2877 5564 2959 5620; x_wconf 78' lang='lat' dir='ltr'><strong>aut</strong></span> <span class='ocrx_word' id='word_1_963' title='bbox 2979 5556 3665 5620; x_wconf 59' lang='lat' dir='ltr'><strong>medium-san</strong></span> 
     </span>
    </p>
   </div>
   <div class='ocr_carea' id='block_1_123' title="bbox 2068 5617 3669 5683">
    <p class='ocr_par' dir='ltr' id='par_1_123' title="bbox 2068 5617 3669 5683">
     <span class='ocr_line' id='line_1_124' title="bbox 2068 5617 3669 5683; baseline 0.007 -21"><span class='ocrx_word' id='word_1_964' title='bbox 2068 5619 2260 5666; x_wconf 79' lang='lat' dir='ltr'><strong>nomine</strong></span> <span class='ocrx_word' id='word_1_965' title='bbox 2295 5617 2781 5683; x_wconf 80' lang='lat' dir='ltr'><strong>comprehendantur.</strong></span> <span class='ocrx_word' id='word_1_966' title='bbox 2806 5623 2903 5683; x_wconf 62' lang='lat' dir='ltr'><strong>{mo</strong></span> <span class='ocrx_word' id='word_1_967' title='bbox 2938 5618 3028 5666; x_wconf 79' lang='lat' dir='ltr'><strong>hoc</strong></span> <span class='ocrx_word' id='word_1_968' title='bbox 3050 5617 3137 5683; x_wconf 64' lang='lat' dir='ltr'><strong>eos</strong></span> <span class='ocrx_word' id='word_1_969' title='bbox 3359 5624 3669 5683; x_wconf 63' lang='lat' dir='ltr'><strong>augeamus</strong></span> 
     </span>
    </p>
   </div>
   <div class='ocr_carea' id='block_1_124' title="bbox 2067 5679 3663 5746">
    <p class='ocr_par' dir='ltr' id='par_1_124' title="bbox 2067 5679 3663 5746">
     <span class='ocr_line' id='line_1_125' title="bbox 2067 5679 3663 5746; baseline 0.019 -27"><span class='ocrx_word' id='word_1_970' title='bbox 2067 5684 2227 5727; x_wconf 68' lang='lat' dir='ltr'><strong>nonat.</strong></span> <span class='ocrx_word' id='word_1_971' title='bbox 2256 5680 2386 5735; x_wconf 83' lang='lat' dir='ltr'><strong>Quod</strong></span> <span class='ocrx_word' id='word_1_972' title='bbox 2411 5687 2573 5746; x_wconf 79' lang='lat' dir='ltr'><strong>autem</strong></span> <span class='ocrx_word' id='word_1_973' title='bbox 2598 5687 2781 5740; x_wconf 84' lang='lat' dir='ltr'><strong>putant,</strong></span> <span class='ocrx_word' id='word_1_974' title='bbox 2808 5679 3011 5746; x_wconf 58' lang='lat' dir='ltr'><strong>fortasse</strong></span> <span class='ocrx_word' id='word_1_975' title='bbox 3034 5679 3185 5746; x_wconf 63' lang='grc' dir='ltr'><strong>θείαιή</strong></span> <span class='ocrx_word' id='word_1_976' title='bbox 3201 5680 3267 5728; x_wconf 63' lang='lat' dir='ltr'><strong>ibi</strong></span> <span class='ocrx_word' id='word_1_977' title='bbox 3285 5679 3498 5743; x_wconf 57' lang='grc' dir='ltr'><strong>ηεξ-ηδε</strong></span> <span class='ocrx_word' id='word_1_978' title='bbox 3515 5687 3663 5746; x_wconf 50' lang='lat'><strong>9813‘</strong></span> 
     </span>
    </p>
   </div>
   <div class='ocr_carea' id='block_1_125' title="bbox 2070 5739 3664 5808">
    <p class='ocr_par' dir='ltr' id='par_1_125' title="bbox 2070 5739 3664 5808">
     <span class='ocr_line' id='line_1_126' title="bbox 2070 5739 3664 5808; baseline 0.006 -23"><span class='ocrx_word' id='word_1_979' title='bbox 2070 5755 2141 5798; x_wconf 70' lang='lat' dir='ltr'><strong>se,</strong></span> <span class='ocrx_word' id='word_1_980' title='bbox 2168 5752 2298 5789; x_wconf 70' lang='lat' dir='ltr'><strong>meta</strong></span> <span class='ocrx_word' id='word_1_981' title='bbox 2331 5747 2406 5790; x_wconf 82' lang='lat' dir='ltr'><strong>est</strong></span> <span class='ocrx_word' id='word_1_982' title='bbox 2435 5739 2726 5805; x_wconf 68' lang='lat' dir='ltr'><strong>conjectura.</strong></span> <span class='ocrx_word' id='word_1_983' title='bbox 2757 5741 2848 5791; x_wconf 77' lang='lat' dir='ltr'><strong>Sed</strong></span> <span class='ocrx_word' id='word_1_984' title='bbox 2872 5748 2925 5790; x_wconf 91' lang='lat' dir='ltr'><strong>ut</strong></span> <span class='ocrx_word' id='word_1_985' title='bbox 2956 5741 3044 5790; x_wconf 86' lang='lat' dir='ltr'><strong>hoc</strong></span> <span class='ocrx_word' id='word_1_986' title='bbox 3063 5739 3521 5803; x_wconf 58' lang='lat' dir='ltr'><strong>largiente-[certe</strong></span> <span class='ocrx_word' id='word_1_987' title='bbox 3550 5739 3664 5808; x_wconf 59' lang='lat' dir='ltr'><strong>ita:</strong></span> 
     </span>
    </p>
   </div>
  </div>
