  <div class='ocr_page' id='page_1' title='image "/cluster/home/n/w/nwhite01/storage/ocr_20150623/38/hvd.32044096580600/516.png"; bbox 0 0 3934 6188; ppageno 0'>
   <div class='ocr_carea' id='block_1_1' title="bbox 322 473 453 533">
    <p class='ocr_par' dir='ltr' id='par_1_1' title="bbox 322 473 453 533">
     <span class='ocr_line' id='line_1_1' title="bbox 322 473 453 533; baseline -0.046 1"><span class='ocrx_word' id='word_1_1' title='bbox 322 473 453 533; x_wconf 66' lang='grc' dir='ltr'><strong>ίοῖΙ</strong></span> 
     </span>
    </p>
   </div>
   <div class='ocr_carea' id='block_1_2' title="bbox 319 564 1903 658">
    <p class='ocr_par' dir='ltr' id='par_1_2' title="bbox 319 564 1903 658">
     <span class='ocr_line' id='line_1_2' title="bbox 319 564 1903 658; baseline -0.02 -12"><span class='ocrx_word' id='word_1_2' title='bbox 319 591 436 648; x_wconf 86' lang='lat' dir='ltr'><strong>Duo</strong></span> <span class='ocrx_word' id='word_1_3' title='bbox 477 599 672 658; x_wconf 83' lang='lat' dir='ltr'><strong>genera</strong></span> <span class='ocrx_word' id='word_1_4' title='bbox 721 581 994 636; x_wconf 82' lang='lat' dir='ltr'><strong>hominum</strong></span> <span class='ocrx_word' id='word_1_5' title='bbox 1044 577 1129 631; x_wconf 81' lang='lat' dir='ltr'><strong>hic</strong></span> <span class='ocrx_word' id='word_1_6' title='bbox 1180 582 1302 628; x_wconf 84' lang='lat' dir='ltr'><strong>sunt</strong></span> <span class='ocrx_word' id='word_1_7' title='bbox 1339 576 1378 638; x_wconf 80' lang='lat'><strong>&#39;,</strong></span> <span class='ocrx_word' id='word_1_8' title='bbox 1409 567 1692 626; x_wconf 69' lang='lat' dir='ltr'><strong>Clitisl‘ani</strong></span> <span class='ocrx_word' id='word_1_9' title='bbox 1727 576 1780 620; x_wconf 91' lang='lat' dir='ltr'><strong>et</strong></span> <span class='ocrx_word' id='word_1_10' title='bbox 1806 564 1903 618; x_wconf 84' lang='lat' dir='ltr'><strong>Ju-</strong></span> 
     </span>
    </p>
   </div>
   <div class='ocr_carea' id='block_1_3' title="bbox 317 657 1907 750">
    <p class='ocr_par' dir='ltr' id='par_1_3' title="bbox 317 657 1907 750">
     <span class='ocr_line' id='line_1_3' title="bbox 317 657 1907 750; baseline -0.017 -14"><span class='ocrx_word' id='word_1_11' title='bbox 317 680 442 736; x_wconf 66' lang='lat' dir='ltr'><strong>daei.</strong></span> <span class='ocrx_word' id='word_1_12' title='bbox 469 657 584 735; x_wconf 63' lang='lat' dir='ltr'><strong>Non</strong></span> <span class='ocrx_word' id='word_1_13' title='bbox 628 677 752 750; x_wconf 69' lang='lat' dir='ltr'><strong>flant</strong></span> <span class='ocrx_word' id='word_1_14' title='bbox 792 673 878 726; x_wconf 81' lang='lat' dir='ltr'><strong>illa</strong></span> <span class='ocrx_word' id='word_1_15' title='bbox 921 684 1039 740; x_wconf 57' lang='lat' dir='ltr'><strong>quas</strong></span> <span class='ocrx_word' id='word_1_16' title='bbox 1102 667 1215 723; x_wconf 90' lang='lat' dir='ltr'><strong>odit</strong></span> <span class='ocrx_word' id='word_1_17' title='bbox 1256 666 1392 720; x_wconf 86' lang='lat' dir='ltr'><strong>Deus</strong></span> <span class='ocrx_word' id='word_1_18' title='bbox 1423 681 1436 717; x_wconf 89' lang='lat'>:</span> <span class='ocrx_word' id='word_1_19' title='bbox 1465 677 1560 733; x_wconf 88' lang='lat' dir='ltr'><strong>per</strong></span> <span class='ocrx_word' id='word_1_20' title='bbox 1601 661 1772 714; x_wconf 84' lang='lat' dir='ltr'><strong>lusum</strong></span> <span class='ocrx_word' id='word_1_21' title='bbox 1807 657 1907 750; x_wconf 12' lang='lat' dir='ltr'><strong>riu-</strong></span> 
     </span>
    </p>
   </div>
   <div class='ocr_carea' id='block_1_4' title="bbox 322 749 1904 843">
    <p class='ocr_par' dir='ltr' id='par_1_4' title="bbox 322 749 1904 843">
     <span class='ocr_line' id='line_1_4' title="bbox 322 749 1904 843; baseline -0.016 -15"><span class='ocrx_word' id='word_1_22' title='bbox 322 773 536 843; x_wconf 89' lang='lat' dir='ltr'><strong>iquilas,</strong></span> <span class='ocrx_word' id='word_1_23' title='bbox 569 749 684 839; x_wconf 14' lang='lat' dir='ltr'><strong>per,</strong></span> <span class='ocrx_word' id='word_1_24' title='bbox 709 766 889 836; x_wconf 87' lang='lat' dir='ltr'><strong>jocum</strong></span> <span class='ocrx_word' id='word_1_25' title='bbox 941 761 1270 828; x_wconf 77' lang='lat' dir='ltr'><strong>improbitas.</strong></span> <span class='ocrx_word' id='word_1_26' title='bbox 1306 756 1425 811; x_wconf 77' lang='lat' dir='ltr'><strong>Non</strong></span> <span class='ocrx_word' id='word_1_27' title='bbox 1456 753 1556 809; x_wconf 84' lang='lat' dir='ltr'><strong>sibi</strong></span> <span class='ocrx_word' id='word_1_28' title='bbox 1585 753 1771 807; x_wconf 82' lang='lat' dir='ltr'><strong>faciant</strong></span> <span class='ocrx_word' id='word_1_29' title='bbox 1804 749 1904 843; x_wconf 77' lang='lat' dir='ltr'><strong>lto-</strong></span> 
     </span>
    </p>
   </div>
   <div class='ocr_carea' id='block_1_5' title="bbox 323 840 1909 930">
    <p class='ocr_par' dir='ltr' id='par_1_5' title="bbox 323 840 1909 930">
     <span class='ocr_line' id='line_1_5' title="bbox 323 840 1909 930; baseline -0.018 -10"><span class='ocrx_word' id='word_1_30' title='bbox 323 840 496 920; x_wconf 82' lang='lat' dir='ltr'><strong>mines</strong></span> <span class='ocrx_word' id='word_1_31' title='bbox 521 859 728 930; x_wconf 76' lang='lat' dir='ltr'><strong>indices</strong></span> <span class='ocrx_word' id='word_1_32' title='bbox 747 900 761 921; x_wconf 92' lang='lat'><strong>,</strong></span> <span class='ocrx_word' id='word_1_33' title='bbox 792 871 857 910; x_wconf 92' lang='lat' dir='ltr'><strong>ne</strong></span> <span class='ocrx_word' id='word_1_34' title='bbox 881 853 1096 907; x_wconf 90' lang='lat' dir='ltr'><strong>veniant</strong></span> <span class='ocrx_word' id='word_1_35' title='bbox 1122 850 1174 904; x_wconf 91' lang='lat' dir='ltr'><strong>in</strong></span> <span class='ocrx_word' id='word_1_36' title='bbox 1203 861 1389 902; x_wconf 88' lang='lat' dir='ltr'><strong>manus</strong></span> <span class='ocrx_word' id='word_1_37' title='bbox 1415 845 1526 900; x_wconf 82' lang='lat' dir='ltr'><strong>veri</strong></span> <span class='ocrx_word' id='word_1_38' title='bbox 1551 843 1770 898; x_wconf 78' lang='lat' dir='ltr'><strong>Iudicis.</strong></span> <span class='ocrx_word' id='word_1_39' title='bbox 1800 840 1909 894; x_wconf 86' lang='lat' dir='ltr'><strong>An-</strong></span> 
     </span>
    </p>
   </div>
   <div class='ocr_carea' id='block_1_6' title="bbox 321 933 1909 1020">
    <p class='ocr_par' dir='ltr' id='par_1_6' title="bbox 321 933 1909 1020">
     <span class='ocr_line' id='line_1_6' title="bbox 321 933 1909 1020; baseline -0.015 -10"><span class='ocrx_word' id='word_1_40' title='bbox 321 956 432 1010; x_wconf 91' lang='lat' dir='ltr'><strong>dite</strong></span> <span class='ocrx_word' id='word_1_41' title='bbox 452 996 467 1020; x_wconf 90' lang='lat'><strong>,</strong></span> <span class='ocrx_word' id='word_1_42' title='bbox 495 949 782 1008; x_wconf 73' lang='lat' dir='ltr'><strong>Christiani</strong></span> <span class='ocrx_word' id='word_1_43' title='bbox 811 945 968 1009; x_wconf 86' lang='lat' dir='ltr'><strong>estis,</strong></span> <span class='ocrx_word' id='word_1_44' title='bbox 999 941 1232 997; x_wconf 87' lang='lat' dir='ltr'><strong>membra</strong></span> <span class='ocrx_word' id='word_1_45' title='bbox 1263 939 1458 994; x_wconf 84' lang='lat' dir='ltr'><strong>Christi</strong></span> <span class='ocrx_word' id='word_1_46' title='bbox 1486 937 1635 990; x_wconf 80' lang='lat' dir='ltr'><strong>estis.</strong></span> <span class='ocrx_word' id='word_1_47' title='bbox 1668 933 1909 1002; x_wconf 78' lang='lat' dir='ltr'><strong>Cogitate</strong></span> 
     </span>
    </p>
   </div>
   <div class='ocr_carea' id='block_1_7' title="bbox 323 1022 1907 1115">
    <p class='ocr_par' dir='ltr' id='par_1_7' title="bbox 323 1022 1907 1115">
     <span class='ocr_line' id='line_1_7' title="bbox 323 1022 1907 1115; baseline -0.014 -17"><span class='ocrx_word' id='word_1_48' title='bbox 323 1045 452 1115; x_wconf 88' lang='lat' dir='ltr'><strong>quid</strong></span> <span class='ocrx_word' id='word_1_49' title='bbox 485 1045 648 1103; x_wconf 89' lang='lat' dir='ltr'><strong>estis,</strong></span> <span class='ocrx_word' id='word_1_50' title='bbox 677 1039 906 1108; x_wconf 85' lang='lat' dir='ltr'><strong>cogitate</strong></span> <span class='ocrx_word' id='word_1_51' title='bbox 950 1034 1131 1104; x_wconf 83' lang='lat' dir='ltr'><strong>quanti</strong></span> <span class='ocrx_word' id='word_1_52' title='bbox 1177 1031 1339 1098; x_wconf 90' lang='lat' dir='ltr'><strong>empti</strong></span> <span class='ocrx_word' id='word_1_53' title='bbox 1384 1029 1532 1084; x_wconf 86' lang='lat' dir='ltr'><strong>estis.</strong></span> <span class='ocrx_word' id='word_1_54' title='bbox 1558 1026 1834 1080; x_wconf 84' lang='lat' dir='ltr'><strong>Postremo</strong></span> <span class='ocrx_word' id='word_1_55' title='bbox 1861 1022 1907 1076; x_wconf 94' lang='lat' dir='ltr'><strong>si</strong></span> 
     </span>
    </p>
   </div>
   <div class='ocr_carea' id='block_1_8' title="bbox 328 1114 1905 1198">
    <p class='ocr_par' dir='ltr' id='par_1_8' title="bbox 328 1114 1905 1198">
     <span class='ocr_line' id='line_1_8' title="bbox 328 1114 1905 1198; baseline -0.016 -10"><span class='ocrx_word' id='word_1_56' title='bbox 328 1114 488 1188; x_wconf 77' lang='lat' dir='ltr'><strong>vultis</strong></span> <span class='ocrx_word' id='word_1_57' title='bbox 525 1133 664 1185; x_wconf 89' lang='lat' dir='ltr'><strong>sci-re</strong></span> <span class='ocrx_word' id='word_1_58' title='bbox 711 1128 835 1198; x_wconf 87' lang='lat' dir='ltr'><strong>quid</strong></span> <span class='ocrx_word' id='word_1_59' title='bbox 881 1125 1054 1179; x_wconf 82' lang='lat' dir='ltr'><strong>facitis</strong></span> <span class='ocrx_word' id='word_1_60' title='bbox 1081 1141 1094 1177; x_wconf 91' lang='lat'>:</span> <span class='ocrx_word' id='word_1_61' title='bbox 1119 1138 1218 1192; x_wconf 85' lang='lat' dir='ltr'><strong>ego</strong></span> <span class='ocrx_word' id='word_1_62' title='bbox 1258 1121 1336 1176; x_wconf 90' lang='lat' dir='ltr'><strong>eis</strong></span> <span class='ocrx_word' id='word_1_63' title='bbox 1373 1119 1522 1182; x_wconf 88' lang='lat' dir='ltr'><strong>dico,</strong></span> <span class='ocrx_word' id='word_1_64' title='bbox 1555 1116 1646 1186; x_wconf 87' lang='lat' dir='ltr'><strong>qui</strong></span> <span class='ocrx_word' id='word_1_65' title='bbox 1688 1114 1905 1168; x_wconf 70' lang='lat' dir='ltr'><strong>iaciunt.</strong></span> 
     </span>
    </p>
   </div>
   <div class='ocr_carea' id='block_1_9' title="bbox 329 1199 1909 1288">
    <p class='ocr_par' dir='ltr' id='par_1_9' title="bbox 329 1199 1909 1288">
     <span class='ocr_line' id='line_1_9' title="bbox 329 1199 1909 1288; baseline -0.016 -7"><span class='ocrx_word' id='word_1_66' title='bbox 329 1225 503 1281; x_wconf 73' lang='lat' dir='ltr'><strong>Nolite</strong></span> <span class='ocrx_word' id='word_1_67' title='bbox 531 1222 596 1276; x_wconf 87' lang='lat' dir='ltr'><strong>nd</strong></span> <span class='ocrx_word' id='word_1_68' title='bbox 643 1220 886 1288; x_wconf 88' lang='lat' dir='ltr'><strong>injuriam</strong></span> <span class='ocrx_word' id='word_1_69' title='bbox 918 1225 1147 1270; x_wconf 79' lang='lat' dir='ltr'><strong>vestram</strong></span> <span class='ocrx_word' id='word_1_70' title='bbox 1175 1199 1406 1277; x_wconf 70' lang='lat' dir='ltr'><strong>referre,</strong></span> <span class='ocrx_word' id='word_1_71' title='bbox 1435 1208 1628 1279; x_wconf 86' lang='lat' dir='ltr'><strong>quibus</strong></span> <span class='ocrx_word' id='word_1_72' title='bbox 1672 1207 1769 1260; x_wconf 90' lang='lat' dir='ltr'><strong>ista</strong></span> <span class='ocrx_word' id='word_1_73' title='bbox 1795 1204 1909 1258; x_wconf 87' lang='lat' dir='ltr'><strong>dis-</strong></span> 
     </span>
    </p>
   </div>
   <div class='ocr_carea' id='block_1_10' title="bbox 330 1295 1910 1388">
    <p class='ocr_par' dir='ltr' id='par_1_10' title="bbox 330 1295 1910 1388">
     <span class='ocr_line' id='line_1_10' title="bbox 330 1295 1910 1388; baseline -0.014 -16"><span class='ocrx_word' id='word_1_74' title='bbox 330 1319 527 1388; x_wconf 56' lang='lat' dir='ltr'><strong>plicent</strong></span> <span class='ocrx_word' id='word_1_75' title='bbox 555 1333 567 1368; x_wconf 90' lang='lat'>:</span> <span class='ocrx_word' id='word_1_76' title='bbox 593 1315 672 1369; x_wconf 90' lang='lat' dir='ltr'><strong>eis</strong></span> <span class='ocrx_word' id='word_1_77' title='bbox 697 1311 816 1366; x_wconf 91' lang='lat' dir='ltr'><strong>dico</strong></span> <span class='ocrx_word' id='word_1_78' title='bbox 838 1310 924 1386; x_wconf 88' lang='lat' dir='ltr'><strong>qui</strong></span> <span class='ocrx_word' id='word_1_79' title='bbox 951 1308 1168 1369; x_wconf 83' lang='lat' dir='ltr'><strong>faciunt,</strong></span> <span class='ocrx_word' id='word_1_80' title='bbox 1191 1315 1245 1360; x_wconf 91' lang='lat' dir='ltr'><strong>et</strong></span> <span class='ocrx_word' id='word_1_81' title='bbox 1265 1304 1456 1372; x_wconf 82' lang='lat' dir='ltr'><strong>quibus</strong></span> <span class='ocrx_word' id='word_1_82' title='bbox 1483 1301 1712 1370; x_wconf 90' lang='lat' dir='ltr'><strong>placent.</strong></span> <span class='ocrx_word' id='word_1_83' title='bbox 1741 1295 1910 1350; x_wconf 73' lang='lat' dir='ltr'><strong>Vultis</strong></span> 
     </span>
    </p>
   </div>
   <div class='ocr_carea' id='block_1_11' title="bbox 332 1387 1912 1474">
    <p class='ocr_par' dir='ltr' id='par_1_11' title="bbox 332 1387 1912 1474">
     <span class='ocr_line' id='line_1_11' title="bbox 332 1387 1912 1474; baseline -0.015 -12"><span class='ocrx_word' id='word_1_84' title='bbox 332 1387 493 1462; x_wconf 85' lang='lat' dir='ltr'><strong>nosse</strong></span> <span class='ocrx_word' id='word_1_85' title='bbox 521 1404 643 1474; x_wconf 86' lang='lat' dir='ltr'><strong>quid</strong></span> <span class='ocrx_word' id='word_1_86' title='bbox 675 1402 846 1456; x_wconf 82' lang='lat' dir='ltr'><strong>facitis</strong></span> <span class='ocrx_word' id='word_1_87' title='bbox 868 1443 882 1466; x_wconf 89' lang='lat'><strong>,</strong></span> <span class='ocrx_word' id='word_1_88' title='bbox 917 1410 971 1454; x_wconf 90' lang='lat' dir='ltr'><strong>et</strong></span> <span class='ocrx_word' id='word_1_89' title='bbox 999 1399 1208 1468; x_wconf 87' lang='lat' dir='ltr'><strong>qualem</strong></span> <span class='ocrx_word' id='word_1_90' title='bbox 1239 1395 1504 1449; x_wconf 84' lang='lat' dir='ltr'><strong>tristitiam</strong></span> <span class='ocrx_word' id='word_1_91' title='bbox 1538 1390 1688 1444; x_wconf 88' lang='lat' dir='ltr'><strong>nobis</strong></span> <span class='ocrx_word' id='word_1_92' title='bbox 1716 1387 1912 1458; x_wconf 83' lang='lat' dir='ltr'><strong>ingeri-</strong></span> 
     </span>
    </p>
   </div>
   <div class='ocr_carea' id='block_1_12' title="bbox 331 1483 1907 1554">
    <p class='ocr_par' dir='ltr' id='par_1_12' title="bbox 331 1483 1907 1554">
     <span class='ocr_line' id='line_1_12' title="bbox 331 1483 1907 1554; baseline -0.015 -1"><span class='ocrx_word' id='word_1_93' title='bbox 331 1500 437 1554; x_wconf 80' lang='lat' dir='ltr'><strong>tis?</strong></span> <span class='ocrx_word' id='word_1_94' title='bbox 465 1497 684 1551; x_wconf 81' lang='lat' dir='ltr'><strong>Faciunt</strong></span> <span class='ocrx_word' id='word_1_95' title='bbox 715 1491 842 1547; x_wconf 90' lang='lat' dir='ltr'><strong>illud</strong></span> <span class='ocrx_word' id='word_1_96' title='bbox 868 1490 1037 1546; x_wconf 70' lang='lat' dir='ltr'><strong>.Indzri</strong></span> <span class='ocrx_word' id='word_1_97' title='bbox 1059 1487 1115 1540; x_wconf 80' lang='lat'><strong>&#39;?</strong></span> <span class='ocrx_word' id='word_1_98' title='bbox 1138 1487 1232 1542; x_wconf 83' lang='lat' dir='ltr'><strong>Vel</strong></span> <span class='ocrx_word' id='word_1_99' title='bbox 1255 1485 1330 1540; x_wconf 91' lang='lat' dir='ltr'><strong>sic</strong></span> <span class='ocrx_word' id='word_1_100' title='bbox 1355 1483 1651 1539; x_wconf 84' lang='lat' dir='ltr'><strong>erubescite</strong></span> <span class='ocrx_word' id='word_1_101' title='bbox 1668 1523 1683 1543; x_wconf 90' lang='lat'><strong><em>.</em></strong></span> <span class='ocrx_word' id='word_1_102' title='bbox 1712 1495 1777 1534; x_wconf 91' lang='lat' dir='ltr'><strong>ne</strong></span> <span class='ocrx_word' id='word_1_103' title='bbox 1798 1483 1907 1532; x_wconf 84' lang='lat' dir='ltr'><strong>tiat.</strong></span> 
     </span>
    </p>
   </div>
   <div class='ocr_carea' id='block_1_13' title="bbox 332 1571 1913 1647">
    <p class='ocr_par' dir='ltr' id='par_1_13' title="bbox 332 1571 1913 1647">
     <span class='ocr_line' id='line_1_13' title="bbox 332 1571 1913 1647; baseline -0.013 -5"><span class='ocrx_word' id='word_1_104' title='bbox 332 1587 499 1642; x_wconf 84' lang='lat' dir='ltr'><strong>Natali</strong></span> <span class='ocrx_word' id='word_1_105' title='bbox 529 1584 768 1647; x_wconf 80' lang='lat' dir='ltr'><strong>Joannis,</strong></span> <span class='ocrx_word' id='word_1_106' title='bbox 801 1580 851 1635; x_wconf 87' lang='lat' dir='ltr'><strong>id</strong></span> <span class='ocrx_word' id='word_1_107' title='bbox 879 1589 961 1634; x_wconf 89' lang='lat' dir='ltr'><strong>est</strong></span> <span class='ocrx_word' id='word_1_108' title='bbox 980 1588 1106 1632; x_wconf 88' lang='lat' dir='ltr'><strong>ante</strong></span> <span class='ocrx_word' id='word_1_109' title='bbox 1131 1591 1224 1630; x_wconf 80' lang='lat' dir='ltr'><strong>sex</strong></span> <span class='ocrx_word' id='word_1_110' title='bbox 1243 1587 1454 1629; x_wconf 88' lang='lat' dir='ltr'><strong>menses</strong></span> <span class='ocrx_word' id='word_1_111' title='bbox 1471 1573 1571 1642; x_wconf 92' lang='lat' dir='ltr'><strong>(tot</strong></span> <span class='ocrx_word' id='word_1_112' title='bbox 1595 1571 1736 1625; x_wconf 90' lang='lat' dir='ltr'><strong>enim</strong></span> <span class='ocrx_word' id='word_1_113' title='bbox 1763 1583 1913 1622; x_wconf 83' lang='lat' dir='ltr'><strong>men-</strong></span> 
     </span>
    </p>
   </div>
   <div class='ocr_carea' id='block_1_14' title="bbox 332 1660 1913 1739">
    <p class='ocr_par' dir='ltr' id='par_1_14' title="bbox 332 1660 1913 1739">
     <span class='ocr_line' id='line_1_14' title="bbox 332 1660 1913 1739; baseline -0.012 -7"><span class='ocrx_word' id='word_1_114' title='bbox 332 1693 420 1732; x_wconf 88' lang='lat' dir='ltr'><strong>ses</strong></span> <span class='ocrx_word' id='word_1_115' title='bbox 449 1679 587 1731; x_wconf 90' lang='lat' dir='ltr'><strong>inter</strong></span> <span class='ocrx_word' id='word_1_116' title='bbox 611 1689 668 1730; x_wconf 89' lang='lat' dir='ltr'><strong>se</strong></span> <span class='ocrx_word' id='word_1_117' title='bbox 700 1672 898 1726; x_wconf 85' lang='lat' dir='ltr'><strong>habent</strong></span> <span class='ocrx_word' id='word_1_118' title='bbox 938 1682 1114 1739; x_wconf 65' lang='lat' dir='ltr'><strong>praeco</strong></span> <span class='ocrx_word' id='word_1_119' title='bbox 1142 1675 1196 1721; x_wconf 92' lang='lat' dir='ltr'><strong>et</strong></span> <span class='ocrx_word' id='word_1_120' title='bbox 1235 1664 1456 1735; x_wconf 76' lang='lat' dir='ltr'><strong>Iudex),</strong></span> <span class='ocrx_word' id='word_1_121' title='bbox 1485 1662 1553 1717; x_wconf 90' lang='lat' dir='ltr'><strong>de</strong></span> <span class='ocrx_word' id='word_1_122' title='bbox 1577 1660 1913 1716; x_wconf 82' lang='lat' dir='ltr'><strong>solemnitate</strong></span> 
     </span>
    </p>
   </div>
   <div class='ocr_carea' id='block_1_15' title="bbox 334 1750 1915 1838">
    <p class='ocr_par' dir='ltr' id='par_1_15' title="bbox 334 1750 1915 1838">
     <span class='ocr_line' id='line_1_15' title="bbox 334 1750 1915 1838; baseline -0.011 -18"><span class='ocrx_word' id='word_1_123' title='bbox 334 1765 700 1838; x_wconf 85' lang='lat' dir='ltr'><strong>superstitiosa</strong></span> <span class='ocrx_word' id='word_1_124' title='bbox 724 1759 923 1832; x_wconf 85' lang='lat' dir='ltr'><strong>pagana</strong></span> <span class='ocrx_word' id='word_1_125' title='bbox 938 1759 979 1824; x_wconf 82' lang='grc'>³,</span> <span class='ocrx_word' id='word_1_126' title='bbox 997 1757 1281 1814; x_wconf 83' lang='lat' dir='ltr'><strong>Christiani</strong></span> <span class='ocrx_word' id='word_1_127' title='bbox 1308 1755 1376 1809; x_wconf 90' lang='lat' dir='ltr'><strong>ad</strong></span> <span class='ocrx_word' id='word_1_128' title='bbox 1395 1768 1542 1809; x_wconf 87' lang='lat' dir='ltr'><strong>mare</strong></span> <span class='ocrx_word' id='word_1_129' title='bbox 1566 1750 1843 1806; x_wconf 91' lang='lat' dir='ltr'><strong>veniebant</strong></span> <span class='ocrx_word' id='word_1_130' title='bbox 1860 1756 1915 1803; x_wconf 90' lang='lat' dir='ltr'><strong>et</strong></span> 
     </span>
    </p>
   </div>
   <div class='ocr_carea' id='block_1_16' title="bbox 334 1839 1910 1924">
    <p class='ocr_par' dir='ltr' id='par_1_16' title="bbox 334 1839 1910 1924">
     <span class='ocr_line' id='line_1_16' title="bbox 334 1839 1910 1924; baseline -0.012 -13"><span class='ocrx_word' id='word_1_131' title='bbox 334 1859 406 1912; x_wconf 90' lang='lat' dir='ltr'><strong>ibi</strong></span> <span class='ocrx_word' id='word_1_132' title='bbox 430 1873 488 1912; x_wconf 86' lang='lat' dir='ltr'><strong>se</strong></span> <span class='ocrx_word' id='word_1_133' title='bbox 507 1853 863 1924; x_wconf 86' lang='lat' dir='ltr'><strong>baptizabant.</strong></span> <span class='ocrx_word' id='word_1_134' title='bbox 893 1849 1100 1904; x_wconf 78' lang='lat' dir='ltr'><strong>Absens</strong></span> <span class='ocrx_word' id='word_1_135' title='bbox 1125 1862 1269 1902; x_wconf 86' lang='lat' dir='ltr'><strong>eram</strong></span> <span class='ocrx_word' id='word_1_136' title='bbox 1293 1862 1306 1898; x_wconf 88' lang='lat'><strong>:</strong></span> <span class='ocrx_word' id='word_1_137' title='bbox 1337 1844 1431 1901; x_wconf 90' lang='lat' dir='ltr'><strong>sed</strong></span> <span class='ocrx_word' id='word_1_138' title='bbox 1450 1885 1464 1908; x_wconf 93' lang='lat'><strong>,</strong></span> <span class='ocrx_word' id='word_1_139' title='bbox 1494 1843 1632 1898; x_wconf 85' lang='lat' dir='ltr'><strong>sicut</strong></span> <span class='ocrx_word' id='word_1_140' title='bbox 1654 1839 1910 1910; x_wconf 86' lang='lat' dir='ltr'><strong>comperi,</strong></span> 
     </span>
    </p>
   </div>
   <div class='ocr_carea' id='block_1_17' title="bbox 334 1930 1912 2018">
    <p class='ocr_par' dir='ltr' id='par_1_17' title="bbox 334 1930 1912 2018">
     <span class='ocr_line' id='line_1_17' title="bbox 334 1930 1912 2018; baseline -0.014 -15"><span class='ocrx_word' id='word_1_141' title='bbox 334 1965 433 2018; x_wconf 85' lang='lat' dir='ltr'><strong>per</strong></span> <span class='ocrx_word' id='word_1_142' title='bbox 479 1944 809 2014; x_wconf 87' lang='lat' dir='ltr'><strong>disciplinam</strong></span> <span class='ocrx_word' id='word_1_143' title='bbox 853 1939 1276 1995; x_wconf 71' lang='lat' dir='ltr'><strong>Christianorum</strong></span> <span class='ocrx_word' id='word_1_144' title='bbox 1321 1933 1616 2005; x_wconf 82' lang='lat' dir='ltr'><strong>presbyteri</strong></span> <span class='ocrx_word' id='word_1_145' title='bbox 1655 1930 1912 2001; x_wconf 87' lang='lat' dir='ltr'><strong>permoti,</strong></span> 
     </span>
    </p>
   </div>
   <div class='ocr_carea' id='block_1_18' title="bbox 285 2018 1914 2105">
    <p class='ocr_par' dir='ltr' id='par_1_18' title="bbox 285 2018 1914 2105">
     <span class='ocr_line' id='line_1_18' title="bbox 285 2018 1914 2105; baseline -0.012 -13"><span class='ocrx_word' id='word_1_146' title='bbox 285 2069 288 2073; x_wconf 97' lang='lat'><strong><em>-</em></strong></span> <span class='ocrx_word' id='word_1_147' title='bbox 335 2033 650 2105; x_wconf 82' lang='lat' dir='ltr'><strong>quibusdam</strong></span> <span class='ocrx_word' id='word_1_148' title='bbox 695 2032 908 2102; x_wconf 82' lang='lat' dir='ltr'><strong>dignam</strong></span> <span class='ocrx_word' id='word_1_149' title='bbox 939 2036 994 2083; x_wconf 91' lang='lat' dir='ltr'><strong>et</strong></span> <span class='ocrx_word' id='word_1_150' title='bbox 1017 2025 1430 2082; x_wconf 87' lang='lat' dir='ltr'><strong>ecclesiasticam</strong></span> <span class='ocrx_word' id='word_1_151' title='bbox 1457 2021 1788 2091; x_wconf 86' lang='lat' dir='ltr'><strong>disciplinam</strong></span> <span class='ocrx_word' id='word_1_152' title='bbox 1819 2018 1914 2073; x_wconf 83' lang='lat' dir='ltr'><strong>de-</strong></span> 
     </span>
    </p>
   </div>
   <div class='ocr_carea' id='block_1_19' title="bbox 339 2109 1918 2182">
    <p class='ocr_par' dir='ltr' id='par_1_19' title="bbox 339 2109 1918 2182">
     <span class='ocr_line' id='line_1_19' title="bbox 339 2109 1918 2182; baseline -0.012 -1"><span class='ocrx_word' id='word_1_153' title='bbox 339 2128 552 2182; x_wconf 88' lang='lat' dir='ltr'><strong>derunt.</strong></span> <span class='ocrx_word' id='word_1_154' title='bbox 599 2123 1061 2177; x_wconf 80' lang='lat' dir='ltr'><strong>Murmuraverunt</strong></span> <span class='ocrx_word' id='word_1_155' title='bbox 1104 2115 1226 2171; x_wconf 90' lang='lat' dir='ltr'><strong>inde</strong></span> <span class='ocrx_word' id='word_1_156' title='bbox 1269 2113 1546 2178; x_wconf 79' lang='lat' dir='ltr'><strong>homines,</strong></span> <span class='ocrx_word' id='word_1_157' title='bbox 1577 2119 1635 2166; x_wconf 89' lang='lat' dir='ltr'><strong>et</strong></span> <span class='ocrx_word' id='word_1_158' title='bbox 1673 2109 1918 2164; x_wconf 83' lang='lat' dir='ltr'><strong>dixerunt</strong></span> 
     </span>
    </p>
   </div>
   <div class='ocr_carea' id='block_1_20' title="bbox 338 2200 1919 2288">
    <p class='ocr_par' dir='ltr' id='par_1_20' title="bbox 338 2200 1919 2288">
     <span class='ocr_line' id='line_1_20' title="bbox 338 2200 1919 2288; baseline -0.013 -15"><span class='ocrx_word' id='word_1_159' title='bbox 338 2217 548 2288; x_wconf 79' lang='lat' dir='ltr'><strong>quidam</strong></span> <span class='ocrx_word' id='word_1_160' title='bbox 577 2231 590 2268; x_wconf 93' lang='lat'><strong>:</strong></span> <span class='ocrx_word' id='word_1_161' title='bbox 616 2214 878 2282; x_wconf 88' lang='lat' dir='ltr'><strong>Quantum</strong></span> <span class='ocrx_word' id='word_1_162' title='bbox 909 2217 1023 2264; x_wconf 88' lang='lat' dir='ltr'><strong>erat</strong></span> <span class='ocrx_word' id='word_1_163' title='bbox 1049 2216 1105 2263; x_wconf 89' lang='grc' dir='ltr'><strong>ιιι</strong></span> <span class='ocrx_word' id='word_1_164' title='bbox 1143 2205 1464 2261; x_wconf 85' lang='lat' dir='ltr'><strong>indicaretur</strong></span> <span class='ocrx_word' id='word_1_165' title='bbox 1494 2201 1684 2257; x_wconf 87' lang='lat' dir='ltr'><strong>nobis?</strong></span> <span class='ocrx_word' id='word_1_166' title='bbox 1711 2200 1768 2256; x_wconf 90' lang='lat' dir='ltr'><strong>Si</strong></span> <span class='ocrx_word' id='word_1_167' title='bbox 1793 2210 1919 2254; x_wconf 89' lang='lat' dir='ltr'><strong>ante</strong></span> 
     </span>
    </p>
   </div>
   <div class='ocr_carea' id='block_1_21' title="bbox 338 2291 1921 2378">
    <p class='ocr_par' dir='ltr' id='par_1_21' title="bbox 338 2291 1921 2378">
     <span class='ocr_line' id='line_1_21' title="bbox 338 2291 1921 2378; baseline -0.012 -17"><span class='ocrx_word' id='word_1_168' title='bbox 338 2319 808 2378; x_wconf 81' lang='lat' dir='ltr'><strong>prannoneremur,</strong></span> <span class='ocrx_word' id='word_1_169' title='bbox 840 2315 945 2355; x_wconf 90' lang='lat' dir='ltr'><strong>non</strong></span> <span class='ocrx_word' id='word_1_170' title='bbox 977 2299 1294 2355; x_wconf 79' lang='lat' dir='ltr'><strong>faceremus.</strong></span> <span class='ocrx_word' id='word_1_171' title='bbox 1330 2293 1434 2365; x_wconf 87' lang='lat' dir='ltr'><strong>Ipsi</strong></span> <span class='ocrx_word' id='word_1_172' title='bbox 1481 2291 1921 2363; x_wconf 77' lang='lat' dir='ltr'><strong>praemonuissent</strong></span> 
     </span>
    </p>
   </div>
   <div class='ocr_carea' id='block_1_22' title="bbox 340 2384 1921 2470">
    <p class='ocr_par' dir='ltr' id='par_1_22' title="bbox 340 2384 1921 2470">
     <span class='ocr_line' id='line_1_22' title="bbox 340 2384 1921 2470; baseline -0.013 -18"><span class='ocrx_word' id='word_1_173' title='bbox 340 2395 669 2470; x_wconf 88' lang='lat' dir='ltr'><strong>presbyteri,</strong></span> <span class='ocrx_word' id='word_1_174' title='bbox 697 2409 803 2449; x_wconf 89' lang='lat' dir='ltr'><strong>non</strong></span> <span class='ocrx_word' id='word_1_175' title='bbox 832 2391 1166 2467; x_wconf 83' lang='lat' dir='ltr'><strong>fecissemus.</strong></span> <span class='ocrx_word' id='word_1_176' title='bbox 1201 2386 1340 2441; x_wconf 75' lang='lat' dir='ltr'><strong>Ecce</strong></span> <span class='ocrx_word' id='word_1_177' title='bbox 1367 2384 1649 2454; x_wconf 82' lang='lat' dir='ltr'><strong>episcopus</strong></span> <span class='ocrx_word' id='word_1_178' title='bbox 1690 2395 1921 2450; x_wconf 62' lang='lat' dir='ltr'><strong>priamo.-</strong></span> 
     </span>
    </p>
   </div>
   <div class='ocr_carea' id='block_1_23' title="bbox 340 2474 1923 2554">
    <p class='ocr_par' dir='ltr' id='par_1_23' title="bbox 340 2474 1923 2554">
     <span class='ocr_line' id='line_1_23' title="bbox 340 2474 1923 2554; baseline -0.012 -10"><span class='ocrx_word' id='word_1_179' title='bbox 340 2499 462 2550; x_wconf 84' lang='lat' dir='ltr'><strong>net;</strong></span> <span class='ocrx_word' id='word_1_180' title='bbox 487 2502 677 2541; x_wconf 89' lang='lat' dir='ltr'><strong>moneo</strong></span> <span class='ocrx_word' id='word_1_181' title='bbox 697 2527 710 2548; x_wconf 91' lang='lat'><strong>,</strong></span> <span class='ocrx_word' id='word_1_182' title='bbox 741 2483 1003 2554; x_wconf 49' lang='lat' dir='ltr'><strong>praedico,</strong></span> <span class='ocrx_word' id='word_1_183' title='bbox 1033 2478 1308 2535; x_wconf 89' lang='lat' dir='ltr'><strong>denuntio.</strong></span> <span class='ocrx_word' id='word_1_184' title='bbox 1359 2475 1614 2530; x_wconf 84' lang='lat' dir='ltr'><strong>Audiatur</strong></span> <span class='ocrx_word' id='word_1_185' title='bbox 1639 2474 1923 2543; x_wconf 85' lang='lat' dir='ltr'><strong>episcopus</strong></span> 
     </span>
    </p>
   </div>
   <div class='ocr_carea' id='block_1_24' title="bbox 339 2562 1920 2648">
    <p class='ocr_par' dir='ltr' id='par_1_24' title="bbox 339 2562 1920 2648">
     <span class='ocr_line' id='line_1_24' title="bbox 339 2562 1920 2648; baseline -0.009 -18"><span class='ocrx_word' id='word_1_186' title='bbox 339 2578 554 2648; x_wconf 75' lang='lat' dir='ltr'><strong>iubens,</strong></span> <span class='ocrx_word' id='word_1_187' title='bbox 585 2575 830 2629; x_wconf 86' lang='lat' dir='ltr'><strong>audiatur</strong></span> <span class='ocrx_word' id='word_1_188' title='bbox 859 2573 1138 2642; x_wconf 82' lang='lat' dir='ltr'><strong>episcOpus</strong></span> <span class='ocrx_word' id='word_1_189' title='bbox 1167 2581 1416 2631; x_wconf 87' lang='lat' dir='ltr'><strong>monens,</strong></span> <span class='ocrx_word' id='word_1_190' title='bbox 1445 2566 1688 2620; x_wconf 89' lang='lat' dir='ltr'><strong>audiatur</strong></span> <span class='ocrx_word' id='word_1_191' title='bbox 1711 2562 1920 2633; x_wconf 85' lang='lat' dir='ltr'><strong>cpisco-</strong></span> 
     </span>
    </p>
   </div>
   <div class='ocr_carea' id='block_1_25' title="bbox 347 2655 1925 2739">
    <p class='ocr_par' dir='ltr' id='par_1_25' title="bbox 347 2655 1925 2739">
     <span class='ocr_line' id='line_1_25' title="bbox 347 2655 1925 2739; baseline -0.01 -17"><span class='ocrx_word' id='word_1_192' title='bbox 347 2685 445 2739; x_wconf 85' lang='lat' dir='ltr'><strong>pus</strong></span> <span class='ocrx_word' id='word_1_193' title='bbox 477 2683 668 2738; x_wconf 90' lang='lat' dir='ltr'><strong>rogans</strong></span> <span class='ocrx_word' id='word_1_194' title='bbox 687 2708 701 2729; x_wconf 94' lang='lat'><strong>,</strong></span> <span class='ocrx_word' id='word_1_195' title='bbox 732 2665 977 2718; x_wconf 87' lang='lat' dir='ltr'><strong>audiatur</strong></span> <span class='ocrx_word' id='word_1_196' title='bbox 1001 2661 1281 2730; x_wconf 86' lang='lat' dir='ltr'><strong>episcopus</strong></span> <span class='ocrx_word' id='word_1_197' title='bbox 1301 2658 1570 2727; x_wconf 71' lang='lat' dir='ltr'><strong>adiurans.</strong></span> <span class='ocrx_word' id='word_1_198' title='bbox 1603 2655 1804 2724; x_wconf 82' lang='lat' dir='ltr'><strong>Adjuro</strong></span> <span class='ocrx_word' id='word_1_199' title='bbox 1830 2668 1925 2723; x_wconf 88' lang='lat' dir='ltr'><strong>per</strong></span> 
     </span>
    </p>
   </div>
   <div class='ocr_carea' id='block_1_26' title="bbox 345 2747 1925 2828">
    <p class='ocr_par' dir='ltr' id='par_1_26' title="bbox 345 2747 1925 2828">
     <span class='ocr_line' id='line_1_26' title="bbox 345 2747 1925 2828; baseline -0.009 -14"><span class='ocrx_word' id='word_1_200' title='bbox 345 2763 517 2828; x_wconf 84' lang='lat' dir='ltr'><strong>ipsum</strong></span> <span class='ocrx_word' id='word_1_201' title='bbox 545 2758 630 2827; x_wconf 89' lang='lat' dir='ltr'><strong>qui</strong></span> <span class='ocrx_word' id='word_1_202' title='bbox 663 2756 820 2821; x_wconf 82' lang='lat' dir='ltr'><strong>hodie</strong></span> <span class='ocrx_word' id='word_1_203' title='bbox 846 2762 998 2807; x_wconf 90' lang='lat' dir='ltr'><strong>natus</strong></span> <span class='ocrx_word' id='word_1_204' title='bbox 1037 2759 1118 2806; x_wconf 91' lang='lat' dir='ltr'><strong>est</strong></span> <span class='ocrx_word' id='word_1_205' title='bbox 1143 2767 1155 2802; x_wconf 91' lang='lat'>:</span> <span class='ocrx_word' id='word_1_206' title='bbox 1180 2749 1401 2818; x_wconf 77' lang='lat' dir='ltr'><strong>adiuro,</strong></span> <span class='ocrx_word' id='word_1_207' title='bbox 1435 2747 1734 2815; x_wconf 86' lang='lat' dir='ltr'><strong>obstringo,</strong></span> <span class='ocrx_word' id='word_1_208' title='bbox 1768 2759 1925 2800; x_wconf 90' lang='lat' dir='ltr'><strong>nemo</strong></span> 
     </span>
    </p>
   </div>
   <div class='ocr_carea' id='block_1_27' title="bbox 346 2835 1922 2917">
    <p class='ocr_par' dir='ltr' id='par_1_27' title="bbox 346 2835 1922 2917">
     <span class='ocr_line' id='line_1_27' title="bbox 346 2835 1922 2917; baseline -0.01 -13"><span class='ocrx_word' id='word_1_209' title='bbox 346 2850 524 2904; x_wconf 79' lang='lat' dir='ltr'><strong>iaciat.</strong></span> <span class='ocrx_word' id='word_1_210' title='bbox 554 2849 662 2917; x_wconf 88' lang='lat' dir='ltr'><strong>Ego</strong></span> <span class='ocrx_word' id='word_1_211' title='bbox 693 2862 777 2900; x_wconf 91' lang='lat' dir='ltr'><strong>me</strong></span> <span class='ocrx_word' id='word_1_212' title='bbox 803 2845 1041 2899; x_wconf 87' lang='lat' dir='ltr'><strong>absolvo.</strong></span> <span class='ocrx_word' id='word_1_213' title='bbox 1069 2841 1256 2896; x_wconf 80' lang='lat' dir='ltr'><strong>Melius</strong></span> <span class='ocrx_word' id='word_1_214' title='bbox 1282 2847 1364 2895; x_wconf 89' lang='lat' dir='ltr'><strong>est</strong></span> <span class='ocrx_word' id='word_1_215' title='bbox 1389 2847 1446 2894; x_wconf 91' lang='lat' dir='ltr'><strong>ut</strong></span> <span class='ocrx_word' id='word_1_216' title='bbox 1473 2851 1694 2892; x_wconf 89' lang='lat' dir='ltr'><strong>monens</strong></span> <span class='ocrx_word' id='word_1_217' title='bbox 1719 2835 1922 2900; x_wconf 91' lang='lat' dir='ltr'><strong>audiar,</strong></span> 
     </span>
    </p>
   </div>
   <div class='ocr_carea' id='block_1_28' title="bbox 349 2935 950 3014">
    <p class='ocr_par' dir='ltr' id='par_1_28' title="bbox 349 2935 950 3014">
     <span class='ocr_line' id='line_1_28' title="bbox 349 2935 950 3014; baseline -0.012 -21"><span class='ocrx_word' id='word_1_218' title='bbox 349 2955 508 3014; x_wconf 74' lang='lat' dir='ltr'><strong>quam</strong></span> <span class='ocrx_word' id='word_1_219' title='bbox 541 2938 705 2994; x_wconf 86' lang='lat' dir='ltr'><strong>tristis</strong></span> <span class='ocrx_word' id='word_1_220' title='bbox 731 2935 950 2991; x_wconf 89' lang='lat' dir='ltr'><strong>sentiar.</strong></span> 
     </span>
    </p>
   </div>
   <div class='ocr_carea' id='block_1_29' title="bbox 860 3039 1423 3102">
    <p class='ocr_par' dir='ltr' id='par_1_29' title="bbox 860 3039 1423 3102">
     <span class='ocr_line' id='line_1_29' title="bbox 860 3039 1423 3102; baseline -0.018 0"><span class='ocrx_word' id='word_1_221' title='bbox 860 3043 1087 3102; x_wconf 74' lang='lat' dir='ltr'><strong>SEMIO</strong></span> <span class='ocrx_word' id='word_1_222' title='bbox 1123 3039 1354 3100; x_wconf 79' lang='lat' dir='ltr'><strong>CXCVII</strong></span> <span class='ocrx_word' id='word_1_223' title='bbox 1386 3045 1423 3092; x_wconf 80' lang='lat'><strong>‘.</strong></span> 
     </span>
    </p>
   </div>
   <div class='ocr_carea' id='block_1_30' title="bbox 585 3129 1676 3194">
    <p class='ocr_par' dir='ltr' id='par_1_30' title="bbox 585 3129 1676 3194">
     <span class='ocr_line' id='line_1_30' title="bbox 585 3129 1676 3194; baseline -0.014 -1"><span class='ocrx_word' id='word_1_224' title='bbox 585 3149 653 3193; x_wconf 88' lang='lat' dir='ltr'><strong>De</strong></span> <span class='ocrx_word' id='word_1_225' title='bbox 675 3138 895 3190; x_wconf 85' lang='lat' dir='ltr'><strong>Calendis</strong></span> <span class='ocrx_word' id='word_1_226' title='bbox 910 3136 1159 3194; x_wconf 84' lang='lat' dir='ltr'><strong>Januariis,</strong></span> <span class='ocrx_word' id='word_1_227' title='bbox 1182 3141 1348 3184; x_wconf 61' lang='lat' dir='ltr'><strong>contra</strong></span> <span class='ocrx_word' id='word_1_228' title='bbox 1366 3139 1576 3194; x_wconf 78' lang='lat' dir='ltr'><strong>Paganos</strong></span> <span class='ocrx_word' id='word_1_229' title='bbox 1603 3129 1676 3194; x_wconf 91' lang='lat' dir='ltr'><strong>(a)</strong></span> 
     </span>
    </p>
   </div>
   <div class='ocr_carea' id='block_1_31' title="bbox 917 3214 1360 3285">
    <p class='ocr_par' dir='ltr' id='par_1_31' title="bbox 917 3214 1360 3285">
     <span class='ocr_line' id='line_1_31' title="bbox 917 3214 1360 3285; baseline -0.018 -12"><span class='ocrx_word' id='word_1_230' title='bbox 917 3232 1234 3273; x_wconf 69' lang='lat' dir='ltr'><strong>rnscnssu</strong></span> <span class='ocrx_word' id='word_1_231' title='bbox 1267 3214 1360 3285; x_wconf 91' lang='lat' dir='ltr'><strong>(b).</strong></span> 
     </span>
    </p>
   </div>
   <div class='ocr_carea' id='block_1_32' title="bbox 428 3321 1927 3394">
    <p class='ocr_par' dir='ltr' id='par_1_32' title="bbox 428 3321 1927 3394">
     <span class='ocr_line' id='line_1_32' title="bbox 428 3321 1927 3394; baseline -0.011 -5"><span class='ocrx_word' id='word_1_232' title='bbox 428 3337 478 3390; x_wconf 83' lang='grc' dir='ltr'><strong>Ι.</strong></span> <span class='ocrx_word' id='word_1_233' title='bbox 524 3332 792 3388; x_wconf 78' lang='lat' dir='ltr'><strong>Rerelatur</strong></span> <span class='ocrx_word' id='word_1_234' title='bbox 819 3330 950 3384; x_wconf 86' lang='lat' dir='ltr'><strong>enim</strong></span> <span class='ocrx_word' id='word_1_235' title='bbox 973 3329 1051 3382; x_wconf 89' lang='lat' dir='ltr'><strong>ira</strong></span> <span class='ocrx_word' id='word_1_236' title='bbox 1077 3325 1170 3380; x_wconf 86' lang='lat' dir='ltr'><strong>Dei</strong></span> <span class='ocrx_word' id='word_1_237' title='bbox 1193 3327 1254 3380; x_wconf 85' lang='lat' dir='ltr'><strong>de</strong></span> <span class='ocrx_word' id='word_1_238' title='bbox 1288 3325 1412 3378; x_wconf 80' lang='lat' dir='ltr'><strong>ctelo</strong></span> <span class='ocrx_word' id='word_1_239' title='bbox 1436 3340 1586 3394; x_wconf 82' lang='lat' dir='ltr'><strong>super</strong></span> <span class='ocrx_word' id='word_1_240' title='bbox 1604 3339 1798 3376; x_wconf 87' lang='lat' dir='ltr'><strong>onmem</strong></span> <span class='ocrx_word' id='word_1_241' title='bbox 1828 3321 1927 3374; x_wconf 89' lang='lat' dir='ltr'><strong>im-</strong></span> 
     </span>
    </p>
   </div>
   <div class='ocr_carea' id='block_1_33' title="bbox 354 3409 1930 3496">
    <p class='ocr_par' dir='ltr' id='par_1_33' title="bbox 354 3409 1930 3496">
     <span class='ocr_line' id='line_1_33' title="bbox 354 3409 1930 3496; baseline -0.008 -18"><span class='ocrx_word' id='word_1_242' title='bbox 354 3425 610 3496; x_wconf 76' lang='lat' dir='ltr'><strong>pietatem.</strong></span> <span class='ocrx_word' id='word_1_243' title='bbox 629 3421 883 3489; x_wconf 83' lang='lat' dir='ltr'><strong>Quorum,</strong></span> <span class='ocrx_word' id='word_1_244' title='bbox 909 3417 1007 3471; x_wconf 90' lang='lat' dir='ltr'><strong>nisi</strong></span> <span class='ocrx_word' id='word_1_245' title='bbox 1039 3425 1092 3471; x_wconf 89' lang='lat' dir='ltr'><strong>et</strong></span> <span class='ocrx_word' id='word_1_246' title='bbox 1116 3415 1417 3472; x_wconf 76' lang='lat' dir='ltr'><strong>Judteorum</strong></span> <span class='ocrx_word' id='word_1_247' title='bbox 1443 3422 1496 3467; x_wconf 88' lang='lat' dir='ltr'><strong>et</strong></span> <span class='ocrx_word' id='word_1_248' title='bbox 1521 3411 1800 3467; x_wconf 88' lang='lat' dir='ltr'><strong>Gentium?</strong></span> <span class='ocrx_word' id='word_1_249' title='bbox 1825 3409 1930 3466; x_wconf 86' lang='lat' dir='ltr'><strong>Sed</strong></span> 
     </span>
    </p>
   </div>
   <div class='ocr_carea' id='block_1_34' title="bbox 354 3503 1935 3577">
    <p class='ocr_par' dir='ltr' id='par_1_34' title="bbox 354 3503 1935 3577">
     <span class='ocr_line' id='line_1_34' title="bbox 354 3503 1935 3577; baseline -0.008 -7"><span class='ocrx_word' id='word_1_250' title='bbox 354 3531 424 3570; x_wconf 87' lang='lat' dir='ltr'><strong>ne</strong></span> <span class='ocrx_word' id='word_1_251' title='bbox 449 3514 733 3575; x_wconf 85' lang='lat' dir='ltr'><strong>diceretur,</strong></span> <span class='ocrx_word' id='word_1_252' title='bbox 755 3510 928 3577; x_wconf 85' lang='lat' dir='ltr'><strong>Quare</strong></span> <span class='ocrx_word' id='word_1_253' title='bbox 957 3523 1116 3577; x_wconf 88' lang='lat' dir='ltr'><strong>super</strong></span> <span class='ocrx_word' id='word_1_254' title='bbox 1139 3506 1461 3576; x_wconf 85' lang='lat' dir='ltr'><strong>impietatem</strong></span> <span class='ocrx_word' id='word_1_255' title='bbox 1489 3503 1734 3559; x_wconf 88' lang='lat' dir='ltr'><strong>Gentium</strong></span> <span class='ocrx_word' id='word_1_256' title='bbox 1749 3503 1772 3556; x_wconf 90' lang='lat'><strong>?</strong></span> <span class='ocrx_word' id='word_1_257' title='bbox 1788 3503 1935 3558; x_wconf 84' lang='lat' dir='ltr'><strong>Nun-</strong></span> 
     </span>
    </p>
   </div>
   <div class='ocr_carea' id='block_1_35' title="bbox 353 3595 1933 3673">
    <p class='ocr_par' dir='ltr' id='par_1_35' title="bbox 353 3595 1933 3673">
     <span class='ocr_line' id='line_1_35' title="bbox 353 3595 1933 3673; baseline -0.006 -16"><span class='ocrx_word' id='word_1_258' title='bbox 353 3619 512 3673; x_wconf 80' lang='lat' dir='ltr'><strong>quam</strong></span> <span class='ocrx_word' id='word_1_259' title='bbox 538 3603 678 3656; x_wconf 89' lang='lat' dir='ltr'><strong>enim</strong></span> <span class='ocrx_word' id='word_1_260' title='bbox 706 3601 900 3656; x_wconf 86' lang='lat' dir='ltr'><strong>Gentes</strong></span> <span class='ocrx_word' id='word_1_261' title='bbox 949 3599 1144 3668; x_wconf 89' lang='lat' dir='ltr'><strong>Legem</strong></span> <span class='ocrx_word' id='word_1_262' title='bbox 1172 3605 1490 3666; x_wconf 88' lang='lat' dir='ltr'><strong>acceperunt</strong></span> <span class='ocrx_word' id='word_1_263' title='bbox 1523 3603 1578 3650; x_wconf 91' lang='lat' dir='ltr'><strong>et</strong></span> <span class='ocrx_word' id='word_1_264' title='bbox 1619 3595 1933 3664; x_wconf 70' lang='lat' dir='ltr'><strong>prazvarica-</strong></span> 
     </span>
    </p>
   </div>
   <div class='ocr_carea' id='block_1_36' title="bbox 357 3685 1930 3756">
    <p class='ocr_par' dir='ltr' id='par_1_36' title="bbox 357 3685 1930 3756">
     <span class='ocr_line' id='line_1_36' title="bbox 357 3685 1930 3756; baseline -0.006 -5"><span class='ocrx_word' id='word_1_265' title='bbox 357 3706 502 3752; x_wconf 84' lang='lat' dir='ltr'><strong>tores</strong></span> <span class='ocrx_word' id='word_1_266' title='bbox 523 3695 643 3749; x_wconf 87' lang='lat' dir='ltr'><strong>l&#39;acti</strong></span> <span class='ocrx_word' id='word_1_267' title='bbox 661 3693 814 3748; x_wconf 83' lang='lat' dir='ltr'><strong>sunt?</strong></span> <span class='ocrx_word' id='word_1_268' title='bbox 837 3692 1000 3746; x_wconf 84' lang='lat' dir='ltr'><strong>Recte</strong></span> <span class='ocrx_word' id='word_1_269' title='bbox 1022 3691 1283 3745; x_wconf 85' lang='lat' dir='ltr'><strong>revelatur</strong></span> <span class='ocrx_word' id='word_1_270' title='bbox 1309 3689 1382 3742; x_wconf 88' lang='lat' dir='ltr'><strong>ira</strong></span> <span class='ocrx_word' id='word_1_271' title='bbox 1405 3687 1498 3742; x_wconf 86' lang='lat' dir='ltr'><strong>Dei</strong></span> <span class='ocrx_word' id='word_1_272' title='bbox 1520 3702 1678 3756; x_wconf 87' lang='lat' dir='ltr'><strong>super</strong></span> <span class='ocrx_word' id='word_1_273' title='bbox 1698 3685 1930 3752; x_wconf 69' lang='lat' dir='ltr'><strong>Judmos,</strong></span> 
     </span>
    </p>
   </div>
   <div class='ocr_carea' id='block_1_37' title="bbox 355 3777 1930 3856">
    <p class='ocr_par' dir='ltr' id='par_1_37' title="bbox 355 3777 1930 3856">
     <span class='ocr_line' id='line_1_37' title="bbox 355 3777 1930 3856; baseline -0.005 -18"><span class='ocrx_word' id='word_1_274' title='bbox 355 3787 548 3856; x_wconf 88' lang='lat' dir='ltr'><strong>quibus</strong></span> <span class='ocrx_word' id='word_1_275' title='bbox 576 3783 694 3838; x_wconf 88' lang='lat' dir='ltr'><strong>data</strong></span> <span class='ocrx_word' id='word_1_276' title='bbox 741 3791 823 3836; x_wconf 91' lang='lat' dir='ltr'><strong>est</strong></span> <span class='ocrx_word' id='word_1_277' title='bbox 863 3781 969 3836; x_wconf 77' lang='lat' dir='ltr'><strong>Lex</strong></span> <span class='ocrx_word' id='word_1_278' title='bbox 991 3822 1007 3847; x_wconf 93' lang='lat'><strong>,</strong></span> <span class='ocrx_word' id='word_1_279' title='bbox 1035 3789 1088 3835; x_wconf 89' lang='lat' dir='ltr'><strong>et</strong></span> <span class='ocrx_word' id='word_1_280' title='bbox 1133 3794 1248 3834; x_wconf 89' lang='lat' dir='ltr'><strong>cam</strong></span> <span class='ocrx_word' id='word_1_281' title='bbox 1290 3778 1576 3833; x_wconf 83' lang='lat' dir='ltr'><strong>observare</strong></span> <span class='ocrx_word' id='word_1_282' title='bbox 1605 3777 1887 3832; x_wconf 88' lang='lat' dir='ltr'><strong>noluerunt</strong></span> <span class='ocrx_word' id='word_1_283' title='bbox 1917 3793 1930 3830; x_wconf 87' lang='lat'><strong>:</strong></span> 
     </span>
    </p>
   </div>
   <div class='ocr_carea' id='block_1_38' title="bbox 358 3865 1936 3932">
    <p class='ocr_par' dir='ltr' id='par_1_38' title="bbox 358 3865 1936 3932">
     <span class='ocr_line' id='line_1_38' title="bbox 358 3865 1936 3932; baseline -0.008 -1"><span class='ocrx_word' id='word_1_284' title='bbox 358 3875 617 3932; x_wconf 84' lang='lat' dir='ltr'><strong>Gentibus</strong></span> <span class='ocrx_word' id='word_1_285' title='bbox 650 3883 828 3927; x_wconf 89' lang='lat' dir='ltr'><strong>autem</strong></span> <span class='ocrx_word' id='word_1_286' title='bbox 868 3887 970 3925; x_wconf 89' lang='lat' dir='ltr'><strong>non</strong></span> <span class='ocrx_word' id='word_1_287' title='bbox 1009 3877 1092 3924; x_wconf 90' lang='lat' dir='ltr'><strong>cst</strong></span> <span class='ocrx_word' id='word_1_288' title='bbox 1117 3867 1258 3922; x_wconf 88' lang='lat' dir='ltr'><strong>data.</strong></span> <span class='ocrx_word' id='word_1_289' title='bbox 1295 3866 1593 3930; x_wconf 88' lang='lat' dir='ltr'><strong>Intuemini,</strong></span> <span class='ocrx_word' id='word_1_290' title='bbox 1626 3865 1850 3932; x_wconf 79' lang='lat' dir='ltr'><strong>fratres,</strong></span> <span class='ocrx_word' id='word_1_291' title='bbox 1883 3875 1936 3921; x_wconf 92' lang='lat' dir='ltr'><strong>ct</strong></span> 
     </span>
    </p>
   </div>
   <div class='ocr_carea' id='block_1_39' title="bbox 357 3949 1936 4034">
    <p class='ocr_par' dir='ltr' id='par_1_39' title="bbox 357 3949 1936 4034">
     <span class='ocr_line' id='line_1_39' title="bbox 357 3949 1936 4034; baseline -0.007 -13"><span class='ocrx_word' id='word_1_292' title='bbox 357 3965 637 4034; x_wconf 81' lang='lat' dir='ltr'><strong>intelligite</strong></span> <span class='ocrx_word' id='word_1_293' title='bbox 683 3949 949 4032; x_wconf 78' lang='lat' dir='ltr'><strong>quomodo</strong></span> <span class='ocrx_word' id='word_1_294' title='bbox 985 3974 1169 4012; x_wconf 92' lang='lat' dir='ltr'><strong>omnes</strong></span> <span class='ocrx_word' id='word_1_295' title='bbox 1213 3972 1333 4015; x_wconf 84' lang='lat' dir='ltr'><strong>reos</strong></span> <span class='ocrx_word' id='word_1_296' title='bbox 1376 3957 1646 4022; x_wconf 87' lang='lat' dir='ltr'><strong>ostendit,</strong></span> <span class='ocrx_word' id='word_1_297' title='bbox 1674 3965 1726 4010; x_wconf 90' lang='lat' dir='ltr'><strong>et</strong></span> <span class='ocrx_word' id='word_1_298' title='bbox 1749 3970 1936 4012; x_wconf 87' lang='lat' dir='ltr'><strong>omnes</strong></span> 
     </span>
    </p>
   </div>
   <div class='ocr_carea' id='block_1_40' title="bbox 355 4049 1936 4125">
    <p class='ocr_par' dir='ltr' id='par_1_40' title="bbox 355 4049 1936 4125">
     <span class='ocr_line' id='line_1_40' title="bbox 355 4049 1936 4125; baseline -0.008 -12"><span class='ocrx_word' id='word_1_299' title='bbox 355 4057 545 4113; x_wconf 85' lang='lat' dir='ltr'><strong>salutis</strong></span> <span class='ocrx_word' id='word_1_300' title='bbox 571 4056 805 4125; x_wconf 82' lang='lat' dir='ltr'><strong>indigere</strong></span> <span class='ocrx_word' id='word_1_301' title='bbox 835 4068 898 4108; x_wconf 90' lang='lat' dir='ltr'><strong>ac</strong></span> <span class='ocrx_word' id='word_1_302' title='bbox 924 4049 1303 4105; x_wconf 68' lang='lat' dir='ltr'><strong>misericordia:</strong></span> <span class='ocrx_word' id='word_1_303' title='bbox 1351 4049 1460 4103; x_wconf 88' lang='lat' dir='ltr'><strong>Dei.</strong></span> <span class='ocrx_word' id='word_1_304' title='bbox 1497 4049 1766 4104; x_wconf 80' lang='lat' dir='ltr'><strong>Revelatur</strong></span> <span class='ocrx_word' id='word_1_305' title='bbox 1804 4050 1936 4102; x_wconf 86' lang='lat' dir='ltr'><strong>enim</strong></span> 
     </span>
    </p>
   </div>
   <div class='ocr_carea' id='block_1_41' title="bbox 356 4138 1936 4213">
    <p class='ocr_par' dir='ltr' id='par_1_41' title="bbox 356 4138 1936 4213">
     <span class='ocr_line' id='line_1_41' title="bbox 356 4138 1936 4213; baseline -0.008 -11"><span class='ocrx_word' id='word_1_306' title='bbox 356 4151 434 4202; x_wconf 87' lang='lat' dir='ltr'><strong>ira</strong></span> <span class='ocrx_word' id='word_1_307' title='bbox 476 4146 567 4201; x_wconf 84' lang='lat' dir='ltr'><strong>Dei</strong></span> <span class='ocrx_word' id='word_1_308' title='bbox 595 4147 657 4200; x_wconf 88' lang='lat' dir='ltr'><strong>de</strong></span> <span class='ocrx_word' id='word_1_309' title='bbox 685 4145 807 4200; x_wconf 68' lang='lat' dir='ltr'><strong>calo</strong></span> <span class='ocrx_word' id='word_1_310' title='bbox 835 4138 986 4213; x_wconf 80' lang='lat' dir='ltr'><strong>super</strong></span> <span class='ocrx_word' id='word_1_311' title='bbox 1005 4157 1200 4196; x_wconf 88' lang='lat' dir='ltr'><strong>onmem</strong></span> <span class='ocrx_word' id='word_1_312' title='bbox 1231 4140 1536 4210; x_wconf 76' lang='lat' dir='ltr'><strong>impietatem</strong></span> <span class='ocrx_word' id='word_1_313' title='bbox 1565 4149 1611 4194; x_wconf 87' lang='lat' dir='ltr'><strong>et</strong></span> <span class='ocrx_word' id='word_1_314' title='bbox 1636 4140 1936 4210; x_wconf 85' lang='lat' dir='ltr'><strong>injustitiam</strong></span> 
     </span>
    </p>
   </div>
   <div class='ocr_carea' id='block_1_42' title="bbox 360 4229 1938 4303">
    <p class='ocr_par' dir='ltr' id='par_1_42' title="bbox 360 4229 1938 4303">
     <span class='ocr_line' id='line_1_42' title="bbox 360 4229 1938 4303; baseline -0.007 -12"><span class='ocrx_word' id='word_1_315' title='bbox 360 4238 617 4291; x_wconf 77' lang='lat' dir='ltr'><strong>hominum</strong></span> <span class='ocrx_word' id='word_1_316' title='bbox 647 4251 814 4288; x_wconf 86' lang='lat' dir='ltr'><strong>eorum</strong></span> <span class='ocrx_word' id='word_1_317' title='bbox 841 4235 927 4303; x_wconf 88' lang='lat' dir='ltr'><strong>qui</strong></span> <span class='ocrx_word' id='word_1_318' title='bbox 950 4233 1201 4286; x_wconf 79' lang='lat' dir='ltr'><strong>veritatem</strong></span> <span class='ocrx_word' id='word_1_319' title='bbox 1222 4231 1272 4282; x_wconf 91' lang='lat' dir='ltr'><strong>in</strong></span> <span class='ocrx_word' id='word_1_320' title='bbox 1295 4230 1553 4300; x_wconf 75' lang='lat' dir='ltr'><strong>iniquitate</strong></span> <span class='ocrx_word' id='word_1_321' title='bbox 1581 4230 1816 4282; x_wconf 80' lang='lat' dir='ltr'><strong>detinent.</strong></span> <span class='ocrx_word' id='word_1_322' title='bbox 1849 4229 1938 4283; x_wconf 68' lang='lat' dir='ltr'><strong>Vi-</strong></span> 
     </span>
    </p>
   </div>
   <div class='ocr_carea' id='block_1_43' title="bbox 354 4319 1940 4397">
    <p class='ocr_par' dir='ltr' id='par_1_43' title="bbox 354 4319 1940 4397">
     <span class='ocr_line' id='line_1_43' title="bbox 354 4319 1940 4397; baseline -0.007 -12"><span class='ocrx_word' id='word_1_323' title='bbox 354 4333 485 4385; x_wconf 86' lang='lat' dir='ltr'><strong>dete</strong></span> <span class='ocrx_word' id='word_1_324' title='bbox 525 4323 968 4397; x_wconf 85' lang='lat' dir='ltr'><strong>quemadmodum</strong></span> <span class='ocrx_word' id='word_1_325' title='bbox 998 4338 1100 4376; x_wconf 91' lang='lat' dir='ltr'><strong>non</strong></span> <span class='ocrx_word' id='word_1_326' title='bbox 1129 4321 1355 4386; x_wconf 82' lang='lat' dir='ltr'><strong>dixerit,</strong></span> <span class='ocrx_word' id='word_1_327' title='bbox 1382 4319 1494 4374; x_wconf 87' lang='lat' dir='ltr'><strong>Non</strong></span> <span class='ocrx_word' id='word_1_328' title='bbox 1527 4320 1722 4374; x_wconf 87' lang='lat' dir='ltr'><strong>habent</strong></span> <span class='ocrx_word' id='word_1_329' title='bbox 1749 4319 1940 4374; x_wconf 85' lang='lat' dir='ltr'><strong>verita-</strong></span> 
     </span>
    </p>
   </div>
   <div class='ocr_carea' id='block_1_44' title="bbox 360 4411 1942 4484">
    <p class='ocr_par' dir='ltr' id='par_1_44' title="bbox 360 4411 1942 4484">
     <span class='ocr_line' id='line_1_44' title="bbox 360 4411 1942 4484; baseline -0.007 -7"><span class='ocrx_word' id='word_1_330' title='bbox 360 4435 473 4477; x_wconf 86' lang='lat' dir='ltr'><strong>tem</strong></span> <span class='ocrx_word' id='word_1_331' title='bbox 504 4438 518 4474; x_wconf 91' lang='lat'><strong>:</strong></span> <span class='ocrx_word' id='word_1_332' title='bbox 546 4418 662 4483; x_wconf 88' lang='lat' dir='ltr'><strong>sed,</strong></span> <span class='ocrx_word' id='word_1_333' title='bbox 702 4416 990 4482; x_wconf 76' lang='lat' dir='ltr'><strong>Veritatem,</strong></span> <span class='ocrx_word' id='word_1_334' title='bbox 1024 4414 1213 4484; x_wconf 90' lang='lat' dir='ltr'><strong>inquit,</strong></span> <span class='ocrx_word' id='word_1_335' title='bbox 1241 4413 1293 4466; x_wconf 88' lang='lat' dir='ltr'><strong>in</strong></span> <span class='ocrx_word' id='word_1_336' title='bbox 1312 4412 1576 4482; x_wconf 83' lang='lat' dir='ltr'><strong>iniquitate</strong></span> <span class='ocrx_word' id='word_1_337' title='bbox 1601 4411 1843 4466; x_wconf 81' lang='lat' dir='ltr'><strong>detinent.</strong></span> <span class='ocrx_word' id='word_1_338' title='bbox 1874 4411 1942 4466; x_wconf 86' lang='lat' dir='ltr'><strong>Et</strong></span> 
     </span>
    </p>
   </div>
   <div class='ocr_carea' id='block_1_45' title="bbox 358 4501 1941 4582">
    <p class='ocr_par' dir='ltr' id='par_1_45' title="bbox 358 4501 1941 4582">
     <span class='ocr_line' id='line_1_45' title="bbox 358 4501 1941 4582; baseline -0.006 -16"><span class='ocrx_word' id='word_1_339' title='bbox 358 4511 513 4582; x_wconf 85' lang='lat' dir='ltr'><strong>quasi</strong></span> <span class='ocrx_word' id='word_1_340' title='bbox 543 4522 810 4579; x_wconf 78' lang='lat' dir='ltr'><strong>qtnereres</strong></span> <span class='ocrx_word' id='word_1_341' title='bbox 839 4506 1050 4572; x_wconf 88' lang='lat' dir='ltr'><strong>dicens,</strong></span> <span class='ocrx_word' id='word_1_342' title='bbox 1081 4502 1358 4572; x_wconf 85' lang='lat' dir='ltr'><strong>Quomodo</strong></span> <span class='ocrx_word' id='word_1_343' title='bbox 1388 4510 1605 4571; x_wconf 89' lang='lat' dir='ltr'><strong>possunt</strong></span> <span class='ocrx_word' id='word_1_344' title='bbox 1632 4501 1826 4557; x_wconf 88' lang='lat' dir='ltr'><strong>habere</strong></span> <span class='ocrx_word' id='word_1_345' title='bbox 1850 4517 1941 4556; x_wconf 86' lang='lat' dir='ltr'><strong>vc-</strong></span> 
     </span>
    </p>
   </div>
   <div class='ocr_carea' id='block_1_46' title="bbox 359 4593 1942 4670">
    <p class='ocr_par' dir='ltr' id='par_1_46' title="bbox 359 4593 1942 4670">
     <span class='ocr_line' id='line_1_46' title="bbox 359 4593 1942 4670; baseline -0.008 -11"><span class='ocrx_word' id='word_1_346' title='bbox 359 4604 570 4658; x_wconf 86' lang='lat' dir='ltr'><strong>ritatem</strong></span> <span class='ocrx_word' id='word_1_347' title='bbox 593 4644 608 4666; x_wconf 88' lang='lat'><strong>,</strong></span> <span class='ocrx_word' id='word_1_348' title='bbox 635 4600 721 4670; x_wconf 92' lang='lat' dir='ltr'><strong>qui</strong></span> <span class='ocrx_word' id='word_1_349' title='bbox 765 4599 956 4669; x_wconf 80' lang='lat' dir='ltr'><strong>Legem</strong></span> <span class='ocrx_word' id='word_1_350' title='bbox 999 4613 1102 4652; x_wconf 92' lang='lat' dir='ltr'><strong>non</strong></span> <span class='ocrx_word' id='word_1_351' title='bbox 1133 4594 1495 4668; x_wconf 82' lang='lat' dir='ltr'><strong>acceperunt?</strong></span> <span class='ocrx_word' id='word_1_352' title='bbox 1521 4594 1778 4665; x_wconf 82' lang='lat' dir='ltr'><strong>sequitur,</strong></span> <span class='ocrx_word' id='word_1_353' title='bbox 1810 4593 1942 4659; x_wconf 85' lang='lat' dir='ltr'><strong>Quia</strong></span> 
     </span>
    </p>
   </div>
   <div class='ocr_carea' id='block_1_47' title="bbox 307 4685 1944 4760">
    <p class='ocr_par' dir='ltr' id='par_1_47' title="bbox 307 4685 1944 4760">
     <span class='ocr_line' id='line_1_47' title="bbox 307 4685 1944 4760; baseline -0.003 -15"><span class='ocrx_word' id='word_1_354' title='bbox 307 4731 310 4736; x_wconf 85' lang='grc'><strong><em>-</em></strong></span> <span class='ocrx_word' id='word_1_355' title='bbox 361 4692 497 4760; x_wconf 83' lang='lat' dir='ltr'><strong>quod</strong></span> <span class='ocrx_word' id='word_1_356' title='bbox 523 4702 691 4745; x_wconf 80' lang='lat' dir='ltr'><strong>notum</strong></span> <span class='ocrx_word' id='word_1_357' title='bbox 711 4700 814 4753; x_wconf 84' lang='lat' dir='ltr'><strong>est,</strong></span> <span class='ocrx_word' id='word_1_358' title='bbox 845 4688 1044 4760; x_wconf 88' lang='lat' dir='ltr'><strong>inquit,</strong></span> <span class='ocrx_word' id='word_1_359' title='bbox 1079 4686 1193 4750; x_wconf 81' lang='lat' dir='ltr'><strong>Dei,</strong></span> <span class='ocrx_word' id='word_1_360' title='bbox 1221 4687 1537 4757; x_wconf 76' lang='lat' dir='ltr'><strong>manifestum</strong></span> <span class='ocrx_word' id='word_1_361' title='bbox 1563 4694 1634 4741; x_wconf 86' lang='lat' dir='ltr'><strong>est</strong></span> <span class='ocrx_word' id='word_1_362' title='bbox 1656 4686 1708 4738; x_wconf 90' lang='lat' dir='ltr'><strong>in</strong></span> <span class='ocrx_word' id='word_1_363' title='bbox 1732 4685 1851 4738; x_wconf 87' lang='lat' dir='ltr'><strong>illis.</strong></span> <span class='ocrx_word' id='word_1_364' title='bbox 1878 4685 1944 4740; x_wconf 88' lang='lat' dir='ltr'><strong>Et</strong></span> 
     </span>
    </p>
   </div>
   <div class='ocr_carea' id='block_1_48' title="bbox 363 4775 1941 4852">
    <p class='ocr_par' dir='ltr' id='par_1_48' title="bbox 363 4775 1941 4852">
     <span class='ocr_line' id='line_1_48' title="bbox 363 4775 1941 4852; baseline -0.003 -17"><span class='ocrx_word' id='word_1_365' title='bbox 363 4781 633 4852; x_wconf 87' lang='lat' dir='ltr'><strong>quomodo</strong></span> <span class='ocrx_word' id='word_1_366' title='bbox 662 4781 829 4849; x_wconf 88' lang='lat' dir='ltr'><strong>potuit</strong></span> <span class='ocrx_word' id='word_1_367' title='bbox 867 4777 1204 4833; x_wconf 84' lang='lat' dir='ltr'><strong>manifestum</strong></span> <span class='ocrx_word' id='word_1_368' title='bbox 1230 4791 1349 4832; x_wconf 90' lang='lat' dir='ltr'><strong>esse</strong></span> <span class='ocrx_word' id='word_1_369' title='bbox 1378 4777 1427 4830; x_wconf 93' lang='lat' dir='ltr'><strong>in</strong></span> <span class='ocrx_word' id='word_1_370' title='bbox 1460 4775 1565 4831; x_wconf 87' lang='lat' dir='ltr'><strong>illis</strong></span> <span class='ocrx_word' id='word_1_371' title='bbox 1593 4775 1732 4846; x_wconf 90' lang='lat' dir='ltr'><strong>quod</strong></span> <span class='ocrx_word' id='word_1_372' title='bbox 1761 4783 1941 4830; x_wconf 92' lang='lat' dir='ltr'><strong>notum</strong></span> 
     </span>
    </p>
   </div>
   <div class='ocr_carea' id='block_1_49' title="bbox 363 4865 1946 4941">
    <p class='ocr_par' dir='ltr' id='par_1_49' title="bbox 363 4865 1946 4941">
     <span class='ocr_line' id='line_1_49' title="bbox 363 4865 1946 4941; baseline -0.004 -12"><span class='ocrx_word' id='word_1_373' title='bbox 363 4885 448 4930; x_wconf 78' lang='lat' dir='ltr'><strong>est</strong></span> <span class='ocrx_word' id='word_1_374' title='bbox 480 4873 606 4936; x_wconf 88' lang='lat' dir='ltr'><strong>Dei,</strong></span> <span class='ocrx_word' id='word_1_375' title='bbox 637 4873 722 4941; x_wconf 89' lang='lat' dir='ltr'><strong>qni</strong></span> <span class='ocrx_word' id='word_1_376' title='bbox 753 4871 945 4935; x_wconf 80' lang='lat' dir='ltr'><strong>Legem</strong></span> <span class='ocrx_word' id='word_1_377' title='bbox 976 4885 1082 4922; x_wconf 90' lang='lat' dir='ltr'><strong>non</strong></span> <span class='ocrx_word' id='word_1_378' title='bbox 1110 4867 1462 4935; x_wconf 87' lang='lat' dir='ltr'><strong>acceperunt?</strong></span> <span class='ocrx_word' id='word_1_379' title='bbox 1489 4865 1757 4936; x_wconf 84' lang='lat' dir='ltr'><strong>Sequitur,</strong></span> <span class='ocrx_word' id='word_1_380' title='bbox 1785 4877 1839 4922; x_wconf 88' lang='lat' dir='ltr'><strong>et</strong></span> <span class='ocrx_word' id='word_1_381' title='bbox 1867 4867 1946 4922; x_wconf 88' lang='lat' dir='ltr'><strong>di-</strong></span> 
     </span>
    </p>
   </div>
   <div class='ocr_carea' id='block_1_50' title="bbox 365 4959 1946 5032">
    <p class='ocr_par' dir='ltr' id='par_1_50' title="bbox 365 4959 1946 5032">
     <span class='ocr_line' id='line_1_50' title="bbox 365 4959 1946 5032; baseline -0.007 -10"><span class='ocrx_word' id='word_1_382' title='bbox 365 4969 440 5022; x_wconf 87' lang='lat' dir='ltr'><strong>cit</strong></span> <span class='ocrx_word' id='word_1_383' title='bbox 464 4986 478 5020; x_wconf 88' lang='lat'><strong>:</strong></span> <span class='ocrx_word' id='word_1_384' title='bbox 501 4964 783 5018; x_wconf 77' lang='lat' dir='ltr'><strong>Invisibiliu</strong></span> <span class='ocrx_word' id='word_1_385' title='bbox 807 4962 936 5015; x_wconf 89' lang='lat' dir='ltr'><strong>enim</strong></span> <span class='ocrx_word' id='word_1_386' title='bbox 960 4962 1089 5032; x_wconf 83' lang='lat' dir='ltr'><strong>ejus,</strong></span> <span class='ocrx_word' id='word_1_387' title='bbox 1113 4976 1142 5012; x_wconf 93' lang='lat' dir='ltr'><strong>a</strong></span> <span class='ocrx_word' id='word_1_388' title='bbox 1161 4968 1391 5012; x_wconf 86' lang='lat' dir='ltr'><strong>creatura</strong></span> <span class='ocrx_word' id='word_1_389' title='bbox 1416 4959 1609 5022; x_wconf 85' lang='lat' dir='ltr'><strong>mundi,</strong></span> <span class='ocrx_word' id='word_1_390' title='bbox 1641 4974 1730 5026; x_wconf 88' lang='lat' dir='ltr'><strong>per</strong></span> <span class='ocrx_word' id='word_1_391' title='bbox 1757 4973 1816 5010; x_wconf 89' lang='lat' dir='ltr'><strong>ea</strong></span> <span class='ocrx_word' id='word_1_392' title='bbox 1835 4973 1946 5026; x_wconf 82' lang='lat' dir='ltr'><strong>qua:</strong></span> 
     </span>
    </p>
   </div>
   <div class='ocr_carea' id='block_1_51' title="bbox 371 5047 1948 5120">
    <p class='ocr_par' dir='ltr' id='par_1_51' title="bbox 371 5047 1948 5120">
     <span class='ocr_line' id='line_1_51' title="bbox 371 5047 1948 5120; baseline -0.004 -12"><span class='ocrx_word' id='word_1_393' title='bbox 371 5056 507 5120; x_wconf 74' lang='lat' dir='ltr'><strong>facta</strong></span> <span class='ocrx_word' id='word_1_394' title='bbox 529 5065 678 5118; x_wconf 86' lang='lat' dir='ltr'><strong>sunt,</strong></span> <span class='ocrx_word' id='word_1_395' title='bbox 709 5052 960 5108; x_wconf 77' lang='lat' dir='ltr'><strong>intellecta</strong></span> <span class='ocrx_word' id='word_1_396' title='bbox 999 5047 1408 5118; x_wconf 84' lang='lat' dir='ltr'><strong>conspiciuntur;</strong></span> <span class='ocrx_word' id='word_1_397' title='bbox 1432 5048 1733 5116; x_wconf 83' lang='lat' dir='ltr'><strong>sempiterna</strong></span> <span class='ocrx_word' id='word_1_398' title='bbox 1757 5064 1948 5118; x_wconf 85' lang='lat' dir='ltr'><strong>quoque</strong></span> 
     </span>
    </p>
   </div>
   <div class='ocr_carea' id='block_1_52' title="bbox 361 5156 1949 5279">
    <p class='ocr_par' dir='ltr' id='par_1_52' title="bbox 361 5156 1949 5279">
     <span class='ocr_line' id='line_1_52' title="bbox 361 5156 1949 5279; baseline -0.004 -66"><span class='ocrx_word' id='word_1_399' title='bbox 361 5164 822 5279; x_wconf 47' lang='lat' dir='ltr'><strong>gtogu‘tnwpsucitate</strong></span> <span class='ocrx_word' id='word_1_400' title='bbox 845 5159 1163 5232; x_wconf 73' lang='lat' dir='ltr'><strong>Hipponensis</strong></span> <span class='ocrx_word' id='word_1_401' title='bbox 1191 5159 1358 5208; x_wconf 78' lang='lat' dir='ltr'><strong>civitas</strong></span> <span class='ocrx_word' id='word_1_402' title='bbox 1380 5157 1502 5207; x_wconf 89' lang='lat' dir='ltr'><strong>haud</strong></span> <span class='ocrx_word' id='word_1_403' title='bbox 1533 5156 1650 5210; x_wconf 80' lang='lat' dir='ltr'><strong>falso</strong></span> <span class='ocrx_word' id='word_1_404' title='bbox 1691 5158 1949 5215; x_wconf 79' lang='lat' dir='ltr'><strong>christiana</strong></span> 
     </span>
     <span class='ocr_line' id='line_1_53' title="bbox 397 5237 632 5277; baseline -0.021 0"><span class='ocrx_word' id='word_1_405' title='bbox 397 5238 446 5277; x_wconf 90' lang='lat' dir='ltr'><strong>tc</strong></span> <span class='ocrx_word' id='word_1_406' title='bbox 593 5237 632 5273; x_wconf 77' lang='grc' dir='ltr'><strong>ι’.</strong></span> 
     </span>
    </p>
   </div>
   <div class='ocr_carea' id='block_1_53' title="bbox 397 5237 632 5277">
    <p class='ocr_par' dir='ltr' id='par_1_53' title="bbox 397 5237 632 5277">
     <span class='ocr_line' id='line_1_54' title="bbox 397 5237 632 5277; baseline -0.017 -1"><span class='ocrx_word' id='word_1_407' title='bbox 397 5237 632 5277; x_wconf 64' lang='grc' dir='ltr'>ιεοωιιιικ</span> 
     </span>
    </p>
   </div>
   <div class='ocr_carea' id='block_1_54' title="bbox 437 5341 1580 5405">
    <p class='ocr_par' dir='ltr' id='par_1_54' title="bbox 437 5341 1580 5405">
     <span class='ocr_line' id='line_1_55' title="bbox 437 5341 1580 5405; baseline -0.004 -9"><span class='ocrx_word' id='word_1_408' title='bbox 437 5348 450 5366; x_wconf 88' lang='grc'><strong>⁸</strong></span> <span class='ocrx_word' id='word_1_409' title='bbox 480 5353 634 5405; x_wconf 75' lang='lat' dir='ltr'><strong>Forte,</strong></span> <span class='ocrx_word' id='word_1_410' title='bbox 659 5344 736 5396; x_wconf 82' lang='lat' dir='ltr'><strong>hic</strong></span> <span class='ocrx_word' id='word_1_411' title='bbox 758 5343 850 5396; x_wconf 81' lang='lat' dir='ltr'><strong>sint</strong></span> <span class='ocrx_word' id='word_1_412' title='bbox 872 5358 888 5404; x_wconf 88' lang='lat'><strong><em>;</em></strong></span> <span class='ocrx_word' id='word_1_413' title='bbox 911 5343 957 5405; x_wconf 58' lang='lat' dir='ltr'><strong>id</strong></span> <span class='ocrx_word' id='word_1_414' title='bbox 981 5350 1076 5402; x_wconf 87' lang='lat' dir='ltr'><strong>est,</strong></span> <span class='ocrx_word' id='word_1_415' title='bbox 1101 5353 1332 5405; x_wconf 82' lang='lat' dir='ltr'><strong>ponamus</strong></span> <span class='ocrx_word' id='word_1_416' title='bbox 1356 5341 1432 5405; x_wconf 84' lang='lat' dir='ltr'><strong>hic</strong></span> <span class='ocrx_word' id='word_1_417' title='bbox 1450 5354 1580 5391; x_wconf 84' lang='lat' dir='ltr'><strong>esse.</strong></span> 
     </span>
    </p>
   </div>
   <div class='ocr_carea' id='block_1_55' title="bbox 373 5403 1951 5471">
    <p class='ocr_par' dir='ltr' id='par_1_55' title="bbox 373 5403 1951 5471">
     <span class='ocr_line' id='line_1_56' title="bbox 373 5403 1951 5471; baseline 0.001 -19"><span class='ocrx_word' id='word_1_418' title='bbox 373 5445 398 5471; x_wconf 18' lang='grc' dir='ltr'><em>,ν</em></span> <span class='ocrx_word' id='word_1_419' title='bbox 434 5411 454 5438; x_wconf 71' lang='grc' dir='ltr'><strong>ε</strong></span> <span class='ocrx_word' id='word_1_420' title='bbox 478 5403 651 5471; x_wconf 80' lang='lat' dir='ltr'><strong>negius</strong></span> <span class='ocrx_word' id='word_1_421' title='bbox 671 5416 780 5471; x_wconf 52' lang='lat' dir='ltr'><strong>es,</strong></span> <span class='ocrx_word' id='word_1_422' title='bbox 807 5403 1019 5471; x_wconf 73' lang='lat' dir='ltr'><strong>Faciunt.</strong></span> <span class='ocrx_word' id='word_1_423' title='bbox 1040 5403 1189 5471; x_wconf 64' lang='lat' dir='ltr'><strong>unua</strong></span> <span class='ocrx_word' id='word_1_424' title='bbox 1207 5403 1329 5452; x_wconf 82' lang='lat' dir='ltr'><strong>forte</strong></span> <span class='ocrx_word' id='word_1_425' title='bbox 1367 5403 1481 5471; x_wconf 71' lang='lat' dir='ltr'><strong>dicit</strong></span> <span class='ocrx_word' id='word_1_426' title='bbox 1511 5403 1832 5471; x_wconf 72' lang='lat' dir='ltr'><strong>Augustinus,</strong></span> <span class='ocrx_word' id='word_1_427' title='bbox 1869 5411 1951 5471; x_wconf 45' lang='lat' dir='ltr'><strong>tu:</strong></span> 
     </span>
    </p>
   </div>
   <div class='ocr_carea' id='block_1_56' title="bbox 371 5463 1950 5528">
    <p class='ocr_par' dir='ltr' id='par_1_56' title="bbox 371 5463 1950 5528">
     <span class='ocr_line' id='line_1_57' title="bbox 371 5463 1950 5528; baseline -0.004 -10"><span class='ocrx_word' id='word_1_428' title='bbox 371 5463 585 5518; x_wconf 67' lang='lat' dir='ltr'><strong>meorum</strong></span> <span class='ocrx_word' id='word_1_429' title='bbox 621 5471 709 5517; x_wconf 85' lang='lat' dir='ltr'><strong>hac</strong></span> <span class='ocrx_word' id='word_1_430' title='bbox 745 5463 792 5516; x_wconf 87' lang='lat' dir='ltr'><strong>in</strong></span> <span class='ocrx_word' id='word_1_431' title='bbox 815 5480 871 5516; x_wconf 90' lang='lat' dir='ltr'><strong>re</strong></span> <span class='ocrx_word' id='word_1_432' title='bbox 911 5465 1198 5528; x_wconf 81' lang='lat' dir='ltr'><strong>religionem</strong></span> <span class='ocrx_word' id='word_1_433' title='bbox 1225 5464 1539 5528; x_wconf 81' lang='lat' dir='ltr'><strong>Opponendo:</strong></span> <span class='ocrx_word' id='word_1_434' title='bbox 1564 5463 1618 5528; x_wconf 71' lang='lat' dir='ltr'><strong>tit</strong></span> <span class='ocrx_word' id='word_1_435' title='bbox 1652 5463 1780 5526; x_wconf 91' lang='lat' dir='ltr'><strong>quod</strong></span> <span class='ocrx_word' id='word_1_436' title='bbox 1801 5465 1950 5515; x_wconf 67' lang='grc' dir='ltr'>διιόωί</span> 
     </span>
    </p>
   </div>
   <div class='ocr_carea' id='block_1_57' title="bbox 373 5525 1613 5639">
    <p class='ocr_par' dir='ltr' id='par_1_57' title="bbox 373 5525 1613 5639">
     <span class='ocr_line' id='line_1_58' title="bbox 373 5525 1613 5597; baseline -0.006 -17"><span class='ocrx_word' id='word_1_437' title='bbox 373 5544 617 5593; x_wconf 82' lang='lat' dir='ltr'><strong>nunquam</strong></span> <span class='ocrx_word' id='word_1_438' title='bbox 636 5529 830 5587; x_wconf 70' lang='lat' dir='ltr'><strong>facium,</strong></span> <span class='ocrx_word' id='word_1_439' title='bbox 853 5525 1326 5597; x_wconf 65' lang='lat' dir='ltr'><strong>tacere&#39;eruhesmnt</strong></span> <span class='ocrx_word' id='word_1_440' title='bbox 1348 5525 1613 5576; x_wconf 71' lang='lat' dir='ltr'><strong>ubrtstianl.</strong></span> 
     </span>
     <span class='ocr_line' id='line_1_59' title="bbox 441 5592 1160 5639; baseline -0.001 -1"><span class='ocrx_word' id='word_1_441' title='bbox 441 5592 462 5623; x_wconf 83' lang='grc'>³</span> <span class='ocrx_word' id='word_1_442' title='bbox 492 5594 665 5639; x_wconf 74' lang='lat' dir='ltr'><strong>Beatus</strong></span> <span class='ocrx_word' id='word_1_443' title='bbox 691 5597 792 5639; x_wconf 70' lang='lat' dir='ltr'><strong>ius.</strong></span> <span class='ocrx_word' id='word_1_444' title='bbox 818 5600 1160 5639; x_wconf 75' lang='lat' dir='ltr'><strong>oaaamssima.</strong></span> 
     </span>
    </p>
   </div>
   <div class='ocr_carea' id='block_1_58' title="bbox 591 5601 1160 5638">
    <p class='ocr_par' dir='ltr' id='par_1_58' title="bbox 591 5601 1160 5638">
     <span class='ocr_line' id='line_1_60' title="bbox 591 5601 1160 5638; baseline -0.002 0"><span class='ocrx_word' id='word_1_445' title='bbox 591 5604 665 5638; x_wconf 74' lang='lat' dir='ltr'><strong>IIIS</strong></span> <span class='ocrx_word' id='word_1_446' title='bbox 691 5601 792 5638; x_wconf 69' lang='grc' dir='ltr'><strong>ΜΒ..</strong></span> <span class='ocrx_word' id='word_1_447' title='bbox 818 5601 1160 5638; x_wconf 74' lang='grc' dir='ltr'><strong>υαααηιδδνηα.</strong></span> 
     </span>
    </p>
   </div>
   <div class='ocr_carea' id='block_1_59' title="bbox 437 5602 1835 5702">
    <p class='ocr_par' dir='ltr' id='par_1_59' title="bbox 437 5602 1835 5702">
     <span class='ocr_line' id='line_1_61' title="bbox 441 5602 1160 5654; baseline -0.001 -16"><span class='ocrx_word' id='word_1_448' title='bbox 441 5602 462 5623; x_wconf 76' lang='grc' dir='ltr'><strong>ι</strong></span> <span class='ocrx_word' id='word_1_449' title='bbox 492 5602 665 5653; x_wconf 79' lang='lat' dir='ltr'><strong>uegius</strong></span> <span class='ocrx_word' id='word_1_450' title='bbox 692 5602 792 5649; x_wconf 71' lang='lat' dir='ltr'><strong>tus,</strong></span> <span class='ocrx_word' id='word_1_451' title='bbox 818 5602 1160 5654; x_wconf 75' lang='lat' dir='ltr'><strong>paganissima.</strong></span> 
     </span>
     <span class='ocr_line' id='line_1_62' title="bbox 437 5645 1835 5702; baseline -0.006 0"><span class='ocrx_word' id='word_1_452' title='bbox 437 5651 454 5674; x_wconf 86' lang='lat'><strong>&#39;</strong></span> <span class='ocrx_word' id='word_1_453' title='bbox 478 5651 770 5702; x_wconf 78' lang='lat' dir='ltr'><strong>Contulimus</strong></span> <span class='ocrx_word' id='word_1_454' title='bbox 790 5663 900 5699; x_wconf 85' lang='lat' dir='ltr'><strong>cum</strong></span> <span class='ocrx_word' id='word_1_455' title='bbox 918 5650 1108 5700; x_wconf 88' lang='lat' dir='ltr'><strong>duobus</strong></span> <span class='ocrx_word' id='word_1_456' title='bbox 1129 5647 1212 5696; x_wconf 84' lang='lat' dir='ltr'><strong>bd.</strong></span> <span class='ocrx_word' id='word_1_457' title='bbox 1244 5659 1351 5696; x_wconf 90' lang='lat' dir='ltr'><strong>cum</strong></span> <span class='ocrx_word' id='word_1_458' title='bbox 1377 5646 1423 5694; x_wconf 83' lang='lat' dir='ltr'><strong>tl.</strong></span> <span class='ocrx_word' id='word_1_459' title='bbox 1451 5654 1502 5697; x_wconf 90' lang='lat' dir='ltr'><strong>et</strong></span> <span class='ocrx_word' id='word_1_460' title='bbox 1521 5646 1663 5696; x_wconf 77' lang='lat' dir='ltr'><strong>editis</strong></span> <span class='ocrx_word' id='word_1_461' title='bbox 1686 5645 1835 5696; x_wconf 82' lang='lat' dir='ltr'><strong>libris.</strong></span> 
     </span>
    </p>
   </div>
   <div class='ocr_carea' id='block_1_60' title="bbox 437 5709 1953 5773">
    <p class='ocr_par' dir='ltr' id='par_1_60' title="bbox 437 5709 1953 5773">
     <span class='ocr_line' id='line_1_63' title="bbox 437 5709 1953 5773; baseline -0.001 -14"><span class='ocrx_word' id='word_1_462' title='bbox 437 5711 511 5773; x_wconf 90' lang='lat' dir='ltr'><strong>(a)</strong></span> <span class='ocrx_word' id='word_1_463' title='bbox 532 5719 658 5762; x_wconf 86' lang='lat' dir='ltr'><strong>Duos</strong></span> <span class='ocrx_word' id='word_1_464' title='bbox 677 5711 742 5761; x_wconf 91' lang='lat' dir='ltr'><strong>de</strong></span> <span class='ocrx_word' id='word_1_465' title='bbox 763 5709 982 5773; x_wconf 81' lang='lat' dir='ltr'><strong>Calendis</strong></span> <span class='ocrx_word' id='word_1_466' title='bbox 1002 5709 1250 5773; x_wconf 73' lang='lat' dir='ltr'><strong>Januat&#39;iis,</strong></span> <span class='ocrx_word' id='word_1_467' title='bbox 1275 5709 1402 5773; x_wconf 76' lang='lat' dir='ltr'><strong>inter</strong></span> <span class='ocrx_word' id='word_1_468' title='bbox 1418 5714 1662 5773; x_wconf 74' lang='lat' dir='ltr'><strong>Tractatus</strong></span> <span class='ocrx_word' id='word_1_469' title='bbox 1683 5718 1848 5757; x_wconf 83' lang='lat' dir='ltr'><strong>contra</strong></span> <span class='ocrx_word' id='word_1_470' title='bbox 1873 5715 1953 5758; x_wconf 79' lang='lat' dir='ltr'><strong>Pa-</strong></span> 
     </span>
    </p>
   </div>
   <div class='ocr_carea' id='block_1_61' title="bbox 373 5767 1550 5834">
    <p class='ocr_par' dir='ltr' id='par_1_61' title="bbox 373 5767 1550 5834">
     <span class='ocr_line' id='line_1_64' title="bbox 373 5767 1550 5834; baseline -0.005 -14"><span class='ocrx_word' id='word_1_471' title='bbox 373 5767 528 5834; x_wconf 53' lang='lat' dir='ltr'><strong>gms</strong></span> <span class='ocrx_word' id='word_1_472' title='bbox 545 5778 774 5822; x_wconf 59' lang='lat' dir='ltr'><strong>recesset</strong></span> <span class='ocrx_word' id='word_1_473' title='bbox 795 5771 1031 5834; x_wconf 65' lang='lat' dir='ltr'><strong>Possidius</strong></span> <span class='ocrx_word' id='word_1_474' title='bbox 1052 5771 1100 5834; x_wconf 75' lang='lat' dir='ltr'><strong>in</strong></span> <span class='ocrx_word' id='word_1_475' title='bbox 1119 5767 1344 5834; x_wconf 60' lang='lat' dir='ltr'><strong>habento,</strong></span> <span class='ocrx_word' id='word_1_476' title='bbox 1377 5781 1482 5834; x_wconf 80' lang='lat' dir='ltr'><strong>cap.</strong></span> <span class='ocrx_word' id='word_1_477' title='bbox 1507 5770 1550 5834; x_wconf 70' lang='lat' dir='ltr'><strong>t.</strong></span> 
     </span>
    </p>
   </div>
   <div class='ocr_carea' id='block_1_62' title="bbox 438 5826 1797 5896">
    <p class='ocr_par' dir='ltr' id='par_1_62' title="bbox 438 5826 1797 5896">
     <span class='ocr_line' id='line_1_65' title="bbox 438 5826 1797 5896; baseline -0.001 -16"><span class='ocrx_word' id='word_1_478' title='bbox 438 5833 508 5894; x_wconf 70' lang='lat' dir='ltr'><strong>(lt)</strong></span> <span class='ocrx_word' id='word_1_479' title='bbox 532 5840 734 5896; x_wconf 79' lang='lat' dir='ltr'><strong>ttepcrta</strong></span> <span class='ocrx_word' id='word_1_480' title='bbox 757 5847 808 5882; x_wconf 90' lang='lat' dir='ltr'><strong>tn</strong></span> <span class='ocrx_word' id='word_1_481' title='bbox 828 5826 966 5882; x_wconf 75' lang='lat' dir='ltr'><strong>Beda:</strong></span> <span class='ocrx_word' id='word_1_482' title='bbox 992 5838 1041 5880; x_wconf 89' lang='lat' dir='ltr'><strong>et</strong></span> <span class='ocrx_word' id='word_1_483' title='bbox 1058 5829 1175 5881; x_wconf 83' lang='lat' dir='ltr'><strong>l-‘Iori</strong></span> <span class='ocrx_word' id='word_1_484' title='bbox 1205 5826 1487 5880; x_wconf 83' lang='lat' dir='ltr'><strong>collectione</strong></span> <span class='ocrx_word' id='word_1_485' title='bbox 1513 5830 1562 5879; x_wconf 88' lang='lat' dir='ltr'><strong>in</strong></span> <span class='ocrx_word' id='word_1_486' title='bbox 1589 5829 1797 5880; x_wconf 84' lang='lat' dir='ltr'><strong>ranlttm.</strong></span> 
     </span>
    </p>
   </div>
   <div class='ocr_carea' id='block_1_63' title="bbox 1705 446 2216 509">
    <p class='ocr_par' dir='ltr' id='par_1_63' title="bbox 1705 446 2216 509">
     <span class='ocr_line' id='line_1_66' title="bbox 1705 446 2216 509; baseline -0.018 0"><span class='ocrx_word' id='word_1_487' title='bbox 1705 449 1931 509; x_wconf 72' lang='lat' dir='ltr'><strong>SERMU</strong></span> <span class='ocrx_word' id='word_1_488' title='bbox 1970 446 2216 502; x_wconf 66' lang='lat' dir='ltr'><strong>CXCVII.</strong></span> 
     </span>
    </p>
   </div>
   <div class='ocr_carea' id='block_1_64' title="bbox 3453 444 3592 500">
    <p class='ocr_par' dir='ltr' id='par_1_64' title="bbox 3453 444 3592 500">
     <span class='ocr_line' id='line_1_67' title="bbox 3453 444 3592 500; baseline -0.029 0"><span class='ocrx_word' id='word_1_489' title='bbox 3453 444 3592 500; x_wconf 62' lang='lat'><strong>£022</strong></span> 
     </span>
    </p>
   </div>
   <div class='ocr_carea' id='block_1_65' title="bbox 2011 557 3585 626">
    <p class='ocr_par' dir='ltr' id='par_1_65' title="bbox 2011 557 3585 626">
     <span class='ocr_line' id='line_1_68' title="bbox 2011 557 3585 626; baseline -0.001 -13"><span class='ocrx_word' id='word_1_490' title='bbox 2011 563 2120 624; x_wconf 78' lang='lat' dir='ltr'><strong>eius</strong></span> <span class='ocrx_word' id='word_1_491' title='bbox 2158 561 2312 614; x_wconf 69' lang='lat' dir='ltr'><strong>uirtus</strong></span> <span class='ocrx_word' id='word_1_492' title='bbox 2338 569 2382 612; x_wconf 80' lang='lat' dir='ltr'><strong>et</strong></span> <span class='ocrx_word' id='word_1_493' title='bbox 2409 559 2659 612; x_wconf 78' lang='lat' dir='ltr'><strong>divinitas.</strong></span> <span class='ocrx_word' id='word_1_494' title='bbox 2686 558 2878 626; x_wconf 86' lang='lat' dir='ltr'><strong>Utique</strong></span> <span class='ocrx_word' id='word_1_495' title='bbox 2908 558 3280 623; x_wconf 79' lang='lat' dir='ltr'><strong>subaudimus,</strong></span> <span class='ocrx_word' id='word_1_496' title='bbox 3315 557 3585 613; x_wconf 82' lang='lat' dir='ltr'><strong>intellecta</strong></span> 
     </span>
    </p>
   </div>
   <div class='ocr_carea' id='block_1_66' title="bbox 2011 651 3591 720">
    <p class='ocr_par' dir='ltr' id='par_1_66' title="bbox 2011 651 3591 720">
     <span class='ocr_line' id='line_1_69' title="bbox 2011 651 3591 720; baseline 0.001 -14"><span class='ocrx_word' id='word_1_497' title='bbox 2011 654 2353 720; x_wconf 79' lang='lat' dir='ltr'><strong>cattSpicilur.</strong></span> <span class='ocrx_word' id='word_1_498' title='bbox 2387 653 2493 706; x_wconf 86' lang='lat' dir='ltr'><strong>Cur</strong></span> <span class='ocrx_word' id='word_1_499' title='bbox 2518 653 2656 705; x_wconf 89' lang='lat' dir='ltr'><strong>enim</strong></span> <span class='ocrx_word' id='word_1_500' title='bbox 2689 651 2925 704; x_wconf 87' lang='lat' dir='ltr'><strong>atlendat</strong></span> <span class='ocrx_word' id='word_1_501' title='bbox 2953 667 3111 719; x_wconf 87' lang='lat' dir='ltr'><strong>opera</strong></span> <span class='ocrx_word' id='word_1_502' title='bbox 3133 693 3146 716; x_wconf 94' lang='lat'><strong>,</strong></span> <span class='ocrx_word' id='word_1_503' title='bbox 3176 661 3228 705; x_wconf 90' lang='lat' dir='ltr'><strong>et</strong></span> <span class='ocrx_word' id='word_1_504' title='bbox 3255 667 3356 705; x_wconf 91' lang='lat' dir='ltr'><strong>non</strong></span> <span class='ocrx_word' id='word_1_505' title='bbox 3388 664 3591 720; x_wconf 70' lang='lat' dir='ltr'><strong>quau-at</strong></span> 
     </span>
    </p>
   </div>
   <div class='ocr_carea' id='block_1_67' title="bbox 2010 740 3589 802">
    <p class='ocr_par' dir='ltr' id='par_1_67' title="bbox 2010 740 3589 802">
     <span class='ocr_line' id='line_1_70' title="bbox 2010 740 3589 802; baseline -0.001 -8"><span class='ocrx_word' id='word_1_506' title='bbox 2010 741 2304 797; x_wconf 76' lang='lat' dir='ltr'><strong>artificem?</strong></span> <span class='ocrx_word' id='word_1_507' title='bbox 2346 741 2592 798; x_wconf 83' lang='lat' dir='ltr'><strong>Attendis</strong></span> <span class='ocrx_word' id='word_1_508' title='bbox 2641 750 2833 795; x_wconf 82' lang='lat' dir='ltr'><strong>terrain</strong></span> <span class='ocrx_word' id='word_1_509' title='bbox 2881 740 3322 802; x_wconf 79' lang='lat' dir='ltr'><strong>fructiﬁcantem,</strong></span> <span class='ocrx_word' id='word_1_510' title='bbox 3363 741 3589 792; x_wconf 76' lang='lat' dir='ltr'><strong>attentiis</strong></span> 
     </span>
    </p>
   </div>
   <div class='ocr_carea' id='block_1_68' title="bbox 2011 831 3588 902">
    <p class='ocr_par' dir='ltr' id='par_1_68' title="bbox 2011 831 3588 902">
     <span class='ocr_line' id='line_1_71' title="bbox 2011 831 3588 902; baseline -0.001 -15"><span class='ocrx_word' id='word_1_511' title='bbox 2011 849 2158 888; x_wconf 88' lang='lat' dir='ltr'><strong>mare</strong></span> <span class='ocrx_word' id='word_1_512' title='bbox 2179 835 2390 902; x_wconf 84' lang='lat' dir='ltr'><strong>plenum</strong></span> <span class='ocrx_word' id='word_1_513' title='bbox 2415 833 2728 887; x_wconf 89' lang='lat' dir='ltr'><strong>animalibus</strong></span> <span class='ocrx_word' id='word_1_514' title='bbox 2755 833 2884 898; x_wconf 80' lang='lat' dir='ltr'><strong>suis,</strong></span> <span class='ocrx_word' id='word_1_515' title='bbox 2911 832 3138 886; x_wconf 87' lang='lat' dir='ltr'><strong>attendis</strong></span> <span class='ocrx_word' id='word_1_516' title='bbox 3165 847 3342 886; x_wconf 88' lang='lat' dir='ltr'><strong>acrem</strong></span> <span class='ocrx_word' id='word_1_517' title='bbox 3375 831 3588 900; x_wconf 76' lang='lat' dir='ltr'><strong>plenum</strong></span> 
     </span>
    </p>
   </div>
   <div class='ocr_carea' id='block_1_69' title="bbox 2011 921 3589 990">
    <p class='ocr_par' dir='ltr' id='par_1_69' title="bbox 2011 921 3589 990">
     <span class='ocr_line' id='line_1_72' title="bbox 2011 921 3589 990; baseline -0.001 -13"><span class='ocrx_word' id='word_1_518' title='bbox 2011 925 2311 979; x_wconf 79' lang='lat' dir='ltr'><strong>volatilibus</strong></span> <span class='ocrx_word' id='word_1_519' title='bbox 2331 967 2346 990; x_wconf 95' lang='lat'><strong>,</strong></span> <span class='ocrx_word' id='word_1_520' title='bbox 2374 922 2603 978; x_wconf 87' lang='lat' dir='ltr'><strong>attendis</strong></span> <span class='ocrx_word' id='word_1_521' title='bbox 2624 921 2816 977; x_wconf 64' lang='lat' dir='ltr'><strong>caelum</strong></span> <span class='ocrx_word' id='word_1_522' title='bbox 2842 921 3042 990; x_wconf 74' lang='lat' dir='ltr'><strong>fulgere</strong></span> <span class='ocrx_word' id='word_1_523' title='bbox 3067 922 3231 974; x_wconf 85' lang='lat' dir='ltr'><strong>stellis</strong></span> <span class='ocrx_word' id='word_1_524' title='bbox 3249 962 3262 982; x_wconf 94' lang='lat'><strong>,</strong></span> <span class='ocrx_word' id='word_1_525' title='bbox 3289 933 3347 974; x_wconf 83' lang='lat' dir='ltr'><strong>et</strong></span> <span class='ocrx_word' id='word_1_526' title='bbox 3375 933 3589 976; x_wconf 71' lang='lat' dir='ltr'><strong>caetera.</strong></span> 
     </span>
    </p>
   </div>
   <div class='ocr_carea' id='block_1_70' title="bbox 2013 1012 3590 1093">
    <p class='ocr_par' dir='ltr' id='par_1_70' title="bbox 2013 1012 3590 1093">
     <span class='ocr_line' id='line_1_73' title="bbox 2013 1012 3590 1093; baseline -0.003 -23"><span class='ocrx_word' id='word_1_527' title='bbox 2013 1025 2063 1070; x_wconf 92' lang='lat' dir='ltr'><strong>ct</strong></span> <span class='ocrx_word' id='word_1_528' title='bbox 2095 1017 2419 1093; x_wconf 11' lang='lat' dir='ltr'><strong>nonqquteris</strong></span> <span class='ocrx_word' id='word_1_529' title='bbox 2450 1015 2575 1070; x_wconf 91' lang='lat' dir='ltr'><strong>tanti</strong></span> <span class='ocrx_word' id='word_1_530' title='bbox 2600 1015 2776 1082; x_wconf 83' lang='lat' dir='ltr'><strong>cperis</strong></span> <span class='ocrx_word' id='word_1_531' title='bbox 2807 1013 3103 1067; x_wconf 78' lang='lat' dir='ltr'><strong>artiﬁcem?</strong></span> <span class='ocrx_word' id='word_1_532' title='bbox 3127 1013 3230 1067; x_wconf 73' lang='lat' dir='ltr'><strong>Sed</strong></span> <span class='ocrx_word' id='word_1_533' title='bbox 3261 1012 3392 1067; x_wconf 84' lang='lat' dir='ltr'><strong>dicis</strong></span> <span class='ocrx_word' id='word_1_534' title='bbox 3423 1014 3546 1066; x_wconf 86' lang='lat' dir='ltr'><strong>mihi</strong></span> <span class='ocrx_word' id='word_1_535' title='bbox 3575 1021 3590 1056; x_wconf 74' lang='grc' dir='ltr'>ε</span> 
     </span>
    </p>
   </div>
   <div class='ocr_carea' id='block_1_71' title="bbox 2014 1103 3592 1172">
    <p class='ocr_par' dir='ltr' id='par_1_71' title="bbox 2014 1103 3592 1172">
     <span class='ocr_line' id='line_1_74' title="bbox 2014 1103 3592 1172; baseline -0.003 -13"><span class='ocrx_word' id='word_1_536' title='bbox 2014 1105 2113 1159; x_wconf 87' lang='lat' dir='ltr'><strong>Ista</strong></span> <span class='ocrx_word' id='word_1_537' title='bbox 2149 1106 2318 1164; x_wconf 80' lang='lat' dir='ltr'><strong>video.</strong></span> <span class='ocrx_word' id='word_1_538' title='bbox 2353 1106 2498 1164; x_wconf 88' lang='lat' dir='ltr'><strong>illum</strong></span> <span class='ocrx_word' id='word_1_539' title='bbox 2529 1122 2633 1160; x_wconf 86' lang='lat' dir='ltr'><strong>non</strong></span> <span class='ocrx_word' id='word_1_540' title='bbox 2664 1105 2837 1158; x_wconf 89' lang='lat' dir='ltr'><strong>video.</strong></span> <span class='ocrx_word' id='word_1_541' title='bbox 2874 1104 2949 1157; x_wconf 75' lang='lat' dir='ltr'><strong>Ad</strong></span> <span class='ocrx_word' id='word_1_542' title='bbox 2981 1105 3074 1156; x_wconf 86' lang='lat' dir='ltr'><strong>ista</strong></span> <span class='ocrx_word' id='word_1_543' title='bbox 3103 1103 3323 1156; x_wconf 83' lang='lat' dir='ltr'><strong>videnda</strong></span> <span class='ocrx_word' id='word_1_544' title='bbox 3355 1105 3592 1172; x_wconf 82' lang='lat' dir='ltr'><strong>corporis</strong></span> 
     </span>
    </p>
   </div>
   <div class='ocr_carea' id='block_1_72' title="bbox 2013 1195 3592 1263">
    <p class='ocr_par' dir='ltr' id='par_1_72' title="bbox 2013 1195 3592 1263">
     <span class='ocr_line' id='line_1_75' title="bbox 2013 1195 3592 1263; baseline -0.004 -10"><span class='ocrx_word' id='word_1_545' title='bbox 2013 1198 2196 1253; x_wconf 88' lang='lat' dir='ltr'><strong>oculos</strong></span> <span class='ocrx_word' id='word_1_546' title='bbox 2222 1197 2400 1262; x_wconf 83' lang='lat' dir='ltr'><strong>dedit,</strong></span> <span class='ocrx_word' id='word_1_547' title='bbox 2433 1197 2497 1251; x_wconf 91' lang='lat' dir='ltr'><strong>ad</strong></span> <span class='ocrx_word' id='word_1_548' title='bbox 2532 1213 2588 1250; x_wconf 91' lang='lat' dir='ltr'><strong>se</strong></span> <span class='ocrx_word' id='word_1_549' title='bbox 2631 1196 2915 1250; x_wconf 71' lang='lat' dir='ltr'><strong>videndum</strong></span> <span class='ocrx_word' id='word_1_550' title='bbox 2947 1206 3174 1249; x_wconf 75' lang='lat' dir='ltr'><strong>mentem</strong></span> <span class='ocrx_word' id='word_1_551' title='bbox 3218 1195 3381 1250; x_wconf 83' lang='lat' dir='ltr'><strong>dedit.</strong></span> <span class='ocrx_word' id='word_1_552' title='bbox 3417 1196 3592 1263; x_wconf 75' lang='lat' dir='ltr'><strong>Neque</strong></span> 
     </span>
    </p>
   </div>
   <div class='ocr_carea' id='block_1_73' title="bbox 2013 1290 3592 1360">
    <p class='ocr_par' dir='ltr' id='par_1_73' title="bbox 2013 1290 3592 1360">
     <span class='ocr_line' id='line_1_76' title="bbox 2013 1290 3592 1360; baseline -0.002 -15"><span class='ocrx_word' id='word_1_553' title='bbox 2013 1291 2153 1346; x_wconf 87' lang='lat' dir='ltr'><strong>enim</strong></span> <span class='ocrx_word' id='word_1_554' title='bbox 2185 1300 2238 1344; x_wconf 89' lang='lat' dir='ltr'><strong>ct</strong></span> <span class='ocrx_word' id='word_1_555' title='bbox 2268 1291 2498 1344; x_wconf 87' lang='lat' dir='ltr'><strong>animam</strong></span> <span class='ocrx_word' id='word_1_556' title='bbox 2541 1291 2772 1344; x_wconf 87' lang='lat' dir='ltr'><strong>hominis</strong></span> <span class='ocrx_word' id='word_1_557' title='bbox 2803 1291 2967 1345; x_wconf 80' lang='lat' dir='ltr'><strong>vides.</strong></span> <span class='ocrx_word' id='word_1_558' title='bbox 2995 1290 3148 1358; x_wconf 80' lang='lat' dir='ltr'><strong>Sicut</strong></span> <span class='ocrx_word' id='word_1_559' title='bbox 3179 1306 3303 1360; x_wconf 84' lang='lat' dir='ltr'><strong>ergo</strong></span> <span class='ocrx_word' id='word_1_560' title='bbox 3330 1306 3392 1344; x_wconf 83' lang='lat' dir='ltr'><strong>ex</strong></span> <span class='ocrx_word' id='word_1_561' title='bbox 3436 1291 3592 1343; x_wconf 90' lang='lat' dir='ltr'><strong>moti-</strong></span> 
     </span>
    </p>
   </div>
   <div class='ocr_carea' id='block_1_74' title="bbox 2012 1380 3593 1450">
    <p class='ocr_par' dir='ltr' id='par_1_74' title="bbox 2012 1380 3593 1450">
     <span class='ocr_line' id='line_1_77' title="bbox 2012 1380 3593 1450; baseline -0.004 -10"><span class='ocrx_word' id='word_1_562' title='bbox 2012 1380 2116 1440; x_wconf 81' lang='lat' dir='ltr'><strong>bus</strong></span> <span class='ocrx_word' id='word_1_563' title='bbox 2143 1390 2198 1436; x_wconf 89' lang='lat' dir='ltr'><strong>et</strong></span> <span class='ocrx_word' id='word_1_564' title='bbox 2235 1380 2696 1435; x_wconf 89' lang='lat' dir='ltr'><strong>administratione</strong></span> <span class='ocrx_word' id='word_1_565' title='bbox 2725 1381 2967 1450; x_wconf 83' lang='lat' dir='ltr'><strong>corporis</strong></span> <span class='ocrx_word' id='word_1_566' title='bbox 3008 1381 3272 1440; x_wconf 88' lang='lat' dir='ltr'><strong>animam,</strong></span> <span class='ocrx_word' id='word_1_567' title='bbox 3302 1395 3456 1448; x_wconf 89' lang='lat' dir='ltr'><strong>quam</strong></span> <span class='ocrx_word' id='word_1_568' title='bbox 3488 1395 3593 1434; x_wconf 91' lang='lat' dir='ltr'><strong>non</strong></span> 
     </span>
    </p>
   </div>
   <div class='ocr_carea' id='block_1_75' title="bbox 2014 1470 3586 1540">
    <p class='ocr_par' dir='ltr' id='par_1_75' title="bbox 2014 1470 3586 1540">
     <span class='ocr_line' id='line_1_78' title="bbox 2014 1470 3586 1540; baseline -0.001 -16"><span class='ocrx_word' id='word_1_569' title='bbox 2014 1470 2180 1534; x_wconf 77' lang='lat' dir='ltr'><strong>vides,</strong></span> <span class='ocrx_word' id='word_1_570' title='bbox 2213 1471 2458 1540; x_wconf 83' lang='lat' dir='ltr'><strong>intelligis</strong></span> <span class='ocrx_word' id='word_1_571' title='bbox 2485 1489 2496 1524; x_wconf 94' lang='lat'>:</span> <span class='ocrx_word' id='word_1_572' title='bbox 2519 1472 2595 1526; x_wconf 92' lang='lat' dir='ltr'><strong>sic</strong></span> <span class='ocrx_word' id='word_1_573' title='bbox 2618 1488 2682 1526; x_wconf 83' lang='lat' dir='ltr'><strong>cx</strong></span> <span class='ocrx_word' id='word_1_574' title='bbox 2707 1472 3165 1526; x_wconf 87' lang='lat' dir='ltr'><strong>administratione</strong></span> <span class='ocrx_word' id='word_1_575' title='bbox 3197 1472 3358 1525; x_wconf 87' lang='lat' dir='ltr'><strong>totius</strong></span> <span class='ocrx_word' id='word_1_576' title='bbox 3383 1472 3586 1535; x_wconf 86' lang='lat' dir='ltr'><strong>mundi,</strong></span> 
     </span>
    </p>
   </div>
   <div class='ocr_carea' id='block_1_76' title="bbox 2016 1560 3590 1631">
    <p class='ocr_par' dir='ltr' id='par_1_76' title="bbox 2016 1560 3590 1631">
     <span class='ocr_line' id='line_1_79' title="bbox 2016 1560 3590 1631; baseline -0.003 -17"><span class='ocrx_word' id='word_1_577' title='bbox 2016 1570 2069 1615; x_wconf 87' lang='lat' dir='ltr'><strong>et</strong></span> <span class='ocrx_word' id='word_1_578' title='bbox 2094 1576 2156 1616; x_wconf 72' lang='lat' dir='ltr'><strong>cx</strong></span> <span class='ocrx_word' id='word_1_579' title='bbox 2189 1561 2444 1631; x_wconf 83' lang='lat' dir='ltr'><strong>regimine</strong></span> <span class='ocrx_word' id='word_1_580' title='bbox 2475 1561 2708 1630; x_wconf 86' lang='lat' dir='ltr'><strong>ipsarum</strong></span> <span class='ocrx_word' id='word_1_581' title='bbox 2755 1562 3049 1614; x_wconf 89' lang='lat' dir='ltr'><strong>animarum</strong></span> <span class='ocrx_word' id='word_1_582' title='bbox 3089 1561 3323 1630; x_wconf 83' lang='lat' dir='ltr'><strong>intellige</strong></span> <span class='ocrx_word' id='word_1_583' title='bbox 3367 1560 3590 1615; x_wconf 70' lang='lat' dir='ltr'><strong>Creato-</strong></span> 
     </span>
    </p>
   </div>
   <div class='ocr_carea' id='block_1_77' title="bbox 2016 1650 3578 1730">
    <p class='ocr_par' dir='ltr' id='par_1_77' title="bbox 2016 1650 3578 1730">
     <span class='ocr_line' id='line_1_80' title="bbox 2016 1650 3578 1730; baseline 0 -26"><span class='ocrx_word' id='word_1_584' title='bbox 2016 1665 2150 1704; x_wconf 89' lang='lat' dir='ltr'><strong>rem.</strong></span> <span class='ocrx_word' id='word_1_585' title='bbox 2199 1650 2303 1705; x_wconf 86' lang='lat' dir='ltr'><strong>Sed</strong></span> <span class='ocrx_word' id='word_1_586' title='bbox 2347 1667 2529 1719; x_wconf 89' lang='lat' dir='ltr'><strong>parum</strong></span> <span class='ocrx_word' id='word_1_587' title='bbox 2575 1663 2657 1705; x_wconf 84' lang='lat' dir='ltr'><strong>est</strong></span> <span class='ocrx_word' id='word_1_588' title='bbox 2700 1651 3014 1720; x_wconf 80' lang='lat' dir='ltr'><strong>intelligere.</strong></span> <span class='ocrx_word' id='word_1_589' title='bbox 3043 1651 3172 1704; x_wconf 87' lang='lat' dir='ltr'><strong>Nant</strong></span> <span class='ocrx_word' id='word_1_590' title='bbox 3203 1651 3274 1704; x_wconf 89' lang='lat' dir='ltr'><strong>illi</strong></span> <span class='ocrx_word' id='word_1_591' title='bbox 3319 1652 3578 1730; x_wconf 64' lang='lat' dir='ltr'><strong>intellexe-</strong></span> 
     </span>
    </p>
   </div>
   <div class='ocr_carea' id='block_1_78' title="bbox 2017 1741 3596 1813">
    <p class='ocr_par' dir='ltr' id='par_1_78' title="bbox 2017 1741 3596 1813">
     <span class='ocr_line' id='line_1_81' title="bbox 2017 1741 3596 1813; baseline 0 -19"><span class='ocrx_word' id='word_1_592' title='bbox 2017 1750 2168 1806; x_wconf 85' lang='lat' dir='ltr'><strong>runt;</strong></span> <span class='ocrx_word' id='word_1_593' title='bbox 2196 1751 2246 1796; x_wconf 89' lang='lat' dir='ltr'><strong>et</strong></span> <span class='ocrx_word' id='word_1_594' title='bbox 2287 1742 2406 1798; x_wconf 88' lang='lat' dir='ltr'><strong>vide</strong></span> <span class='ocrx_word' id='word_1_595' title='bbox 2444 1741 2568 1813; x_wconf 86' lang='lat' dir='ltr'><strong>quid</strong></span> <span class='ocrx_word' id='word_1_596' title='bbox 2616 1743 2690 1796; x_wconf 86' lang='lat' dir='ltr'><strong>ait</strong></span> <span class='ocrx_word' id='word_1_597' title='bbox 2737 1743 3021 1812; x_wconf 79' lang='lat' dir='ltr'><strong>Apostolus</strong></span> <span class='ocrx_word' id='word_1_598' title='bbox 3051 1759 3062 1795; x_wconf 95' lang='lat'>:</span> <span class='ocrx_word' id='word_1_599' title='bbox 3095 1742 3225 1808; x_wconf 85' lang='lat' dir='ltr'><strong>Quia</strong></span> <span class='ocrx_word' id='word_1_600' title='bbox 3249 1754 3596 1811; x_wconf 81' lang='lat' dir='ltr'><strong>cognoscentes</strong></span> 
     </span>
    </p>
   </div>
   <div class='ocr_carea' id='block_1_79' title="bbox 2018 1833 3590 1904">
    <p class='ocr_par' dir='ltr' id='par_1_79' title="bbox 2018 1833 3590 1904">
     <span class='ocr_line' id='line_1_82' title="bbox 2018 1833 3590 1904; baseline -0.002 -16"><span class='ocrx_word' id='word_1_601' title='bbox 2018 1833 2215 1902; x_wconf 85' lang='lat' dir='ltr'><strong>Deum,</strong></span> <span class='ocrx_word' id='word_1_602' title='bbox 2245 1852 2345 1888; x_wconf 88' lang='lat' dir='ltr'><strong>non</strong></span> <span class='ocrx_word' id='word_1_603' title='bbox 2389 1836 2516 1890; x_wconf 83' lang='lat' dir='ltr'><strong>sicut</strong></span> <span class='ocrx_word' id='word_1_604' title='bbox 2565 1834 2727 1888; x_wconf 89' lang='lat' dir='ltr'><strong>Deum</strong></span> <span class='ocrx_word' id='word_1_605' title='bbox 2769 1834 3241 1904; x_wconf 83' lang='lat' dir='ltr'><strong>magni/icaverunt,</strong></span> <span class='ocrx_word' id='word_1_606' title='bbox 3277 1843 3364 1884; x_wconf 90' lang='lat' dir='ltr'><strong>aut</strong></span> <span class='ocrx_word' id='word_1_607' title='bbox 3401 1835 3590 1903; x_wconf 75' lang='lat' dir='ltr'><strong>gratias</strong></span> 
     </span>
    </p>
   </div>
   <div class='ocr_carea' id='block_1_80' title="bbox 2020 1921 3599 1995">
    <p class='ocr_par' dir='ltr' id='par_1_80' title="bbox 2020 1921 3599 1995">
     <span class='ocr_line' id='line_1_83' title="bbox 2020 1921 3599 1995; baseline -0.001 -19"><span class='ocrx_word' id='word_1_608' title='bbox 2020 1934 2263 1995; x_wconf 81' lang='lat' dir='ltr'><strong>egerunt;</strong></span> <span class='ocrx_word' id='word_1_609' title='bbox 2285 1923 2374 1978; x_wconf 84' lang='lat' dir='ltr'><strong>sed</strong></span> <span class='ocrx_word' id='word_1_610' title='bbox 2404 1932 2709 1977; x_wconf 82' lang='lat' dir='ltr'><strong>evanuerunt</strong></span> <span class='ocrx_word' id='word_1_611' title='bbox 2730 1923 2781 1974; x_wconf 91' lang='lat' dir='ltr'><strong>in</strong></span> <span class='ocrx_word' id='word_1_612' title='bbox 2806 1921 3182 1991; x_wconf 84' lang='lat' dir='ltr'><strong>cogitationibus</strong></span> <span class='ocrx_word' id='word_1_613' title='bbox 3205 1922 3326 1985; x_wconf 85' lang='lat' dir='ltr'><strong>suis,</strong></span> <span class='ocrx_word' id='word_1_614' title='bbox 3349 1931 3393 1974; x_wconf 84' lang='lat' dir='ltr'><strong>et</strong></span> <span class='ocrx_word' id='word_1_615' title='bbox 3421 1923 3599 1974; x_wconf 76' lang='lat' dir='ltr'><strong>obscu-</strong></span> 
     </span>
    </p>
   </div>
   <div class='ocr_carea' id='block_1_81' title="bbox 2019 2011 3597 2083">
    <p class='ocr_par' dir='ltr' id='par_1_81' title="bbox 2019 2011 3597 2083">
     <span class='ocr_line' id='line_1_84' title="bbox 2019 2011 3597 2083; baseline -0.003 -15"><span class='ocrx_word' id='word_1_616' title='bbox 2019 2025 2183 2068; x_wconf 85' lang='lat' dir='ltr'><strong>ratum</strong></span> <span class='ocrx_word' id='word_1_617' title='bbox 2205 2024 2277 2067; x_wconf 83' lang='lat' dir='ltr'><strong>cst</strong></span> <span class='ocrx_word' id='word_1_618' title='bbox 2298 2014 2538 2083; x_wconf 83' lang='lat' dir='ltr'><strong>insipiens</strong></span> <span class='ocrx_word' id='word_1_619' title='bbox 2563 2029 2647 2066; x_wconf 84' lang='lat' dir='ltr'><strong>cor</strong></span> <span class='ocrx_word' id='word_1_620' title='bbox 2668 2029 2859 2066; x_wconf 88' lang='lat' dir='ltr'><strong>eorum.</strong></span> <span class='ocrx_word' id='word_1_621' title='bbox 2883 2012 2998 2076; x_wconf 86' lang='lat' dir='ltr'><strong>Quo</strong></span> <span class='ocrx_word' id='word_1_622' title='bbox 3027 2014 3218 2064; x_wconf 82' lang='lat' dir='ltr'><strong>merito</strong></span> <span class='ocrx_word' id='word_1_623' title='bbox 3238 2053 3253 2076; x_wconf 94' lang='lat'><strong>,</strong></span> <span class='ocrx_word' id='word_1_624' title='bbox 3285 2011 3381 2064; x_wconf 85' lang='lat' dir='ltr'><strong>nisi</strong></span> <span class='ocrx_word' id='word_1_625' title='bbox 3408 2027 3597 2079; x_wconf 89' lang='lat' dir='ltr'><strong>super-</strong></span> 
     </span>
    </p>
   </div>
   <div class='ocr_carea' id='block_1_82' title="bbox 2021 2100 3594 2171">
    <p class='ocr_par' dir='ltr' id='par_1_82' title="bbox 2021 2100 3594 2171">
     <span class='ocr_line' id='line_1_85' title="bbox 2021 2100 3594 2171; baseline -0.003 -13"><span class='ocrx_word' id='word_1_626' title='bbox 2021 2104 2163 2164; x_wconf 66' lang='lat' dir='ltr'><strong>bite?</strong></span> <span class='ocrx_word' id='word_1_627' title='bbox 2191 2103 2321 2158; x_wconf 88' lang='lat' dir='ltr'><strong>Nam</strong></span> <span class='ocrx_word' id='word_1_628' title='bbox 2351 2103 2473 2158; x_wconf 86' lang='lat' dir='ltr'><strong>vide</strong></span> <span class='ocrx_word' id='word_1_629' title='bbox 2514 2102 2787 2171; x_wconf 86' lang='lat' dir='ltr'><strong>sequentia</strong></span> <span class='ocrx_word' id='word_1_630' title='bbox 2817 2118 2830 2153; x_wconf 88' lang='lat'><strong>:</strong></span> <span class='ocrx_word' id='word_1_631' title='bbox 2864 2100 3093 2154; x_wconf 76' lang='lat' dir='ltr'><strong>Dicentes</strong></span> <span class='ocrx_word' id='word_1_632' title='bbox 3117 2119 3170 2154; x_wconf 86' lang='lat' dir='ltr'><strong>se</strong></span> <span class='ocrx_word' id='word_1_633' title='bbox 3191 2118 3294 2154; x_wconf 78' lang='lat' dir='ltr'><strong>esse</strong></span> <span class='ocrx_word' id='word_1_634' title='bbox 3316 2103 3594 2170; x_wconf 82' lang='lat' dir='ltr'><strong>sapientes,</strong></span> 
     </span>
    </p>
   </div>
   <div class='ocr_carea' id='block_1_83' title="bbox 2022 2193 3690 2262">
    <p class='ocr_par' dir='ltr' id='par_1_83' title="bbox 2022 2193 3690 2262">
     <span class='ocr_line' id='line_1_86' title="bbox 2022 2193 3690 2262; baseline -0.002 -13"><span class='ocrx_word' id='word_1_635' title='bbox 2022 2196 2165 2250; x_wconf 87' lang='lat' dir='ltr'><strong>stulti</strong></span> <span class='ocrx_word' id='word_1_636' title='bbox 2211 2195 2336 2262; x_wconf 78' lang='lat' dir='ltr'><strong>[acti</strong></span> <span class='ocrx_word' id='word_1_637' title='bbox 2383 2204 2518 2248; x_wconf 83' lang='lat' dir='ltr'><strong>sunt.</strong></span> <span class='ocrx_word' id='word_1_638' title='bbox 2564 2193 2679 2247; x_wconf 89' lang='lat' dir='ltr'><strong>Non</strong></span> <span class='ocrx_word' id='word_1_639' title='bbox 2727 2194 2866 2246; x_wconf 90' lang='lat' dir='ltr'><strong>enim</strong></span> <span class='ocrx_word' id='word_1_640' title='bbox 2898 2193 3163 2245; x_wconf 63' lang='lat' dir='ltr'><strong>debebant</strong></span> <span class='ocrx_word' id='word_1_641' title='bbox 3207 2193 3305 2246; x_wconf 88' lang='lat' dir='ltr'><strong>sibi</strong></span> <span class='ocrx_word' id='word_1_642' title='bbox 3348 2208 3600 2261; x_wconf 74' lang='lat' dir='ltr'><strong>arrogare</strong></span> <span class='ocrx_word' id='word_1_643' title='bbox 3687 2211 3690 2214; x_wconf 92' lang='grc'><strong>·</strong></span> 
     </span>
    </p>
   </div>
   <div class='ocr_carea' id='block_1_84' title="bbox 2023 2281 3596 2355">
    <p class='ocr_par' dir='ltr' id='par_1_84' title="bbox 2023 2281 3596 2355">
     <span class='ocr_line' id='line_1_87' title="bbox 2023 2281 3596 2355; baseline -0.001 -19"><span class='ocrx_word' id='word_1_644' title='bbox 2023 2283 2164 2355; x_wconf 90' lang='lat' dir='ltr'><strong>quod</strong></span> <span class='ocrx_word' id='word_1_645' title='bbox 2193 2284 2279 2337; x_wconf 92' lang='lat' dir='ltr'><strong>ille</strong></span> <span class='ocrx_word' id='word_1_646' title='bbox 2305 2283 2624 2346; x_wconf 84' lang='lat' dir='ltr'><strong>donaverat,</strong></span> <span class='ocrx_word' id='word_1_647' title='bbox 2660 2296 2758 2335; x_wconf 89' lang='lat' dir='ltr'><strong>nec</strong></span> <span class='ocrx_word' id='word_1_648' title='bbox 2786 2296 2844 2334; x_wconf 89' lang='lat' dir='ltr'><strong>se</strong></span> <span class='ocrx_word' id='word_1_649' title='bbox 2868 2281 3070 2350; x_wconf 75' lang='lat' dir='ltr'><strong>jactare</strong></span> <span class='ocrx_word' id='word_1_650' title='bbox 3113 2296 3176 2334; x_wconf 79' lang='lat' dir='ltr'><strong>ex</strong></span> <span class='ocrx_word' id='word_1_651' title='bbox 3220 2296 3284 2335; x_wconf 90' lang='lat' dir='ltr'><strong>eo</strong></span> <span class='ocrx_word' id='word_1_652' title='bbox 3323 2282 3459 2348; x_wconf 86' lang='lat' dir='ltr'><strong>quod</strong></span> <span class='ocrx_word' id='word_1_653' title='bbox 3492 2298 3596 2334; x_wconf 86' lang='lat' dir='ltr'><strong>non</strong></span> 
     </span>
    </p>
   </div>
   <div class='ocr_carea' id='block_1_85' title="bbox 2021 2370 3602 2442">
    <p class='ocr_par' dir='ltr' id='par_1_85' title="bbox 2021 2370 3602 2442">
     <span class='ocr_line' id='line_1_88' title="bbox 2021 2370 3602 2442; baseline -0.004 -12"><span class='ocrx_word' id='word_1_654' title='bbox 2021 2389 2054 2434; x_wconf 73' lang='lat' dir='ltr'><strong>tt</strong></span> <span class='ocrx_word' id='word_1_655' title='bbox 2084 2389 2143 2428; x_wconf 87' lang='lat' dir='ltr'><strong>sc</strong></span> <span class='ocrx_word' id='word_1_656' title='bbox 2172 2373 2320 2442; x_wconf 90' lang='lat' dir='ltr'><strong>ipsis,</strong></span> <span class='ocrx_word' id='word_1_657' title='bbox 2351 2373 2443 2427; x_wconf 86' lang='lat' dir='ltr'><strong>sed</strong></span> <span class='ocrx_word' id='word_1_658' title='bbox 2470 2372 2535 2427; x_wconf 88' lang='lat' dir='ltr'><strong>ab</strong></span> <span class='ocrx_word' id='word_1_659' title='bbox 2561 2372 2654 2425; x_wconf 90' lang='lat' dir='ltr'><strong>illo</strong></span> <span class='ocrx_word' id='word_1_660' title='bbox 2684 2371 2964 2425; x_wconf 87' lang='lat' dir='ltr'><strong>habebant.</strong></span> <span class='ocrx_word' id='word_1_661' title='bbox 2997 2370 3148 2438; x_wconf 87' lang='lat' dir='ltr'><strong>Quod</strong></span> <span class='ocrx_word' id='word_1_662' title='bbox 3177 2371 3250 2423; x_wconf 87' lang='lat' dir='ltr'><strong>illi</strong></span> <span class='ocrx_word' id='word_1_663' title='bbox 3282 2372 3461 2439; x_wconf 90' lang='lat' dir='ltr'><strong>utique</strong></span> <span class='ocrx_word' id='word_1_664' title='bbox 3483 2373 3602 2424; x_wconf 88' lang='lat' dir='ltr'><strong>red-</strong></span> 
     </span>
    </p>
   </div>
   <div class='ocr_carea' id='block_1_86' title="bbox 2025 2461 3598 2532">
    <p class='ocr_par' dir='ltr' id='par_1_86' title="bbox 2025 2461 3598 2532">
     <span class='ocr_line' id='line_1_89' title="bbox 2025 2461 3598 2532; baseline -0.003 -12"><span class='ocrx_word' id='word_1_665' title='bbox 2025 2465 2256 2520; x_wconf 88' lang='lat' dir='ltr'><strong>dendum</strong></span> <span class='ocrx_word' id='word_1_666' title='bbox 2286 2464 2414 2532; x_wconf 84' lang='lat' dir='ltr'><strong>fuit,</strong></span> <span class='ocrx_word' id='word_1_667' title='bbox 2443 2473 2499 2520; x_wconf 92' lang='lat' dir='ltr'><strong>ut</strong></span> <span class='ocrx_word' id='word_1_668' title='bbox 2520 2464 2589 2519; x_wconf 88' lang='lat' dir='ltr'><strong>ad</strong></span> <span class='ocrx_word' id='word_1_669' title='bbox 2615 2463 2717 2518; x_wconf 88' lang='lat' dir='ltr'><strong>hoc</strong></span> <span class='ocrx_word' id='word_1_670' title='bbox 2747 2462 3032 2517; x_wconf 90' lang='lat' dir='ltr'><strong>tenendum</strong></span> <span class='ocrx_word' id='word_1_671' title='bbox 3073 2463 3215 2532; x_wconf 89' lang='lat' dir='ltr'><strong>quod</strong></span> <span class='ocrx_word' id='word_1_672' title='bbox 3247 2461 3426 2516; x_wconf 85' lang='lat' dir='ltr'><strong>videre</strong></span> <span class='ocrx_word' id='word_1_673' title='bbox 3451 2473 3598 2531; x_wconf 89' lang='lat' dir='ltr'><strong>pote-</strong></span> 
     </span>
    </p>
   </div>
   <div class='ocr_carea' id='block_1_87' title="bbox 2027 2551 3601 2621">
    <p class='ocr_par' dir='ltr' id='par_1_87' title="bbox 2027 2551 3601 2621">
     <span class='ocr_line' id='line_1_90' title="bbox 2027 2551 3601 2621; baseline -0.001 -13"><span class='ocrx_word' id='word_1_674' title='bbox 2027 2562 2183 2618; x_wconf 78' lang='lat' dir='ltr'><strong>rant,</strong></span> <span class='ocrx_word' id='word_1_675' title='bbox 2219 2555 2286 2609; x_wconf 91' lang='lat' dir='ltr'><strong>ab</strong></span> <span class='ocrx_word' id='word_1_676' title='bbox 2315 2554 2406 2607; x_wconf 91' lang='lat' dir='ltr'><strong>illo</strong></span> <span class='ocrx_word' id='word_1_677' title='bbox 2435 2553 2876 2621; x_wconf 54' lang='lat' dir='ltr'><strong>sanarentur&#39;qui</strong></span> <span class='ocrx_word' id='word_1_678' title='bbox 2908 2551 3127 2605; x_wconf 87' lang='lat' dir='ltr'><strong>dederat</strong></span> <span class='ocrx_word' id='word_1_679' title='bbox 3155 2559 3210 2604; x_wconf 92' lang='lat' dir='ltr'><strong>ut</strong></span> <span class='ocrx_word' id='word_1_680' title='bbox 3253 2552 3512 2608; x_wconf 82' lang='lat' dir='ltr'><strong>viderent.</strong></span> <span class='ocrx_word' id='word_1_681' title='bbox 3544 2553 3601 2607; x_wconf 90' lang='lat' dir='ltr'><strong>Si</strong></span> 
     </span>
    </p>
   </div>
   <div class='ocr_carea' id='block_1_88' title="bbox 2029 2641 3605 2722">
    <p class='ocr_par' dir='ltr' id='par_1_88' title="bbox 2029 2641 3605 2722">
     <span class='ocr_line' id='line_1_91' title="bbox 2029 2641 3605 2722; baseline -0.002 -22"><span class='ocrx_word' id='word_1_682' title='bbox 2029 2644 2172 2700; x_wconf 89' lang='lat' dir='ltr'><strong>enim</strong></span> <span class='ocrx_word' id='word_1_683' title='bbox 2193 2642 2295 2699; x_wconf 83' lang='lat' dir='ltr'><strong>hoc</strong></span> <span class='ocrx_word' id='word_1_684' title='bbox 2323 2645 2577 2722; x_wconf 79' lang='lat' dir='ltr'><strong>tacerent,</strong></span> <span class='ocrx_word' id='word_1_685' title='bbox 2610 2641 2960 2696; x_wconf 81' lang='lat' dir='ltr'><strong>humilitatem</strong></span> <span class='ocrx_word' id='word_1_686' title='bbox 2987 2651 3278 2705; x_wconf 83' lang='lat' dir='ltr'><strong>servarent,</strong></span> <span class='ocrx_word' id='word_1_687' title='bbox 3305 2651 3605 2720; x_wconf 82' lang='lat' dir='ltr'><strong>etposscut</strong></span> 
     </span>
    </p>
   </div>
   <div class='ocr_carea' id='block_1_89' title="bbox 2027 2715 3606 2808">
    <p class='ocr_par' dir='ltr' id='par_1_89' title="bbox 2027 2715 3606 2808">
     <span class='ocr_line' id='line_1_92' title="bbox 2027 2715 3606 2808; baseline 0.001 -19"><span class='ocrx_word' id='word_1_688' title='bbox 2027 2736 2258 2808; x_wconf 87' lang='lat' dir='ltr'><strong>purgari,</strong></span> <span class='ocrx_word' id='word_1_689' title='bbox 2288 2715 2448 2806; x_wconf 82' lang='lat' dir='ltr'><strong>atque</strong></span> <span class='ocrx_word' id='word_1_690' title='bbox 2468 2735 2542 2789; x_wconf 93' lang='lat' dir='ltr'><strong>illi</strong></span> <span class='ocrx_word' id='word_1_691' title='bbox 2569 2734 2890 2789; x_wconf 75' lang='lat' dir='ltr'><strong>beatissima:</strong></span> <span class='ocrx_word' id='word_1_692' title='bbox 2915 2733 3346 2803; x_wconf 87' lang='lat' dir='ltr'><strong>contemplationi</strong></span> <span class='ocrx_word' id='word_1_693' title='bbox 3370 2715 3606 2790; x_wconf 53' lang='lat' dir='ltr'><strong>cottana</strong></span> 
     </span>
    </p>
   </div>
   <div class='ocr_carea' id='block_1_90' title="bbox 2030 2823 3605 2895">
    <p class='ocr_par' dir='ltr' id='par_1_90' title="bbox 2030 2823 3605 2895">
     <span class='ocr_line' id='line_1_93' title="bbox 2030 2823 3605 2895; baseline 0.001 -15"><span class='ocrx_word' id='word_1_694' title='bbox 2030 2836 2166 2880; x_wconf 86' lang='lat' dir='ltr'><strong>rent.</strong></span> <span class='ocrx_word' id='word_1_695' title='bbox 2210 2823 2342 2893; x_wconf 89' lang='lat' dir='ltr'><strong>Quia</strong></span> <span class='ocrx_word' id='word_1_696' title='bbox 2381 2841 2508 2880; x_wconf 86' lang='lat' dir='ltr'><strong>vero</strong></span> <span class='ocrx_word' id='word_1_697' title='bbox 2546 2824 2792 2895; x_wconf 86' lang='lat' dir='ltr'><strong>superbia</strong></span> <span class='ocrx_word' id='word_1_698' title='bbox 2832 2833 2948 2878; x_wconf 90' lang='lat' dir='ltr'><strong>erat</strong></span> <span class='ocrx_word' id='word_1_699' title='bbox 2978 2824 3029 2877; x_wconf 92' lang='lat' dir='ltr'><strong>in</strong></span> <span class='ocrx_word' id='word_1_700' title='bbox 3058 2825 3164 2890; x_wconf 89' lang='lat' dir='ltr'><strong>eis,</strong></span> <span class='ocrx_word' id='word_1_701' title='bbox 3197 2824 3510 2893; x_wconf 89' lang='lat' dir='ltr'><strong>interposuit</strong></span> <span class='ocrx_word' id='word_1_702' title='bbox 3545 2842 3605 2881; x_wconf 90' lang='lat' dir='ltr'><strong>se</strong></span> 
     </span>
    </p>
   </div>
   <div class='ocr_carea' id='block_1_91' title="bbox 2031 2915 3604 2986">
    <p class='ocr_par' dir='ltr' id='par_1_91' title="bbox 2031 2915 3604 2986">
     <span class='ocr_line' id='line_1_94' title="bbox 2031 2915 3604 2986; baseline 0.001 -16"><span class='ocrx_word' id='word_1_703' title='bbox 2031 2916 2195 2971; x_wconf 77' lang='lat' dir='ltr'><strong>falsus</strong></span> <span class='ocrx_word' id='word_1_704' title='bbox 2219 2926 2272 2970; x_wconf 90' lang='lat' dir='ltr'><strong>et</strong></span> <span class='ocrx_word' id='word_1_705' title='bbox 2292 2915 2453 2970; x_wconf 75' lang='lat' dir='ltr'><strong>fallax</strong></span> <span class='ocrx_word' id='word_1_706' title='bbox 2483 2926 2536 2972; x_wconf 87' lang='lat' dir='ltr'><strong>et</strong></span> <span class='ocrx_word' id='word_1_707' title='bbox 2555 2915 2848 2984; x_wconf 87' lang='lat' dir='ltr'><strong>superbus,</strong></span> <span class='ocrx_word' id='word_1_708' title='bbox 2869 2915 2957 2984; x_wconf 93' lang='lat' dir='ltr'><strong>qui</strong></span> <span class='ocrx_word' id='word_1_709' title='bbox 2988 2915 3067 2970; x_wconf 91' lang='lat' dir='ltr'><strong>eis</strong></span> <span class='ocrx_word' id='word_1_710' title='bbox 3098 2915 3436 2985; x_wconf 87' lang='lat' dir='ltr'><strong>promitteret</strong></span> <span class='ocrx_word' id='word_1_711' title='bbox 3461 2917 3604 2986; x_wconf 68' lang='lat' dir='ltr'><strong>quini</strong></span> 
     </span>
    </p>
   </div>
   <div class='ocr_carea' id='block_1_92' title="bbox 2021 3006 3607 3077">
    <p class='ocr_par' dir='ltr' id='par_1_92' title="bbox 2021 3006 3607 3077">
     <span class='ocr_line' id='line_1_95' title="bbox 2021 3006 3607 3077; baseline -0.002 -12"><span class='ocrx_word' id='word_1_712' title='bbox 2021 3021 2127 3076; x_wconf 84' lang='lat' dir='ltr'><strong>per</strong></span> <span class='ocrx_word' id='word_1_713' title='bbox 2155 3015 2333 3077; x_wconf 87' lang='lat' dir='ltr'><strong>partes</strong></span> <span class='ocrx_word' id='word_1_714' title='bbox 2361 3007 2540 3062; x_wconf 89' lang='lat' dir='ltr'><strong>nescio</strong></span> <span class='ocrx_word' id='word_1_715' title='bbox 2584 3020 2717 3076; x_wconf 85' lang='lat' dir='ltr'><strong>quas</strong></span> <span class='ocrx_word' id='word_1_716' title='bbox 2741 3006 3002 3075; x_wconf 62' lang='lat' dir='ltr'><strong>superbiae</strong></span> <span class='ocrx_word' id='word_1_717' title='bbox 3045 3015 3391 3074; x_wconf 63' lang='lat' dir='ltr'><strong>lntrgarentur</strong></span> <span class='ocrx_word' id='word_1_718' title='bbox 3414 3011 3607 3062; x_wconf 78' lang='lat' dir='ltr'><strong>anima:</strong></span> 
     </span>
    </p>
   </div>
   <div class='ocr_carea' id='block_1_93' title="bbox 2033 3096 3681 3165">
    <p class='ocr_par' dir='ltr' id='par_1_93' title="bbox 2033 3096 3681 3165">
     <span class='ocr_line' id='line_1_96' title="bbox 2033 3096 3681 3165; baseline 0.001 -13"><span class='ocrx_word' id='word_1_719' title='bbox 2033 3098 2276 3165; x_wconf 84' lang='lat' dir='ltr'><strong>illorum,</strong></span> <span class='ocrx_word' id='word_1_720' title='bbox 2304 3106 2359 3152; x_wconf 90' lang='lat' dir='ltr'><strong>et</strong></span> <span class='ocrx_word' id='word_1_721' title='bbox 2402 3096 2529 3152; x_wconf 81' lang='lat' dir='ltr'><strong>fecit</strong></span> <span class='ocrx_word' id='word_1_722' title='bbox 2567 3098 2800 3152; x_wconf 90' lang='lat' dir='ltr'><strong>cultores</strong></span> <span class='ocrx_word' id='word_1_723' title='bbox 2843 3096 3246 3151; x_wconf 63' lang='lat' dir='ltr'><strong>daemoniorum.</strong></span> <span class='ocrx_word' id='word_1_724' title='bbox 3281 3098 3406 3152; x_wconf 89' lang='lat' dir='ltr'><strong>Inde</strong></span> <span class='ocrx_word' id='word_1_725' title='bbox 3451 3114 3601 3154; x_wconf 88' lang='lat' dir='ltr'><strong>sacra</strong></span> <span class='ocrx_word' id='word_1_726' title='bbox 3677 3096 3681 3106; x_wconf 87' lang='grc'><em>’</em></span> 
     </span>
    </p>
   </div>
   <div class='ocr_carea' id='block_1_94' title="bbox 2033 3190 3610 3262">
    <p class='ocr_par' dir='ltr' id='par_1_94' title="bbox 2033 3190 3610 3262">
     <span class='ocr_line' id='line_1_97' title="bbox 2033 3190 3610 3262; baseline 0.001 -15"><span class='ocrx_word' id='word_1_727' title='bbox 2033 3192 2208 3247; x_wconf 88' lang='lat' dir='ltr'><strong>omnia</strong></span> <span class='ocrx_word' id='word_1_728' title='bbox 2235 3207 2354 3262; x_wconf 75' lang='lat' dir='ltr'><strong>qua:</strong></span> <span class='ocrx_word' id='word_1_729' title='bbox 2380 3191 2712 3246; x_wconf 89' lang='lat' dir='ltr'><strong>celebrantur</strong></span> <span class='ocrx_word' id='word_1_730' title='bbox 2732 3205 2764 3244; x_wconf 91' lang='lat' dir='ltr'><strong>a</strong></span> <span class='ocrx_word' id='word_1_731' title='bbox 2792 3190 3016 3259; x_wconf 81' lang='lat' dir='ltr'><strong>Paganis</strong></span> <span class='ocrx_word' id='word_1_732' title='bbox 3036 3231 3054 3257; x_wconf 95' lang='lat'><strong>,</strong></span> <span class='ocrx_word' id='word_1_733' title='bbox 3081 3205 3198 3260; x_wconf 84' lang='lat' dir='ltr'><strong>quae</strong></span> <span class='ocrx_word' id='word_1_734' title='bbox 3229 3193 3400 3246; x_wconf 85' lang='lat' dir='ltr'><strong>valere</strong></span> <span class='ocrx_word' id='word_1_735' title='bbox 3428 3192 3610 3248; x_wconf 88' lang='lat' dir='ltr'><strong>dicunt</strong></span> 
     </span>
    </p>
   </div>
   <div class='ocr_carea' id='block_1_95' title="bbox 2034 3281 3608 3352">
    <p class='ocr_par' dir='ltr' id='par_1_95' title="bbox 2034 3281 3608 3352">
     <span class='ocr_line' id='line_1_98' title="bbox 2034 3281 3608 3352; baseline 0.001 -18"><span class='ocrx_word' id='word_1_736' title='bbox 2034 3281 2100 3336; x_wconf 92' lang='lat' dir='ltr'><strong>ad</strong></span> <span class='ocrx_word' id='word_1_737' title='bbox 2123 3281 2490 3351; x_wconf 83' lang='lat' dir='ltr'><strong>purgationem</strong></span> <span class='ocrx_word' id='word_1_738' title='bbox 2533 3281 2827 3334; x_wconf 88' lang='lat' dir='ltr'><strong>animarum</strong></span> <span class='ocrx_word' id='word_1_739' title='bbox 2873 3295 3108 3334; x_wconf 88' lang='lat' dir='ltr'><strong>suarum.</strong></span> <span class='ocrx_word' id='word_1_740' title='bbox 3138 3281 3204 3334; x_wconf 85' lang='lat' dir='ltr'><strong>Et</strong></span> <span class='ocrx_word' id='word_1_741' title='bbox 3229 3282 3351 3352; x_wconf 89' lang='lat' dir='ltr'><strong>audi</strong></span> <span class='ocrx_word' id='word_1_742' title='bbox 3379 3283 3608 3350; x_wconf 80' lang='lat' dir='ltr'><strong>Aposto-</strong></span> 
     </span>
    </p>
   </div>
   <div class='ocr_carea' id='block_1_96' title="bbox 2036 3370 3611 3440">
    <p class='ocr_par' dir='ltr' id='par_1_96' title="bbox 2036 3370 3611 3440">
     <span class='ocr_line' id='line_1_99' title="bbox 2036 3370 3611 3440; baseline -0.001 -13"><span class='ocrx_word' id='word_1_743' title='bbox 2036 3373 2146 3427; x_wconf 92' lang='lat' dir='ltr'><strong>lum</strong></span> <span class='ocrx_word' id='word_1_744' title='bbox 2185 3378 2573 3440; x_wconf 90' lang='lat' dir='ltr'><strong>consequenter</strong></span> <span class='ocrx_word' id='word_1_745' title='bbox 2600 3370 2714 3425; x_wconf 68' lang='lat' dir='ltr'><strong>bmc</strong></span> <span class='ocrx_word' id='word_1_746' title='bbox 2755 3371 3016 3425; x_wconf 85' lang='lat' dir='ltr'><strong>dicentem</strong></span> <span class='ocrx_word' id='word_1_747' title='bbox 3038 3409 3054 3434; x_wconf 95' lang='lat'><strong>,</strong></span> <span class='ocrx_word' id='word_1_748' title='bbox 3081 3371 3202 3438; x_wconf 88' lang='lat' dir='ltr'><strong>quia</strong></span> <span class='ocrx_word' id='word_1_749' title='bbox 3242 3387 3339 3440; x_wconf 87' lang='lat' dir='ltr'><strong>pro</strong></span> <span class='ocrx_word' id='word_1_750' title='bbox 3367 3373 3611 3426; x_wconf 86' lang='lat' dir='ltr'><strong>mercede</strong></span> 
     </span>
    </p>
   </div>
   <div class='ocr_carea' id='block_1_97' title="bbox 2037 3460 3609 3532">
    <p class='ocr_par' dir='ltr' id='par_1_97' title="bbox 2037 3460 3609 3532">
     <span class='ocr_line' id='line_1_100' title="bbox 2037 3460 3609 3532; baseline 0.001 -16"><span class='ocrx_word' id='word_1_751' title='bbox 2037 3461 2303 3532; x_wconf 68' lang='lat' dir='ltr'><strong>superbiae</strong></span> <span class='ocrx_word' id='word_1_752' title='bbox 2333 3461 2433 3515; x_wconf 87' lang='lat' dir='ltr'><strong>ista</strong></span> <span class='ocrx_word' id='word_1_753' title='bbox 2457 3468 2807 3528; x_wconf 81' lang='lat' dir='ltr'><strong>receperunt;</strong></span> <span class='ocrx_word' id='word_1_754' title='bbox 2839 3460 2960 3528; x_wconf 91' lang='lat' dir='ltr'><strong>quia</strong></span> <span class='ocrx_word' id='word_1_755' title='bbox 2989 3475 3093 3514; x_wconf 90' lang='lat' dir='ltr'><strong>non</strong></span> <span class='ocrx_word' id='word_1_756' title='bbox 3123 3461 3200 3515; x_wconf 90' lang='lat' dir='ltr'><strong>sic</strong></span> <span class='ocrx_word' id='word_1_757' title='bbox 3228 3461 3609 3517; x_wconf 79' lang='lat' dir='ltr'><strong>hunorilicare-</strong></span> 
     </span>
    </p>
   </div>
   <div class='ocr_carea' id='block_1_98' title="bbox 2036 3549 3610 3612">
    <p class='ocr_par' dir='ltr' id='par_1_98' title="bbox 2036 3549 3610 3612">
     <span class='ocr_line' id='line_1_101' title="bbox 2036 3549 3610 3612; baseline -0.003 -5"><span class='ocrx_word' id='word_1_758' title='bbox 2036 3563 2162 3608; x_wconf 88' lang='lat' dir='ltr'><strong>runt</strong></span> <span class='ocrx_word' id='word_1_759' title='bbox 2188 3551 2389 3612; x_wconf 87' lang='lat' dir='ltr'><strong>Deum,</strong></span> <span class='ocrx_word' id='word_1_760' title='bbox 2419 3559 2477 3603; x_wconf 93' lang='lat' dir='ltr'><strong>ut</strong></span> <span class='ocrx_word' id='word_1_761' title='bbox 2513 3549 2941 3604; x_wconf 87' lang='lat' dir='ltr'><strong>bonorilicandus</strong></span> <span class='ocrx_word' id='word_1_762' title='bbox 2983 3558 3064 3603; x_wconf 90' lang='lat' dir='ltr'><strong>est</strong></span> <span class='ocrx_word' id='word_1_763' title='bbox 3115 3550 3270 3604; x_wconf 86' lang='lat' dir='ltr'><strong>Deus.</strong></span> <span class='ocrx_word' id='word_1_764' title='bbox 3301 3549 3368 3601; x_wconf 86' lang='lat' dir='ltr'><strong>Et</strong></span> <span class='ocrx_word' id='word_1_765' title='bbox 3395 3560 3610 3604; x_wconf 79' lang='lat' dir='ltr'><strong>mutave-</strong></span> 
     </span>
    </p>
   </div>
   <div class='ocr_carea' id='block_1_99' title="bbox 2036 3637 3608 3710">
    <p class='ocr_par' dir='ltr' id='par_1_99' title="bbox 2036 3637 3608 3710">
     <span class='ocr_line' id='line_1_102' title="bbox 2036 3637 3608 3710; baseline -0.002 -14"><span class='ocrx_word' id='word_1_766' title='bbox 2036 3651 2152 3696; x_wconf 84' lang='lat' dir='ltr'><strong>runt</strong></span> <span class='ocrx_word' id='word_1_767' title='bbox 2172 3640 2384 3710; x_wconf 84' lang='lat' dir='ltr'><strong>gloriam</strong></span> <span class='ocrx_word' id='word_1_768' title='bbox 2405 3637 2798 3708; x_wconf 83' lang='lat' dir='ltr'><strong>incorruptibilis</strong></span> <span class='ocrx_word' id='word_1_769' title='bbox 2830 3637 2922 3690; x_wconf 87' lang='lat' dir='ltr'><strong>Dei</strong></span> <span class='ocrx_word' id='word_1_770' title='bbox 2947 3638 2998 3690; x_wconf 90' lang='lat' dir='ltr'><strong>in</strong></span> <span class='ocrx_word' id='word_1_771' title='bbox 3025 3639 3404 3692; x_wconf 77' lang='lat' dir='ltr'><strong>similitudinem</strong></span> <span class='ocrx_word' id='word_1_772' title='bbox 3426 3641 3608 3709; x_wconf 59' lang='lat' dir='ltr'><strong>unugi-</strong></span> 
     </span>
    </p>
   </div>
   <div class='ocr_carea' id='block_1_100' title="bbox 2038 3729 3611 3802">
    <p class='ocr_par' dir='ltr' id='par_1_100' title="bbox 2038 3729 3611 3802">
     <span class='ocr_line' id='line_1_103' title="bbox 2038 3729 3611 3802; baseline 0 -16"><span class='ocrx_word' id='word_1_773' title='bbox 2038 3733 2115 3801; x_wconf 82' lang='lat' dir='ltr'><strong>nis</strong></span> <span class='ocrx_word' id='word_1_774' title='bbox 2143 3731 2482 3802; x_wconf 81' lang='lat' dir='ltr'><strong>corruptibilis</strong></span> <span class='ocrx_word' id='word_1_775' title='bbox 2518 3730 2753 3784; x_wconf 87' lang='lat' dir='ltr'><strong>hominis.</strong></span> <span class='ocrx_word' id='word_1_776' title='bbox 2782 3729 2898 3784; x_wconf 83' lang='lat' dir='ltr'><strong>.Iam</strong></span> <span class='ocrx_word' id='word_1_777' title='bbox 2929 3730 3212 3786; x_wconf 82' lang='lat' dir='ltr'><strong>simulacra</strong></span> <span class='ocrx_word' id='word_1_778' title='bbox 3242 3741 3382 3784; x_wconf 88' lang='lat' dir='ltr'><strong>sunt.</strong></span> <span class='ocrx_word' id='word_1_779' title='bbox 3414 3732 3481 3786; x_wconf 84' lang='lat' dir='ltr'><strong>Et</strong></span> <span class='ocrx_word' id='word_1_780' title='bbox 3511 3733 3611 3786; x_wconf 83' lang='lat' dir='ltr'><strong>ista</strong></span> 
     </span>
    </p>
   </div>
   <div class='ocr_carea' id='block_1_101' title="bbox 2038 3821 3614 3894">
    <p class='ocr_par' dir='ltr' id='par_1_101' title="bbox 2038 3821 3614 3894">
     <span class='ocr_line' id='line_1_104' title="bbox 2038 3821 3614 3894; baseline -0.001 -17"><span class='ocrx_word' id='word_1_781' title='bbox 2038 3822 2254 3894; x_wconf 90' lang='lat' dir='ltr'><strong>quidem</strong></span> <span class='ocrx_word' id='word_1_782' title='bbox 2275 3822 2511 3878; x_wconf 91' lang='lat' dir='ltr'><strong>omnium</strong></span> <span class='ocrx_word' id='word_1_783' title='bbox 2531 3821 2836 3876; x_wconf 82' lang='lat' dir='ltr'><strong>Graecorum</strong></span> <span class='ocrx_word' id='word_1_784' title='bbox 2855 3821 3182 3890; x_wconf 89' lang='lat' dir='ltr'><strong>aliarumque</strong></span> <span class='ocrx_word' id='word_1_785' title='bbox 3208 3822 3462 3890; x_wconf 87' lang='lat' dir='ltr'><strong>gentium,</strong></span> <span class='ocrx_word' id='word_1_786' title='bbox 3494 3839 3614 3892; x_wconf 76' lang='lat' dir='ltr'><strong>qua:</strong></span> 
     </span>
    </p>
   </div>
   <div class='ocr_carea' id='block_1_102' title="bbox 2039 3902 3616 3979">
    <p class='ocr_par' dir='ltr' id='par_1_102' title="bbox 2039 3902 3616 3979">
     <span class='ocr_line' id='line_1_105' title="bbox 2039 3902 3616 3979; baseline -0.003 -8"><span class='ocrx_word' id='word_1_787' title='bbox 2039 3902 2755 3971; x_wconf 33' lang='lat' dir='ltr'><strong>similitudinem.Itominum</strong></span> <span class='ocrx_word' id='word_1_788' title='bbox 2803 3911 3017 3966; x_wconf 86' lang='lat' dir='ltr'><strong>habent.</strong></span> <span class='ocrx_word' id='word_1_789' title='bbox 3050 3911 3180 3979; x_wconf 89' lang='lat' dir='ltr'><strong>Quia</strong></span> <span class='ocrx_word' id='word_1_790' title='bbox 3221 3928 3346 3967; x_wconf 89' lang='lat' dir='ltr'><strong>vero</strong></span> <span class='ocrx_word' id='word_1_791' title='bbox 3385 3929 3490 3967; x_wconf 92' lang='lat' dir='ltr'><strong>non</strong></span> <span class='ocrx_word' id='word_1_792' title='bbox 3532 3924 3616 3968; x_wconf 90' lang='lat' dir='ltr'><strong>est</strong></span> 
     </span>
    </p>
   </div>
   <div class='ocr_carea' id='block_1_103' title="bbox 2040 4001 3610 4076">
    <p class='ocr_par' dir='ltr' id='par_1_103' title="bbox 2040 4001 3610 4076">
     <span class='ocr_line' id='line_1_106' title="bbox 2040 4001 3610 4076; baseline -0.002 -15"><span class='ocrx_word' id='word_1_793' title='bbox 2040 4005 2211 4076; x_wconf 87' lang='lat' dir='ltr'><strong>major</strong></span> <span class='ocrx_word' id='word_1_794' title='bbox 2227 4015 2276 4060; x_wconf 89' lang='lat' dir='ltr'><strong>et</strong></span> <span class='ocrx_word' id='word_1_795' title='bbox 2295 4003 2708 4073; x_wconf 88' lang='lat' dir='ltr'><strong>superstitiosior</strong></span> <span class='ocrx_word' id='word_1_796' title='bbox 2725 4002 3017 4057; x_wconf 88' lang='lat' dir='ltr'><strong>idololatria</strong></span> <span class='ocrx_word' id='word_1_797' title='bbox 3035 4017 3192 4070; x_wconf 88' lang='lat' dir='ltr'><strong>quam</strong></span> <span class='ocrx_word' id='word_1_798' title='bbox 3211 4001 3576 4072; x_wconf 45' lang='lat' dir='ltr'><strong>«Egyptiorum</strong></span> <span class='ocrx_word' id='word_1_799' title='bbox 3596 4022 3610 4058; x_wconf 89' lang='lat'><strong>:</strong></span> 
     </span>
    </p>
   </div>
   <div class='ocr_carea' id='block_1_104' title="bbox 2042 4093 3613 4165">
    <p class='ocr_par' dir='ltr' id='par_1_104' title="bbox 2042 4093 3613 4165">
     <span class='ocr_line' id='line_1_107' title="bbox 2042 4093 3613 4165; baseline -0.003 -14"><span class='ocrx_word' id='word_1_800' title='bbox 2042 4111 2164 4152; x_wconf 87' lang='lat' dir='ltr'><strong>nam</strong></span> <span class='ocrx_word' id='word_1_801' title='bbox 2206 4094 2466 4165; x_wconf 66' lang='lat' dir='ltr'><strong>Egyptus</strong></span> <span class='ocrx_word' id='word_1_802' title='bbox 2510 4093 2740 4164; x_wconf 80' lang='lat' dir='ltr'><strong>perfudit</strong></span> <span class='ocrx_word' id='word_1_803' title='bbox 2785 4093 3038 4146; x_wconf 89' lang='lat' dir='ltr'><strong>mundum</strong></span> <span class='ocrx_word' id='word_1_804' title='bbox 3084 4093 3346 4163; x_wconf 84' lang='lat' dir='ltr'><strong>ﬁgmentis</strong></span> <span class='ocrx_word' id='word_1_805' title='bbox 3392 4094 3613 4159; x_wconf 89' lang='lat' dir='ltr'><strong>talibus,</strong></span> 
     </span>
    </p>
   </div>
   <div class='ocr_carea' id='block_1_105' title="bbox 2043 4185 3615 4261">
    <p class='ocr_par' dir='ltr' id='par_1_105' title="bbox 2043 4185 3615 4261">
     <span class='ocr_line' id='line_1_108' title="bbox 2043 4185 3615 4261; baseline -0.004 -17"><span class='ocrx_word' id='word_1_806' title='bbox 2043 4189 2220 4261; x_wconf 87' lang='lat' dir='ltr'><strong>qualia</strong></span> <span class='ocrx_word' id='word_1_807' title='bbox 2262 4187 2516 4256; x_wconf 89' lang='lat' dir='ltr'><strong>deinceps</strong></span> <span class='ocrx_word' id='word_1_808' title='bbox 2562 4185 2691 4240; x_wconf 91' lang='lat' dir='ltr'><strong>dicit</strong></span> <span class='ocrx_word' id='word_1_809' title='bbox 2731 4185 3206 4255; x_wconf 72' lang='lat' dir='ltr'><strong>Apostoluszcum</strong></span> <span class='ocrx_word' id='word_1_810' title='bbox 3254 4185 3505 4248; x_wconf 79' lang='lat' dir='ltr'><strong>dixisset,</strong></span> <span class='ocrx_word' id='word_1_811' title='bbox 3552 4185 3615 4238; x_wconf 88' lang='lat' dir='ltr'><strong>lu</strong></span> 
     </span>
    </p>
   </div>
   <div class='ocr_carea' id='block_1_106' title="bbox 2044 4275 3613 4348">
    <p class='ocr_par' dir='ltr' id='par_1_106' title="bbox 2044 4275 3613 4348">
     <span class='ocr_line' id='line_1_109' title="bbox 2044 4275 3613 4348; baseline -0.004 -13"><span class='ocrx_word' id='word_1_812' title='bbox 2044 4279 2426 4337; x_wconf 84' lang='lat' dir='ltr'><strong>similitudinem</strong></span> <span class='ocrx_word' id='word_1_813' title='bbox 2460 4278 2694 4348; x_wconf 87' lang='lat' dir='ltr'><strong>imaginis</strong></span> <span class='ocrx_word' id='word_1_814' title='bbox 2728 4277 3069 4345; x_wconf 86' lang='lat' dir='ltr'><strong>corruptibilis</strong></span> <span class='ocrx_word' id='word_1_815' title='bbox 3112 4276 3363 4339; x_wconf 83' lang='lat' dir='ltr'><strong>hominis;</strong></span> <span class='ocrx_word' id='word_1_816' title='bbox 3385 4275 3613 4335; x_wconf 80' lang='lat' dir='ltr'><strong>addidit,</strong></span> 
     </span>
    </p>
   </div>
   <div class='ocr_carea' id='block_1_107' title="bbox 2045 4367 3610 4438">
    <p class='ocr_par' dir='ltr' id='par_1_107' title="bbox 2045 4367 3610 4438">
     <span class='ocr_line' id='line_1_110' title="bbox 2045 4367 3610 4438; baseline -0.004 -11"><span class='ocrx_word' id='word_1_817' title='bbox 2045 4382 2093 4427; x_wconf 85' lang='lat' dir='ltr'><strong>et</strong></span> <span class='ocrx_word' id='word_1_818' title='bbox 2118 4371 2398 4435; x_wconf 79' lang='lat' dir='ltr'><strong>volucrum,</strong></span> <span class='ocrx_word' id='word_1_819' title='bbox 2421 4378 2468 4422; x_wconf 89' lang='lat' dir='ltr'><strong>et</strong></span> <span class='ocrx_word' id='word_1_820' title='bbox 2495 4368 2901 4438; x_wconf 85' lang='lat' dir='ltr'><strong>quadrupedum,</strong></span> <span class='ocrx_word' id='word_1_821' title='bbox 2934 4378 2980 4420; x_wconf 87' lang='lat' dir='ltr'><strong>et</strong></span> <span class='ocrx_word' id='word_1_822' title='bbox 3000 4368 3324 4436; x_wconf 85' lang='lat' dir='ltr'><strong>serpentium.</strong></span> <span class='ocrx_word' id='word_1_823' title='bbox 3347 4367 3610 4437; x_wconf 82' lang='lat' dir='ltr'><strong>Numquid</strong></span> 
     </span>
    </p>
   </div>
   <div class='ocr_carea' id='block_1_108' title="bbox 2045 4457 3617 4528">
    <p class='ocr_par' dir='ltr' id='par_1_108' title="bbox 2045 4457 3617 4528">
     <span class='ocr_line' id='line_1_111' title="bbox 2045 4457 3617 4528; baseline -0.003 -11"><span class='ocrx_word' id='word_1_824' title='bbox 2045 4465 2224 4528; x_wconf 89' lang='lat' dir='ltr'><strong>enim,</strong></span> <span class='ocrx_word' id='word_1_825' title='bbox 2253 4461 2474 4526; x_wconf 83' lang='lat' dir='ltr'><strong>fratres,</strong></span> <span class='ocrx_word' id='word_1_826' title='bbox 2504 4459 2556 4512; x_wconf 90' lang='lat' dir='ltr'><strong>in</strong></span> <span class='ocrx_word' id='word_1_827' title='bbox 2603 4458 2719 4511; x_wconf 87' lang='lat' dir='ltr'><strong>aliis</strong></span> <span class='ocrx_word' id='word_1_828' title='bbox 2769 4457 2978 4526; x_wconf 86' lang='lat' dir='ltr'><strong>templis</strong></span> <span class='ocrx_word' id='word_1_829' title='bbox 3023 4457 3226 4510; x_wconf 85' lang='lat' dir='ltr'><strong>vidistis</strong></span> <span class='ocrx_word' id='word_1_830' title='bbox 3272 4458 3617 4512; x_wconf 84' lang='lat' dir='ltr'><strong>simulacrum</strong></span> 
     </span>
    </p>
   </div>
   <div class='ocr_carea' id='block_1_109' title="bbox 2045 4547 3620 4622">
    <p class='ocr_par' dir='ltr' id='par_1_109' title="bbox 2045 4547 3620 4622">
     <span class='ocr_line' id='line_1_112' title="bbox 2045 4547 3620 4622; baseline -0.001 -17"><span class='ocrx_word' id='word_1_831' title='bbox 2045 4552 2218 4622; x_wconf 89' lang='lat' dir='ltr'><strong>capite</strong></span> <span class='ocrx_word' id='word_1_832' title='bbox 2249 4551 2442 4605; x_wconf 90' lang='lat' dir='ltr'><strong>canino</strong></span> <span class='ocrx_word' id='word_1_833' title='bbox 2481 4547 2564 4603; x_wconf 89' lang='lat' dir='ltr'><strong>vel</strong></span> <span class='ocrx_word' id='word_1_834' title='bbox 2603 4547 2811 4602; x_wconf 89' lang='lat' dir='ltr'><strong>taurino</strong></span> <span class='ocrx_word' id='word_1_835' title='bbox 2831 4589 2846 4612; x_wconf 95' lang='lat'><strong>,</strong></span> <span class='ocrx_word' id='word_1_836' title='bbox 2872 4557 3289 4618; x_wconf 70' lang='lat' dir='ltr'><strong>canterorumque</strong></span> <span class='ocrx_word' id='word_1_837' title='bbox 3312 4550 3620 4604; x_wconf 83' lang='lat' dir='ltr'><strong>animalium</strong></span> 
     </span>
    </p>
   </div>
   <div class='ocr_carea' id='block_1_110' title="bbox 2049 4637 3616 4713">
    <p class='ocr_par' dir='ltr' id='par_1_110' title="bbox 2049 4637 3616 4713">
     <span class='ocr_line' id='line_1_113' title="bbox 2049 4637 3616 4713; baseline -0.004 -17"><span class='ocrx_word' id='word_1_838' title='bbox 2049 4640 2489 4713; x_wconf 88' lang='lat' dir='ltr'><strong>irrationabilinm</strong></span> <span class='ocrx_word' id='word_1_839' title='bbox 2515 4638 2805 4708; x_wconf 85' lang='lat' dir='ltr'><strong>ﬁgmenta?</strong></span> <span class='ocrx_word' id='word_1_840' title='bbox 2833 4638 2956 4692; x_wconf 75' lang='lat' dir='ltr'><strong>llmc</strong></span> <span class='ocrx_word' id='word_1_841' title='bbox 2996 4638 3134 4692; x_wconf 89' lang='lat' dir='ltr'><strong>enim</strong></span> <span class='ocrx_word' id='word_1_842' title='bbox 3178 4638 3314 4692; x_wconf 90' lang='lat' dir='ltr'><strong>idola</strong></span> <span class='ocrx_word' id='word_1_843' title='bbox 3343 4637 3616 4708; x_wconf 52' lang='grc' dir='ltr'><strong>λείῃ-ριίυε</strong></span> 
     </span>
    </p>
   </div>
   <div class='ocr_carea' id='block_1_111' title="bbox 2047 4729 3615 4799">
    <p class='ocr_par' dir='ltr' id='par_1_111' title="bbox 2047 4729 3615 4799">
     <span class='ocr_line' id='line_1_114' title="bbox 2047 4729 3615 4799; baseline -0.006 -11"><span class='ocrx_word' id='word_1_844' title='bbox 2047 4749 2165 4788; x_wconf 88' lang='lat' dir='ltr'><strong>rum</strong></span> <span class='ocrx_word' id='word_1_845' title='bbox 2192 4740 2334 4788; x_wconf 89' lang='lat' dir='ltr'><strong>sunt.</strong></span> <span class='ocrx_word' id='word_1_846' title='bbox 2361 4730 2654 4799; x_wconf 89' lang='lat' dir='ltr'><strong>Utrumque</strong></span> <span class='ocrx_word' id='word_1_847' title='bbox 2679 4729 2819 4784; x_wconf 90' lang='lat' dir='ltr'><strong>enim</strong></span> <span class='ocrx_word' id='word_1_848' title='bbox 2840 4742 3004 4798; x_wconf 85' lang='lat' dir='ltr'><strong>genus</strong></span> <span class='ocrx_word' id='word_1_849' title='bbox 3033 4729 3359 4796; x_wconf 71' lang='lat' dir='ltr'><strong>complexus,</strong></span> <span class='ocrx_word' id='word_1_850' title='bbox 3383 4729 3456 4780; x_wconf 86' lang='lat' dir='ltr'><strong>ait</strong></span> <span class='ocrx_word' id='word_1_851' title='bbox 3482 4733 3615 4794; x_wconf 63' lang='lat' dir='ltr'><strong>Apin</strong></span> 
     </span>
    </p>
   </div>
   <div class='ocr_carea' id='block_1_112' title="bbox 2047 4819 3621 4888">
    <p class='ocr_par' dir='ltr' id='par_1_112' title="bbox 2047 4819 3621 4888">
     <span class='ocr_line' id='line_1_115' title="bbox 2047 4819 3621 4888; baseline -0.007 -7"><span class='ocrx_word' id='word_1_852' title='bbox 2047 4827 2214 4882; x_wconf 88' lang='lat' dir='ltr'><strong>stolus</strong></span> <span class='ocrx_word' id='word_1_853' title='bbox 2238 4842 2252 4878; x_wconf 89' lang='lat'><strong>:</strong></span> <span class='ocrx_word' id='word_1_854' title='bbox 2280 4843 2299 4876; x_wconf 84' lang='grc' dir='ltr'><strong>ι</strong></span> <span class='ocrx_word' id='word_1_855' title='bbox 2336 4822 2390 4878; x_wconf 85' lang='grc' dir='ltr'><strong>1η</strong></span> <span class='ocrx_word' id='word_1_856' title='bbox 2434 4820 2831 4877; x_wconf 88' lang='lat' dir='ltr'><strong>similitudinem</strong></span> <span class='ocrx_word' id='word_1_857' title='bbox 2871 4819 3111 4888; x_wconf 86' lang='lat' dir='ltr'><strong>imaginis</strong></span> <span class='ocrx_word' id='word_1_858' title='bbox 3134 4819 3492 4887; x_wconf 86' lang='lat' dir='ltr'><strong>corruptibilis</strong></span> <span class='ocrx_word' id='word_1_859' title='bbox 3525 4819 3621 4870; x_wconf 89' lang='lat' dir='ltr'><strong>bo-</strong></span> 
     </span>
    </p>
   </div>
   <div class='ocr_carea' id='block_1_113' title="bbox 2048 4907 3617 4981">
    <p class='ocr_par' dir='ltr' id='par_1_113' title="bbox 2048 4907 3617 4981">
     <span class='ocr_line' id='line_1_116' title="bbox 2048 4907 3617 4981; baseline -0.008 -10"><span class='ocrx_word' id='word_1_860' title='bbox 2048 4917 2226 4981; x_wconf 84' lang='lat' dir='ltr'><strong>minis,</strong></span> <span class='ocrx_word' id='word_1_861' title='bbox 2259 4923 2316 4970; x_wconf 90' lang='lat' dir='ltr'><strong>et</strong></span> <span class='ocrx_word' id='word_1_862' title='bbox 2338 4913 2641 4971; x_wconf 89' lang='lat' dir='ltr'><strong>volucrum,</strong></span> <span class='ocrx_word' id='word_1_863' title='bbox 2668 4920 2720 4965; x_wconf 90' lang='lat' dir='ltr'><strong>et</strong></span> <span class='ocrx_word' id='word_1_864' title='bbox 2747 4907 3164 4977; x_wconf 86' lang='lat' dir='ltr'><strong>quadrupedum,</strong></span> <span class='ocrx_word' id='word_1_865' title='bbox 3193 4919 3247 4962; x_wconf 92' lang='lat' dir='ltr'><strong>et</strong></span> <span class='ocrx_word' id='word_1_866' title='bbox 3271 4909 3617 4975; x_wconf 83' lang='lat' dir='ltr'><strong>serpentium.</strong></span> 
     </span>
    </p>
   </div>
   <div class='ocr_carea' id='block_1_114' title="bbox 2050 4998 3618 5077">
    <p class='ocr_par' dir='ltr' id='par_1_114' title="bbox 2050 4998 3618 5077">
     <span class='ocr_line' id='line_1_117' title="bbox 2050 4998 3618 5077; baseline -0.01 -13"><span class='ocrx_word' id='word_1_867' title='bbox 2050 5009 2338 5077; x_wconf 87' lang='lat' dir='ltr'><strong>Propterea</strong></span> <span class='ocrx_word' id='word_1_868' title='bbox 2355 5002 2572 5057; x_wconf 85' lang='lat' dir='ltr'><strong>tradidit</strong></span> <span class='ocrx_word' id='word_1_869' title='bbox 2588 5001 2707 5055; x_wconf 90' lang='lat' dir='ltr'><strong>illos</strong></span> <span class='ocrx_word' id='word_1_870' title='bbox 2725 5000 2862 5054; x_wconf 87' lang='lat' dir='ltr'><strong>Deus</strong></span> <span class='ocrx_word' id='word_1_871' title='bbox 2879 4999 2930 5051; x_wconf 89' lang='lat' dir='ltr'><strong>in</strong></span> <span class='ocrx_word' id='word_1_872' title='bbox 2946 4998 3204 5052; x_wconf 84' lang='lat' dir='ltr'><strong>desideria</strong></span> <span class='ocrx_word' id='word_1_873' title='bbox 3222 4998 3398 5052; x_wconf 87' lang='lat' dir='ltr'><strong>cordis</strong></span> <span class='ocrx_word' id='word_1_874' title='bbox 3415 5014 3618 5060; x_wconf 87' lang='lat' dir='ltr'><strong>eorum,</strong></span> 
     </span>
    </p>
   </div>
   <div class='ocr_carea' id='block_1_115' title="bbox 2053 5088 3623 5156">
    <p class='ocr_par' dir='ltr' id='par_1_115' title="bbox 2053 5088 3623 5156">
     <span class='ocr_line' id='line_1_118' title="bbox 2053 5088 3623 5156; baseline -0.004 -5"><span class='ocrx_word' id='word_1_875' title='bbox 2053 5098 2104 5152; x_wconf 91' lang='lat' dir='ltr'><strong>in</strong></span> <span class='ocrx_word' id='word_1_876' title='bbox 2136 5093 2553 5154; x_wconf 79' lang='lat' dir='ltr'><strong>immunditiam;</strong></span> <span class='ocrx_word' id='word_1_877' title='bbox 2583 5101 2638 5144; x_wconf 94' lang='lat' dir='ltr'><strong>ut</strong></span> <span class='ocrx_word' id='word_1_878' title='bbox 2663 5089 3000 5144; x_wconf 87' lang='lat' dir='ltr'><strong>contumeliis</strong></span> <span class='ocrx_word' id='word_1_879' title='bbox 3019 5088 3250 5143; x_wconf 80' lang='lat' dir='ltr'><strong>alliciant</strong></span> <span class='ocrx_word' id='word_1_880' title='bbox 3277 5102 3500 5156; x_wconf 88' lang='lat' dir='ltr'><strong>corpora</strong></span> <span class='ocrx_word' id='word_1_881' title='bbox 3529 5104 3623 5144; x_wconf 86' lang='lat' dir='ltr'><strong>sua</strong></span> 
     </span>
    </p>
   </div>
   <div class='ocr_carea' id='block_1_116' title="bbox 2054 5179 3625 5253">
    <p class='ocr_par' dir='ltr' id='par_1_116' title="bbox 2054 5179 3625 5253">
     <span class='ocr_line' id='line_1_119' title="bbox 2054 5179 3625 5253; baseline -0.006 -11"><span class='ocrx_word' id='word_1_882' title='bbox 2054 5187 2105 5242; x_wconf 90' lang='lat' dir='ltr'><strong>in</strong></span> <span class='ocrx_word' id='word_1_883' title='bbox 2133 5185 2451 5253; x_wconf 86' lang='lat' dir='ltr'><strong>semetipsis.</strong></span> <span class='ocrx_word' id='word_1_884' title='bbox 2484 5201 2502 5234; x_wconf 71' lang='grc' dir='ltr'><strong>ι</strong></span> <span class='ocrx_word' id='word_1_885' title='bbox 2532 5182 2654 5236; x_wconf 69' lang='grc' dir='ltr'>ιιιιυο</span> <span class='ocrx_word' id='word_1_886' title='bbox 2675 5181 2810 5234; x_wconf 89' lang='lat' dir='ltr'><strong>mala</strong></span> <span class='ocrx_word' id='word_1_887' title='bbox 2837 5195 3040 5245; x_wconf 88' lang='lat' dir='ltr'><strong>eorum,</strong></span> <span class='ocrx_word' id='word_1_888' title='bbox 3064 5195 3129 5235; x_wconf 83' lang='lat' dir='ltr'><strong>ex</strong></span> <span class='ocrx_word' id='word_1_889' title='bbox 3150 5179 3418 5247; x_wconf 86' lang='lat' dir='ltr'><strong>impietate</strong></span> <span class='ocrx_word' id='word_1_890' title='bbox 3439 5193 3625 5247; x_wconf 88' lang='lat' dir='ltr'><strong>super-</strong></span> 
     </span>
    </p>
   </div>
   <div class='ocr_carea' id='block_1_117' title="bbox 2055 5269 3625 5342">
    <p class='ocr_par' dir='ltr' id='par_1_117' title="bbox 2055 5269 3625 5342">
     <span class='ocr_line' id='line_1_120' title="bbox 2055 5269 3625 5342; baseline -0.005 -11"><span class='ocrx_word' id='word_1_891' title='bbox 2055 5279 2155 5333; x_wconf 73' lang='lat' dir='ltr'><strong>bia:</strong></span> <span class='ocrx_word' id='word_1_892' title='bbox 2185 5289 2328 5332; x_wconf 77' lang='lat' dir='ltr'><strong>Sunt.</strong></span> <span class='ocrx_word' id='word_1_893' title='bbox 2360 5275 2462 5330; x_wconf 91' lang='lat' dir='ltr'><strong>Ista</strong></span> <span class='ocrx_word' id='word_1_894' title='bbox 2505 5289 2634 5328; x_wconf 87' lang='lat' dir='ltr'><strong>vero</strong></span> <span class='ocrx_word' id='word_1_895' title='bbox 2678 5281 2892 5342; x_wconf 87' lang='lat' dir='ltr'><strong>peccata</strong></span> <span class='ocrx_word' id='word_1_896' title='bbox 2937 5271 3058 5340; x_wconf 89' lang='lat' dir='ltr'><strong>quia</strong></span> <span class='ocrx_word' id='word_1_897' title='bbox 3097 5269 3166 5326; x_wconf 89' lang='lat' dir='ltr'><strong>de</strong></span> <span class='ocrx_word' id='word_1_898' title='bbox 3206 5271 3488 5340; x_wconf 84' lang='lat' dir='ltr'><strong>superbia,</strong></span> <span class='ocrx_word' id='word_1_899' title='bbox 3517 5287 3625 5332; x_wconf 81' lang='lat' dir='ltr'><strong>non</strong></span> 
     </span>
    </p>
   </div>
   <div class='ocr_carea' id='block_1_118' title="bbox 2055 5363 3625 5439">
    <p class='ocr_par' dir='ltr' id='par_1_118' title="bbox 2055 5363 3625 5439">
     <span class='ocr_line' id='line_1_121' title="bbox 2055 5363 3625 5439; baseline -0.008 -14"><span class='ocrx_word' id='word_1_900' title='bbox 2055 5370 2228 5425; x_wconf 88' lang='lat' dir='ltr'><strong>solum</strong></span> <span class='ocrx_word' id='word_1_901' title='bbox 2259 5377 2469 5439; x_wconf 87' lang='lat' dir='ltr'><strong>peccata</strong></span> <span class='ocrx_word' id='word_1_902' title='bbox 2494 5409 2509 5432; x_wconf 91' lang='lat'><strong>,</strong></span> <span class='ocrx_word' id='word_1_903' title='bbox 2536 5365 2629 5421; x_wconf 88' lang='lat' dir='ltr'><strong>sed</strong></span> <span class='ocrx_word' id='word_1_904' title='bbox 2670 5366 2827 5419; x_wconf 91' lang='lat' dir='ltr'><strong>etiam</strong></span> <span class='ocrx_word' id='word_1_905' title='bbox 2858 5364 3110 5434; x_wconf 90' lang='lat' dir='ltr'><strong>supplicia</strong></span> <span class='ocrx_word' id='word_1_906' title='bbox 3139 5373 3279 5416; x_wconf 91' lang='lat' dir='ltr'><strong>sunt.</strong></span> <span class='ocrx_word' id='word_1_907' title='bbox 3324 5363 3458 5416; x_wconf 87' lang='lat' dir='ltr'><strong>Cum</strong></span> <span class='ocrx_word' id='word_1_908' title='bbox 3484 5364 3625 5428; x_wconf 78' lang='lat' dir='ltr'><strong>enim</strong></span> 
     </span>
    </p>
   </div>
   <div class='ocr_carea' id='block_1_119' title="bbox 2056 5453 3625 5526">
    <p class='ocr_par' dir='ltr' id='par_1_119' title="bbox 2056 5453 3625 5526">
     <span class='ocr_line' id='line_1_122' title="bbox 2056 5453 3625 5526; baseline -0.007 -9"><span class='ocrx_word' id='word_1_909' title='bbox 2056 5461 2183 5517; x_wconf 88' lang='lat' dir='ltr'><strong>dicit</strong></span> <span class='ocrx_word' id='word_1_910' title='bbox 2207 5501 2222 5526; x_wconf 89' lang='lat'><strong>,</strong></span> <span class='ocrx_word' id='word_1_911' title='bbox 2252 5459 2482 5514; x_wconf 86' lang='lat' dir='ltr'><strong>Tradidit</strong></span> <span class='ocrx_word' id='word_1_912' title='bbox 2519 5456 2635 5512; x_wconf 83' lang='lat' dir='ltr'><strong>illos</strong></span> <span class='ocrx_word' id='word_1_913' title='bbox 2661 5456 2828 5522; x_wconf 85' lang='lat' dir='ltr'><strong>Deus,</strong></span> <span class='ocrx_word' id='word_1_914' title='bbox 2855 5455 2963 5524; x_wconf 83' lang='lat' dir='ltr'><strong>jam</strong></span> <span class='ocrx_word' id='word_1_915' title='bbox 2992 5454 3060 5510; x_wconf 84' lang='lat' dir='ltr'><strong>de</strong></span> <span class='ocrx_word' id='word_1_916' title='bbox 3096 5453 3321 5508; x_wconf 88' lang='lat' dir='ltr'><strong>vindicta</strong></span> <span class='ocrx_word' id='word_1_917' title='bbox 3343 5464 3425 5509; x_wconf 87' lang='lat' dir='ltr'><strong>est</strong></span> <span class='ocrx_word' id='word_1_918' title='bbox 3447 5456 3625 5523; x_wconf 59' lang='grc' dir='ltr'><strong>ουῙυεη</strong></span> 
     </span>
    </p>
   </div>
   <div class='ocr_carea' id='block_1_120' title="bbox 2057 5545 3718 5621">
    <p class='ocr_par' dir='ltr' id='par_1_120' title="bbox 2057 5545 3718 5621">
     <span class='ocr_line' id='line_1_123' title="bbox 2057 5545 3718 5621; baseline -0.002 -15"><span class='ocrx_word' id='word_1_919' title='bbox 2057 5553 2177 5606; x_wconf 89' lang='lat' dir='ltr'><strong>dam</strong></span> <span class='ocrx_word' id='word_1_920' title='bbox 2217 5551 2446 5621; x_wconf 86' lang='lat' dir='ltr'><strong>peccati,</strong></span> <span class='ocrx_word' id='word_1_921' title='bbox 2478 5558 2534 5603; x_wconf 92' lang='lat' dir='ltr'><strong>ut</strong></span> <span class='ocrx_word' id='word_1_922' title='bbox 2575 5547 2688 5620; x_wconf 65' lang='lat' dir='ltr'><strong>hmc</strong></span> <span class='ocrx_word' id='word_1_923' title='bbox 2729 5547 2942 5601; x_wconf 78' lang='lat' dir='ltr'><strong>faciant.</strong></span> <span class='ocrx_word' id='word_1_924' title='bbox 2975 5565 2994 5597; x_wconf 84' lang='grc'><strong>‹</strong></span> <span class='ocrx_word' id='word_1_925' title='bbox 3030 5545 3130 5620; x_wconf 88' lang='lat' dir='ltr'><strong>Qui</strong></span> <span class='ocrx_word' id='word_1_926' title='bbox 3175 5557 3629 5602; x_wconf 90' lang='lat' dir='ltr'><strong>commutaverunt</strong></span> <span class='ocrx_word' id='word_1_927' title='bbox 3714 5610 3718 5612; x_wconf 48' lang='grc'>,</span> 
     </span>
    </p>
   </div>
   <div class='ocr_carea' id='block_1_121' title="bbox 2058 5634 3629 5702">
    <p class='ocr_par' dir='ltr' id='par_1_121' title="bbox 2058 5634 3629 5702">
     <span class='ocr_line' id='line_1_124' title="bbox 2058 5634 3629 5702; baseline -0.003 -8"><span class='ocrx_word' id='word_1_928' title='bbox 2058 5641 2337 5695; x_wconf 88' lang='lat' dir='ltr'><strong>veritatem</strong></span> <span class='ocrx_word' id='word_1_929' title='bbox 2362 5638 2457 5693; x_wconf 81' lang='lat' dir='ltr'><strong>Dei</strong></span> <span class='ocrx_word' id='word_1_930' title='bbox 2494 5638 2547 5692; x_wconf 91' lang='lat' dir='ltr'><strong>in</strong></span> <span class='ocrx_word' id='word_1_931' title='bbox 2575 5635 2927 5691; x_wconf 83' lang='lat' dir='ltr'><strong>mendacium.</strong></span> <span class='ocrx_word' id='word_1_932' title='bbox 2966 5654 2989 5688; x_wconf 74' lang='grc' dir='ltr'><strong>ι</strong></span> <span class='ocrx_word' id='word_1_933' title='bbox 3017 5634 3150 5702; x_wconf 90' lang='lat' dir='ltr'><strong>Quid</strong></span> <span class='ocrx_word' id='word_1_934' title='bbox 3187 5643 3301 5701; x_wconf 88' lang='lat' dir='ltr'><strong>est,</strong></span> <span class='ocrx_word' id='word_1_935' title='bbox 3334 5655 3352 5687; x_wconf 77' lang='grc' dir='ltr'><strong>ι</strong></span> <span class='ocrx_word' id='word_1_936' title='bbox 3386 5650 3629 5690; x_wconf 74' lang='grc' dir='ltr'>εοιηιηιι-</span> 
     </span>
    </p>
   </div>
   <div class='ocr_carea' id='block_1_122' title="bbox 2059 5723 3629 5785">
    <p class='ocr_par' dir='ltr' id='par_1_122' title="bbox 2059 5723 3629 5785">
     <span class='ocr_line' id='line_1_125' title="bbox 2059 5723 3629 5785; baseline -0.004 -1"><span class='ocrx_word' id='word_1_937' title='bbox 2059 5737 2302 5785; x_wconf 81' lang='lat' dir='ltr'><strong>taveiunt</strong></span> <span class='ocrx_word' id='word_1_938' title='bbox 2331 5728 2604 5782; x_wconf 87' lang='lat' dir='ltr'><strong>veritatem</strong></span> <span class='ocrx_word' id='word_1_939' title='bbox 2638 5727 2728 5782; x_wconf 88' lang='lat' dir='ltr'><strong>Dei</strong></span> <span class='ocrx_word' id='word_1_940' title='bbox 2759 5726 2811 5782; x_wconf 80' lang='lat' dir='ltr'><strong>in</strong></span> <span class='ocrx_word' id='word_1_941' title='bbox 2839 5725 3210 5781; x_wconf 83' lang='lat' dir='ltr'><strong>mendacium?</strong></span> <span class='ocrx_word' id='word_1_942' title='bbox 3240 5723 3295 5780; x_wconf 93' lang='lat' dir='ltr'><strong>In</strong></span> <span class='ocrx_word' id='word_1_943' title='bbox 3325 5725 3629 5780; x_wconf 87' lang='lat' dir='ltr'><strong>similitudi-</strong></span> 
     </span>
    </p>
   </div>
   <div class='ocr_carea' id='block_1_123' title="bbox 2062 5818 3627 5891">
    <p class='ocr_par' dir='ltr' id='par_1_123' title="bbox 2062 5818 3627 5891">
     <span class='ocr_line' id='line_1_126' title="bbox 2062 5818 3627 5891; baseline -0.004 -14"><span class='ocrx_word' id='word_1_944' title='bbox 2062 5839 2182 5878; x_wconf 89' lang='lat' dir='ltr'><strong>ncm</strong></span> <span class='ocrx_word' id='word_1_945' title='bbox 2219 5841 2236 5875; x_wconf 75' lang='grc' dir='ltr'><strong>ι</strong></span> <span class='ocrx_word' id='word_1_946' title='bbox 2272 5821 2469 5878; x_wconf 82' lang='lat' dir='ltr'><strong>scilicet</strong></span> <span class='ocrx_word' id='word_1_947' title='bbox 2498 5837 2517 5873; x_wconf 86' lang='grc' dir='ltr'><strong>ι</strong></span> <span class='ocrx_word' id='word_1_948' title='bbox 2547 5820 2787 5891; x_wconf 75' lang='lat' dir='ltr'><strong>imaginis</strong></span> <span class='ocrx_word' id='word_1_949' title='bbox 2815 5819 3168 5890; x_wconf 82' lang='lat' dir='ltr'><strong>corruptibilis</strong></span> <span class='ocrx_word' id='word_1_950' title='bbox 3189 5818 3435 5887; x_wconf 87' lang='lat' dir='ltr'><strong>hominis,</strong></span> <span class='ocrx_word' id='word_1_951' title='bbox 3463 5828 3515 5872; x_wconf 84' lang='lat' dir='ltr'><strong>et.</strong></span> <span class='ocrx_word' id='word_1_952' title='bbox 3538 5831 3627 5870; x_wconf 75' lang='lat' dir='ltr'><strong>vu-</strong></span> 
     </span>
    </p>
   </div>
  </div>
