3886 6188
302 441 440 498 1095

299 576 534 638 lucrum,
565 579 618 624 et
661 565 1094 638 quadrupedum,
1126 575 1180 620 et
1227 565 1572 635 serpentium.
1629 583 1648 616 ι
1699 564 1764 619 Ει
1813 579 1878 619 ne

299 666 575 735 quisquam
606 675 790 715 eorum
827 659 1060 724 diceret,
1091 658 1204 712 Non
1235 657 1575 712 simulacrum
1598 657 1716 711 colo
1736 697 1751 720 ,
1785 654 1880 710 sed

299 751 442 822 quod
468 751 768 820 signiﬁcant
791 749 1072 803 simulacra
1097 765 1110 813 ;
1142 747 1367 817 subjecit
1391 747 1567 802 statim
1587 788 1603 810 ,
1628 745 1690 800 Et
1710 747 1880 800 colue-

301 852 441 905 runt,
464 852 510 896 et
531 841 805 896 servierunt
827 849 1070 893 creatura:
1097 840 1265 909 potius
1285 856 1436 908 quant
1457 837 1684 893 Creatori
1702 837 1877 908 (Rom.

301 952 339 1002 ι,
373 933 582 1002 18-25).
608 931 890 1002 lntelligite
911 931 1218 1002 prudenter.
1242 932 1348 985 Aut
1374 931 1715 986 simulacrum
1739 929 1880 985 enim

298 1031 506 1089 colunt,
535 1032 626 1078 aut
647 1032 966 1078 creaturam.
993 1022 1091 1090 Qui
1112 1022 1456 1077 simulacrum
1478 1021 1624 1086 colit,
1657 1035 1881 1075 conver-

300 1117 363 1170 tit
392 1113 670 1170 veritatem
713 1114 808 1168 Dei
857 1115 908 1167 in
953 1112 1309 1168 mendacium.
1343 1111 1476 1166 Nam
1505 1126 1652 1166 mare
1690 1112 1884 1165 veritas

299 1215 410 1272 est,
441 1205 713 1275 Neptunus
734 1214 932 1270 autem,
963 1203 1295 1259 mendacium
1327 1204 1519 1258 factum
1546 1202 1613 1256 ab
1646 1201 1879 1268 homine,

303 1309 558 1350 conversa
587 1294 810 1349 veritate
839 1295 928 1348 Dei
956 1293 1007 1348 in
1037 1293 1369 1348 mendacium
1398 1309 1412 1345 :
1440 1292 1561 1362 quia
1595 1291 1732 1346 Deus
1761 1291 1886 1346 fecit

304 1369 482 1451 mare;
515 1385 675 1440 homo
713 1394 922 1448 autem,
955 1383 1295 1438 simulacrum
1321 1382 1568 1452 Neptuni.
1594 1382 1713 1447 Sic,
1745 1382 1884 1436 Deus

307 1479 430 1533 fecit
457 1478 625 1532 solem
658 1494 672 1530 :
696 1477 856 1531 homo
885 1484 1060 1529 autem
1092 1475 1433 1529 simulacrum
1455 1474 1581 1528 solis
1609 1472 1846 1527 faciendo
1866 1511 1882 1538 ,

303 1566 566 1621 convertit
591 1565 863 1620 veritatem
882 1565 974 1618 Dei
999 1565 1049 1617 in
1080 1563 1434 1617 mendacium.
1467 1562 1571 1618 Sed
1598 1577 1662 1616 ne
1684 1561 1881 1628 dicant,

315 1657 428 1710 Non
471 1656 589 1710 colo
633 1655 976 1708 simulacrum
999 1696 1013 1721 ,
1047 1653 1140 1708 scd
1179 1654 1345 1708 solem
1373 1654 1527 1719 colo,
1557 1652 1676 1707 ideo
1717 1651 1881 1717 dixit,

306 1744 578 1799 Colnerunt
603 1753 881 1797 creaturam
902 1745 1068 1811 potius
1095 1760 1241 1812 quam
1266 1741 1550 1797 Creatorem

376 1835 431 1886 9..
473 1833 578 1888 Sed
619 1835 835 1887 forsitan
871 1834 1010 1887 dicet
1050 1833 1282 1902 aliquis:
1309 1833 1421 1887 Etsi
1465 1833 1577 1903 ipse
1619 1832 1886 1887 humiliter

308 1934 465 1978 natus
486 1933 589 1986 est.
619 1925 675 1976 in
698 1923 1076 1992 discipulorum
1101 1922 1375 1977 nobilitate
1395 1923 1599 1991 jactare
1623 1937 1680 1975 sc
1700 1920 1882 1976 voluit.

309 2016 422 2069 Non
456 2015 616 2085 elegit
645 2031 815 2085 reges,
844 2023 934 2067 ant
962 2022 1257 2079 senatores,
1285 2025 1376 2068 aut
1407 2013 1763 2083 pliilosotihos,
1795 2021 1887 2067 aut

305 2116 550 2161 oratores
580 2124 592 2160 :
622 2106 728 2159 imo
767 2120 894 2161 vero
937 2105 1097 2176 elegit
1138 2105 1391 2174 plebeios,
1427 2119 1705 2174 pauperes,
1738 2102 1887 2158 indo4

306 2208 445 2260 ctos,
487 2198 796 2267 piscatores.
833 2196 1022 2250 Petrus
1064 2197 1317 2265 piscator,
1357 2197 1648 2266 Cyprianus
1684 2205 1883 2251 orator.

309 2285 417 2340 Nisi
465 2286 688 2340 fideliter
727 2285 1053 2354 praecederet
1081 2285 1328 2354 piscator,
1364 2299 1468 2338 non
1497 2284 1766 2340 humiliter
1803 2301 1890 2340 se.

309 2385 562 2445 queretur
590 2385 790 2429 orator.
818 2373 933 2428 Non
969 2373 1037 2430 de
1067 2389 1125 2429 se
1150 2375 1426 2444 quisquam
1460 2373 1706 2444 chperet
1739 2375 1886 2444 abje-

309 2475 428 2519 ctus
458 2482 470 2518 :
503 2472 682 2519 teneat
717 2463 1020 2530 Christum,
1054 2471 1110 2519 et
1148 2479 1270 2533 spes
1305 2462 1419 2533 ejus
1457 2463 1587 2518 falsa
1624 2479 1729 2518 non
1763 2463 1883 2531 erit,

315 2564 420 2607 etc.
451 2553 548 2623 (ι).

379 2644 434 2698 5.
473 2643 610 2710 Quid
649 2641 858 2697 volebat
881 2642 1084 2709 Simon,
1122 2641 1224 2698 nisi
1265 2642 1467 2698 laudari
1497 2643 1556 2698 in
1594 2643 1884 2711 miraculis,

308 2733 490 2788 extolli
527 2732 810 2801 superbia?
831 2731 946 2803 Ipsa
974 2733 1116 2788 enim
1146 2749 1266 2788 eum
1291 2734 1561 2805 compulit,
1585 2745 1640 2790 ut
1663 2737 1886 2807 pecunia

309 2822 592 2876 emendum
616 2831 825 2893 putaret
848 2821 1043 2876 donum
1068 2822 1293 2893 Spiritus
1318 2824 1484 2878 sancti
1509 2824 1642 2894 (Act.
1661 2823 1884 2890 vm,18,

309 2912 425 2982 l9).
447 2911 543 2968 Cui
571 2911 832 2982 superbiae
859 2911 1158 2967 contrarius
1184 2913 1489 2982 Apostolus,
1513 2914 1565 2967 in
1593 2912 1888 2969 humilitate

309 3002 592 3068 manendo,
620 3001 672 3056 in
701 3001 921 3057 meridie
952 3001 1163 3058 fervens
1191 3004 1400 3072 Spiritu,
1425 3003 1630 3074 fulgens
1654 3004 1887 3073 pruden-

312 3095 408 3157 tia,
436 3093 564 3148 dicit
589 3111 602 3146 :
628 3093 805 3160 Neque
830 3094 914 3162 qui
940 3094 1133 3162 plantat
1171 3104 1242 3147 est
1270 3095 1488 3164 aliquid,
1525 3112 1681 3164 neque
1706 3098 1788 3165 qui
1817 3099 1887 3150 ri-

313 3193 397 3250 gat
419 3198 438 3246 ;
463 3181 551 3234 sed
569 3183 657 3251 qui
682 3182 1038 3235 incrementum
1061 3184 1148 3235 dat
1169 3182 1326 3236 Deus.
1352 3184 1481 3249 Quia
1513 3185 1716 3239 dixerat
1741 3205 1753 3241 :
1780 3185 1887 3258 Ego

309 3270 566 3340 plantari,
599 3270 781 3340 Apollo
809 3271 1028 3341 rigavit;
1057 3272 1144 3326 sed
1171 3271 1310 3326 Deus
1349 3274 1706 3328 incrementum
1753 3277 1887 3332 dedit

311 3362 357 3430 (Ι
382 3359 501 3415 Cor.
522 3377 598 3426 ιιι,
623 3363 676 3428 7,
699 3362 864 3433 6).-Et
889 3365 1076 3418 iterum
1102 3381 1115 3416 :
1142 3363 1406 3436 Numquid
1428 3365 1623 3421 Paulus
1643 3385 1734 3437 pro
1753 3370 1888 3426 vobis

319 3453 591 3522 cruciﬁxus
621 3456 735 3509 est?
759 3465 846 3508 aut
874 3456 925 3509 in
955 3457 1154 3510 nomine
1178 3455 1332 3511 Pauli
1361 3458 1597 3528 baptizati
1620 3462 1735 3514 estis
1763 3461 1885 3533 (Id.

313 3556 352 3611 ι,
387 3543 508 3616 13)?
535 3544 666 3600 Vide
693 3547 958 3616 quomodo
997 3563 1055 3602 se
1093 3548 1192 3603 coli
1233 3549 1434 3618 respuit
1461 3566 1556 3620 pro
1577 3549 1805 3618 Christo,
1835 3562 1890 3608 et

316 3652 420 3690 non
457 3637 572 3691 vult
614 3653 673 3692 se
716 3638 991 3692 fornicanti
1023 3639 1211 3694 animm
1251 3647 1516 3696 ostentare
1547 3657 1641 3710 pro
1669 3659 1884 3712 sponso.

317 3727 501 3781 Nonne
526 3742 771 3797 magnmn
799 3727 1006 3783 videtur
1035 3729 1272 3799 plantare
1297 3739 1351 3784 et
1380 3731 1582 3800 rigare?
1603 3731 1706 3788 Sed
1735 3751 1889 3804 neque

313 3820 400 3888 qni
443 3820 635 3890 plantat
663 3830 735 3873 est
780 3820 1000 3890 aliquid,
1038 3837 1194 3890 neque
1219 3821 1304 3891 qui
1334 3822 1482 3892 rigat.
1512 3823 1786 3890 Quomodo
1817 3826 1887 3881 tio

317 3911 482 3965 iuuit?
508 3911 622 3965 Non
655 3927 712 3966 se
741 3911 868 3966 dicit
896 3911 1092 3982 aliquid
1122 3911 1186 3966 ad
1217 3912 1438 3967 salutem
1466 3930 1650 3969 eorum
1675 3931 1806 3986 quos
1835 3917 1886 3972 in

311 4003 526 4058 Christo
550 4005 811 4058 :editiearc
837 4004 1084 4074 cupiebat
1123 4005 1215 4073 (ε).

386 4094 438 4147 4.
481 4093 586 4147 Nec
617 4093 728 4162 ipse
757 4093 1041 4163 Apostolus
1067 4093 1230 4146 voluit
1261 4093 1311 4147 in
1342 4108 1398 4149 se
1427 4095 1547 4163 poni
1584 4111 1761 4166 spem,
1794 4098 1886 4153 sed

320 4182 372 4237 in
403 4183 622 4237 veritate
649 4199 803 4253 qnam
834 4184 1197 4239 annuntiabat.
1229 4185 1378 4251 Quod
1412 4201 1506 4256 per
1535 4187 1704 4258 ipsum
1740 4189 1886 4245 dicc-

316 4275 470 4330 batur
485 4277 673 4330 melius
690 4287 824 4341 erat,
843 4293 997 4346 quam
1026 4277 1137 4346 ipse
1166 4293 1259 4348 per
1283 4295 1439 4349 quem
1461 4281 1887 4338 annuntiabatur.

314 4367 450 4421 Licet
491 4369 533 4421 si
576 4385 694 4429 nos,
732 4368 918 4436 inquit.
955 4368 1145 4422 Parum
1176 4379 1285 4434 est,
1320 4371 1440 4424 andi
1469 4373 1738 4441 'scqucntia
1765 4390 1778 4427 :
1803 4384 1889 4428 aut

313 4459 542 4527 angelus.
565 4458 753 4527 inquit,
777 4459 841 4511 de
859 4459 982 4511 cwlo
1002 4445 1371 4514 annuntiarerit
1387 4461 1521 4516 vobis
1544 4464 1738 4534 aliquid
1760 4480 1889 4533 prte—

315 4558 539 4611 terquam
569 4548 704 4614 quod
728 4547 1010 4615 accepistis,
1039 4548 1304 4600 anathema
1331 4551 1392 4602 sit
1418 4549 1614 4619 (Galat.
1639 4569 1675 4619 ι,
1698 4554 1776 4623 8).
1805 4554 1890 4608 Vi—

309 4636 470 4691 debat
512 4650 669 4704 posse
713 4635 902 4690 falsum
947 4635 1293 4690 mediatorem
1333 4639 1703 4709 transﬁgurare
1741 4657 1799 4697 se
1837 4644 1887 4697 in

309 4727 556 4797 angelum
601 4725 755 4792 lucis,
799 4734 854 4781 et
897 4725 1096 4795 aliquid
1141 4727 1327 4781 falsum
1372 4730 1706 4785 annuntiare.
1746 4733 1892 4789 Sicut

315 4836 444 4890 ergo
473 4819 685 4890 superbi
715 4819 956 4875 homines
982 4820 1167 4875 volunt
1196 4835 1253 4876 sc
1273 4820 1480 4875 adorari
1511 4837 1605 4891 pro
1633 4823 1758 4890 Deo,
1791 4826 1889 4880 sibi

313 4929 565 4985 arrogare
593 4913 845 4984 quidquid
881 4922 1136 4983 possunt,
1177 4927 1236 4967 se
1277 4914 1566 4982 nominari,
1606 4924 1658 4970 et
1695 4917 1740 4970 si
1779 4917 1889 4973 lieri

313 5014 507 5074 potest,
530 5003 797 5059 Christum
817 5005 986 5076 ipsum
1009 5004 1176 5076 gloria
1201 5005 1422 5061 transire
1448 5025 1460 5060 :
1483 5006 1551 5061 ita
1577 5007 1813 5063 diabolus
1837 5021 1892 5066 ct

315 5096 482 5165 angeli
523 5095 656 5164 ejus.
697 5097 954 5150 Donatum
985 5096 1272 5151 Donatistae
1303 5112 1398 5166 pro
1424 5096 1634 5152 Christo
1675 5098 1887 5156 habent.

311 5189 366 5245 Si
417 5189 633 5244 audiant
679 5189 908 5260 aliquem
952 5206 1215 5261 paganum
1265 5191 1626 5247 detrahentem
1657 5193 1887 5261 Christo,

313 5279 530 5334 forsitan
551 5280 812 5348 patienter
837 5280 1028 5349 ferant,
1050 5297 1206 5352 quam
1227 5281 1271 5335 si
1293 5279 1508 5336 audiant
1527 5284 1888 5342 detrahentem

310 5368 515 5423 Donato
554 5370 652 5440 (d).
1564 5369 1582 5388 ’

380 5461 436 5516 5.
475 5461 607 5528 Quia
650 5463 762 5533 ipse
791 5462 1040 5519 Christus
1070 5463 1302 5535 loquitur
1335 5465 1385 5519 in
1416 5467 1615 5523 sanctis
1644 5469 1773 5536 suis,
1804 5469 1887 5525 di-

469 5679 532 5721 Ex
560 5677 914 5736 eodemserm.,
941 5679 1063 5727 Beda
1088 5687 1139 5728 et
1161 5680 1281 5729 Flor.
1305 5683 1396 5730 adt
1423 5689 1527 5731 Cor.
1549 5699 1610 5734 ιιι.

374 5732 448 5829 ςε)
471 5740 532 5782 Ex
562 5736 732 5784 eodem
755 5732 925 5798 sermf,
951 5739 1070 5788 Beda
1097 5748 1147 5790 et
1169 5740 1287 5790 Flor.
1314 5743 1371 5792 ad
1393 5743 1487 5791 Gal.
1514 5758 1546 5791 ι.

397 5796 452 5829 Α)
478 5800 538 5829 ΡΙ
579 5800 747 5829 tandum
772 5812 900 5829 cmv-n
969 5800 1088 5829 savo
1116 5808 1159 5829 ιιι
1187 5803 1288 5829 ιΙΛι-
1328 5805 1386 5829 ..Α
1409 5805 1486 5829 μηδ
1529 5821 1546 5829 ,ς

377 5796 452 5858 (ά)
477 5800 539 5844 Ex
579 5800 748 5846 eodem
770 5796 939 5860 serm.,
969 5800 1090 5849 Beda
1114 5808 1160 5851 et
1187 5803 1304 5854 Hor.
1328 5805 1386 5854 ad
1409 5805 1504 5854 Gai.
1527 5821 1586 5854 tv.

372 5613 448 5794 {ai
470 5617 533 5663 Bx
554 5615 726 5665 eodem
748 5629 918 5675 serm.,
943 5617 1068 5667 Beda
1092 5626 1143 5668 et
1165 5617 1330 5668 Florus
1350 5619 1408 5669 ad
1433 5627 1568 5669 ICor.
1597 5637 1629 5671 ι.

394 5672 424 5722 b
469 5679 532 5721 Ex
560 5677 914 5736 eodemserm.,
941 5679 1063 5727 Beda
1088 5687 1139 5728 et
1161 5680 1281 5729 Flor.
1305 5683 1396 5730 adt
1423 5689 1527 5731 Cor.
1549 5699 1610 5734 ιιι.

376 5732 426 5794 (c
471 5740 532 5782 Ex
562 5736 732 5784 eodem
755 5750 925 5794 scrin,
951 5739 1070 5788 Beda
1097 5748 1147 5790 et
1169 5740 1287 5790 Flor.
1314 5743 1371 5792 ad
1393 5743 1487 5791 Gal.
1514 5758 1546 5791 ι.

1531 430 1583 487 S.
1626 425 1990 486 AUGUSTINI
2030 425 2330 487 EPISCOPI

3433 429 3558 484 lO‘l’a

1990 551 2144 596 cente
2167 541 2448 610 Apostolo,
2484 540 2558 593 An
2589 541 2978 608 experimentum
3005 540 3229 612 qua'ritis
3257 541 3364 613 ejus
3390 542 3477 610 qui
3504 544 3560 597 in

1988 650 2068 686 me
2097 634 2318 704 loquitur
2350 632 2576 688 Christus
2602 632 2621 702 (
2647 632 2688 686 ll
2715 631 2832 688 Cor.
2868 649 2980 699 xm,
3007 634 3110 704 3)?
3137 635 3201 690 Et
3237 635 3361 689 licet
3387 633 3559 702 dicat,

1991 724 2170 796 Neque
2193 724 2279 794 qui
2307 724 2500 795 plantat
2528 733 2604 777 est
2633 724 2846 794 aliquid,
2873 740 3029 794 neque
3054 726 3142 794 qui
3169 726 3336 793 rigat;
3360 724 3453 778 sed
3475 729 3565 794 qui

1987 815 2342 868 incrementum
2368 815 2454 867 dat
2489 812 2660 877 Deus;
2690 828 2794 868 non
2824 814 2945 882 quia
2983 829 3042 868 se
3082 814 3275 883 ipsum,
3305 813 3399 869 sed
3438 814 3564 883 quia

1989 905 2138 961 illum
2181 906 2233 961 in
2277 921 2336 961 se
2375 904 2520 976 diligi
2562 905 2768 960 volebat
2797 923 2811 958 :
2843 904 3082 974 perhibet
3111 913 3290 958 tamen
3320 906 3568 959 testimo«

1990 995 2133 1050 nium
2166 994 2502 1065 quibusdam,
2532 993 2736 1060 dicens,
2768 993 2898 1058 Quia
2923 993 3052 1046 sicut
3078 993 3312 1062 angelum
3341 991 3438 1046 Dei
3467 1010 3563 1047 ea-

1989 1083 2190 1152 cepistis
2223 1099 2321 1147 me,
2347 1083 2472 1136 sicut
2499 1080 2757 1137 Christum
2789 1081 2964 1136 Iesum
2989 1083 3008 1152 (
3040 1081 3210 1136 Galat.
3241 1096 3312 1149 tv,
3342 1083 3411 1138 14
3435 1081 3480 1154 ).
3511 1083 3570 1138 lu

1990 1172 2238 1227 omnibus
2270 1187 2397 1241 ergo
2424 1173 2620 1226 sanctis
2650 1171 2758 1226 suis
2786 1173 2900 1240 ipse
2927 1180 3010 1226 est
3032 1171 3310 1238 amandus,
3333 1173 3424 1241 qui
3451 1173 3525 1227 ait
3548 1190 3570 1228 :

1993 1261 2212 1327 Esuriri,
2242 1271 2287 1315 et
2314 1262 2520 1316 dedistis
2547 1263 2668 1314 mihi
2695 1262 2996 1316 manducare
3019 1262 3038 1332 (
3065 1261 3248 1316 Matth.
3274 1280 3396 1329 xxv,
3426 1265 3499 1318 55
3521 1263 3564 1332 ).

1990 1351 2103 1406 Non
2145 1353 2286 1406 enim
2331 1352 2426 1417 ait,
2474 1352 2700 1406 Dedistis
2747 1352 2849 1407 illis
2901 1371 2913 1406 :
2968 1353 3097 1422 sed,
3140 1353 3359 1409 Dedistis
3414 1356 3566 1410 mihi.

1989 1442 2155 1498 Tanta
2185 1452 2265 1497 est
2293 1441 2520 1498 charitas
2544 1443 2732 1512 capitis
2755 1458 2878 1513 erga
2903 1457 3095 1512 corpus
3123 1459 3276 1500 suum
3318 1446 3430 1514 (a)!

2061 1531 2114 1586 ϐ.
2154 1531 2291 1597 Quid
2334 1540 2416 1586 est
2445 1532 2630 1587 Juno?
2655 1531 2812 1597 Juno,
2861 1533 3122 1602 inquiunt,
3165 1544 3248 1590 est
3297 1551 3411 1589 aer.
3441 1535 3566 1590 Jam

1990 1621 2189 1676 dudum
2221 1623 2472 1676 invitabat
2497 1632 2552 1677 ut
2580 1637 2725 1676 mare
2744 1622 3043 1678 coleremus
3068 1623 3119 1677 in
3143 1624 3430 1680 simulacro
3461 1627 3567 1680 tel-

1991 1713 2121 1768 luris
2147 1731 2160 1766 :
2185 1727 2322 1767 nunc
2352 1713 2537 1766 invitat
2563 1722 2616 1766 ut
2645 1727 2824 1768 aerem
2853 1713 3106 1768 colamus.
3135 1714 3407 1769 Elemcnta
3437 1723 3568 1771 sunt

1992 1804 2108 1869 ista,
2141 1805 2329 1874 quibus
2363 1804 2589 1858 mundus
2628 1803 2728 1859 iste
2763 1804 3024 1860 consistit.
3058 1803 3168 1859 lloc
3195 1819 3322 1875 ergo
3349 1816 3567 1874 aposto.

1991 1895 2072 1950 lus
2097 1897 2290 1950 l’aulus
2319 1897 2370 1950 in
2403 1895 2638 1966 Epistola
2663 1912 2753 1951 sua
2783 1911 3083 1967 preponens
3107 1913 3121 1950 :
3143 1896 3339 1962 Cavete,
3370 1899 3566 1968 inquit,

1991 2005 2054 2042 ne
2073 1989 2186 2057 quis
2208 2003 2294 2040 nos
2319 1987 2537 2057 decipiat
2565 2005 2652 2059 per
2682 1989 3050 2058 philosophiam
3086 1997 3133 2042 et
3169 1990 3368 2043 inanem
3405 1991 3568 2060 [alla-

1990 2080 2140 2144 ciam,
2173 2079 2442 2134 secundum
2469 2079 2712 2134 elementa
2741 2079 2913 2132 mundi
2941 2080 3095 2148 hujus
3121 2079 3140 2150 (
3165 2080 3356 2134 Coloss.
3382 2096 3438 2143 ιι,
3469 2081 3506 2135 8
3527 2082 3566 2150 ).

1992 2169 2140 2240 Ipsos
2163 2171 2302 2226 enim
2332 2171 2594 2240 tangebat,
2625 2168 2712 2240 qui
2741 2171 2888 2241 quasi
2919 2171 3259 2240 prudentibus
3297 2170 3433 2226 idola
3467 2187 3566 2225 ex-

1991 2270 2212 2330 ponunt.
2262 2261 2384 2316 ldeo
2429 2276 2548 2315 cum
2593 2261 2792 2316 diceret
2835 2262 3240 2332 philosophiam;
3277 2261 3329 2315 in
3370 2261 3566 2316 eodem

1991 2351 2110 2406 loco
2137 2352 2238 2419 ait,
2265 2352 2538 2405 secundum
2571 2353 2812 2406 elementa
2847 2353 2999 2422 hujus
3036 2353 3242 2407 mundi:
3275 2367 3380 2407 non
3409 2353 3565 2423 quasi

1990 2442 2403 2512 qualescumque
2451 2442 2757 2498 adoratores
2806 2443 3228 2508 simulacrorum,
3273 2444 3365 2499 sed
3411 2445 3565 2516 quasi

1991 2533 2258 2590 doctiores
2312 2534 2745 2605 interpretatores
2803 2534 3074 2606 signorum
3125 2535 3390 2592 cavendus
3444 2551 3568 2592 esse

1990 2624 2300 2680 admonens.

2435 2714 2663 2770 διεπιΜο
2697 2713 2946 2770 cxcvnt
2974 2719 2990 2739 ο
3017 2715 3117 2786 (ι).

2457 2852 2523 2896 De
2539 2845 2758 2896 Calendis
2773 2847 3020 2908 Januariis,
3051 2859 3101 2896 ιι.

2066 2969 2118 3023 ί.
2160 2967 2468 3024 Solemnitas
2506 2966 2842 3021 Calendarum
2877 2966 3266 3024 Ianuariarum.
3300 2969 3569 3026 Admoneo

1991 3073 2111 3134 inus
2135 3057 2457 3112 Charitatem
2483 3066 2731 3122 vestram,
2765 3057 2984 3125 fratres,
3017 3059 3262 3128 quoniam
3294 3074 3388 3114 vos
3411 3061 3567 3130 quasi

1991 3150 2300 3206 solemniter
2323 3148 2484 3205 hodie
2511 3149 2821 3205 convenisse
2846 3150 3222 3220 conspicimus,
3252 3160 3304 3205 ct
3327 3151 3396 3207 ad
3425 3153 3572 3207 hunc

1991 3243 2132 3297 diem
2175 3242 2333 3297 solito
2368 3240 2695 3311 frequentius
2723 3250 3106 3312 congregatos;
3133 3253 3195 3298 ut
3218 3245 3572 3300 memineritis

1992 3330 2132 3402 quod
2163 3331 2321 3385 modo
2348 3331 2622 3397 cantastis,
2654 3346 2722 3386 ne
2749 3332 2819 3386 sit
2844 3332 3016 3402 lingua
3044 3342 3383 3402 perstrepens
3404 3335 3570 3389 corde

1992 3430 2175 3487 muto;
2203 3421 2296 3475 sed
2322 3420 2465 3490 quod
2490 3422 2743 3477 sonuistis
2763 3437 2892 3478 voce
2927 3423 2992 3477 ad
3029 3438 3184 3478 aures
3211 3425 3436 3478 invicem
3479 3440 3572 3480 ve-

1992 3520 2152 3576 stras,
2178 3511 2417 3566 clamctis
2445 3511 2638 3565 alleetu
2664 3511 2730 3566 ad
2760 3527 2913 3567 aures
2935 3512 3046 3566 Dei.
3073 3513 3183 3568 lloe
3207 3513 3348 3566 enim
3379 3523 3569 3567 cantao

1993 3600 2130 3656 batis
2155 3619 2168 3654 :
2194 3599 2352 3655 Salva
2370 3615 2480 3666 nos,
2504 3599 2720 3653 Domine
2743 3599 2880 3655 Deus
2906 3611 3087 3665 noster,
3113 3618 3362 3673 congrege
3388 3619 3481 3656 nos
3503 3604 3568 3658 de

1993 3694 2250 3760 Gentibus,
2281 3704 2335 3747 ut
2363 3695 2690 3762 conﬁteantur
2715 3695 2902 3747 nomini
2936 3705 3110 3749 sancto
3139 3703 3223 3749 tuo
3259 3696 3278 3765 (
3306 3693 3450 3749 Psal.
3481 3711 3566 3761 cv,

1991 3785 2104 3857 47).
2129 3785 2194 3839 Et
2219 3783 2380 3843 modo
2409 3784 2452 3838 si
2484 3784 2790 3838 solemnitas
2817 3783 3085 3849 Gentium,
3117 3801 3234 3854 qua:
3265 3785 3322 3838 lit
3350 3785 3569 3840 hodier~

1993 3891 2062 3930 no
2087 3875 2174 3931 die
2203 3875 2256 3930 in
2294 3875 2473 3930 lmtitia
2510 3876 2688 3930 szeculi
2717 3885 2874 3946 atque
2899 3877 3115 3943 carnali,
3146 3878 3194 3930 in
3225 3878 3448 3946 strepitu
3481 3894 3568 3931 va-

1992 3967 2327 4021 nissimarum
2353 3974 2407 4021 et
2438 3966 2859 4035 turpissimarum
2883 3969 3207 4030 cantionum,
3232 3969 3282 4022 in
3307 3969 3566 4024 conviviis

1993 4069 2049 4115 et
2078 4057 2443 4114 saltationibus
2473 4058 2732 4129 turpibus,
2762 4058 2812 4112 in
2842 4059 3195 4114 celebratione
3223 4059 3387 4129 ipsius
3418 4059 3563 4114 falsa:

1992 4150 2313 4211 festivitatis,
2336 4150 2379 4203 si
2404 4165 2464 4203 ea
2491 4165 2608 4219 qute
2630 4159 2789 4220 agunt
2810 4151 3008 4206 Gentes
3031 4166 3135 4205 non
3157 4167 3251 4206 vos
3275 4151 3561 4215 delectent,

1993 4226 2436 4308 congregabimiui
2467 4253 2529 4292 ex
2556 4237 2826 4293 Gentibus.

2065 4329 2121 4383 9..
2163 4328 2428 4399 Separatio
2463 4338 2632 4382 nostra
2669 4345 2702 4382 a
2731 4327 2966 4382 Gentibus
2991 4328 3276 4383 Christiana
3302 4330 3421 4398 ﬁde,
3454 4344 3560 4397 spe,

1995 4431 2044 4476 et
2087 4419 2348 4473 charitate.
2381 4418 2489 4474 Vos
2532 4427 2676 4473 certe
2717 4420 3038 4484 cantavistis,
3080 4427 3135 4474 et
3179 4419 3353 4473 adhuc
3401 4419 3560 4472 divini

1995 4513 2186 4568 cantici
2204 4528 2363 4566 sonus
2390 4525 2577 4566 recens
2605 4517 2686 4564 est
2712 4511 2764 4565 in
2789 4509 3001 4565 auribus
3025 4510 3236 4576 vestris,
3267 4509 3423 4564 Salva
3453 4525 3560 4571 nos,

1997 4603 2212 4658 Domine
2240 4603 2375 4657 Deus
2402 4612 2586 4668 noster,
2614 4612 2660 4655 et
2688 4619 2934 4672 congrege
2957 4618 3047 4656 nos
3067 4603 3129 4656 de
3150 4600 3405 4656 Gentibus.
3437 4601 3564 4668 Quis

1996 4702 2172 4763 potest
2209 4692 2514 4762 congregari
2552 4689 2619 4746 de
2652 4691 2927 4757 Gentibus,
2958 4690 3057 4745 nisi
3096 4707 3219 4746 cum
3265 4692 3322 4744 lit
3356 4691 3566 4745 salvus?

1997 4784 2097 4852 Qui
2126 4799 2252 4854 ergo
2279 4783 2570 4837 miscentur
2596 4781 2871 4845 Gentibus,
2897 4781 3028 4835 salvi
3055 4797 3159 4836 non
3183 4791 3332 4846 sunt;
3361 4783 3566 4836 salvan-

1997 4883 2081 4927 tur
2106 4882 2282 4928 antem
2311 4872 2400 4942 qui
2431 4881 2818 4941 congregantur
2840 4871 2906 4926 de
2924 4870 3201 4936 Gentibus,
3222 4872 3395 4927 salute
3421 4871 3562 4936 fidei,

1995 4963 2166 5018 salute
2212 4963 2346 5032 Spei,
2399 4963 2569 5016 salute
2619 4961 2996 5020 sincerissime
3042 4961 3348 5028 charitatis,
3400 4963 3568 5018 salute

1995 5054 2253 5124 spirituali
2280 5095 2294 5119 ,
2339 5054 2504 5108 salute
2533 5051 2912 5123 promissorum
2952 5052 3064 5107 Dei.
3094 5053 3191 5120 Qui
3220 5069 3348 5122 ergo
3375 5053 3564 5117 credit,

1993 5154 2202 5215 sperat,
2243 5154 2298 5199 et
2337 5153 2500 5211 amat,
2533 5159 2636 5198 non
2668 5145 2919 5200 continuo
2957 5145 3136 5200 salvus
3173 5144 3432 5200 dicendus
3468 5155 3564 5199 est.

1996 5235 2220 5290 Interest
2243 5236 2382 5289 enim
2413 5235 2535 5304 quid
2564 5235 2764 5300 credat,
2794 5234 2918 5304 quid
2945 5243 3145 5304 speret,
3174 5245 3229 5290 et
3255 5235 3377 5305 quid
3405 5244 3563 5288 atnet.

1993 5325 2164 5380 Nemo
2179 5326 2374 5396 quippe
2396 5325 2520 5379 vivit
2547 5326 2596 5378 in
2625 5339 2956 5394 quacumque
2975 5325 3098 5389 vita,
3125 5325 3238 5379 sine
3264 5324 3431 5379 tribus
3453 5324 3568 5379 istis

1995 5417 2183 5470 animze
2225 5416 2610 5480 affectionibus,
2644 5413 2915 5479 credendi,
2954 5413 3221 5484 sperandi,
3252 5407 3483 5470 am’andi.
3515 5413 3565 5468 Si

1997 5522 2101 5562 non
2151 5507 2324 5562 credis
2368 5507 2510 5577 quod
2554 5505 2780 5562 credunt
2803 5505 3021 5572 Gentes,
3059 5521 3161 5561 non
3205 5522 3390 5577 speras
3430 5505 3564 5577 quod

2062 5665 2079 5681 '
2103 5671 2380 5712 Sermonem
2401 5663 2529 5712 hunc
2551 5665 2599 5714 in
2623 5663 2957 5724 manuscriptls
2977 5660 3148 5711 frustra
3169 5661 3492 5724 quaesivimus.

2060 5745 2131 5804 (ο)
2156 5752 2216 5792 Ex
2241 5745 2413 5793 eodem
2436 5759 2582 5795 serm.
2610 5746 2731 5793 Beda
2755 5752 2808 5794 et
2829 5745 2952 5794 Flor.
2979 5744 3038 5793 ad
3059 5741 3233 5794 minus.
3268 5758 3320 5793 II.

2060 5746 2107 5804 (ο
2156 5752 2216 5792 Ex
2241 5745 2413 5793 eodem
2436 5759 2582 5795 serm.
2610 5746 2731 5793 Beda
2755 5752 2808 5794 et

2057 5745 2133 5870 (bi
2162 5806 2298 5866 Alias,
2326 5820 2385 5856 ex
2411 5807 2810 5856 sirmondianis'i.
