3886 6188
359 273 493 328 1025

1793 289 2020 350 SERMO
2057 295 2279 358 CXCIX.

263 379 291 402 '
349 395 565 454 sperant
598 387 825 465 Gentes,
854 406 959 448 non
995 409 1142 450 amas
1166 395 1307 465 quod
1335 407 1516 452 amant
1540 399 1765 469 Gentes;
1797 417 1930 458 con-

3503 337 3632 395 10:26

2041 425 2165 468 cere
2189 430 2310 471 cum
2346 419 2664 481 inﬁdelibus.
2687 427 2815 496 Quze
2855 435 2994 490 enim
3033 443 3370 514 partieipatio
3405 447 3627 516 iustitiae

2563 477 2572 478 ί
2589 477 2663 481 "v'
2694 477 2814 496 κ“ννν
2856 477 2994 490 νιιιιιι
3049 477 3116 494 ιιι.
3131 477 3216 496 ιιιι
3257 477 3285 498 ιι
3297 477 3370 502 ‘lu

344 477 584 544 gregaris
607 477 675 534 de
697 479 974 550 Gentibus,
999 487 1316 556 segregaris,
1341 486 1441 542 hoc
1470 499 1552 544 est
1577 493 1841 561 separaris
1869 494 1936 550 de
2039 515 2160 558 cum
2189 505 2502 577 iniquitate?
2524 524 2614 568 aut
2633 534 2751 586 qua:
2775 525 3004 580 societas
3027 477 3319 588 {nminisvad
3340 477 3620 595 ιυιῒθὺηετ

344 565 600 595 ρΛηΙῖΙι-.ιοο
645 569 822 595 "AA...
851 582 1042 595 -_.__--.
1079 591 1182 595 _-,,e
1211 579 1366 595 ,,',.°_
1441 594 1448 595 κ
1624 583 1654 595 ιι
1711 583 1724 595 ο
1794 592 1802 595 -
1887 592 1894 595 Α
2048 592 2067 595 _

341 565 622 624 Gentibus.
640 569 752 626 Nec
774 581 825 627 te
851 582 1046 630 terreat
1069 579 1377 632 commixtio
1397 583 1686 650 corporalis
1710 583 1762 638 iu
1789 592 1930 639 tanta
2028 592 2164 660 Quae
2206 565 2327 666 pars
2374 602 2514 658 ﬁdeli

333 658 677 726 separatione
706 663 920 718 mentis.
952 664 1087 732 Quid
1115 668 1258 721 enim
1290 677 1396 723 tam
1423 679 1748 740 separatum,
1769 690 1928 745 quam
2033 689 2214 756 templi
2259 690 2466 750 Domini
2513 712 2635 754 cun.
2679 702 2833 758 idolis
2867 726 2885 759 ι

332 759 391 802 ιιι
432 750 658 807 credant
698 753 771 809 illi
813 754 1082 812 daemones
1109 758 1268 825 deos,
1300 761 1488 817 credas
1515 773 1567 818 tu
1593 764 1682 836 qui
1709 782 1843 822 unus
1872 776 1928 823 et
2029 750 2158 831 alibi
2181 779 2346 836 dicit:
2377 785 2554 853 "Quae
2595 792 2737 848 enim

326 853 490 895 verus
513 851 598 896 est
624 842 805 900 Deus?
829 856 1048 916 sperent
1089 849 1162 903 illi
1194 850 1368 906 inania
1410 853 1589 909 smculi
1609 896 1624 920 ,
1652 869 1837 926 speres
1868 867 1923 914 tu

319 937 590 986 asternam
633 933 796 989 vitam
842 949 963 991 cum
1004 937 1252 994 Christo?
1293 950 1473 998 ament
1519 943 1594 998 illi
1639 945 1917 1014 mundum,

319 1032 484 1080 ames
504 1029 559 1075 tu
584 1023 842 1079 artiﬁcem
870 1027 1087 1082 mundi?
1112 1027 1211 1094 Qui
1241 1045 1370 1100 ergo
1396 1031 1536 1087 aliud
1562 1034 1752 1101 credit,
1775 1037 1916 1092 aliud

312 1119 524 1177 sperat,
547 1111 696 1168 aliud
725 1123 890 1182 amat,
912 1117 1016 1170 vita
1046 1119 1252 1187 probet,
1283 1119 1435 1176 lactis
1462 1124 1726 1179 ostendat.
1755 1127 1916 1182 Actu-

311 1215 414 1254 rus
442 1216 505 1256 es
533 1203 948 1261 celebrationem
979 1217 1300 1279 strenarum,
1325 1212 1462 1267 sicut
1491 1228 1744 1284 paganus,
1769 1216 1914 1273 lusu-

308 1310 408 1349 rus
453 1296 591 1364 alea,
635 1306 690 1353 et
728 1299 1084 1356 inebriaturus
1128 1311 1215 1357 te:
1246 1304 1514 1372 quomodo
1539 1307 1680 1362 aliud
1710 1309 1906 1376 credis,

304 1387 459 1442 aliud
481 1403 688 1459 Speras,
713 1391 858 1447 aliud
881 1395 1068 1449 amas?
1088 1395 1365 1461 Quomodo
1390 1398 1554 1454 libera
1583 1399 1753 1457 fronte
1775 1418 1906 1459 can-

303 1488 412 1545 tas,
449 1480 610 1536 Salva
637 1499 756 1547 nos,
797 1482 1015 1540 Domine
1043 1485 1184 1541 Deus
1226 1499 1414 1554 noster,
1455 1500 1501 1544 et
1538 1507 1785 1564 congrege
1812 1511 1904 1549 nos

297 1572 364 1624 de
398 1570 1016 1645 Geittibus78egregaris
1061 1578 1203 1632 enim
1253 1578 1320 1633 de
1368 1581 1654 1646 Gentibus,
1704 1584 1901 1640 mixtus

294 1677 540 1732 corpore
560 1662 841 1734 Gentibus,
860 1666 1108 1724 dissimili
1133 1670 1258 1724 vita.
1288 1671 1352 1725 Et
1377 1681 1572 1741 quanta
1600 1673 1669 1729 sit
1691 1675 1790 1729 ista
1815 1691 1898 1732 se-

289 1755 564 1824 gregatio,
599 1755 806 1823 videte,
844 1759 888 1812 si
933 1759 1091 1816 modo
1127 1744 1318 1828 lacitis,
1353 1763 1400 1818 si
1443 1765 1601 1820 modo
1641 1767 1894 1837 probatis.

289 1846 422 1900 Jam
453 1847 598 1902 enim
630 1848 888 1904 Dominus
918 1859 1100 1906 noster
1123 1851 1280 1908 Jesus
1309 1853 1550 1910 Christus
1581 1855 1672 1912 Dei
1703 1857 1890 1926 Filius,

287 1937 386 2005 qui
425 1947 642 2008 propter
671 1953 770 1995 nos
801 1940 958 1995 homo
987 1941 1154 1998 lactus
1179 1953 1281 2011 est,
1303 1943 1449 2000 dedit
1474 1960 1572 2014 pro
1601 1947 1752 2003 nobis
1774 1965 1892 2018 pre-

285 2026 455 2082 tium.
482 2027 667 2098 ltaque
688 2043 843 2084 suum
865 2030 1011 2086 dedit
1032 2031 1120 2087 ille
1143 2033 1365 2102 pretium
1392 2050 1405 2087 :
1427 2034 1494 2088 ad
1517 2033 1617 2090 hoc
1644 2035 1809 2104 dedit,
1833 2047 1891 2093 ut

283 2119 548 2186 redimat,
574 2128 632 2174 ut
657 2131 944 2192 eongreget
971 2121 1039 2177 de
1061 2121 1338 2178 Gentibus.
1363 2123 1419 2179 Si
1448 2133 1630 2188 autem
1647 2127 1886 2184 misceris

279 2209 580 2276 Gentibus,
605 2225 711 2265 non
734 2210 813 2266 vis
839 2213 988 2282 sequi
1021 2227 1142 2267 eum
1169 2214 1259 2283 qui
1281 2223 1332 2270 te
1357 2212 1618 2270 redemit:
1644 2217 1884 2272 miseeris

276 2309 470 2353 autem
514 2298 772 2356 Gentibus
814 2301 941 2366 vita,
985 2302 1156 2369 laetis,
1203 2303 1385 2369 corde,
1432 2304 1554 2360 talia
1593 2305 1879 2374 credendo,

275 2390 415 2445 talia
458 2391 758 2462 sperando,
792 2391 916 2446 talia
945 2393 1216 2465 diligendo
1243 2410 1256 2447 :
1287 2395 1524 2465 ingratus
1550 2411 1610 2451 es
1645 2397 1876 2454 Redem-

273 2481 428 2549 ptori
467 2491 596 2550 tuo,
635 2497 738 2538 nec
777 2483 1022 2553 agnoscis
1070 2483 1297 2553 pretium
1348 2493 1533 2551 tuum;
1567 2488 1875 2558 sanguinem

267 2572 422 2644 Agui
480 2573 825 2627 immaculati.
869 2573 938 2630 Ut
995 2588 1124 2644 ergo
1177 2575 1416 2644 sequaris
1461 2575 1873 2648 Redemptorem

269 2673 457 2731 tuum,
487 2666 578 2735 qui
625 2674 680 2721 te
719 2666 949 2722 redemit
987 2667 1244 2739 sanguine
1273 2682 1392 2736 suo,
1423 2670 1531 2730 noli
1570 2679 1623 2726 te
1650 2672 1872 2728 miscere

264 2752 542 2812 Gentibus
579 2757 931 2814 similitudine
974 2774 1183 2814 morum
1225 2769 1384 2831 atque
1428 2759 1705 2818 laetorum.
1736 2765 1873 2822 Dant

263 2847 344 2901 illi
377 2857 609 2913 strenas,
635 2848 758 2904 date
784 2864 879 2905 vos
904 2850 1292 2922 eleemosynas.
1314 2855 1618 2910 Avocantur
1644 2855 1718 2911 illi
1744 2872 1870 2920 can-

261 2937 514 2992 tionibus
557 2938 907 3006 luxuriarum,
952 2949 1172 2997 avocate
1212 2958 1308 2998 vos
1349 2945 1686 3001 sermonibus
1718 2945 1864 3003 Scri-

259 3037 554 3098 pturarum
595 3045 608 3082 :
649 3039 874 3085 currunt
919 3031 993 3086 illi
1036 3031 1104 3086 ad
1135 3032 1420 3104 theatrum,
1455 3050 1550 3091 vos
1584 3035 1650 3091 ad
1686 3037 1862 3094 eccle-

255 3120 408 3174 siam
435 3137 450 3173 :
476 3119 806 3176 inebriantur
832 3121 928 3188 illi,
957 3137 1053 3178 vos
1077 3122 1335 3192 jejunate.
1367 3124 1424 3180 Si
1455 3124 1611 3192 hodie
1637 3141 1742 3182 non
1768 3143 1862 3198 po-

256 3210 425 3264 testis
463 3209 726 3279 jcjunare,
756 3211 944 3267 saltem
972 3227 1093 3267 cum
1133 3213 1423 3270 sobrietate
1448 3215 1722 3285 prandete.
1750 3218 1862 3275 Hoc

252 3301 300 3355 si
351 3300 616 3365 feceritis,
650 3301 788 3357 bene
815 3304 1089 3366 Cantastis,
1127 3303 1285 3360 Salva
1322 3322 1435 3374 nos,
1471 3305 1686 3364 Domine
1719 3309 1860 3367 Deus

249 3399 459 3453 noster,
487 3399 532 3444 et
556 3407 804 3462 congrege
829 3409 918 3447 nos
945 3392 1006 3446 de
1029 3392 1288 3450 Gentibus.

328 3481 393 3536 3.
437 3478 550 3535 Piis
596 3481 828 3552 operibus
874 3492 1200 3538 secernuntur
1241 3483 1515 3542 Christiani
1546 3505 1578 3542 a
1607 3487 1850 3562 Paganis.

250 3571 346 3626 Dii
388 3573 514 3642 falsi
552 3574 698 3629 malis
737 3575 957 3630 moribus
995 3576 1245 3632 cultorum
1279 3597 1485 3635 suorum
1518 3583 1849 3641 delectantur.

245 3665 450 3735 Itaque
495 3665 646 3720 multi
695 3666 1036 3724 luctabuntur
1084 3668 1244 3726 hodie
1289 3669 1342 3726 in
1383 3671 1544 3728 corde
1589 3689 1688 3729 suo
1728 3689 1848 3732 cum

245 3756 432 3810 verbo
470 3756 612 3825 quod
648 3757 950 3814 audierunt.
989 3759 1228 3816 Diximus
1253 3763 1417 3827 enim,
1440 3761 1613 3819 Nolite
1637 3773 1848 3824 strenas

238 3849 411 3908 dare,
440 3845 563 3900 date
609 3847 949 3917 pauperibus.
979 3847 1171 3905 Parum
1218 3859 1301 3904 est
1347 3859 1404 3905 ut
1444 3859 1644 3908 tantum
1683 3855 1846 3924 detis,

231 3933 489 4004 amplius
525 3935 684 3990 etiam
720 3935 860 3990 date.
884 3935 1000 3992 Non
1033 3937 1190 3992 vultis
1226 3939 1490 4010 amplius?
1519 3942 1602 3998 vel
1637 3952 1840 4002 tantum

237 4031 397 4084 date.
439 4023 546 4080 Sed
580 4025 713 4082 dicis
743 4027 872 4081 mihi
903 4045 915 4082 :
949 4028 1173 4096 Quando
1197 4039 1403 4087 strenas
1429 4031 1520 4100 do,
1546 4035 1672 4090 mihi
1701 4039 1842 4094 acci-

232 4122 331 4191 pio
361 4129 422 4175 et
446 4135 567 4191 ego.
589 4121 726 4190 Quid
751 4138 896 4196 ergo,
919 4125 1131 4195 quando
1151 4125 1244 4181 das
1271 4128 1509 4197 pauperi,
1541 4128 1672 4184 nihil
1697 4134 1838 4187 acci-

230 4212 362 4282 pis?
409 4212 568 4268 Certe
605 4228 710 4268 nou
756 4215 858 4271 hoc
900 4217 1108 4279 credas,
1147 4219 1288 4289 quod
1334 4219 1532 4276 Gentes
1573 4222 1832 4290 credunt;

225 4311 395 4358 certe
440 4318 546 4357 non
587 4303 688 4359 hoc
727 4318 931 4376 speres,
963 4308 1105 4378 quod
1133 4307 1330 4364 Gentes
1359 4320 1592 4381 sperant.
1622 4313 1760 4369 Ecce
1787 4315 1839 4370 si

225 4393 380 4448 dicis
409 4401 464 4449 te
493 4391 622 4448 nihil
646 4395 885 4465 recipere
911 4411 1029 4451 cum
1063 4399 1279 4468 pauperi
1317 4398 1552 4470 dederis,
1579 4400 1748 4458 lactus
1773 4418 1832 4460 es

225 4499 366 4555 pars
406 4482 696 4540 Gentilium
726 4503 740 4539 :
770 4486 885 4542 sine
908 4502 1066 4544 causa
1096 4491 1341 4572 cantasti,
1379 4491 1538 4547 Salva
1570 4511 1682 4562 nos,
1717 4494 1828 4548 Do-

224 4575 378 4627 mine
418 4571 558 4628 Deus
601 4584 789 4642 noster,
823 4585 870 4630 et
897 4593 1145 4649 congrege
1181 4597 1274 4634 nos
1314 4581 1378 4636 de
1417 4581 1678 4652 Gentibus,
1711 4585 1826 4641 Noli

220 4664 489 4723 oblivisci
535 4665 674 4723 illius
718 4668 1154 4738 prmscriptiouis,
1185 4671 1272 4726 ubi
1310 4672 1506 4728 dicitur
1542 4692 1557 4728 :
1597 4675 1699 4742 Qui
1740 4677 1828 4731 dat

219 4756 570 4828 pauperibus,
590 4775 848 4828 nunquam
873 4761 1033 4831 egebit
1057 4759 1236 4834 (Prov.
1262 4779 1444 4831 xxvm,
1471 4764 1585 4838 26).
1618 4767 1826 4826 Oblitus

216 4866 282 4907 es
312 4849 437 4920 jam
463 4849 588 4920 quid
615 4850 854 4908 dicturus
877 4853 1131 4910 Dominus
1155 4855 1255 4920 eis,
1279 4857 1365 4926 qui
1390 4859 1710 4929 pauperibus
1728 4860 1824 4916 de-

179 4939 456 5008 sdcrunt,
488 4937 683 5009 Venite,
712 4942 960 4997 benedicti
983 4942 1152 4999 Patris
1179 4947 1292 5010 mei,
1321 4949 1562 5019 percipite
1582 4952 1824 5021 regnum?

211 5041 275 5088 et
322 5029 462 5101 quid
499 5030 705 5089 dicetur
735 5033 814 5090 eis
848 5035 938 5105 qui
985 5051 1091 5090 non
1128 5035 1404 5104 dederint,
1440 5038 1626 5095 Mittite
1651 5057 1734 5096 eos
1767 5043 1822 5097 in

211 5130 402 5196 ignem
427 5132 668 5180 internum
696 5125 910 5195 (Matth.
940 5143 1064 5195 xxv,
1090 5128 1180 5196 54,
1202 5127 1328 5199 tl)?
1348 5128 1503 5184 Modo
1527 5131 1616 5202 qui
1645 5132 1820 5189 liben-

216 5228 309 5272 tor
339 5215 636 5271 audierunt
661 5217 787 5287 quid
817 5217 972 5285 dixit,
997 5235 1117 5276 cum
1149 5219 1231 5276 his
1255 5231 1402 5277 certe
1426 5231 1572 5278 stant
1595 5225 1685 5295 qui
1710 5239 1819 5282 non

209 5308 793 5366 lilienter'audierunt.
819 5311 932 5382 Ego
948 5328 1091 5370 nunc
1111 5314 1426 5372 Christianis
1447 5317 1587 5374 veris
1607 5319 1814 5391 loquor.

207 5398 268 5454 Si
318 5396 470 5450 aliud
509 5397 748 5468 creditis,
780 5400 922 5455 aliud
962 5405 1207 5472 speratis,
1238 5405 1379 5460 aliud
1409 5409 1634 5476 amatis;
1661 5412 1816 5468 aliter

203 5489 408 5551 vivite,
454 5496 510 5541 et
552 5487 838 5546 distantem
885 5491 1063 5562 ﬁdem,
1090 5509 1262 5566 spem,
1290 5508 1344 5553 et
1379 5497 1690 5558 charitatcm
1725 5519 1816 5560 vc-

205 5591 399 5637 stram
428 5579 753 5639 distantibus
779 5586 1018 5642 moribus
1038 5589 1344 5660 approbatc.
1370 5593 1560 5648 Audite
1581 5594 1812 5666 Aposto-

204 5674 326 5727 ium
363 5682 797 5732 commonentcm
826 5693 841 5732 :
876 5694 894 5730 t
927 5677 1128 5750 Nolite,
1160 5701 1178 5735 ι
1212 5682 1408 5754 inquit,
1439 5703 1458 5736 ι
1483 5685 1666 5759 iugum
1709 5687 1806 5744 du-

2558 622 2679 662 cum
2723 611 2955 670 inﬁdeli?
2980 621 3068 685 qui
3109 634 3286 680 autem
3325 643 3620 688 consensus

2921 708 3002 780 (ll
3027 711 3144 768 Cor.
3170 720 3512 794 v1.14-16)?
3551 726 3617 780 Et

2780 796 3054 857 immolant
3089 804 3306 874 Gentes,
3334 811 3613 874 daemoniis

2029 864 2330 940 immolant,
2372 886 2426 930 et
2470 894 2574 934 non
2615 883 2746 940 Deo.
2786 887 2920 945 Nolo
2949 908 3061 960 vos,
3101 913 3120 948 ι
3153 898 3350 970 inquit.
3384 922 3402 955 ι
3436 909 3611 964 socios

2025 956 2140 1065 ﬁeri
2167 961 2552 1025 daemoniorum
2581 992 2600 1026 ι
2623 975 2666 1045 (l
2687 976 2803 1032 Cor.
2829 997 2887 1048 ι,
2907 983 3020 1055 20).
3045 956 3182 1058 Ergo
3204 956 3350 1048 Deos

2019 1045 2477 1113 delectantmores
2493 1075 2698 1119 eorum.
2725 1067 2822 1124 Ille
2847 1045 3022 1129 autem
3051 1045 3143 1147 qui
3169 1080 3320 1150 dixit,
3351 1045 3492 1141 Λῖοιο
3517 1105 3603 1144 vos

2018 1138 2129 1205 ﬁeri
2153 1146 2315 1200 socios
2340 1148 2724 1224 daemoniorum,
2752 1162 2918 1218 voluit
2939 1175 2994 1219 ut
3015 1169 3083 1222 ab
3111 1171 3215 1226 illis
3233 1176 3320 1244 qui
3343 1177 3601 1235 dwmoui-

2014 1226 2116 1284 bus
2155 1235 2437 1306 servirent,
2476 1243 2580 1297 vita
2607 1253 2662 1300 et
2695 1251 2936 1308 moribus
2965 1226 3357 1327 separaremur.
3386 1267 3594 1326 Etenim

2012 1316 2103 1373 illa
2131 1321 2391 1382 daemonia
2417 1329 2750 1393 delectantur
2775 1345 2995 1400 canticis
3027 1316 3290 1420 vanitatis,
3321 1356 3592 1415 delectan-

2014 1417 2102 1465 tur
2155 1422 2436 1486 nugatorio
2485 1433 2825 1498 spectaculo,
2877 1446 2929 1491 et
2973 1417 3384 1510 turpitudinilms
3437 1453 3589 1506 rariis

2008 1499 2360 1574 theatrorum,
2403 1510 2607 1570 insania
2649 1519 2798 1587 circi,
2839 1525 3156 1585 crudelitate
3187 1536 3585 1603 amphitheatri.

2003 1594 2382 1652 certaminibus
2424 1603 2681 1660 animosis
2725 1624 2909 1666 eorum
2949 1616 3041 1685 qui
3082 1635 3178 1688 pro
3220 1594 3589 1691 pestilentibus

2002 1679 2308 1742 hominibus
2348 1689 2470 1748 lites
2509 1705 2564 1749 et
2599 1679 3159 1780 contentiones—nscitte
3186 1679 3250 1768 ad
3283 1717 3584 1775 inimicitias

1998 1775 2312 1846 suscipiunt,
2341 1795 2440 1850 pro
2469 1785 2649 1854 mimo,
2683 1805 2778 1859 pro
2803 1793 3060 1856 histrione
3095 1817 3190 1872 pro
3230 1811 3575 1880 pantomimo,

1996 1876 2096 1930 pro
2133 1867 2344 1937 auriga,
2382 1887 2480 1941 pro
2518 1890 2790 1938 venatore.
2815 1885 2917 1940 Ista
2946 1867 3220 1959 facientes,
3248 1899 3397 1965 quasi
3424 1901 3576 1958 thura

1995 1964 2199 2052 ponunt
2224 1957 2501 2020 dazmoniis
2527 1966 2596 2023 de
2623 1972 2874 2030 cordibus
2898 1980 3030 2034 suis.
3059 1957 3288 2052 Spiritus
3313 1990 3456 2045 enim
3486 2007 3575 2048 se-

1991 2043 2241 2104 ductores
2280 2052 2514 2122 gaudent
2555 2061 2823 2130 seductis;
2865 2075 2922 2123 et
2956 2043 3144 2127 eorum
3184 2091 3318 2146 quos
3347 2081 3575 2139 seduxe-

1990 2135 2099 2190 rint
2123 2147 2282 2210 atque
2309 2143 2639 2218 deceperint,
2666 2156 2822 2212 malis
2847 2160 3087 2218 moribus
3115 2175 3170 2219 et
3190 2135 3293 2222 vita
3323 2173 3458 2242 turpi
3485 2174 3570 2229 in-

1988 2222 2217 2332 .lamique
2239 2245 2547 2301 pascuntur.
2576 2260 2595 2292 ι
2626 2242 2733 2298 Vos
2751 2255 2950 2314 autem,
2985 2270 3005 2304 ι
3030 2254 3162 2309 sicut
3191 2222 3569 2332 dicitvllpos-to-

1985 2312 2104 2381 lus,
2145 2337 2163 2370 ι
2201 2337 2305 2378 non
2351 2323 2422 2380 ita
2469 2328 2727 2387 didicistis
2769 2312 3038 2396 Christum
3073 2361 3090 2398 :
3125 2345 3171 2400 si
3220 2312 3417 2406 tamenr
3443 2367 3565 2409 eum

1981 2406 2223 2476 audistis,
2251 2421 2306 2468 et
2340 2414 2392 2470 in
2434 2417 2550 2486 ipso
2578 2422 2754 2479 edocti
2783 2429 2913 2484 estis
2939 2431 2958 2501 (
2989 2431 3180 2504 Ephes.
3207 2454 3276 2504 tv,
3304 2441 3394 2516 so,
3420 2406 3560 2516 ει-ᾖξ

1979 2496 2154 2556 Nolite
2194 2518 2322 2575 ergo
2355 2507 2494 2565 efﬁci
2538 2515 2824 2586 participes
2851 2496 3059 2578 eorum.
3090 2527 3263 2585 Eratis
3292 2509 3432 2589 enim
3461 2496 3562 2592 ali-

1976 2591 2190 2657 quando
2235 2597 2496 2666 tenebrae,
2536 2618 2676 2659 nunc
2716 2617 2894 2665 autem
2925 2613 3011 2668 lux
3053 2616 3393 2690 inDomino;
3423 2628 3562 2686 sicut

1976 2675 2068 2732 ﬁlii
2097 2680 2229 2737 lucis
2251 2686 2519 2745 ambulate
2545 2711 2563 2744 ι
2587 2693 2701 2763 (Id.
2721 2713 2776 2762 ν,
2801 2701 2853 2766 7,
2876 2701 2931 2773 8)
2955 2721 2968 2757 :
2991 2714 3046 2759 ut
3070 2719 3119 2762 et
3147 2675 3393 2784 nos,qui

1973 2768 2194 2826 verbum
2231 2773 2440 2832 Domini
2482 2784 2858 2857 praedicamus,
2895 2796 3160 2862 possimus
3195 2768 3464 2862 vobiscum
3502 2819 3558 2867 et

1971 2856 2040 2915 de
2066 2861 2217 2919 vobis
2245 2863 2298 2922 in
2325 2866 2412 2923 illa
2439 2884 2697 2943 perpetua
2727 2856 2850 2936 luce
2866 2856 3119 2959 gaudere.

2447 3023 2676 3085 SERMO
2712 3029 2919 3090 cxcrx
2946 3041 2963 3060 ο
2987 3039 3084 3110 (ιι).

2396 3163 2445 3208 In
2468 3162 2725 3224 Epiphania
2747 3171 2950 3231 Domini,
2985 3187 3002 3222 ι
3025 3173 3114 3238 (b).

2032 3253 2257 3314 CAPUT
2309 3259 2588 3321 PRIMUM.
2628 3299 2699 3310 -—
2727 3271 2780 3326 ‘l.
2820 3271 3049 3332 Christus
3083 3278 3294 3338 Judwos
3328 3297 3378 3341 et
3411 3287 3545 3344 Gen-

1960 3353 2033 3400 tes
2053 3347 2106 3400 in
2133 3365 2187 3403 se
2208 3368 2328 3406 mox
2354 3357 2578 3425 copulat.
2615 3359 2795 3431 Nuper
2825 3367 3212 3428 celebravimus
3255 3375 3394 3433 diem
3434 3397 3542 3451 quo

1956 3451 2021 3492 ex
2047 3438 2246 3497 Jndteis
2287 3444 2540 3503 Dominus
2587 3460 2740 3507 natus
2791 3465 2873 3510 est
2915 3475 2928 3511 :
2962 3458 3119 3515 hodie
3170 3461 3532 3537 celebramus,

1955 3541 2063 3596 quo
2089 3544 2118 3583 a
2139 3529 2398 3589 Gentibus
2417 3536 2673 3594 adoratus
2702 3552 2810 3597 est.
2837 3545 3086 3612 Quoniam
3109 3553 3246 3607 salus
3266 3571 3327 3608 ca:
3339 3529 3536 3616 Judwii

1955 3615 2134 3685 (Joan.
2165 3634 2241 3683 tv,
2268 3621 2360 3692 22)
2395 3641 2408 3678 :
2437 3625 2531 3680 sed
2579 3627 2695 3684 hsce
2733 3633 2882 3687 salus
2924 3651 3081 3706 usque
3112 3641 3180 3694 ad
3215 3644 3344 3711 ﬁnes
3388 3615 3535 3705 terrae

1953 3705 2107 3776 (Isai.
2131 3724 2270 3776 χιιι,
2297 3713 2376 3782 6).
2399 3713 2529 3768 Nam
2555 3727 2610 3771 et
2634 3719 2726 3776 illo
2751 3722 2837 3777 die
2866 3705 3108 3794 pastores
3133 3705 3487 3794 adorarerunt
3509 3783 3526 3809 ,

1951 3795 2110 3853 hodie
2137 3799 2289 3871 Magi.
2320 3803 2427 3859 Illis
2468 3807 2651 3877 Angcli
2671 3851 2685 3875 ,
2721 3811 2834 3866 istis
2863 3824 3038 3871 autem
3068 3823 3216 3876 stella
3247 3795 3524 3886 uumiavit:

1947 3885 2166 3959 Utrique
2194 3891 2261 3946 de
2296 3895 2433 3950 caelo
2456 3896 2772 3968 didicerunt,
2804 3918 2921 3959 cum
2952 3923 3127 3978 regem
3160 3915 3279 3968 εαξΙί
3309 3915 3358 3970 ἰιι
3387 3927 3525 3976 terra

1944 3977 2217 4046 viderunt,
2242 3991 2299 4037 ut
2321 3994 2463 4040 esset
2485 3989 2650 4056 gloria
2675 3992 2728 4044 in
2753 3997 2964 4051 excelsis
2985 3977 3112 4064 Deo,
3136 4013 3182 4056 et
3202 4004 3252 4058 in
3276 4016 3406 4061 terra
3421 4029 3526 4081 pax

1943 4069 2225 4127 hominibus
2249 4074 2392 4129 bona:
2425 4079 2693 4136 voluntatis
2734 4083 2881 4155 (Luc.
2914 4104 2974 4156 ιι,
3001 4092 3107 4162 Η).
3139 4093 3258 4165 Ipse
3294 4108 3366 4154 est
3389 4069 3521 4159 enim

1943 4175 2048 4228 pax
2066 4172 2258 4229 nostra,
2287 4167 2373 4236 qui
2409 4167 2524 4236 fecit
2566 4180 2784 4244 utraque
2827 4194 3005 4234 unum.
3034 4182 3149 4239 Jam
3179 4186 3300 4245 hinc
3349 4191 3522 4250 inlitus

1938 4260 2093 4305 natus
2107 4261 2265 4322 atque
2290 4258 2632 4315 annuutiatus
2649 4265 2949 4322 ostenditur
2969 4269 3099 4340 lapis
3121 4275 3207 4332 ille
3226 4281 3516 4350 angularis,

1930 4338 2041 4408 jam
2069 4341 2121 4398 in
2167 4344 2284 4413 ipso
2315 4347 2606 4415 primordio
2659 4355 2948 4413 nativitatis
2978 4338 3237 4432 apparuit.
3287 4338 3424 4426 Duos
3451 4338 3515 4428 ex,

1935 4429 2149 4486 diverso
2175 4435 2407 4503 parietes
2436 4437 2487 4492 in
2519 4454 2578 4495 se
2605 4445 2857 4513 copulare
2878 4448 2988 4517 jam
3014 4429 3197 4523 erepit,
3222 4468 3460 4527 pastores
3485 4477 3516 4517 a

1933 4520 2136 4591 Judtea,
2169 4525 2346 4596 Magos
2369 4520 2448 4583 ab’
2463 4530 2678 4590 Oriente
2707 4538 3003 4606 perducens
3023 4520 3115 4600 ται.
3132 4520 3258 4604 duas
3282 4555 3534 4609 conderet"

1930 4613 1985 4668 in
2022 4631 2076 4668 se
2099 4616 2152 4669 in
2177 4632 2332 4672 unum
2367 4637 2549 4676 nouunt
2572 4624 2845 4694 hominem,
2881 4635 3077 4702 faciens
3104 4655 3313 4708 pacem;
3339 4649 3533 4713 pacem

1931 4703 2010 4758 his
2030 4706 2117 4776 qui
2139 4706 2305 4780 longe,
2327 4721 2374 4764 et
2395 4729 2568 4782 pacem
2589 4715 2668 4770 his
2691 4721 2779 4788 qui
2796 4738 2955 4793 prape
2969 4703 3183 4797 (Ep/tes.
3212 4747 3268 4797 ιι,
3290 4703 3507 4805 ii-SO).

1928 4797 2158 4870 Ideoque
2185 4801 2260 4857 illi
2285 4803 2403 4875 ipso
2426 4806 2514 4862 die
2531 4807 2599 4863 de
2634 4812 2885 4880 proximo
2913 4818 3230 4876 accedentes
3247 4863 3262 4888 ,
3295 4822 3360 4878 de
3387 4797 3508 4880 lon-

1927 4889 2126 4961 ginquo
2159 4892 2247 4949 isti
2275 4895 2434 4952 hodie
2460 4899 2766 4970 venientes,
2811 4904 2946 4960 duos
2996 4907 3111 4965 dies
3157 4913 3507 4974 celebrandos

1926 4986 2158 5055 posteris
2205 4987 2578 5058 signaverunt,
2652 5009 2813 5050 unam
2870 5006 3047 5055 tamen
3100 5002 3270 5060 lucem
3321 5009 3504 5065 mundi

1924 5076 2136 5148 utrique
2159 5077 2423 5136 viderunt.

1989 5203 2006 5290 ξ
2029 5208 2300 5290 invenimus
2321 5213 2450 5290 hunc
2469 5228 2748 5290 sermonem
2769 5223 2818 5290 ta
2833 5231 3037 5286 quatuor
3058 5221 3136 5278 ob.
3161 5237 3213 5281 et
3230 5231 3416 5286 duoluts
3447 5250 3499 5290 ιι.

1920 5270 1970 5319 in
1991 5274 2022 5318 t.
2048 5283 2124 5331 gr.
2151 5284 2192 5319 r.
2213 5285 2305 5321 rm.
2329 5286 2367 5325 t.
2388 5275 2468 5326 vd.
2495 5285 2548 5328 et
2571 5287 2670 5328 Am.
2691 5270 3032 5338 Ετίιίιιῖ-ξῖιδῖ

1983 5331 2057 5390 (a)
2078 5330 2218 5390 Alias,
2237 5333 2302 5384 de
2325 5341 2654 5390 Tempore“.

2203 5367 2218 5391 ς
2237 5367 2302 5384 υν
2336 5367 2654 5391 ΙῡιΙΙνυΙῦυέΙο

1982 5331 2057 5455 (ag
2078 5331 2218 5391 Alias,
2237 5333 2654 5410 deuTemporeM.
2756 5331 2764 5333 ἡ
2826 5331 2891 5333 Vh
2926 5331 2980 5336 ﬂ
2996 5331 3031 5338 ’⁷

2001 5391 2030 5470 ιι
2049 5467 2063 5470 λ
2076 5397 2341 5470 ιημιξοεδιιιιι
2360 5397 2587 5470 lndtculo,
2604 5415 2710 5466 cap.
2739 5404 2815 5466 to,
2834 5414 3065 5462 tractatus
3080 5413 3144 5464 de
3162 5415 3252 5464 hac
3272 5414 3500 5470 solemni-

1917 5460 2019 5536 tate
2041 5463 2250 5536 septem,
2272 5469 2329 5508 ac
2351 5469 2591 5536 pranerea
2611 5460 2834 5536 quatuor,
2860 5483 2964 5532 cap.
2993 5475 3012 5523 t
3039 5460 3501 5536 E‘aéiiiiniitiizs‘cii.

1915 5517 2012 5602 ptis
2033 5517 2277 5578 notantur,
2307 5539 2330 5566 ιι
2351 5517 2433 5602 ἰ)ιει
2452 5517 2838 5602 Εριριιξιξιὶιιιιιιοῖ
2866 5517 2982 5583 item
2995 5517 3068 5586 de
3080 5517 3501 5602 5115,3133;

1923 5595 1945 5621 ι
1963 5585 2036 5625 tra
2057 5592 2361 5660 quos‘supra,
2404 5583 2564 5660 duo.)
2595 5589 2640 5637 id
2666 5597 2742 5660 est
2784 5602 2949 5643 eontra
2987 5583 3376 5660 mgiéiiéfiiﬁé

1915 5652 2044 5716 manu
2061 5649 2118 5716 _et
2156 5640 2362 5716 alterum
2397 5640 2616 5707 proxime
2657 5640 3216 5716 subsequent—tc'tuocita‘t"

1913 5681 2118 5750 frmf-
2156 5681 2362 5752 ---υἷι-..-
2397 5681 2616 5707 rava-Ilua
2657 5681 3042 5716 ουυυυιιυσιιιυιιι
3080 5681 3195 5715 (illa!
3239 5681 3498 5732 racunuus,

1935 5711 2038 5750 ιιι-ο
2086 5737 2100 5762 ,
2123 5715 2228 5767 mp.
2287 5744 2300 5752 .
2368 5769 2370 5771 p
