3886 6188
323 302 460 356 HM?

384 413 443 466 Ξ.
474 408 740 480 lugerem
758 410 885 476 [idea
905 417 948 461 et
971 417 1146 461 contra
1166 406 1438 475 inﬁdelitas
1453 403 1483 458 J
1492 405 1772 459 edicerent.
1790 402 1895 458 Sed

318 501 481 557 hodie
497 498 567 554 de
735 496 1054 567 loquendum
1081 509 1163 552 cst
1179 538 1195 562 ,
1220 511 1354 567 quos
1376 494 1446 551 de
1477 496 1692 550 remotis
1742 495 1896 549 terris

319 592 453 646 tides
476 590 626 644 duxit
647 590 713 643 ad
743 587 1033 642 Christum.
1065 587 1340 641 Venerunt
1376 587 1516 641 enim
1539 627 1554 651 ,
1587 595 1641 640 et
1674 584 1899 655 quiasict-

319 691 441 737 runt
468 693 588 733 eum
608 721 623 744 ,
653 679 890 733 dicentes
915 695 928 734 :
955 677 1053 733 Ubi
1067 687 1140 733 est
1174 679 1259 748 qui
1304 688 1454 731 natus
1474 687 1547 732 est
1572 692 1663 730 rex
1688 675 1892 730 Judae-

318 772 469 827 νωιιέ
510 770 734 825 Vidimus
756 771 889 824 etum
908 771 1109 825 uellent
1134 772 1248 839 eius
1264 770 1319 823 in
1352 768 1574 834 Oriente,
1607 777 1653 821 et
1680 768 1901 821 venimus

320 864 536 916 adorare
568 878 685 917 eum
719 861 934 932 (Matth.
968 878 1022 923 n,
1053 861 1130 933 2).
1177 862 1430 916 Nuntiant
1459 870 1515 915 ct
1550 861 1899 930 interrogant,

320 953 545 1009 credunt
579 962 635 1008 et
678 962 955 1023 quaertmt;
996 962 1244 1023 tanquam
1276 952 1636 1023 significantes
1671 966 1767 1006 eos
1811 951 1901 1021 qui

322 1042 598 1097 ambulant
629 1057 723 1111 per
753 1041 908 1099 [idem
929 1083 944 1106 ,
989 1051 1047 1096 et
1082 1042 1389 1097 desiderant
1429 1041 1682 1111 speciem.
1715 1040 1904 1095 Nonne

323 1132 411 1186 alii
441 1147 592 1202 reges
619 1132 923 1187 Iudaeorum
950 1133 1059 1202 jam
1100 1134 1257 1187 toties
1282 1133 1335 1187 in
1361 1133 1544 1188 Judzea
1572 1133 1680 1187 neti
1706 1132 1904 1187 erant?

323 1222 461 1290 Quid
488 1233 604 1287 est,
630 1222 771 1292 quod
798 1224 901 1278 iste
921 1223 991 1277 ab
1010 1223 1325 1292 alienigenis
1350 1224 1403 1276 in
1419 1223 1557 1278 ctelo
1576 1222 1901 1291 agnoscitur,

326 1315 379 1366 in
412 1322 553 1368 terra
579 1315 872 1383 quaeritur;
905 1315 957 1369 in
985 1315 1097 1370 alto
1134 1314 1328 1385 fulget,
1359 1316 1413 1370 in
1443 1314 1631 1369 humili
1661 1314 1827 1369 latet?
1846 1312 1904 1368 In

325 1402 543 1457 Oriente
571 1402 703 1473 Magi
730 1404 914 1459 vident
950 1404 1183 1468 stellam,
1210 1414 1266 1459 et
1305 1404 1360 1458 in
1405 1403 1588 1458 Judtna
1618 1412 1797 1457 natum
1820 1403 1904 1457 in-

330 1494 566 1562 telligunt
600 1508 801 1563 regem.
847 1494 977 1562 Quis
1005 1502 1088 1573 est
1116 1494 1218 1549 iste
1260 1510 1354 1549 rex
1406 1502 1511 1547 tam
1539 1508 1765 1563 parvus,
1799 1502 1906 1547 tam

327 1601 584 1657 magnus;
642 1587 883 1642 nondum
924 1589 976 1641 iu
1031 1589 1185 1643 terris
1224 1588 1478 1659 loquens,
1508 1588 1619 1658 jam
1664 1588 1716 1642 in
1759 1587 1908 1643 oculis

327 1677 501 1732 edicta
529 1678 871 1747 proponens?
906 1678 1279 1734 Verumtamen
1307 1687 1526 1749 propter
1561 1694 1679 1745 nos,
1717 1679 1909 1749 quibus

330 1766 397 1821 de
427 1768 717 1835 Scriptoris
761 1769 873 1823 suis
920 1770 1122 1823 sanctis
1162 1769 1504 1825 inuetescere
1527 1771 1711 1836 voluit,
1765 1771 1909 1839 ipsos

330 1856 490 1917 etiam
517 1858 693 1926 Magos
713 1858 906 1927 quibus
936 1867 1042 1912 tam
1081 1860 1286 1913 clarum
1312 1860 1523 1930 signum
1553 1861 1604 1914 in
1632 1862 1772 1917 mlo
1816 1862 1911 1915 dc~

332 1947 515 2012 derat,
546 1956 602 2002 et
643 1950 1152 2018 quormncordibus
1188 1964 1250 2005 se
1278 1951 1331 2004 in
1361 1950 1545 2005 Iudam
1580 1959 1762 2005 natum
1792 1965 1912 2006 esse

334 2039 680 2105 revelaverat,
711 2039 993 2108 Prophetis
1036 2049 1215 2119 tamen
1244 2041 1356 2096 suis
1379 2041 1449 2096 de
1480 2055 1541 2096 se
1574 2042 1800 2097 credere
1820 2056 1913 2096 vo-

335 2130 451 2185 htit.
480 2130 785 2196 Quaerenda
823 2132 963 2186 enim
1012 2132 1301 2188 civitatem
1325 2132 1383 2187 in
1416 2147 1521 2204 qua
1562 2141 1719 2187 natus
1759 2143 1909 2199 erat,

333 2235 492 2292 quem
522 2221 702 2277 videre
729 2229 787 2277 et
825 2222 1053 2278 mles-are
1089 2223 1402 2293 cupiebant,
1455 2237 1675 2280 necesse
1711 2223 1913 2279 habue-

264 2340 267 2343 -
335 2320 461 2367 runt
483 2313 779 2382 percontati
804 2314 1071 2383 principes
1095 2313 1439 2379 indecorum;
1467 2325 1524 2371 ut
1543 2316 1614 2370 illi
1630 2315 1712 2379 ,de
1732 2324 1913 2371 sancta

334 2402 633 2472 Scriptura,
662 2418 821 2473 quam
861 2404 913 2457 in
942 2419 1057 2470 ore,
1085 2420 1188 2460 non
1216 2406 1268 2460 in
1300 2406 1463 2461 corde
1504 2408 1802 2477 gestabant,
1835 2408 1917 2461 ina-

338 2492 521 2550 tideles
545 2494 789 2550 ﬁdelibus
821 2495 890 2550 de
920 2496 1090 2565 gratia
1117 2496 1239 2551 fidei
1267 2498 1284 2528 ⁸
1323 2496 1728 2566 responderent,
1760 2512 1917 2553 men:-

336 2585 498 2642 doces
541 2601 573 2641 a
611 2601 693 2651 se,
722 2602 939 2642 veraces
975 2597 1163 2641 contra
1207 2602 1287 2642 se.
1317 2587 1578 2655 Quantum
1605 2589 1748 2643 enim
1776 2597 1912 2656 erat,

341 2685 397 2729 ut
414 2677 521 2731 illis
547 2677 910 2747 qumrentibus
933 2674 1205 2731 Christum
1228 2677 1451 2732 comites
1472 2678 1680 2746 tierent,
1709 2693 1829 2743 cum
1849 2679 1917 2734 ab

338 2765 417 2829 eis
442 2766 729 2838 audissent
745 2766 886 2836 quod
920 2768 1030 2821 visa
1057 2767 1210 2820 stella
1236 2765 1352 2837 ejus
1382 2768 1625 2823 venirent
1647 2782 1768 2823 eum
1789 2768 1919 2823 ades

342 2872 461 2910 rare
488 2857 796 2925 cupientes;
826 2856 925 2927 ipsi
950 2870 1045 2911 eos
1085 2857 1151 2910 ad
1195 2856 1507 2913 Bethlehan
1550 2857 1729 2923 Iudas,
1757 2872 1918 2929 quam

341 2945 409 2999 de
434 2946 607 3000 Libris
634 2946 824 2999 divinis
870 2945 1250 3011 indicaverunt,
1283 2948 1558 3015 ducerent,
1610 2949 1809 3018 pariter
1837 2950 1917 3003 vi-

342 3035 553 3102 derent,
587 3036 783 3104 pariter
807 3035 1181 3106 intelligerent,
1209 3034 1405 3106 pariter
1423 3036 1746 3093 adorarent!
1772 3039 1921 3094 Nunc

343 3140 471 3179 vero
511 3125 629 3178 aliis
656 3124 1019 3180 demenso-ato
1056 3126 1179 3181 vita:
1224 3127 1390 3192 fonte,
1426 3127 1527 3196 ipsi
1566 3136 1691 3182 sunt
1726 3128 1921 3184 mortui

343 3213 600 3268 siccitate.
640 3208 789 3268 Facti
827 3225 949 3268 sunt
972 3217 1051 3270 eis
1086 3224 1335 3285 tanquam
1384 3216 1585 3287 lapides
1639 3218 1706 3273 ad
1735 3220 1923 3276 millia-

346 3307 421 3379 ria
453 3308 473 3338 '
505 3324 518 3360 :
548 3305 839 3360 viatoribus
876 3306 1267 3363 ambulantibus
1309 3308 1508 3379 aliquid
1541 3310 1917 3378 ostenderunt,

345 3396 438 3451 sed
468 3395 566 3464 ipsi
593 3395 770 3451 stolidi
815 3405 975 3468 atque
1016 3397 1314 3454 immobiles
1353 3408 1741 3456 remanserunt.
1784 3400 1923 3473 Magi

344 3487 674 3558 quaerebant,
703 3497 761 3542 ut
780 3487 1119 3545 invenirent:
1147 3488 1384 3544 Herodes
1405 3490 1697 3560 quatrcbat,
1719 3502 1777 3546 ut
1804 3508 1925 3563 per-

345 3580 496 3635 deret
523 3597 535 3630 :
562 3577 731 3635 Judaei
774 3579 1038 3634 civitatem
1086 3580 1355 3635 nascentis
1404 3580 1668 3651 legebant,
1715 3592 1927 3654 tempus

348 3672 606 3727 vendentis
659 3685 763 3726 non
817 3672 1206 3744 tntelligcbant.
1247 3672 1392 3729 Inter
1448 3673 1722 3746 Magorum
1774 3679 1929 3747 pium

347 3777 617 3827 amorem,
648 3769 704 3817 et
729 3760 954 3818 Herodis
982 3763 1253 3818 crudelem
1280 3764 1547 3833 timorem,
1575 3766 1651 3821 illi
1688 3781 1927 3824 evanueo

350 3866 472 3909 runt
494 3853 808 3910 Bethlehem
836 3852 1262 3911 demonstrantes
1289 3872 1304 3909 :
1331 3853 1601 3912 Christum
1628 3868 1805 3914 autem
1831 3859 1931 3929 qui.

347 3945 421 4000 ibi
448 3953 602 4000 natus
624 3953 738 4011 est,
771 3961 875 4000 non
903 3954 1029 4002 tunc
1054 3947 1359 4017 quzcsitum,
1397 3947 1497 4003 sed
1539 3948 1711 4005 visum
1740 3959 1937 4020 postea-

348 4037 589 4107 negatori
616 4036 658 4102 ',
691 4052 790 4092 nec
816 4046 941 4092 tunc
979 4036 1254 4102 infantem,
1281 4037 1378 4093 sed
1411 4038 1713 4108 quuenbem
1740 4049 1924 4109 postea

350 4130 608 4182 nccaturi.
637 4128 784 4183 Felix
809 4130 984 4197 potius
1011 4130 1270 4184 infantum
1299 4129 1615 4199 ignorantia,
1658 4146 1792 4199 quos
1820 4132 1920 4187 Ile-

348 4220 507 4273 rodes
533 4228 841 4289 persecutus
870 4228 955 4275 est
989 4221 1223 4288 territus,
1259 4237 1417 4292 quant
1459 4222 1680 4276 istorum
1704 4222 1923 4279 scientia

346 4326 433 4380 qn:
454 4326 482 4366 s
501 4312 765 4365 consuluit
791 4312 1148 4379 perturbatus.
1172 4311 1249 4367 illi
1279 4330 1375 4383 pro
1403 4316 1616 4368 Christo
1641 4324 1925 4383 potuerunt

316 4466 317 4469 η
349 4402 495 4469 pati,
523 4416 678 4471 quem
710 4402 942 4455 noudmu
973 4412 1222 4471 poterant
1260 4406 1501 4460 conliteri
1531 4424 1546 4460 :
1574 4407 1658 4460 isti
1683 4408 1941 4462 docentis,

344 4504 454 4545 non
484 4489 653 4545 secuti
682 4491 1141 4561 suntveritatem,
1173 4494 1326 4564 cujus
1354 4497 1622 4552 nascentis
1639 4505 1927 4566 potuerunt

344 4591 505 4637 nosse
524 4582 814 4637 civitatem.

384 4674 643 4753 CAPUT
680 4675 747 4731 Il.
774 4679 918 4734 —-5.
975 4676 1136 4734 Error
1182 4680 1249 4735 de
1298 4681 1506 4737 sidereis
1552 4684 1694 4753 fatis.
1744 4683 1945 4754 Magum

346 4767 579 4825 sanie-ad
622 4768 793 4839 ipsum
838 4771 1054 4842 proprie
1102 4771 1311 4839 locum,
1363 4772 1450 4835 ulti
1501 4773 1643 4829 Deus
1692 4773 1944 4830 Verbum?

346 4854 521 4917 infans
548 4868 697 4927 erat,
748 4860 1024 4919 illa'stclla
1056 4862 1320 4932 perduxit.
1367 4860 1467 4917 Itlc
1497 4862 1609 4932 jam
1644 4866 1947 4933 ambesas;

344 4951 568 5009 stultitia
605 4952 889 5023 sacrilega,
910 4963 966 5010 et
991 4957 1261 5023 quaidam,
1297 4962 1353 5017 ut
1374 4953 1453 5019 sic
1477 4955 1646 5011 dicam
1664 4988 1684 5022 ,
1712 4956 1946 5029 ἰικιυαιτ

339 5044 604 5111 doctrina,
638 5061 757 5115 qua:
784 5046 903 5101 ideo
931 5055 1080 5116 putat
1103 5046 1369 5101 Christum
1400 5047 1502 5117 sub
1520 5048 1801 5109 stellarum
1822 5050 1947 5110 ἀοι-τ

339 5145 491 5190 creto
529 5150 650 5190 esse
678 5147 859 5190 natum
882 5178 896 5201 ,
945 5138 1066 5207 quia
1103 5138 1362 5207 scriptum
1395 5149 1479 5193 est
1516 5140 1567 5194 in
1601 5140 1920 5212 Evangelia,

339 5229 554 5301 quando
579 5240 734 5286 natus
753 5241 869 5299 est,
898 5232 1105 5287 stellam
1148 5230 1265 5300 ejus
1290 5231 1549 5302 Magosiu
1589 5233 1805 5292 Oriente
1841 5236 1921 5290 vi-

405 5443 892 5515 f§lﬁ.“!“'.’%°"v“-
915 5442 1054 5515 ἔξω.
1082 5455 1221 5515 νων
1246 5443 1309 5493 άο
1350 5443 1510 5515 ποιέω
1540 5443 1649 5515 {id--

375 5505 579 5578 satin,
600 5504 786 5578 lapides
806 5504 837 5554 ἀι
858 5504 1098 5578 nomen.
1125 5513 1181 5555 At
1200 5519 1306 5555 ass.
1327 5504 1406 5555 alii
1425 5541 1439 5565 ,
1463 5505 1651 5570 lapides
1662 5506 1729 5557 ad
1752 5506 1926 5559 miluus

339 5565 416 5618 ria
436 5581 453 5628 ;
476 5564 572 5626 atii,
600 5564 794 5629 lapidea
810 5566 1056 5617 "adlinit.
1428 5564 1431 5565 ⁷
1512 5564 1522 5570 ’

406 5632 431 5700 ἦ
450 5630 522 5700 sic
542 5629 868 5700 manuscripti.
889 5636 949 5700 {tt
968 5630 1082 5700 editi
1102 5628 1185 5700 hic
1205 5629 1450 5700 omittunt,
1483 5639 1641 5694 rauca
1671 5632 1925 5695 κίθαριν-ἐς

343 5702 397 5739 et
421 5691 538 5738 intra
559 5702 665 5752 pro,
686 5691 918 5750 necutnri,
940 5691 1135 5747 habent,
1153 5692 1390 5751 negaturi.

1538 291 1594 348 S.
1629 285 1988 347 AUGUSTINI
2030 287 2331 347 EPISCOPI

3441 295 3574 353 I028

2002 402 2164 458 disse.
2185 402 2336 471 Quod
2359 416 2541 457 verum
2566 416 2671 457 non
2695 408 2838 459 esset
2854 446 2870 470 ,
2899 416 2998 459 nec
3026 404 3069 459 si
3096 403 3341 460 homines
3365 405 3464 461 sub
3486 409 3579 463 de-

2000 502 2149 547 creto
2176 492 2434 563 ejusmodi
2458 503 2800 548 nascerentur
2828 480 2986 565 :quia
3018 509 3122 548 non
3146 495 3283 550 sicut
3300 494 3393 550 Dei
3418 495 3582 552 Filius

2004 583 2215 653 propria
2253 582 2560 647 voluntate,
2603 582 2696 638 sed
2751 592 2957 638 natura:
2993 584 3234 640 mortalis
3279 585 3584 641 conditione

2003 681 2312 728 nascuntur.
2345 672 2494 728 Nunc
2514 681 2691 729 autem
2719 680 2922 729 tantum
2952 674 3213 731 abhorret
3230 682 3260 730 a
3289 691 3418 731 vero
3441 718 3458 743 ,
3480 677 3584 733 sub

2004 763 2217 819 stellato
2241 763 2348 819 fato
2378 766 2395 797 ί
2424 773 2607 819 natum
2646 779 2766 821 esse
2809 765 3104 832 Christum,
3153 774 3211 821 ut
3251 768 3449 822 nullum
3482 769 3586 824 ιιοε

2006 858 2209 910 minum
2236 856 2307 910 ita
2334 857 2479 912 nasci
2505 856 2690 911 credat
2715 858 2953 927 quisquis
2974 867 3119 915 recte
3142 858 3314 913 credit
3334 859 3386 912 iu
3426 857 3588 914 Chri-

2007 955 2169 1001 stum.
2200 946 2307 1003 Sed
2352 947 2421 1003 de
2445 948 2703 1018 genituris
2739 947 3014 1003 hominum
3053 949 3173 1004 vani
3200 949 3461 1005 homines
3512 950 3592 1006 Io-

2006 1046 2236 1107 quantur
2254 1037 2395 1108 quod
2441 1038 2752 1109 insipienter
2773 1039 3078 1109 opinantur,
3108 1047 3303 1109 negent
3336 1037 3591 1093 volunta-

2009 1136 2114 1182 tem
2140 1144 2246 1198 qua
2258 1138 2499 1199 peccant,
2517 1129 2823 1200 contingant
2844 1130 3211 1185 necessitatem
3238 1144 3342 1201 qua
3368 1138 3588 1200 peccata

2007 1218 2320 1285 defendant;
2353 1220 2587 1290 perditos
2617 1236 2799 1276 mores
2818 1263 2833 1288 ,
2866 1237 2962 1291 per
2989 1226 3122 1292 quos
3151 1221 3206 1276 in
3232 1230 3372 1277 terra
3397 1223 3467 1278 ab
3493 1223 3590 1277 ho.

2010 1309 2240 1364 minibus
2260 1309 2614 1377 detestantur,
2643 1310 2695 1365 in
2725 1312 2866 1368 celo
2893 1313 3055 1366 etiam
3099 1312 3262 1382 ﬁgere
3288 1324 3587 1379 conentur,

2010 1405 2066 1454 et
2108 1413 2137 1452 a
2180 1398 2444 1455 sideribus
2501 1414 2719 1456 manare
2772 1401 3101 1456 mentiantur
3134 1419 3148 1454 :
3177 1401 3353 1457 videat
3410 1413 3591 1458 tamen

2013 1490 2375 1561 unusquisque
2416 1506 2600 1546 eorum
2638 1492 3086 1562 quemadmodum
3117 1508 3225 1548 non
3264 1493 3451 1559 vitam,
3500 1495 3592 1550 sed

2013 1580 2263 1637 familiam
2290 1598 2439 1638 suam
2479 1584 2850 1655 qualicumque
2876 1592 3137 1654 potestate
3183 1586 3468 1656 regendam
3502 1576 3600 1655 ριιὶ

2015 1679 2121 1737 tet;
2150 1672 2574 1743 quandoquidem
2605 1673 2704 1728 ista
2731 1674 3009 1729 sentiendo
3038 1688 3225 1730 servos
3250 1689 3378 1729 suos
3417 1677 3470 1728 in
3497 1677 3596 1730 do-

2016 1776 2103 1817 mo
2141 1772 2426 1833 peccantes
2457 1763 2743 1819 verberare
2772 1779 2876 1819 non
2906 1764 3119 1831 sinitur,
3153 1766 3255 1819 nisi
3283 1766 3431 1835 prius
3459 1766 3595 1823 deos

2013 1865 2139 1906 suos
2168 1852 2219 1905 in
2247 1853 2385 1907 cmlo
2410 1853 2679 1909 radiantes
2716 1854 3087 1924 blusphemare
3128 1868 3370 1927 cogatur.
3405 1857 3599 1912 Chris-

2017 1952 2128 1998 tum
2154 1952 2326 1999 tnmen
2375 1945 2460 1999 isti
2487 1960 2586 2001 nec
2631 1946 2922 2001 secundum
2951 1963 3074 2003 suas
3117 1950 3429 2003 vanissimas
3463 1964 3593 2003 cor-

2010 2034 2245 2104 jccturas
2265 2078 2280 2101 ,
2319 2045 2373 2091 et
2402 2052 2508 2092 non
2550 2053 2678 2093 sane
2706 2038 2969 2107 fatidicos,
2999 2040 3092 2095 sed
3124 2042 3280 2111 plane
3327 2042 3598 2099 falsidicus

2016 2122 2201 2189 libros,
2254 2136 2475 2196 possunt
2525 2127 2645 2183 ideo
2699 2138 2884 2200 putare
2927 2130 3028 2185 sub
3063 2131 3334 2187 stellarum
3378 2132 3598 2190 decreto

2016 2227 2136 2269 esse
2162 2223 2363 2281 natum,
2385 2216 2507 2288 quia
2525 2231 2592 2273 eo
2618 2228 2742 2274 nato
2759 2220 2967 2275 stellam
2992 2220 3125 2292 Magi
3148 2222 3203 2276 in
3220 2222 3439 2278 Oriente
3461 2224 3609 2279 *ἰάθ-

2019 2316 2161 2361 runt.
2185 2307 2318 2363 Hinc
2346 2310 2489 2365 enim
2521 2311 2696 2380 potius
2734 2310 2979 2368 Christus
3024 2328 3141 2368 nou'
3180 2315 3280 2369 sub
3321 2316 3596 2371 dominatu

2020 2396 2155 2463 ejus,
2205 2397 2301 2453 sed
2343 2400 2599 2456 Dominus
2641 2401 2755 2472 ejus
2796 2403 3071 2472 apparuit:
3118 2405 3240 2474 quia
3281 2406 3369 2460 illa
3399 2422 3509 2462 non
3548 2407 3597 2464 in

2020 2488 2159 2541 coelo
2179 2486 2415 2545 sidereas
2433 2490 2546 2546 vias
2576 2492 2762 2558 tenuit,
2786 2492 2879 2547 sed
2909 2492 3215 2549 hominibus
3237 2498 3599 2565 quaerentibus

2020 2577 2292 2632 Christum
2316 2579 2453 2633 viam
2483 2595 2650 2652 usque
2678 2582 2743 2635 ad
2768 2582 2971 2648 locum,
2996 2584 3046 2636 iu
3074 2593 3361 2654 quonatus
3384 2585 3590 2655 fuerat,

2022 2666 2426 2725 demonstravit.
2448 2671 2596 2728 Unde
2625 2687 2729 2728 non
2758 2674 2870 2744 ipsa
2895 2674 3170 2731 Christum
3198 2677 3323 2733 facit
3345 2680 3598 2735 mirabili-

2024 2766 2105 2812 ter
2128 2759 2308 2815 vivere
2325 2798 2341 2825 ,
2369 2761 2464 2816 sed
2485 2762 2653 2832 ipsam
2676 2762 2801 2818 fecit
2824 2762 3067 2820 Christus
3085 2766 3402 2824 mirabiliter
3426 2784 3594 2841 appa-

2024 2864 2144 2906 rere
2171 2871 2184 2905 :
2208 2866 2309 2908 nec
2339 2854 2450 2923 ipsa
2475 2854 2674 2909 Christi
2715 2856 2971 2911 mirabilia
3015 2857 3274 2925 dcerevit,
3299 2860 3395 2914 sed
3419 2859 3590 2931 Ipsam

2022 2940 2268 2998 Christus
2298 2944 2436 3000 inter
2460 2959 2555 2999 sua
2587 2947 2846 3003 mirabilia
2873 2948 3278 3005 demonstravit.
3310 2951 3427 3022 Ipse
3446 2953 3592 3009 enim

2026 3041 2179 3088 natus
2201 3051 2267 3089 ex
2297 3045 2495 3103 matre,
2527 3036 2594 3091 de
2618 3038 2756 3094 cosio
2779 3048 2933 3095 terra:
2955 3055 3150 3094 novum
3170 3040 3596 3109 sidus’ostendit,

2025 3127 2121 3198 qui
2144 3139 2298 3183 natus
2329 3145 2395 3185 ex
2425 3130 2587 3189 Patre
2620 3133 2815 3189 emtum
2857 3127 3160 3206 terramque
3194 3136 3469 3193 formavit;
3526 3138 3604 3196 Eo

2025 3226 2280 3275 nascente
2306 3221 2397 3276 lux
2428 3235 2563 3277 nova
2585 3234 2666 3279 est
2696 3224 2747 3279 in
2774 3224 2925 3279 stella
2939 3225 3191 3291 revelata,
3212 3240 3319 3298 quo
3339 3228 3604 3285 moriente

2026 3310 2117 3367 lux
2164 3313 2376 3384 antiqua
2418 3325 2501 3369 est
2546 3315 2598 3371 in
2652 3317 2766 3372 sole
2818 3317 3009 3372 velata.
3075 3317 3154 3373 Eo
3202 3328 3461 3376 nascente
3515 3337 3605 3375 su-

2026 3403 2139 3473 peri
2175 3418 2312 3458 novo
2367 3403 2572 3461 honore
2617 3406 2938 3473 claruerunt,
2989 3423 3096 3479 quo
3131 3410 3394 3465 moriente
3442 3410 3598 3466 inferi

2027 3505 2166 3546 novo
2213 3492 2403 3548 timore
2448 3503 2816 3563 tremuerunt,
2851 3506 2957 3565 quo
3007 3506 3315 3568 resurgente
3349 3498 3601 3569 discipuli

2028 3594 2168 3637 novo
2203 3596 2386 3638 arnore
2411 3592 2755 3650 exarserunt,
2803 3600 2909 3657 quo
2948 3587 3269 3643 ascendente
3299 3589 3424 3643 cmli
3465 3605 3607 3645 novo
3666 3586 3681 3595 ’

2027 3674 2285 3746 obsequio
2309 3682 2616 3745 potucrant.
2643 3675 2982 3733 Gelebremus
3017 3693 3143 3750 ergo
3181 3680 3371 3735 devota
3401 3682 3604 3737 seiciu-

2027 3765 2192 3819 nitate
2217 3774 2272 3820 et
2297 3764 2439 3821 hunc
2459 3767 2599 3822 diem
2617 3808 2632 3833 ,
2656 3774 2761 3838 quo
2782 3768 3050 3839 «ignitum
3073 3768 3342 3824 Christum
3373 3769 3506 3842 Magi
3538 3787 3607 3827 ex

2027 3852 2286 3909 Gentibus
2312 3855 2666 3911 adoravcrunt
2688 3855 2898 3928 (κακὴ.
2930 3873 2986 3920 n,
3014 3859 3161 3932 I-II)
3183 3861 3356 3923 ;sicut
3374 3863 3604 3915 celebra-

2028 3943 2202 3997 vimus
2222 3944 2368 3997 illum
2404 3943 2565 4007 diem,
2597 3960 2704 4015 quo
2737 3955 2917 4001 natum
2946 3947 3221 4002 Christum
3251 3954 3499 4017 pastores
3536 3966 3603 4005 cx

2026 4032 2207 4087 Iudaea
2232 4034 2473 4089 viderunt
2497 4034 2650 4106 (Luc.
2688 4042 2744 4102 t't,
2791 4034 2967 4109 8820).
3019 4036 3136 4108 Ipse
3176 4040 3315 4092 enim
3350 4039 3601 4095 Dominus

2032 4126 2174 4180 Deus
2202 4134 2383 4180 noster
2410 4127 2573 4196 elegit
2592 4129 2876 4197 Apostolus
2899 4143 2967 4184 ex
3004 4129 3184 4184 Iudaea
3218 4140 3479 4197 pastores.
3508 4144 3601 4200 per

2033 4229 2168 4285 quos
2194 4227 2543 4286 congregaret
2581 4217 2863 4273 solvandos
2896 4219 3056 4274 etiam
3098 4234 3161 4273 ex
3194 4219 3600 4291 Getttibuspco-

2028 4316 2257 4361 αιίαῗξεδ

2551 4398 2784 4457 SERMO
2818 4397 2900 4455 0C
2941 4405 2957 4423 ‘
3000 4401 3095 4472 (η).

2507 4494 2555 4538 In
2583 4490 2835 4552 Epiphania
2854 4491 3055 4550 Domini,
3069 4504 3121 4540 n'.

2100 4582 2252 4645 CAP.
2284 4589 2696 4647 PRIMUML—I.
2721 4590 3147 4665 Ham'festationis
3160 4586 3350 4650 Christi
3370 4596 3596 4650 scientiis

2031 4660 2128 4732 iu.
2157 4681 2235 4734 Ad
2264 4689 2470 4750 partum
2512 4679 2741 4752 Virginis
2766 4660 3091 4736 ado't-tntdum
3123 4682 3261 4756 logi
3294 4684 3364 4739 ab
3390 4684 3599 4741 Oriente

2029 4780 2306 4824 venerunt.
2340 4770 2491 4827 llunc
2512 4770 2651 4827 diem
2682 4771 2838 4827 hodie
2857 4772 3205 4840 celebramus,
3233 4774 3355 4830 huic
3371 4756 3600 4830 debitam

2029 4860 2415 4915 solemnitatem
2465 4876 2875 4933 sermonemque
2918 4864 3287 4933 persolvimus.
3337 4865 3446 4922 Illis
3491 4865 3601 4921 dies

2032 4950 2133 5005 iste
2161 4952 2363 5020 primus
2401 4953 2605 5018 illuxit,
2631 4953 2988 5008 anniversaria
3018 4955 3170 5010 nobis
3196 4952 3486 5013 festivitate
3512 4967 3602 5011 rc-

2031 5040 2146 5096 diit.
2180 5041 2257 5095 IIli
2296 5050 2448 5097 erant
2491 5043 2732 5113 primitia:
2762 5043 3045 5109 Gentium,
3081 5045 3426 5117 nos~p0pulus
3463 5046 3606 5104 Gem

2040 5135 2193 5188 tium;
2220 5133 2385 5189 Nobis
2412 5133 2514 5190 hoc
2539 5135 2998 5207 lingua‘nuntiavit
3021 5137 3396 5207 Apostolorum
3411 5181 3427 5206 ,
3451 5136 3601 5193 stella

2037 5225 2415 5297 illlstanqunm
2447 5228 2618 5297 lingua
2648 5227 2905 5283 malorum
2932 5245 2949 5283 :
2978 5238 3035 5283 et
3063 5230 3217 5285 nobis
3240 5229 3398 5285 iidem
3434 5234 3603 5301 Apos-

2039 5319 2130 5373 toti
2166 5358 2182 5383 ,
2239 5324 2489 5387 tanqunm
2555 5320 2678 5374 ereti
2706 5356 2721 5385 ,
2785 5328 3168 5375 ennrraverunt
3230 5319 3451 5391 gloriam
3510 5317 3603 5374 Dei

2094 5444 2356 5523 ',_“9,‘3“““‘
2379 5453 2506 5517 δεῖ»
2529 5449 2614 5498 δυο
2636 5445 2774 5523 διεξίω
2795 5455 2841 5499 ει
2859 5450 2992 5513 law;
3018 5457 3070 5502 et
3101 5450 3313 5515 quidam.
3334 5450 3423 5501 sub
3444 5448 3597 5502 nata.

2029 5521 2140 5558 rum
2161 5510 2277 5570 lina.

2066 5570 2946 5637 _'c_asttgatusestadtresch.a.lf.
2982 5586 3133 5637 ειη.
3174 5584 3201 5623 r
3243 5581 3401 5626 runt.
3448 5570 3597 5625 νάει.

2032 5640 2084 5680 et
2121 5633 2180 5681 ad
2223 5643 2321 5680 Ant.
2357 5639 2428 5679 ΕΡ.
2470 5641 2566 5681 lar.
2606 5641 2709 5681 Iov.

2096 5694 2167 5756 (tt)
2194 5692 2328 5755 Alias,
2351 5693 2415 5742 de
2440 5702 2670 5757 ‘tlenqm‘o
2692 5696 2768 5746 50.
