3886 6188
268 329 412 386 tum
599 356 620 382 κ

254 536 375 600 los,
425 536 514 606 qui
560 535 681 588 facti
723 542 846 590 sunt
880 533 1035 589 sedes
1086 532 1216 586 Dei?
1254 533 1387 585 sicut
1435 531 1687 600 scriptum
1740 537 1842 594 est,

251 627 447 681 Anima
497 627 665 696 justi,
732 626 871 679 sedes
927 633 1000 678 est
1064 623 1326 694 sapientia:
1382 619 1542 695 (Sap.
1570 617 1699 691 vn).
1742 619 1844 674 Per

249 719 356 772 hos
390 717 532 773 enim
559 715 726 776 caelos
763 716 855 769 ille
886 715 1140 770 caelorum
1169 713 1452 770 fabricator
1481 719 1535 768 ct
1578 711 1842 766 habitator

244 804 504 870 intonuit,
530 820 636 880 quo
665 804 862 858 tenitru
889 803 1123 861 mundus
1143 801 1482 869 contremuit,
1505 809 1560 856 et
1579 815 1703 855 ecce
1727 799 1837 868 jam

240 893 442 948 credit.
472 894 713 963 Magnum
743 902 1152 948 sacramentum.
1191 891 1246 946 ln
1277 891 1500 962 prmsepi
1544 902 1666 945 tunc
1687 889 1837 959 jace-

239 982 361 1048 bat,
385 993 441 1037 et
467 983 644 1053 Magos
670 982 737 1038 ab
762 980 976 1037 Oriente
1014 980 1258 1036 ducebat.
1297 979 1738 1034 Abscondebatur
1783 979 1838 1033 in

236 1074 464 1128 stabulo
483 1115 498 1140 ,
526 1083 579 1131 et
605 1073 989 1143 agnoscebatur
1027 1072 1078 1126 in
1107 1071 1276 1138 cmlo;
1307 1080 1364 1124 ut
1384 1070 1593 1140 agnitus
1620 1072 1670 1124 in
1699 1069 1836 1124 cutio

215 1160 683 1246 :manifestaretur
713 1162 764 1216 in
796 1162 1036 1228 stabulo,
1067 1168 1122 1214 et
1149 1161 1501 1230 appellaretur
1539 1147 1849 1228 Epiphania.
1885 1186 1889 1189 -

213 1252 368 1358 idies
398 1254 504 1310 iste
529 1255 568 1319 ¹,
591 1252 732 1324 quod
759 1252 922 1308 latine
947 1250 1301 1307 manifestatio
1324 1249 1424 1305 dici
1443 1257 1648 1319 potest:
1677 1249 1846 1303 simul.

235 1347 370 1416 ejus
415 1343 786 1403 celsitudinem
827 1342 1281 1412 humilitatemque
1327 1339 1734 1405 commendans,
1777 1348 1836 1394 ut

236 1434 338 1502 qui»
368 1435 422 1487 in
464 1443 658 1503 aperto.
687 1432 826 1487 caelo
855 1431 1020 1500 signis
1058 1431 1282 1487 sidereis
1308 1430 1703 1486 monstrabatur
1725 1470 1742 1496 ,
1779 1430 1832 1484 in

235 1529 477 1593 angusto
496 1503 792 1576 diversorio
818 1521 1072 1592 quaesitus
1099 1520 1444 1584 inveniretur;
1467 1519 1726 1576 invalidus
1753 1519 1834 1572 in-

236 1612 522 1672 fantilibus
551 1613 804 1669 membris
824 1653 840 1679 ,
883 1612 1150 1674 involutus
1187 1612 1521 1668 infantilibus
1562 1612 1748 1683 pannis
1768 1612 1788 1642 ²
1811 1649 1827 1679 ,

235 1704 562 1760 adoraretur
589 1720 618 1758 a
653 1705 813 1778 Magis
831 1746 846 1770 ,
877 1704 1152 1760 timeretur
1179 1719 1207 1758 a
1235 1703 1406 1759 malis.

307 1795 373 1849 2.
405 1794 627 1849 Herodis
657 1805 833 1851 terror.
866 1793 1065 1849 Timuit
1102 1793 1243 1849 enim
1273 1809 1394 1848 eum
1429 1809 1522 1848 rex
1557 1789 1828 1860 Herodes,

236 1886 454 1942 eisdem
485 1885 582 1940 sibi
612 1886 774 1956 Magis
802 1884 1165 1940 nuntiantibus
1195 1925 1210 1950 ,
1251 1899 1373 1938 cum
1407 1882 1581 1940 adhuc
1620 1897 1828 1952 qutere-

236 1985 365 2031 rent
420 1975 694 2046 parvulum
718 2017 734 2043 ,
773 1990 934 2046 quem
974 1982 1332 2046 cognoverant
1370 1973 1506 2028 caalo
1548 1981 1682 2028 teste
1719 1972 1828 2042 jam

238 2079 452 2126 natum.
485 2067 620 2136 Quid
669 2067 1358 2136 erittribunaljudicantis,
1407 2064 1617 2136 quando
1645 2080 1831 2134 super-

239 2162 340 2216 bos
370 2174 528 2230 reges
554 2175 702 2215 cunae
725 2154 993 2228 terrebant
1015 2157 1266 2214 infantis?
1302 2159 1510 2225 Quanto
1538 2157 1830 2213 consultius

240 2266 389 2306 nunc
418 2266 572 2321 rcges
592 2291 607 2316 ,
638 2264 742 2304 non
774 2249 910 2304 sicut
936 2247 1205 2314 Herodes,
1236 2247 1532 2303 interficere
1553 2253 1826 2316 quarunt;

237 2325 335 2398 scd
365 2343 506 2398 sicut
536 2341 667 2412 Magi
695 2341 902 2410 potius,
927 2339 1150 2395 adorare
1175 2339 1525 2404 delectantur,
1549 2337 1657 2407 jam
1689 2352 1828 2407 prte-

228 2433 428 2488 sertim
455 2446 576 2485 eum
612 2431 702 2507 qui
727 2439 790 2490 et,
808 2429 975 2500 ipsam
1007 2437 1230 2483 mortem
1265 2443 1422 2497 quam
1457 2426 1703 2495 cupiebat
1731 2425 1831 2478 ini-

238 2525 415 2578 micus
438 2523 655 2588 inferre,
683 2522 840 2588 etiam
863 2535 958 2591 pro
985 2521 1111 2590 ipsis
1128 2519 1358 2576 inimicis
1378 2519 1445 2573 ab
1467 2517 1694 2574 inimicis
1713 2531 1830 2570 sus-.-

238 2615 402 2670 tinuit
420 2656 437 2682 ,
467 2629 693 2684 eamque
721 2614 773 2668 in
803 2628 902 2668 suo
926 2627 1150 2682 corpore
1176 2611 1382 2666 occisus
1408 2608 1621 2664 occidit.
1646 2607 1736 2662 Pie
1767 2606 1829 2661 ti-

239 2719 426 2765 meant
451 2715 590 2774 tiunc
618 2707 856 2778 rcgesad
884 2706 1055 2762 Patris
1077 2706 1354 2760 dexteram
1381 2702 1502 2788 jani
1503 2744 1506 2748 .
1521 2700 1792 2782 sedentem
1811 2740 1843 2777 ,ι

239 2817 401 2878 quem
431 2815 527 2855 rex
553 2799 639 2865 ille
664 2801 860 2870 impius
901 2795 1273 2878 timuitrladliuc
1299 2794 1484 2850 matris
1505 2793 1664 2847 ubera
1700 2791 1831 2846 lam-

240 2877 481 2948 bentem.
507 2890 744 2945 Audiam.
758 2877 1173 2960 quodjscript‘um
1213 2895 1296 2942 est
1323 2903 1336 2940 :
1365 2884 1430 2939 Et
1459 2900 1590 2938 nunc
1613 2924 1628 2948 ,
1653 2898 1792 2953 rcges
1811 2923 1827 2950 ,

238 2981 528 3054 iutelliqite;
556 2982 959 3050 erudimini,‘qui
988 2981 1233 3050 judicatis
1261 2989 1446 3034 terram
1476 2994 1494 3032 :
1523 2977 1699 3033 servile
1723 2975 1832 3031 Da-

243 3075 383 3127 mino
411 3074 690 3136 intimare,
713 3082 774 3137 et
801 3072 1044 3136 exsultale
1066 3072 1111 3138 ei
1144 3087 1259 3137 cum,
1298 3079 1509 3124 tremore
1539 3067 1717 3140 (Ρωι.
1750 3083 1840 3135 tt,

244 3164 312 3219 10
325 3176 372 3218 et
394 3163 505 3232 ll).
535 3164 628 3219 Ille
653 3164 792 3226 enim
815 3179 928 3230 rex,
950 3163 1091 3224 ultor
1109 3162 1388 3233 impiorum
1407 3176 1613 3230 regum,
1640 3169 1694 3216 et
1717 3174 1834 3216 rec-

245 3264 331 3309 tor
361 3255 568 3322 piorum
589 3295 606 3319 ,
635 3269 742 3316 non
767 3254 1024 3316 ita-natus
1041 3261 1126 3307 est
1147 3291 1162 3318 ,
1191 3261 1250 3317 ut
1277 3267 1430 3321 reges
1455 3260 1745 3316 mscuntur
1776 3251 1832 3305 in

242 3345 479 3409 sa-culo;
508 3345 631 3415 quia
651 3353 706 3400 et
737 3345 826 3409 ille
855 3354 1010 3409 natus
1036 3354 1154 3410 est,
1184 3345 1334 3414 cujus
1354 3359 1574 3414 regnum
1620 3358 1722 3408 non
1749 3351 1832 3398 est

241 3435 310 3490 de
341 3436 444 3490 hoc
467 3436 683 3492 saeculo.
710 3435 970 3496 Nobilitas
997 3434 1094 3490 fuit
1127 3436 1426 3500 nascentis,
1450 3435 1506 3498 in
1533 3436 1831 3505 virginitate

243 3527 536 3598 parientis;
561 3537 615 3588 et
643 3515 888 3588 nobilitas
915 3528 1168 3598 parientis
1185 3569 1202 3594 ,
1233 3527 1284 3581 in
1313 3527 1586 3584 divinitate
1610 3542 1832 3583 nascen-

245 3621 334 3689 tis.
367 3619 604 3690 Denique
631 3636 752 3680 cum
793 3629 900 3681 tam
935 3619 1087 3676 multi
1124 3619 1234 3690 jam
1275 3619 1383 3681 nati
1411 3628 1570 3689 atque
1596 3618 1832 3682 defuncti

244 3721 427 3777 essent
456 3710 938 3782 regchudteorum
958 3725 1272 3780 ,nunquam
1297 3723 1616 3779 quemquam
1640 3722 1830 3764 eorum

244 3801 573 3871 adorandum
611 3801 1103 3874 Magi'qutesierunt
1130 3802 1155 3854 ἐ
1197 3800 1322 3870 quia
1365 3814 1466 3866 nec
1505 3788 1830 3870 quemquam

245 3907 433 3957 eorum
461 3892 603 3957 cwlo
623 3893 873 3962 loquente
904 3891 1221 3958 didicerunt.

315 3983 556 4044 CAPUT,
576 3983 638 4038 ll.
663 4013 736 4026 —
759 3985 814 4039 5.
843 3981 1144 4038 Judteorum
1189 3983 1468 4048 cwcitasin
1503 3982 1616 4051 ipsa
1640 3981 1829 4036 illumi-

246 4076 450 4130 muione
469 4074 760 4145 Magorum.
781 4074 1062 4145 Scriptura:
1077 4074 1218 4146 apud
1237 4073 1447 4130 Iudaeos
1466 4084 1671 4144 propter
1695 4073 1828 4129 Geu-

247 4167 371 4220 tium
400 4167 553 4236 ﬁdem
580 4167 788 4222 relicta.
819 4166 1218 4233 Verumtamen,
1243 4167 1380 4237 quod
1403 4165 1825 4236 praetereundum

248 4273 356 4312 non
377 4267 487 4321 est,
515 4257 631 4313 hmc
653 4257 922 4327 Magorum
947 4258 1274 4323 .illutninatio
1312 4272 1560 4326 magnum
1583 4258 1824 4312 testimo-

247 4347 392 4401 nium
416 4348 898 4418 aecitatisexstitit
919 4347 1245 4404 Judworum.
1276 4348 1330 4403 ln
1355 4347 1497 4404 terra
1523 4363 1707 4404 eorum
1737 4349 1825 4403 isti

251 4440 618 4509 requirebant,
647 4456 803 4511 quem
831 4442 904 4496 illi
927 4441 977 4496 in
995 4456 1100 4512 «sua
1125 4457 1230 4497 non
1269 4442 1642 4522 agnoscebant.
1671 4441 1824 4512 Apud

245 4545 338 4586 eos
356 4532 446 4597 isti,
473 4533 725 4598 infantem
753 4535 1092 4598 invenerunt,
1115 4550 1271 4604 quem
1289 4535 1358 4590 illi
1375 4534 1513 4604 apud
1538 4549 1596 4592 se
1624 4534 1822 4592 docen-

245 4630 350 4675 tem
376 4632 707 4691 negaveruut
734 4632 775 4676 ³.
803 4623 859 4676 in
886 4623 970 4678 his
988 4625 1140 4696 terris
1164 4625 1230 4680 de
1256 4625 1542 4695 longinquo
1563 4625 1647 4679 isti
1669 4640 1824 4696 perc-

243 4712 380 4782 grini
428 4727 649 4782 puerum
701 4711 968 4768 Christum
1015 4713 1248 4769 nondum
1288 4715 1446 4786 verba
1488 4724 1821 4784 promentem

241 4803 633 4872 adcreverunt,
664 4805 766 4864 ubi.
786 4806 927 4860 cives
952 4805 1028 4859 illi
1055 4805 1308 4873 juvenem
1341 4805 1590 4860 miracula
1618 4805 1819 4861 facien-

243 4906 352 4953 tem
373 4898 775 4956 eruciﬁxcrunt.
803 4897 892 4962 lsti
921 4898 971 4951 in
989 4897 1240 4954 membris
1267 4898 1443 4967 parvis
1472 4898 1638 4953 Deum
1657 4913 1821 4970 agno-

242 4999 432 5052 verunt
459 4989 500 5055 ⁸;
527 4990 602 5058 illi
623 4991 857 5059 infectis
883 4991 1088 5061 magnis
1109 5005 1207 5045 nec
1229 5002 1476 5060 tanquam
1505 4991 1702 5046 homini
1731 5008 1821 5063 pe-

240 5091 525 5150 percerunt
557 5083 746 5152 :quasi
770 5081 889 5152 plus
921 5081 1092 5140 fuerit.
1111 5081 1290 5148 videre
1315 5097 1503 5146 novam
1529 5083 1736 5140 stellam
1763 5084 1820 5144 in

253 5283 263 5296 ν
295 5216 780 5296 ‘4PLIOI‘i13cejlltSiSA‘lSq
811 5215 1008 5282 Agnitus
1045 5221 1116 5267 est
1153 5229 1182 5267 e
1216 5215 1352 5278 caelo,
1400 5223 1452 5268 ut
1495 5217 1820 5282 appellaretur

223 5280 498 5342 Epiphania
522 5280 753 5330 dies
850 5280 866 5282 ”
1383 5331 1390 5337 .
1529 5280 1534 5282 ’
1561 5280 1567 5282 ⁷

242 5413 276 5414 ἡ
299 5343 318 5414 ξ
343 5343 418 5414 sic
442 5350 544 5414 Ani.
567 5349 642 5392 Er.
670 5349 722 5414 et
735 5349 844 5392 Mss.
871 5347 926 5414 fit
959 5348 1091 5412 ιρι,
1123 5339 1475 5414 monstrabatur
1509 5343 1818 5414 magnust?

229 5410 434 5472 amasio
451 5399 713 5472 diversorio
726 5402 962 5472 rqmcsitus
975 5399 1270 5472 farciuntur
1289 5401 1546 5472 invalidus,
1585 5399 1820 5467 infantili-

232 5465 316 5530 ltus
334 5463 628 5530 inﬁmis
650 5463 808 5530 natus,
827 5463 1216 5530 infmilibusque
1231 5465 1402 5530 pomis
1421 5463 1674 5530 inuolutus,
1699 5477 1795 5520 etc.

294 5526 315 5556 ³
339 5527 455 5576 witi
479 5527 720 5588 omittunt,
746 5521 1005 5581 docentem.
1023 5521 1346 5591 Habent,'tttss.
1363 5537 1413 5580 et
1431 5542 1494 5579 ex
1512 5529 1590 5580 bis
1606 5521 1815 5594 quidam,

227 5594 515 5654 necaverunt
533 5623 548 5648 ,
573 5601 658 5650 pro
677 5624 691 5648 ,
714 5595 1018 5654 negavermzt.

225 5649 455 5760 re;ﬁin
470 5687 486 5710 ,
531 5649 680 5701 meum
701 5649 1037 5702 adoraverunt.
1064 5657 1118 5702 At
1139 5654 1467 5717 manuscripti,
1492 5661 1642 5706 Deum
1676 5667 1820 5719 agno-

242 5719 418 5761 rerum.

1722 323 1947 382 SERMO
1977 319 2087 381 CC.

259 443 440 511 (Psal.
479 460 634 508 xvtu,
674 443 744 514 l).
774 440 878 498 Cur
907 442 1045 496 enim
1090 438 1194 496 non
1233 448 1579 510 agnoscamus
1607 451 1701 493 eos
1736 452 1863 502 coss

3392 351 3532 407 1050

1956 435 2367 504 ejusuativitate
2399 441 2678 513 fulgentem
2705 485 2719 511 ,
2747 461 2901 516 quam
2927 449 3091 505 solem
3134 453 3246 522 ejus
3275 453 3329 510 in
3356 472 3532 514 metu:

1956 525 2242 617 lugentem.
2266 529 2381 583 Jam
2413 548 2538 585 vero
2576 535 2715 602 quod
2753 537 2940 613 eadem
2966 540 3114 594 stella
3141 581 3157 606 ,
3190 559 3306 611 qua:
3344 545 3530 617 Magos

1954 615 2200 683 perduxit
2227 619 2292 672 ad
2330 621 2500 676 locum
2532 623 2617 677 ubi
2651 635 2768 680 erat
2802 641 2920 682 cum
2958 641 3126 686 matre
3155 633 3354 704 virgine
3386 615 3530 692 Deus

1953 704 2145 773 infans,
2173 723 2290 778 quae
2321 710 2499 780 utique
2521 724 2726 782 poterat
2759 731 2852 770 eos
2873 726 2927 772 et
2946 720 3010 772 ad
3042 721 3210 790 ipsam
3235 725 3528 794 perducere

1949 797 2214 854 civitatem
2244 843 2259 864 ,
2283 818 2340 858 se
2366 811 2538 859 tamen
2574 808 2869 876 subtraxit,
2895 827 2992 866 nec
3015 813 3091 867 eis
3117 830 3332 884 prorsus
3359 835 3524 888 appa-

1947 890 2072 955 ruit,
2109 890 2281 947 donec
2306 893 2374 947 de
2416 895 2630 950 civitate
2654 939 2668 962 ,
2697 898 2748 950 in
2778 914 2877 966 qua
2908 901 3149 958 Christus
3174 917 3478 962 nasceretur
3506 949 3525 974 ,

1945 976 2106 1033 iidem
2136 980 2235 1049 ipsi
2263 983 2714 1054 interrogarentur
2741 988 2907 1043 Judzei
2936 1031 2948 1055 ,
2978 1001 3034 1045 ut
3059 995 3153 1062 ipsi
3181 1010 3296 1049 eam
3324 1012 3522 1052 secun-

1943 1070 2070 1125 dum
2093 1071 2285 1128 divina:
2315 1074 2616 1146 Scripturte'
2636 1081 2993 1137 testimonium
3025 1087 3390 1156 nominarent,
3420 1091 3520 1160 ipsi

1942 1160 2210 1227 dicerent,
2235 1163 2312 1218 In.
2329 1165 2614 1222 Bethlcltem
2640 1169 2814 1226 ludat.
2846 1174 2933 1228 Sic
2959 1177 3090 1230 enim
3117 1180 3361 1246 scriptum
3399 1191 3473 1234 est
3501 1197 3521 1234 :

1941 1250 2011 1305 Et
2039 1261 2093 1307 lu
2118 1252 2575 1323 Betltleltem,tcrra
2593 1259 2630 1312 J
2635 1262 2756 1328 uda,
2782 1280 2881 1316 non
2898 1281 2952 1318 es
2980 1267 3256 1320 minimat'u
3279 1270 3523 1340 principio

1941 1342 2032 1397 butt
2085 1342 2226 1398 Juda
2259 1362 2278 1399 :
2321 1363 2384 1401 ea:
2429 1357 2476 1402 te
2519 1351 2653 1403 enim
2676 1354 2806 1406 exiet
2846 1354 2953 1407 dua:
2989 1358 3074 1425 qui
3099 1368 3232 1427 reget
3273 1363 3521 1428 populum

1940 1449 2105 1500 meum
2131 1434 2295 1491 Israel
2323 1431 2532 1508 (Matth.
2562 1456 2597 1497 tl
2620 1483 2635 1507 ,
2667 1444 2788 1513 1-6)
2823 1461 2836 1497 :
2869 1447 2992 1514 quid
3029 1448 3168 1502 aliud
3209 1450 3294 1503 hic
3319 1452 3518 1517 signiﬁ-

1939 1525 2077 1578 cavit
2104 1525 2280 1580 divina
2307 1531 2656 1598 providentia,
2686 1535 2787 1587 'nisi
2808 1536 2943 1605 apud
2969 1537 3180 1591 Judteos
3209 1541 3361 1593 solas.
3379 1541 3518 1594 divi-

1937 1628 2035 1671 nas
2063 1612 2658 1678 Litterasremansuras
2682 1665 2697 1688 ,
2729 1626 2920 1694 quibus
2958 1626 3155 1683 Gentes
3190 1631 3519 1685 instrueren-

1939 1715 2046 1774 tnr,
2079 1710 2154 1764 illi
2183 1723 2598 1780 exozecarentur;
2627 1731 2759 1785 quas
2788 1727 3061 1782 portarent
3091 1735 3194 1774 non
3217 1723 3282 1774 ad
3305 1722 3516 1791 adjuto-

1939 1801 2076 1855 rium
2101 1801 2286 1857 salutis
2310 1817 2444 1869 sua),
2471 1805 2564 1859 sed
2586 1805 2652 1860 ad
2682 1807 3258 1864 testimoniutnsalutis
3285 1812 3532 1864 nostraet

1935 1889 2067 1947 Nam
2095 1893 2254 1950 hodie
2279 1909 2401 1949 cum
2420 1885 2719 1965 praemissas
2748 1899 3052 1967 prephetias
3077 1899 3142 1952 de
3163 1901 3374 1954 Christo
3395 1917 3516 1970 pro-

1936 1984 2174 2044 ferimus.
2200 1985 2310 2053 jam
2335 1999 2514 2041 rerum
2542 1987 2926 2057 completarum
2957 1990 3074 2044 luce
3105 1989 3395 2046 declaratus
3415 2032 3429 2052 ,
3466 1993 3514 2046 si

1938 2072 2074 2128 forte
2100 2074 2294 2144 Pagani
2318 2115 2334 2141 ,
2362 2090 2495 2145 quos
2519 2076 2711 2130 lucrari
2742 2078 2982 2136 volumus
3001 2120 3016 2143 ,
3037 2079 3269 2133 dixerint
3293 2095 3398 2133 non
3425 2095 3518 2134 eas

1937 2172 2082 2218 tanto
2102 2173 2224 2218 ante
2250 2164 2550 2233 praedictas,
2572 2165 2663 2219 sed
2688 2177 2806 2235 post
2825 2183 3002 2221 rerum
3031 2179 3299 2232 eventum,
3326 2179 3381 2222 ut
3402 2170 3529 2224 hare-

1936 2269 2056 2324 quae
2085 2253 2218 2308 facta
2249 2262 2374 2308 sunt
2422 2255 2731 2325 prophetata
2760 2265 3072 2324 putarentur
3098 2298 3112 2323 ,
3140 2274 3188 2311 a.
3216 2259 3368 2313 nobis
3395 2275 3516 2316 esse

1936 2343 2232 2408 confictas;
2259 2343 2564 2398 Judaaorum
2613 2345 2828 2400 codices
2867 2348 3190 2413 recitamus,
3218 2358 3276 2402 ut
3302 2350 3516 2404 tollatur

1935 2434 2197 2489 dubitatio
2241 2437 2570 2506 Paganorutn
2600 2451 2615 2490 :
2645 2438 2731 2506 qui
2757 2438 2876 2507 jam.
2906 2439 2957 2492 in
3003 2440 3167 2510 Magis
3197 2441 3300 2495 illis
3324 2441 3516 2511 ﬁgura-

1934 2529 2146 2592 bantur,
2177 2543 2313 2598 quos
2340 2528 2511 2583 Judaei
2536 2527 2602 2582 de
2626 2530 2837 2584 civitate
2863 2530 2915 2584 in
2937 2546 3037 2600 qua
3061 2541 3214 2585 natus
3233 2541 3316 2586 est
3337 2533 3520 2586 Chris-

1936 2627 2039 2686 tus,
2071 2618 2263 2675 divinis
2281 2621 2507 2689 eloquiis
2537 2621 2902 2686 instruebant,
2931 2633 2989 2676 et
3011 2638 3132 2677 eum
3165 2625 3266 2692 ipsi
3296 2640 3395 2678 nec
3421 2640 3514 2679 re-

1935 2710 2236 2780 quirebant,
2259 2724 2360 2764 nec
2387 2711 2766 2779 agnoscebant.

2005 2800 2230 2855 CAPUT
2283 2799 2368 2854 ΙΙΙ.
2395 2830 2468 2846 -ι
2497 2801 2553 2858 4.
2607 2800 2804 2855 Clu-isto
2850 2802 3096 2857 charitate
3145 2819 3259 2856 cum
3319 2803 3524 2860 Iudaic-

1939 2888 2119 2943 Geutes
2147 2889 2417 2943 conterent.
2447 2889 2598 2944 Nunc
2622 2905 2769 2960 ergo,
2797 2891 3117 2957 charissimi,
3138 2893 3322 2962 grati-te
3348 2894 3439 2948 lilii
3459 2904 3528 2948 et-

1938 2977 2182 3034 hteredes
2201 3020 2217 3046 ,
2247 2978 2426 3035 videte
2452 2980 2784 3042 vocationem
2805 2991 3042 3035 vestram
3064 3021 3079 3046 ,
3103 2991 3160 3036 et
3180 2981 3518 3038 manifestae

1935 3068 2134 3125 ludatis
2161 3079 2214 3124 et
2241 3068 2500 3125 Gentibus
2539 3069 2751 3124 Christo
2795 3079 3044 3139 tanquam
3071 3065 3308 3139 angulari
3355 3072 3516 3140 lapidi

1936 3161 2465 3233 persevcrantissima
2509 3159 2796 3216 dilectione
2839 3162 3122 3216 coluercte.
3153 3161 3516 3219 Manifestatus

1935 3253 2078 3308 enim
2126 3259 2210 3307 est
2252 3251 2307 3305 in
2353 3251 2486 3320 ipsis
2529 3251 2810 3313 cunabulis
2851 3251 3087 3306 infantia:
3127 3267 3238 3306 sua:
3299 3252 3384 3307 his
3425 3256 3515 3322 qui

1937 3357 2102 3411 prope
2124 3381 2140 3409 ,
2184 3350 2240 3396 et
2264 3341 2350 3396 his
2369 3342 2464 3410 qui
2513 3343 2670 3413 longe
2695 3351 2852 3397 erant
2879 3358 2892 3406 ;
2921 3342 3124 3396 Judzeis
3165 3343 3217 3397 in
3245 3354 3514 3413 pastorum

1935 3433 2328 3503 propinquitate
2353 3474 2369 3498 ,
2395 3433 2656 3488 Gentibus
2703 3433 2755 3487 in
2796 3433 3065 3502 Magorum
3110 3433 3512 3503 longinquitate.

1934 3525 2015 3579 llli
2063 3525 2180 3594 ipso
2207 3521 2293 3578 die
2319 3539 2426 3593 quo
2451 3528 2606 3578 n‘atus
2643 3531 2758 3587 est,
2783 3524 2868 3578 isti
2913 3523 2979 3576 ad
3009 3538 3132 3578 cum
3163 3523 3335 3583 hodie
3358 3525 3520 3578 adve-

1933 3615 2078 3670 nisse
2097 3614 2405 3670 creduntur.
2437 3614 2801 3670 Manifestatus
2826 3629 2954 3682 ergo
2969 3623 3059 3668 est
3082 3657 3094 3678 ,
3128 3631 3225 3670 nec
3252 3615 3354 3670 illis
3383 3615 3517 3670 duc-

1935 3706 2036 3768 tis,
2090 3716 2190 3760 nec
2218 3705 2334 3760 istis
2373 3705 2550 3774 justis.
2582 3705 2840 3760 Praevalet
2887 3720 3115 3776 namque
3152 3708 3412 3776 imperitia
3463 3709 3517 3763 in

1935 3796 2228 3852 rusticitate
2257 3804 2552 3865 pastorum,
2581 3805 2637 3850 et
2669 3795 2912 3864 impietas
2938 3795 2991 3850 in
3021 3797 3314 3868 sacrilegiis
3342 3798 3520 3869 Μῦθος

1935 3903 2076 3943 rum.
2126 3887 2394 3956 Utrosque
2430 3887 2529 3941 sibi
2573 3886 2708 3956 lapis
2758 3887 2849 3942 ille
2889 3888 3156 3958 angularis
3198 3889 3453 3959 applicuit
3499 3907 3520 3944 ελ

1939 3978 2134 4048 quippe
2159 3976 2249 4047 qui
2275 3976 2422 4030 venit
2441 3976 2600 4032 stulta
2630 3976 2812 4031 mundi
2841 3977 3058 4048 eligere,
3089 3987 3144 4030 ut
3170 3977 3523 4034 confunderet

1935 4071 2206 4142 sapientes
2229 4069 2286 4141 (l
2317 4069 2442 4125 Cor.
2497 4086 2544 4136 t,
2572 4070 2713 4140 27);
2741 4077 2797 4124 et
2825 4085 2928 4124 non
2959 4085 3149 4124 vocare
3186 4069 3360 4139 justos
3379 4111 3392 4135 ,
3420 4071 3524 4126 sed

1933 4170 2246 4234 peceatores
2267 4159 2500 4230 (.Mattli.
2529 4177 2602 4226 ix,
2634 4159 2732 4231 l3)
2757 4177 2772 4225 ;
2801 4170 2857 4214 ut
2883 4162 3058 4216 nullus
3085 4176 3523 4232 magnussuper-

1931 4253 2101 4316 biret,
2148 4253 2326 4306 nullus
2367 4251 2580 4305 infimus
2625 4251 2933 4320 desperaret
2962 4253 3002 4306 ³.
3036 4251 3185 4307 Unde
3226 4252 3431 4307 Scriba
3463 4265 3519 4309 et

1934 4342 2188 4398 Pharismi
2209 4341 2333 4396 dum
2359 4341 2522 4396 nimis
2544 4341 2685 4396 docti
2713 4351 2769 4395 et
2789 4340 2950 4395 nimis
2971 4341 3102 4410 justi
3117 4342 3217 4396 sibi
3241 4341 3510 4408 videntur,

1929 4434 2082 4504 cujus
2111 4433 2666 4489 nascentiscivitatem
2692 4431 3040 4489 ostenderunt
3072 4433 3380 4501 pmphetica
3406 4436 3513 4490 elo.

1930 4525 2050 4595 quia
2080 4524 2386 4588 recitantes,
2421 4523 2561 4578 hunc
2591 4522 3011 4593 reprobaverunt
3039 4525 3380 4582 aedificantes.
3407 4525 3519 4580 Sed

1927 4616 2048 4687 quia
2073 4614 2245 4672 factus
2267 4624 2351 4671 est
2392 4616 2448 4671 in
2475 4615 2845 4686 caputmnguli
2877 4614 3050 4680 (Psal.
3076 4632 3219 4676 cxvn
3239 4657 3255 4684 ,
3279 4617 3352 4672 22
3375 4619 3392 4687 )
3412 4658 3428 4683 ,
3461 4629 3514 4673 et

1927 4706 2070 4776 quod
2097 4715 2252 4762 natus
2272 4707 2528 4773 ostendit,
2562 4722 2747 4776 passus
2771 4707 3033 4777 implevit;
3065 4707 3186 4764 huic
3216 4725 3314 4766 nos
3336 4710 3510 4765 iulia:-

1926 4812 2140 4854 reamus
2183 4799 2452 4855 cum-alio
2494 4799 2696 4867 pariete
2738 4799 2972 4856 habente
3013 4799 3266 4869 reliquias
3307 4799 3466 4856 lsracl
3504 4843 3520 4867 ,

1925 4905 2044 4961 quae
2071 4905 2166 4960 per
2180 4891 2494 4946 electionem
2513 4890 2698 4958 gratia:
2718 4889 2880 4944 salva:
2899 4887 3054 4946 factae
3079 4889 3413 4960 sentinam.
3428 4907 3508 4956 xi,

1925 4979 2005 5054 5).
2039 4983 2143 5036 Eos
2172 4983 2312 5037 enim
2353 4989 2594 5051 [assumes
2621 4980 2697 5037 illi
2727 4979 3133 5048 pradigurabun
3157 4980 3233 5036 de
3263 4982 3510 5048 proximo

1927 5073 2347 5143 conjungendos,
2377 5080 2434 5125 ut
2461 5081 2514 5126 et
2545 5086 2672 5137 nos,
2697 5069 3322 5140 quorumexlonginquo
3342 5086 3511 5128 νοω,

1929 5165 2126 5220 tionem
2151 5163 2426 5233 Magorum
2453 5161 2786 5231 signiﬁcabat
2809 5160 3094 5227 adventus,
3109 5160 3347 5236 jugulum
3379 5176 3500 5229 per-

1927 5257 2098 5329 egrini
2121 5266 2177 5311 et
2199 5255 2477 5326 inquilini,
2503 5253 2600 5312 sed
2641 5254 2785 5309 cives
2813 5263 3126 5310 sanctorum.
3141 5262 3201 5307 et
3225 5253 3502 5310 domestici

1923 5348 2017 5404 Dei
2045 5360 2370 5408 maneamus,
2397 5344 2705 5403 coaediﬁcati
2731 5359 2894 5415 super
2915 5344 3315 5402 fundamentum
3333 5345 3506 5416 Apos-

1927 5438 2154 5492 tolorum
2181 5448 2233 5493 et
2259 5436 2666 5508 Prophetarum,
2694 5436 2809 5514 ipso
2838 5451 3046 5490 sununo
3071 5435 3308 5504 angulari
3328 5435 3504 5505 lapide

1927 5530 2190 5585 existente
2239 5526 2454 5582 Christo
2517 5528 2644 5584 Jesu
2702 5547 2715 5582 :
2765 5526 2852 5598 qui
2893 5525 3016 5581 fecit
3065 5535 3290 5598 utraque
3337 5540 3501 5582 unum

1992 5723 2006 5750 ί
2029 5721 2106 5768 ἓῖο
2129 5714 2344 5779 potiores
2366 5717 2686 5775 manuscripti.
2717 5725 2766 5766 At
2793 5717 2944 5777 editi,
2967 5714 3208 5777 inﬁnitus.
