  <div class='ocr_page' id='page_1' title='image "/cluster/home/n/w/nwhite01/storage/ocr_20150623/38/hvd.32044096580600/521.png"; bbox 0 0 3886 6188; ppageno 0'>
   <div class='ocr_carea' id='block_1_1' title="bbox 317 353 443 408">
    <p class='ocr_par' dir='ltr' id='par_1_1' title="bbox 317 353 443 408">
     <span class='ocr_line' id='line_1_1' title="bbox 317 353 443 408; baseline -0.024 0"><span class='ocrx_word' id='word_1_1' title='bbox 317 353 443 408; x_wconf 76' lang='grc'><strong>10⁵51</strong></span> 
     </span>
    </p>
   </div>
   <div class='ocr_carea' id='block_1_2' title="bbox 219 430 1884 532">
    <p class='ocr_par' dir='ltr' id='par_1_2' title="bbox 219 430 1884 532">
     <span class='ocr_line' id='line_1_2' title="bbox 219 430 1884 532; baseline -0.01 -15"><span class='ocrx_word' id='word_1_2' title='bbox 219 482 221 484; x_wconf 88' lang='grc'>·</span> <span class='ocrx_word' id='word_1_3' title='bbox 311 463 525 532; x_wconf 78' lang='lat' dir='ltr'><strong>(Ephes.</strong></span> <span class='ocrx_word' id='word_1_4' title='bbox 559 475 613 523; x_wconf 87' lang='grc' dir='ltr'>ιι,</span> <span class='ocrx_word' id='word_1_5' title='bbox 645 430 854 527; x_wconf 72' lang='lat' dir='ltr'><strong>ll-22),</strong></span> <span class='ocrx_word' id='word_1_6' title='bbox 883 455 1012 509; x_wconf 90' lang='lat' dir='ltr'><strong>utin</strong></span> <span class='ocrx_word' id='word_1_7' title='bbox 1043 467 1148 506; x_wconf 85' lang='lat' dir='ltr'><strong>uno</strong></span> <span class='ocrx_word' id='word_1_8' title='bbox 1173 465 1407 505; x_wconf 79' lang='lat' dir='ltr'><strong>amemus</strong></span> <span class='ocrx_word' id='word_1_9' title='bbox 1432 451 1706 514; x_wconf 88' lang='lat' dir='ltr'><strong>unitatem,</strong></span> <span class='ocrx_word' id='word_1_10' title='bbox 1739 456 1792 504; x_wconf 91' lang='lat' dir='ltr'><strong>et</strong></span> <span class='ocrx_word' id='word_1_11' title='bbox 1816 446 1884 501; x_wconf 90' lang='lat' dir='ltr'><strong>ad</strong></span> 
     </span>
    </p>
   </div>
   <div class='ocr_carea' id='block_1_3' title="bbox 314 540 1887 622">
    <p class='ocr_par' dir='ltr' id='par_1_3' title="bbox 314 540 1887 622">
     <span class='ocr_line' id='line_1_3' title="bbox 314 540 1887 622; baseline -0.01 -15"><span class='ocrx_word' id='word_1_12' title='bbox 314 550 640 622; x_wconf 85' lang='lat' dir='ltr'><strong>colligendos</strong></span> <span class='ocrx_word' id='word_1_13' title='bbox 667 561 844 602; x_wconf 82' lang='lat' dir='ltr'><strong>ramos</strong></span> <span class='ocrx_word' id='word_1_14' title='bbox 881 546 970 616; x_wconf 88' lang='lat' dir='ltr'><strong>qui</strong></span> <span class='ocrx_word' id='word_1_15' title='bbox 1005 545 1164 599; x_wconf 89' lang='lat' dir='ltr'><strong>etiam</strong></span> <span class='ocrx_word' id='word_1_16' title='bbox 1189 543 1256 598; x_wconf 91' lang='lat' dir='ltr'><strong>de</strong></span> <span class='ocrx_word' id='word_1_17' title='bbox 1277 543 1508 598; x_wconf 92' lang='lat' dir='ltr'><strong>oleastro</strong></span> <span class='ocrx_word' id='word_1_18' title='bbox 1537 540 1754 606; x_wconf 91' lang='lat' dir='ltr'><strong>inserti,</strong></span> <span class='ocrx_word' id='word_1_19' title='bbox 1793 552 1887 606; x_wconf 86' lang='lat' dir='ltr'><strong>per</strong></span> 
     </span>
    </p>
   </div>
   <div class='ocr_carea' id='block_1_4' title="bbox 314 628 1885 708">
    <p class='ocr_par' dir='ltr' id='par_1_4' title="bbox 314 628 1885 708">
     <span class='ocr_line' id='line_1_4' title="bbox 314 628 1885 708; baseline -0.009 -13"><span class='ocrx_word' id='word_1_20' title='bbox 314 641 616 708; x_wconf 81' lang='lat' dir='ltr'><strong>superbiam</strong></span> <span class='ocrx_word' id='word_1_21' title='bbox 660 636 812 691; x_wconf 88' lang='lat' dir='ltr'><strong>fracti</strong></span> <span class='ocrx_word' id='word_1_22' title='bbox 863 629 1098 690; x_wconf 74' lang='lat' dir='ltr'><strong>hzeretici</strong></span> <span class='ocrx_word' id='word_1_23' title='bbox 1153 642 1277 688; x_wconf 90' lang='lat' dir='ltr'><strong>sunt</strong></span> <span class='ocrx_word' id='word_1_24' title='bbox 1310 632 1432 687; x_wconf 90' lang='lat' dir='ltr'><strong>facti</strong></span> <span class='ocrx_word' id='word_1_25' title='bbox 1479 630 1593 701; x_wconf 92' lang='lat' dir='ltr'><strong>(a),</strong></span> <span class='ocrx_word' id='word_1_26' title='bbox 1634 628 1885 699; x_wconf 90' lang='lat' dir='ltr'><strong>quoniam</strong></span> 
     </span>
    </p>
   </div>
   <div class='ocr_carea' id='block_1_5' title="bbox 317 721 1883 802">
    <p class='ocr_par' dir='ltr' id='par_1_5' title="bbox 317 721 1883 802">
     <span class='ocr_line' id='line_1_5' title="bbox 317 721 1883 802; baseline -0.006 -17"><span class='ocrx_word' id='word_1_27' title='bbox 317 730 739 802; x_wconf 86' lang='lat' dir='ltr'><strong>potensestDeus</strong></span> <span class='ocrx_word' id='word_1_28' title='bbox 768 729 959 783; x_wconf 90' lang='lat' dir='ltr'><strong>iterum</strong></span> <span class='ocrx_word' id='word_1_29' title='bbox 977 728 1210 782; x_wconf 84' lang='lat' dir='ltr'><strong>inserere</strong></span> <span class='ocrx_word' id='word_1_30' title='bbox 1237 725 1357 780; x_wconf 89' lang='lat' dir='ltr'><strong>illos</strong></span> <span class='ocrx_word' id='word_1_31' title='bbox 1381 725 1556 796; x_wconf 86' lang='lat' dir='ltr'><strong>(Rom.</strong></span> <span class='ocrx_word' id='word_1_32' title='bbox 1579 739 1657 791; x_wconf 71' lang='grc' dir='ltr'>ιι,</span> <span class='ocrx_word' id='word_1_33' title='bbox 1673 721 1883 792; x_wconf 70' lang='grc'><strong>17-24),</strong></span> 
     </span>
    </p>
   </div>
   <div class='ocr_carea' id='block_1_6' title="bbox 321 817 1372 890">
    <p class='ocr_par' dir='ltr' id='par_1_6' title="bbox 321 817 1372 890">
     <span class='ocr_line' id='line_1_6' title="bbox 321 817 1372 890; baseline -0.006 -14"><span class='ocrx_word' id='word_1_34' title='bbox 321 823 611 878; x_wconf 87' lang='lat' dir='ltr'><strong>habeamus</strong></span> <span class='ocrx_word' id='word_1_35' title='bbox 635 818 1013 890; x_wconf 89' lang='lat' dir='ltr'><strong>infatigabilem</strong></span> <span class='ocrx_word' id='word_1_36' title='bbox 1040 817 1372 873; x_wconf 81' lang='lat' dir='ltr'><strong>charitatem.</strong></span> 
     </span>
    </p>
   </div>
   <div class='ocr_carea' id='block_1_7' title="bbox 827 922 1382 998">
    <p class='ocr_par' dir='ltr' id='par_1_7' title="bbox 827 922 1382 998">
     <span class='ocr_line' id='line_1_7' title="bbox 827 922 1382 998; baseline -0.007 -15"><span class='ocrx_word' id='word_1_37' title='bbox 827 927 1057 984; x_wconf 67' lang='lat' dir='ltr'><strong>saeuo</strong></span> <span class='ocrx_word' id='word_1_38' title='bbox 1093 926 1200 983; x_wconf 89' lang='lat' dir='ltr'><strong>CCI</strong></span> <span class='ocrx_word' id='word_1_39' title='bbox 1225 929 1244 950; x_wconf 69' lang='grc' dir='ltr'><em>α</em></span> <span class='ocrx_word' id='word_1_40' title='bbox 1283 922 1382 998; x_wconf 87' lang='grc' dir='ltr'><strong>(α).</strong></span> 
     </span>
    </p>
   </div>
   <div class='ocr_carea' id='block_1_8' title="bbox 792 1036 1426 1101">
    <p class='ocr_par' dir='ltr' id='par_1_8' title="bbox 792 1036 1426 1101">
     <span class='ocr_line' id='line_1_8' title="bbox 792 1036 1426 1101; baseline -0.008 -13"><span class='ocrx_word' id='word_1_41' title='bbox 792 1047 841 1088; x_wconf 84' lang='grc' dir='ltr'><strong>ιιι</strong></span> <span class='ocrx_word' id='word_1_42' title='bbox 863 1039 1116 1101; x_wconf 83' lang='lat' dir='ltr'><strong>Epiphania</strong></span> <span class='ocrx_word' id='word_1_43' title='bbox 1137 1036 1338 1097; x_wconf 80' lang='lat' dir='ltr'><strong>Domini,</strong></span> <span class='ocrx_word' id='word_1_44' title='bbox 1355 1050 1426 1086; x_wconf 85' lang='grc' dir='ltr'>ιιι.</span> 
     </span>
    </p>
   </div>
   <div class='ocr_carea' id='block_1_9' title="bbox 387 1134 1894 1210">
    <p class='ocr_par' dir='ltr' id='par_1_9' title="bbox 387 1134 1894 1210">
     <span class='ocr_line' id='line_1_9' title="bbox 387 1134 1894 1210; baseline -0.008 -10"><span class='ocrx_word' id='word_1_45' title='bbox 387 1144 614 1200; x_wconf 76' lang='lat' dir='ltr'><strong>CAPUT</strong></span> <span class='ocrx_word' id='word_1_46' title='bbox 654 1141 936 1198; x_wconf 76' lang='lat' dir='ltr'><strong>rmuuu.</strong></span> <span class='ocrx_word' id='word_1_47' title='bbox 967 1171 1037 1181; x_wconf 84' lang='grc'><strong>-</strong></span> <span class='ocrx_word' id='word_1_48' title='bbox 1061 1141 1114 1195; x_wconf 90' lang='grc' dir='ltr'>ι.</span> <span class='ocrx_word' id='word_1_49' title='bbox 1145 1137 1493 1210; x_wconf 76' lang='lat' dir='ltr'><strong>Manifestatio</strong></span> <span class='ocrx_word' id='word_1_50' title='bbox 1539 1134 1728 1192; x_wconf 82' lang='lat' dir='ltr'><strong>Christi</strong></span> <span class='ocrx_word' id='word_1_51' title='bbox 1755 1139 1894 1207; x_wconf 73' lang='lat' dir='ltr'><strong>facta</strong></span> 
     </span>
    </p>
   </div>
   <div class='ocr_carea' id='block_1_10' title="bbox 319 1225 1894 1301">
    <p class='ocr_par' dir='ltr' id='par_1_10' title="bbox 319 1225 1894 1301">
     <span class='ocr_line' id='line_1_10' title="bbox 319 1225 1894 1301; baseline -0.006 -12"><span class='ocrx_word' id='word_1_52' title='bbox 319 1234 575 1290; x_wconf 72' lang='lat' dir='ltr'><strong>Gentibus.</strong></span> <span class='ocrx_word' id='word_1_53' title='bbox 629 1235 793 1289; x_wconf 83' lang='lat' dir='ltr'><strong>Stella</strong></span> <span class='ocrx_word' id='word_1_54' title='bbox 841 1233 1016 1301; x_wconf 80' lang='lat' dir='ltr'><strong>lingua</strong></span> <span class='ocrx_word' id='word_1_55' title='bbox 1057 1230 1187 1284; x_wconf 76' lang='lat' dir='ltr'><strong>caeli.</strong></span> <span class='ocrx_word' id='word_1_56' title='bbox 1235 1230 1371 1283; x_wconf 84' lang='lat' dir='ltr'><strong>Ante</strong></span> <span class='ocrx_word' id='word_1_57' title='bbox 1399 1227 1746 1299; x_wconf 86' lang='lat' dir='ltr'><strong>paucissimos</strong></span> <span class='ocrx_word' id='word_1_58' title='bbox 1777 1225 1894 1280; x_wconf 87' lang='lat' dir='ltr'><strong>dies</strong></span> 
     </span>
    </p>
   </div>
   <div class='ocr_carea' id='block_1_11' title="bbox 316 1315 1896 1379">
    <p class='ocr_par' dir='ltr' id='par_1_11' title="bbox 316 1315 1896 1379">
     <span class='ocr_line' id='line_1_11' title="bbox 316 1315 1896 1379; baseline -0.006 0"><span class='ocrx_word' id='word_1_59' title='bbox 316 1325 554 1379; x_wconf 80' lang='lat' dir='ltr'><strong>Natalem</strong></span> <span class='ocrx_word' id='word_1_60' title='bbox 601 1323 808 1377; x_wconf 88' lang='lat' dir='ltr'><strong>Domini</strong></span> <span class='ocrx_word' id='word_1_61' title='bbox 849 1320 1234 1376; x_wconf 85' lang='lat' dir='ltr'><strong>celebravimus</strong></span> <span class='ocrx_word' id='word_1_62' title='bbox 1261 1336 1276 1371; x_wconf 89' lang='lat'><strong>:</strong></span> <span class='ocrx_word' id='word_1_63' title='bbox 1302 1318 1560 1373; x_wconf 88' lang='lat' dir='ltr'><strong>hodierno</strong></span> <span class='ocrx_word' id='word_1_64' title='bbox 1589 1324 1766 1371; x_wconf 90' lang='lat' dir='ltr'><strong>autem</strong></span> <span class='ocrx_word' id='word_1_65' title='bbox 1807 1315 1896 1371; x_wconf 84' lang='lat' dir='ltr'><strong>die</strong></span> 
     </span>
    </p>
   </div>
   <div class='ocr_carea' id='block_1_12' title="bbox 320 1405 1893 1481">
    <p class='ocr_par' dir='ltr' id='par_1_12' title="bbox 320 1405 1893 1481">
     <span class='ocr_line' id='line_1_12' title="bbox 320 1405 1893 1481; baseline -0.005 -13"><span class='ocrx_word' id='word_1_66' title='bbox 320 1413 800 1470; x_wconf 84' lang='lat' dir='ltr'><strong>manifestationem</strong></span> <span class='ocrx_word' id='word_1_67' title='bbox 821 1453 836 1479; x_wconf 92' lang='lat'><strong>,</strong></span> <span class='ocrx_word' id='word_1_68' title='bbox 871 1426 972 1481; x_wconf 90' lang='lat' dir='ltr'><strong>qua</strong></span> <span class='ocrx_word' id='word_1_69' title='bbox 1023 1407 1352 1464; x_wconf 85' lang='lat' dir='ltr'><strong>manifestari</strong></span> <span class='ocrx_word' id='word_1_70' title='bbox 1394 1406 1652 1463; x_wconf 85' lang='lat' dir='ltr'><strong>Gentibus</strong></span> <span class='ocrx_word' id='word_1_71' title='bbox 1689 1405 1850 1476; x_wconf 64' lang='lat' dir='ltr'><strong>erepit</strong></span> <span class='ocrx_word' id='word_1_72' title='bbox 1874 1445 1893 1472; x_wconf 96' lang='lat'><strong>,</strong></span> 
     </span>
    </p>
   </div>
   <div class='ocr_carea' id='block_1_13' title="bbox 319 1497 1898 1560">
    <p class='ocr_par' dir='ltr' id='par_1_13' title="bbox 319 1497 1898 1560">
     <span class='ocr_line' id='line_1_13' title="bbox 319 1497 1898 1560; baseline -0.004 0"><span class='ocrx_word' id='word_1_73' title='bbox 319 1506 656 1560; x_wconf 84' lang='lat' dir='ltr'><strong>solemnitate</strong></span> <span class='ocrx_word' id='word_1_74' title='bbox 686 1519 792 1558; x_wconf 89' lang='lat' dir='ltr'><strong>non</strong></span> <span class='ocrx_word' id='word_1_75' title='bbox 835 1503 1010 1557; x_wconf 92' lang='lat' dir='ltr'><strong>minus</strong></span> <span class='ocrx_word' id='word_1_76' title='bbox 1054 1501 1230 1556; x_wconf 86' lang='lat' dir='ltr'><strong>debita</strong></span> <span class='ocrx_word' id='word_1_77' title='bbox 1271 1498 1624 1554; x_wconf 87' lang='lat' dir='ltr'><strong>celebramus.</strong></span> <span class='ocrx_word' id='word_1_78' title='bbox 1663 1498 1760 1552; x_wconf 93' lang='lat' dir='ltr'><strong>lllo</strong></span> <span class='ocrx_word' id='word_1_79' title='bbox 1808 1497 1898 1553; x_wconf 87' lang='lat' dir='ltr'><strong>die</strong></span> 
     </span>
    </p>
   </div>
   <div class='ocr_carea' id='block_1_14' title="bbox 320 1589 1898 1666">
    <p class='ocr_par' dir='ltr' id='par_1_14' title="bbox 320 1589 1898 1666">
     <span class='ocr_line' id='line_1_14' title="bbox 320 1589 1898 1666; baseline -0.004 -16"><span class='ocrx_word' id='word_1_80' title='bbox 320 1604 501 1650; x_wconf 90' lang='lat' dir='ltr'><strong>natum</strong></span> <span class='ocrx_word' id='word_1_81' title='bbox 562 1603 802 1666; x_wconf 82' lang='lat' dir='ltr'><strong>pastores</strong></span> <span class='ocrx_word' id='word_1_82' title='bbox 860 1592 1029 1648; x_wconf 67' lang='lat' dir='ltr'><strong>Judaei</strong></span> <span class='ocrx_word' id='word_1_83' title='bbox 1081 1592 1328 1646; x_wconf 86' lang='lat' dir='ltr'><strong>viderunt</strong></span> <span class='ocrx_word' id='word_1_84' title='bbox 1369 1607 1383 1645; x_wconf 91' lang='lat'>:</span> <span class='ocrx_word' id='word_1_85' title='bbox 1440 1590 1601 1646; x_wconf 82' lang='lat' dir='ltr'><strong>hodie</strong></span> <span class='ocrx_word' id='word_1_86' title='bbox 1648 1589 1784 1660; x_wconf 81' lang='lat' dir='ltr'><strong>Magi</strong></span> <span class='ocrx_word' id='word_1_87' title='bbox 1829 1589 1898 1645; x_wconf 90' lang='lat' dir='ltr'><strong>ab</strong></span> 
     </span>
    </p>
   </div>
   <div class='ocr_carea' id='block_1_15' title="bbox 318 1680 1899 1752">
    <p class='ocr_par' dir='ltr' id='par_1_15' title="bbox 318 1680 1899 1752">
     <span class='ocr_line' id='line_1_15' title="bbox 318 1680 1899 1752; baseline -0.003 -11"><span class='ocrx_word' id='word_1_88' title='bbox 318 1686 540 1741; x_wconf 86' lang='lat' dir='ltr'><strong>Oriente</strong></span> <span class='ocrx_word' id='word_1_89' title='bbox 575 1687 849 1741; x_wconf 90' lang='lat' dir='ltr'><strong>venientes</strong></span> <span class='ocrx_word' id='word_1_90' title='bbox 892 1683 1269 1738; x_wconf 89' lang='lat' dir='ltr'><strong>adoraverunt.</strong></span> <span class='ocrx_word' id='word_1_91' title='bbox 1308 1681 1473 1738; x_wconf 83' lang='lat' dir='ltr'><strong>Natus</strong></span> <span class='ocrx_word' id='word_1_92' title='bbox 1501 1682 1697 1752; x_wconf 87' lang='lat' dir='ltr'><strong>quippe</strong></span> <span class='ocrx_word' id='word_1_93' title='bbox 1724 1680 1899 1736; x_wconf 81' lang='lat' dir='ltr'><strong>fuerat</strong></span> 
     </span>
    </p>
   </div>
   <div class='ocr_carea' id='block_1_16' title="bbox 323 1773 1897 1844">
    <p class='ocr_par' dir='ltr' id='par_1_16' title="bbox 323 1773 1897 1844">
     <span class='ocr_line' id='line_1_16' title="bbox 323 1773 1897 1844; baseline -0.003 -15"><span class='ocrx_word' id='word_1_94' title='bbox 323 1776 456 1844; x_wconf 80' lang='lat' dir='ltr'><strong>lapis</strong></span> <span class='ocrx_word' id='word_1_95' title='bbox 484 1775 574 1829; x_wconf 90' lang='lat' dir='ltr'><strong>ille</strong></span> <span class='ocrx_word' id='word_1_96' title='bbox 598 1775 885 1844; x_wconf 88' lang='lat' dir='ltr'><strong>angularis,</strong></span> <span class='ocrx_word' id='word_1_97' title='bbox 914 1789 1014 1843; x_wconf 80' lang='lat' dir='ltr'><strong>pax</strong></span> <span class='ocrx_word' id='word_1_98' title='bbox 1038 1773 1268 1827; x_wconf 89' lang='lat' dir='ltr'><strong>duorum</strong></span> <span class='ocrx_word' id='word_1_99' title='bbox 1295 1773 1553 1842; x_wconf 79' lang='lat' dir='ltr'><strong>parietum</strong></span> <span class='ocrx_word' id='word_1_100' title='bbox 1579 1789 1645 1827; x_wconf 87' lang='lat' dir='ltr'><strong>ex</strong></span> <span class='ocrx_word' id='word_1_101' title='bbox 1665 1773 1897 1827; x_wconf 87' lang='lat' dir='ltr'><strong>circum-</strong></span> 
     </span>
    </p>
   </div>
   <div class='ocr_carea' id='block_1_17' title="bbox 323 1862 1900 1934">
    <p class='ocr_par' dir='ltr' id='par_1_17' title="bbox 323 1862 1900 1934">
     <span class='ocr_line' id='line_1_17' title="bbox 323 1862 1900 1934; baseline -0.003 -14"><span class='ocrx_word' id='word_1_102' title='bbox 323 1867 523 1920; x_wconf 87' lang='lat' dir='ltr'><strong>cisione</strong></span> <span class='ocrx_word' id='word_1_103' title='bbox 545 1875 600 1920; x_wconf 91' lang='lat' dir='ltr'><strong>et</strong></span> <span class='ocrx_word' id='word_1_104' title='bbox 625 1866 907 1934; x_wconf 76' lang='lat' dir='ltr'><strong>pra-potio,</strong></span> <span class='ocrx_word' id='word_1_105' title='bbox 933 1879 1038 1918; x_wconf 94' lang='lat' dir='ltr'><strong>non</strong></span> <span class='ocrx_word' id='word_1_106' title='bbox 1065 1879 1130 1918; x_wconf 80' lang='lat' dir='ltr'><strong>ex</strong></span> <span class='ocrx_word' id='word_1_107' title='bbox 1158 1879 1320 1932; x_wconf 87' lang='lat' dir='ltr'><strong>parva</strong></span> <span class='ocrx_word' id='word_1_108' title='bbox 1347 1863 1661 1918; x_wconf 81' lang='lat' dir='ltr'><strong>diversitate</strong></span> <span class='ocrx_word' id='word_1_109' title='bbox 1681 1862 1900 1917; x_wconf 85' lang='lat' dir='ltr'><strong>venien-</strong></span> 
     </span>
    </p>
   </div>
   <div class='ocr_carea' id='block_1_18' title="bbox 327 1952 1898 2024">
    <p class='ocr_par' dir='ltr' id='par_1_18' title="bbox 327 1952 1898 2024">
     <span class='ocr_line' id='line_1_18' title="bbox 327 1952 1898 2024; baseline -0.003 -13"><span class='ocrx_word' id='word_1_110' title='bbox 327 1957 492 2023; x_wconf 89' lang='lat' dir='ltr'><strong>tium;</strong></span> <span class='ocrx_word' id='word_1_111' title='bbox 521 1965 576 2010; x_wconf 93' lang='lat' dir='ltr'><strong>ut</strong></span> <span class='ocrx_word' id='word_1_112' title='bbox 608 1957 658 2009; x_wconf 91' lang='lat' dir='ltr'><strong>in</strong></span> <span class='ocrx_word' id='word_1_113' title='bbox 687 1955 778 2008; x_wconf 90' lang='lat' dir='ltr'><strong>illo</strong></span> <span class='ocrx_word' id='word_1_114' title='bbox 807 1955 1200 2024; x_wconf 88' lang='lat' dir='ltr'><strong>copularentnr,</strong></span> <span class='ocrx_word' id='word_1_115' title='bbox 1223 1954 1312 2023; x_wconf 90' lang='lat' dir='ltr'><strong>qui</strong></span> <span class='ocrx_word' id='word_1_116' title='bbox 1338 1952 1510 2008; x_wconf 90' lang='lat' dir='ltr'><strong>factus</strong></span> <span class='ocrx_word' id='word_1_117' title='bbox 1539 1962 1618 2007; x_wconf 82' lang='lat' dir='ltr'><strong>est</strong></span> <span class='ocrx_word' id='word_1_118' title='bbox 1640 1967 1736 2022; x_wconf 85' lang='lat' dir='ltr'><strong>pax</strong></span> <span class='ocrx_word' id='word_1_119' title='bbox 1770 1967 1898 2007; x_wconf 87' lang='lat' dir='ltr'><strong>nos-</strong></span> 
     </span>
    </p>
   </div>
   <div class='ocr_carea' id='block_1_19' title="bbox 327 2039 1901 2114">
    <p class='ocr_par' dir='ltr' id='par_1_19' title="bbox 327 2039 1901 2114">
     <span class='ocr_line' id='line_1_19' title="bbox 327 2039 1901 2114; baseline -0.001 -16"><span class='ocrx_word' id='word_1_120' title='bbox 327 2055 404 2098; x_wconf 90' lang='lat' dir='ltr'><strong>tra</strong></span> <span class='ocrx_word' id='word_1_121' title='bbox 425 2086 440 2109; x_wconf 92' lang='lat'><strong>,</strong></span> <span class='ocrx_word' id='word_1_122' title='bbox 485 2053 541 2098; x_wconf 91' lang='lat' dir='ltr'><strong>et</strong></span> <span class='ocrx_word' id='word_1_123' title='bbox 585 2043 709 2099; x_wconf 85' lang='lat' dir='ltr'><strong>fecit</strong></span> <span class='ocrx_word' id='word_1_124' title='bbox 746 2052 964 2113; x_wconf 88' lang='lat' dir='ltr'><strong>utraque</strong></span> <span class='ocrx_word' id='word_1_125' title='bbox 993 2058 1154 2097; x_wconf 90' lang='lat' dir='ltr'><strong>unum</strong></span> <span class='ocrx_word' id='word_1_126' title='bbox 1203 2041 1416 2114; x_wconf 82' lang='lat' dir='ltr'><strong>(Ephes.</strong></span> <span class='ocrx_word' id='word_1_127' title='bbox 1451 2058 1485 2096; x_wconf 94' lang='grc' dir='ltr'><strong>ιι</strong></span> <span class='ocrx_word' id='word_1_128' title='bbox 1509 2083 1525 2107; x_wconf 89' lang='grc'><em>,</em></span> <span class='ocrx_word' id='word_1_129' title='bbox 1549 2039 1756 2114; x_wconf 63' lang='grc' dir='ltr'><strong>Ηαὲὶ).</strong></span> <span class='ocrx_word' id='word_1_130' title='bbox 1789 2041 1901 2097; x_wconf 87' lang='lat' dir='ltr'><strong>lloc</strong></span> 
     </span>
    </p>
   </div>
   <div class='ocr_carea' id='block_1_20' title="bbox 327 2131 1899 2204">
    <p class='ocr_par' dir='ltr' id='par_1_20' title="bbox 327 2131 1899 2204">
     <span class='ocr_line' id='line_1_20' title="bbox 327 2131 1899 2204; baseline -0.001 -17"><span class='ocrx_word' id='word_1_131' title='bbox 327 2133 378 2188; x_wconf 88' lang='lat' dir='ltr'><strong>in</strong></span> <span class='ocrx_word' id='word_1_132' title='bbox 409 2134 708 2204; x_wconf 88' lang='lat' dir='ltr'><strong>pastoribus</strong></span> <span class='ocrx_word' id='word_1_133' title='bbox 750 2132 1087 2197; x_wconf 74' lang='lat' dir='ltr'><strong>Judaeorum,</strong></span> <span class='ocrx_word' id='word_1_134' title='bbox 1127 2140 1183 2186; x_wconf 88' lang='lat' dir='ltr'><strong>et</strong></span> <span class='ocrx_word' id='word_1_135' title='bbox 1209 2131 1374 2200; x_wconf 81' lang='lat' dir='ltr'><strong>Magis</strong></span> <span class='ocrx_word' id='word_1_136' title='bbox 1421 2131 1669 2187; x_wconf 80' lang='lat' dir='ltr'><strong>Gentium</strong></span> <span class='ocrx_word' id='word_1_137' title='bbox 1711 2131 1899 2201; x_wconf 65' lang='lat' dir='ltr'><strong>prtesi-</strong></span> 
     </span>
    </p>
   </div>
   <div class='ocr_carea' id='block_1_21' title="bbox 209 2220 1901 2295">
    <p class='ocr_par' dir='ltr' id='par_1_21' title="bbox 209 2220 1901 2295">
     <span class='ocr_line' id='line_1_21' title="bbox 209 2220 1901 2295; baseline -0.001 -17"><span class='ocrx_word' id='word_1_138' title='bbox 209 2253 220 2262; x_wconf 54' lang='grc' dir='ltr'><strong>ς</strong></span> <span class='ocrx_word' id='word_1_139' title='bbox 324 2235 538 2295; x_wconf 81' lang='lat' dir='ltr'><strong>gnatum</strong></span> <span class='ocrx_word' id='word_1_140' title='bbox 577 2232 680 2279; x_wconf 91' lang='lat' dir='ltr'><strong>est.</strong></span> <span class='ocrx_word' id='word_1_141' title='bbox 703 2223 831 2278; x_wconf 91' lang='lat' dir='ltr'><strong>lude</strong></span> <span class='ocrx_word' id='word_1_142' title='bbox 870 2223 1063 2292; x_wconf 63' lang='lat' dir='ltr'><strong>capit,</strong></span> <span class='ocrx_word' id='word_1_143' title='bbox 1113 2221 1254 2291; x_wconf 91' lang='lat' dir='ltr'><strong>quod</strong></span> <span class='ocrx_word' id='word_1_144' title='bbox 1304 2221 1356 2275; x_wconf 92' lang='lat' dir='ltr'><strong>in</strong></span> <span class='ocrx_word' id='word_1_145' title='bbox 1407 2221 1655 2276; x_wconf 85' lang='lat' dir='ltr'><strong>universo</strong></span> <span class='ocrx_word' id='word_1_146' title='bbox 1702 2220 1901 2276; x_wconf 89' lang='lat' dir='ltr'><strong>mundo</strong></span> 
     </span>
    </p>
   </div>
   <div class='ocr_carea' id='block_1_22' title="bbox 327 2309 1901 2382">
    <p class='ocr_par' dir='ltr' id='par_1_22' title="bbox 327 2309 1901 2382">
     <span class='ocr_line' id='line_1_22' title="bbox 327 2309 1901 2382; baseline -0.003 -12"><span class='ocrx_word' id='word_1_147' title='bbox 327 2315 669 2370; x_wconf 88' lang='lat' dir='ltr'><strong>fructificaret</strong></span> <span class='ocrx_word' id='word_1_148' title='bbox 694 2323 749 2369; x_wconf 89' lang='lat' dir='ltr'><strong>et</strong></span> <span class='ocrx_word' id='word_1_149' title='bbox 775 2321 1061 2368; x_wconf 83' lang='lat' dir='ltr'><strong>cresceret.</strong></span> <span class='ocrx_word' id='word_1_150' title='bbox 1093 2311 1200 2367; x_wconf 85' lang='lat' dir='ltr'><strong>Nos</strong></span> <span class='ocrx_word' id='word_1_151' title='bbox 1225 2311 1404 2382; x_wconf 85' lang='lat' dir='ltr'><strong>itaque</strong></span> <span class='ocrx_word' id='word_1_152' title='bbox 1430 2311 1564 2367; x_wconf 88' lang='lat' dir='ltr'><strong>duos</strong></span> <span class='ocrx_word' id='word_1_153' title='bbox 1584 2311 1720 2377; x_wconf 87' lang='lat' dir='ltr'><strong>dies,</strong></span> <span class='ocrx_word' id='word_1_154' title='bbox 1750 2309 1901 2365; x_wconf 86' lang='lat' dir='ltr'><strong>Nati-</strong></span> 
     </span>
    </p>
   </div>
   <div class='ocr_carea' id='block_1_23' title="bbox 325 2401 1901 2472">
    <p class='ocr_par' dir='ltr' id='par_1_23' title="bbox 325 2401 1901 2472">
     <span class='ocr_line' id='line_1_23' title="bbox 325 2401 1901 2472; baseline -0.004 -11"><span class='ocrx_word' id='word_1_155' title='bbox 325 2408 503 2462; x_wconf 86' lang='lat' dir='ltr'><strong>vitatis</strong></span> <span class='ocrx_word' id='word_1_156' title='bbox 523 2417 576 2462; x_wconf 91' lang='lat' dir='ltr'><strong>et</strong></span> <span class='ocrx_word' id='word_1_157' title='bbox 601 2405 1038 2462; x_wconf 78' lang='lat' dir='ltr'><strong>Manifestationis</strong></span> <span class='ocrx_word' id='word_1_158' title='bbox 1061 2403 1265 2458; x_wconf 90' lang='lat' dir='ltr'><strong>Domini</strong></span> <span class='ocrx_word' id='word_1_159' title='bbox 1295 2403 1500 2468; x_wconf 89' lang='lat' dir='ltr'><strong>nostri,</strong></span> <span class='ocrx_word' id='word_1_160' title='bbox 1524 2402 1782 2472; x_wconf 88' lang='lat' dir='ltr'><strong>spirituali</strong></span> <span class='ocrx_word' id='word_1_161' title='bbox 1809 2401 1901 2456; x_wconf 76' lang='lat' dir='ltr'><strong>la:-</strong></span> 
     </span>
    </p>
   </div>
   <div class='ocr_carea' id='block_1_24' title="bbox 329 2490 1901 2567">
    <p class='ocr_par' dir='ltr' id='par_1_24' title="bbox 329 2490 1901 2567">
     <span class='ocr_line' id='line_1_24' title="bbox 329 2490 1901 2567; baseline -0.004 -16"><span class='ocrx_word' id='word_1_162' title='bbox 329 2498 440 2552; x_wconf 91' lang='lat' dir='ltr'><strong>titia</strong></span> <span class='ocrx_word' id='word_1_163' title='bbox 483 2496 812 2567; x_wconf 88' lang='lat' dir='ltr'><strong>gratissimos</strong></span> <span class='ocrx_word' id='word_1_164' title='bbox 850 2494 1159 2549; x_wconf 81' lang='lat' dir='ltr'><strong>habeamus.</strong></span> <span class='ocrx_word' id='word_1_165' title='bbox 1188 2491 1356 2548; x_wconf 76' lang='grc' dir='ltr'>,ιιιάωί</span> <span class='ocrx_word' id='word_1_166' title='bbox 1402 2501 1640 2561; x_wconf 89' lang='lat' dir='ltr'><strong>pastores</strong></span> <span class='ocrx_word' id='word_1_167' title='bbox 1669 2490 1737 2546; x_wconf 89' lang='lat' dir='ltr'><strong>ad</strong></span> <span class='ocrx_word' id='word_1_168' title='bbox 1779 2505 1901 2546; x_wconf 91' lang='lat' dir='ltr'><strong>eum</strong></span> 
     </span>
    </p>
   </div>
   <div class='ocr_carea' id='block_1_25' title="bbox 327 2581 1906 2659">
    <p class='ocr_par' dir='ltr' id='par_1_25' title="bbox 327 2581 1906 2659">
     <span class='ocr_line' id='line_1_25' title="bbox 327 2581 1906 2659; baseline -0.006 -15"><span class='ocrx_word' id='word_1_169' title='bbox 327 2587 517 2659; x_wconf 87' lang='lat' dir='ltr'><strong>angelo</strong></span> <span class='ocrx_word' id='word_1_170' title='bbox 565 2586 842 2641; x_wconf 89' lang='lat' dir='ltr'><strong>nuntiante</strong></span> <span class='ocrx_word' id='word_1_171' title='bbox 866 2627 882 2652; x_wconf 88' lang='lat'><strong>,</strong></span> <span class='ocrx_word' id='word_1_172' title='bbox 907 2583 1135 2654; x_wconf 77' lang='lat' dir='ltr'><strong>gentiles</strong></span> <span class='ocrx_word' id='word_1_173' title='bbox 1157 2582 1290 2653; x_wconf 80' lang='lat' dir='ltr'><strong>Magi</strong></span> <span class='ocrx_word' id='word_1_174' title='bbox 1325 2581 1480 2637; x_wconf 88' lang='lat' dir='ltr'><strong>stella</strong></span> <span class='ocrx_word' id='word_1_175' title='bbox 1503 2581 1906 2636; x_wconf 88' lang='lat' dir='ltr'><strong>demonstrante</strong></span> 
     </span>
    </p>
   </div>
   <div class='ocr_carea' id='block_1_26' title="bbox 329 2671 1906 2748">
    <p class='ocr_par' dir='ltr' id='par_1_26' title="bbox 329 2671 1906 2748">
     <span class='ocr_line' id='line_1_26' title="bbox 329 2671 1906 2748; baseline -0.004 -15"><span class='ocrx_word' id='word_1_176' title='bbox 329 2676 569 2748; x_wconf 82' lang='lat' dir='ltr'><strong>perducti</strong></span> <span class='ocrx_word' id='word_1_177' title='bbox 596 2684 740 2731; x_wconf 90' lang='lat' dir='ltr'><strong>sunt.</strong></span> <span class='ocrx_word' id='word_1_178' title='bbox 765 2675 889 2729; x_wconf 65' lang='lat' dir='ltr'><strong>llaac</strong></span> <span class='ocrx_word' id='word_1_179' title='bbox 914 2673 1070 2728; x_wconf 85' lang='lat' dir='ltr'><strong>stella</strong></span> <span class='ocrx_word' id='word_1_180' title='bbox 1098 2687 1262 2727; x_wconf 87' lang='lat' dir='ltr'><strong>vanas</strong></span> <span class='ocrx_word' id='word_1_181' title='bbox 1285 2671 1707 2742; x_wconf 86' lang='lat' dir='ltr'><strong>computationes</strong></span> <span class='ocrx_word' id='word_1_182' title='bbox 1734 2681 1906 2726; x_wconf 89' lang='lat' dir='ltr'><strong>astro-</strong></span> 
     </span>
    </p>
   </div>
   <div class='ocr_carea' id='block_1_27' title="bbox 328 2763 1904 2840">
    <p class='ocr_par' dir='ltr' id='par_1_27' title="bbox 328 2763 1904 2840">
     <span class='ocr_line' id='line_1_27' title="bbox 328 2763 1904 2840; baseline -0.003 -17"><span class='ocrx_word' id='word_1_183' title='bbox 328 2769 569 2840; x_wconf 80' lang='lat' dir='ltr'><strong>logorum</strong></span> <span class='ocrx_word' id='word_1_184' title='bbox 615 2766 1072 2836; x_wconf 86' lang='lat' dir='ltr'><strong>divinationesque</strong></span> <span class='ocrx_word' id='word_1_185' title='bbox 1121 2763 1400 2829; x_wconf 88' lang='lat' dir='ltr'><strong>confudit,</strong></span> <span class='ocrx_word' id='word_1_186' title='bbox 1449 2779 1572 2819; x_wconf 86' lang='lat' dir='ltr'><strong>cum</strong></span> <span class='ocrx_word' id='word_1_187' title='bbox 1632 2763 1904 2819; x_wconf 88' lang='lat' dir='ltr'><strong>stellarum</strong></span> 
     </span>
    </p>
   </div>
   <div class='ocr_carea' id='block_1_28' title="bbox 325 2855 1906 2916">
    <p class='ocr_par' dir='ltr' id='par_1_28' title="bbox 325 2855 1906 2916">
     <span class='ocr_line' id='line_1_28' title="bbox 325 2855 1906 2916; baseline -0.004 0"><span class='ocrx_word' id='word_1_188' title='bbox 325 2860 698 2916; x_wconf 85' lang='lat' dir='ltr'><strong>adoratoribus</strong></span> <span class='ocrx_word' id='word_1_189' title='bbox 737 2858 1044 2915; x_wconf 87' lang='lat' dir='ltr'><strong>Creatorem</strong></span> <span class='ocrx_word' id='word_1_190' title='bbox 1098 2857 1218 2914; x_wconf 70' lang='lat' dir='ltr'><strong>ctuti</strong></span> <span class='ocrx_word' id='word_1_191' title='bbox 1265 2866 1321 2912; x_wconf 91' lang='lat' dir='ltr'><strong>et</strong></span> <span class='ocrx_word' id='word_1_192' title='bbox 1366 2865 1522 2913; x_wconf 78' lang='lat' dir='ltr'><strong>teme</strong></span> <span class='ocrx_word' id='word_1_193' title='bbox 1576 2855 1906 2911; x_wconf 88' lang='lat' dir='ltr'><strong>adorandum</strong></span> 
     </span>
    </p>
   </div>
   <div class='ocr_carea' id='block_1_29' title="bbox 329 2944 1906 3024">
    <p class='ocr_par' dir='ltr' id='par_1_29' title="bbox 329 2944 1906 3024">
     <span class='ocr_line' id='line_1_29' title="bbox 329 2944 1906 3024; baseline -0.004 -18"><span class='ocrx_word' id='word_1_194' title='bbox 329 2952 505 3024; x_wconf 90' lang='lat' dir='ltr'><strong>potius</strong></span> <span class='ocrx_word' id='word_1_195' title='bbox 527 2950 934 3006; x_wconf 85' lang='lat' dir='ltr'><strong>demonstravit.</strong></span> <span class='ocrx_word' id='word_1_196' title='bbox 961 2948 1094 3004; x_wconf 84' lang='lat' dir='ltr'><strong>Nam</strong></span> <span class='ocrx_word' id='word_1_197' title='bbox 1119 2948 1232 3018; x_wconf 87' lang='lat' dir='ltr'><strong>ipse</strong></span> <span class='ocrx_word' id='word_1_198' title='bbox 1265 2961 1456 3002; x_wconf 86' lang='lat' dir='ltr'><strong>novam</strong></span> <span class='ocrx_word' id='word_1_199' title='bbox 1479 2947 1686 3002; x_wconf 84' lang='lat' dir='ltr'><strong>stellam</strong></span> <span class='ocrx_word' id='word_1_200' title='bbox 1723 2944 1906 3002; x_wconf 87' lang='lat' dir='ltr'><strong>decla-</strong></span> 
     </span>
    </p>
   </div>
   <div class='ocr_carea' id='block_1_30' title="bbox 329 3037 1905 3111">
    <p class='ocr_par' dir='ltr' id='par_1_30' title="bbox 329 3037 1905 3111">
     <span class='ocr_line' id='line_1_30' title="bbox 329 3037 1905 3111; baseline -0.004 -13"><span class='ocrx_word' id='word_1_201' title='bbox 329 3045 465 3098; x_wconf 80' lang='lat' dir='ltr'><strong>ravit</strong></span> <span class='ocrx_word' id='word_1_202' title='bbox 485 3051 672 3107; x_wconf 90' lang='lat' dir='ltr'><strong>natus,</strong></span> <span class='ocrx_word' id='word_1_203' title='bbox 700 3041 790 3111; x_wconf 88' lang='lat' dir='ltr'><strong>qui</strong></span> <span class='ocrx_word' id='word_1_204' title='bbox 827 3043 1100 3110; x_wconf 88' lang='lat' dir='ltr'><strong>antiquum</strong></span> <span class='ocrx_word' id='word_1_205' title='bbox 1131 3039 1301 3095; x_wconf 90' lang='lat' dir='ltr'><strong>solem</strong></span> <span class='ocrx_word' id='word_1_206' title='bbox 1330 3038 1632 3094; x_wconf 90' lang='lat' dir='ltr'><strong>obscuravit</strong></span> <span class='ocrx_word' id='word_1_207' title='bbox 1674 3037 1905 3094; x_wconf 88' lang='lat' dir='ltr'><strong>occisus.</strong></span> 
     </span>
    </p>
   </div>
   <div class='ocr_carea' id='block_1_31' title="bbox 338 3127 1910 3196">
    <p class='ocr_par' dir='ltr' id='par_1_31' title="bbox 338 3127 1910 3196">
     <span class='ocr_line' id='line_1_31' title="bbox 338 3127 1910 3196; baseline -0.003 -8"><span class='ocrx_word' id='word_1_208' title='bbox 338 3135 428 3188; x_wconf 89' lang='lat' dir='ltr'><strong>Illa</strong></span> <span class='ocrx_word' id='word_1_209' title='bbox 451 3133 569 3188; x_wconf 91' lang='lat' dir='ltr'><strong>luce</strong></span> <span class='ocrx_word' id='word_1_210' title='bbox 594 3132 837 3186; x_wconf 85' lang='lat' dir='ltr'><strong>inchoata</strong></span> <span class='ocrx_word' id='word_1_211' title='bbox 851 3138 935 3186; x_wconf 90' lang='lat' dir='ltr'><strong>est</strong></span> <span class='ocrx_word' id='word_1_212' title='bbox 948 3129 1076 3185; x_wconf 87' lang='lat' dir='ltr'><strong>fides</strong></span> <span class='ocrx_word' id='word_1_213' title='bbox 1093 3129 1361 3196; x_wconf 87' lang='lat' dir='ltr'><strong>Gentium;</strong></span> <span class='ocrx_word' id='word_1_214' title='bbox 1386 3128 1489 3185; x_wconf 88' lang='lat' dir='ltr'><strong>illis</strong></span> <span class='ocrx_word' id='word_1_215' title='bbox 1506 3127 1740 3184; x_wconf 84' lang='lat' dir='ltr'><strong>tenebris</strong></span> <span class='ocrx_word' id='word_1_216' title='bbox 1752 3141 1910 3184; x_wconf 87' lang='lat' dir='ltr'><strong>accu-</strong></span> 
     </span>
    </p>
   </div>
   <div class='ocr_carea' id='block_1_32' title="bbox 330 3220 1910 3294">
    <p class='ocr_par' dir='ltr' id='par_1_32' title="bbox 330 3220 1910 3294">
     <span class='ocr_line' id='line_1_32' title="bbox 330 3220 1910 3294; baseline -0.003 -13"><span class='ocrx_word' id='word_1_217' title='bbox 330 3234 443 3282; x_wconf 86' lang='lat' dir='ltr'><strong>sata</strong></span> <span class='ocrx_word' id='word_1_218' title='bbox 459 3234 542 3279; x_wconf 90' lang='lat' dir='ltr'><strong>est</strong></span> <span class='ocrx_word' id='word_1_219' title='bbox 554 3223 770 3294; x_wconf 83' lang='lat' dir='ltr'><strong>perfidia</strong></span> <span class='ocrx_word' id='word_1_220' title='bbox 783 3222 1108 3278; x_wconf 65' lang='lat' dir='ltr'><strong>Judteorum.</strong></span> <span class='ocrx_word' id='word_1_221' title='bbox 1121 3221 1256 3288; x_wconf 84' lang='lat' dir='ltr'><strong>Quid</strong></span> <span class='ocrx_word' id='word_1_222' title='bbox 1267 3231 1382 3275; x_wconf 87' lang='lat' dir='ltr'><strong>erat</strong></span> <span class='ocrx_word' id='word_1_223' title='bbox 1395 3221 1482 3275; x_wconf 90' lang='lat' dir='ltr'><strong>illa</strong></span> <span class='ocrx_word' id='word_1_224' title='bbox 1493 3220 1667 3285; x_wconf 80' lang='lat' dir='ltr'><strong>stella,</strong></span> <span class='ocrx_word' id='word_1_225' title='bbox 1681 3235 1799 3289; x_wconf 78' lang='lat' dir='ltr'><strong>quze</strong></span> <span class='ocrx_word' id='word_1_226' title='bbox 1811 3235 1910 3276; x_wconf 87' lang='lat' dir='ltr'><strong>nec</strong></span> 
     </span>
    </p>
   </div>
   <div class='ocr_carea' id='block_1_33' title="bbox 330 3310 1908 3387">
    <p class='ocr_par' dir='ltr' id='par_1_33' title="bbox 330 3310 1908 3387">
     <span class='ocr_line' id='line_1_33' title="bbox 330 3310 1908 3387; baseline -0.003 -16"><span class='ocrx_word' id='word_1_227' title='bbox 330 3331 561 3387; x_wconf 89' lang='lat' dir='ltr'><strong>unquam</strong></span> <span class='ocrx_word' id='word_1_228' title='bbox 590 3323 744 3370; x_wconf 90' lang='lat' dir='ltr'><strong>antea</strong></span> <span class='ocrx_word' id='word_1_229' title='bbox 775 3314 916 3369; x_wconf 89' lang='lat' dir='ltr'><strong>inter</strong></span> <span class='ocrx_word' id='word_1_230' title='bbox 951 3314 1126 3368; x_wconf 87' lang='lat' dir='ltr'><strong>sidera</strong></span> <span class='ocrx_word' id='word_1_231' title='bbox 1153 3310 1433 3382; x_wconf 89' lang='lat' dir='ltr'><strong>apparuit,</strong></span> <span class='ocrx_word' id='word_1_232' title='bbox 1478 3325 1576 3366; x_wconf 91' lang='lat' dir='ltr'><strong>nec</strong></span> <span class='ocrx_word' id='word_1_233' title='bbox 1601 3320 1781 3380; x_wconf 85' lang='lat' dir='ltr'><strong>postea</strong></span> <span class='ocrx_word' id='word_1_234' title='bbox 1811 3311 1908 3366; x_wconf 83' lang='lat' dir='ltr'><strong>de-</strong></span> 
     </span>
    </p>
   </div>
   <div class='ocr_carea' id='block_1_34' title="bbox 331 3401 1909 3475">
    <p class='ocr_par' dir='ltr' id='par_1_34' title="bbox 331 3401 1909 3475">
     <span class='ocr_line' id='line_1_34' title="bbox 331 3401 1909 3475; baseline -0.003 -14"><span class='ocrx_word' id='word_1_235' title='bbox 331 3405 670 3461; x_wconf 89' lang='lat' dir='ltr'><strong>monstranda</strong></span> <span class='ocrx_word' id='word_1_236' title='bbox 690 3404 1003 3475; x_wconf 77' lang='lat' dir='ltr'><strong>permansit?</strong></span> <span class='ocrx_word' id='word_1_237' title='bbox 1017 3403 1152 3470; x_wconf 84' lang='lat' dir='ltr'><strong>Quid</strong></span> <span class='ocrx_word' id='word_1_238' title='bbox 1169 3410 1303 3469; x_wconf 86' lang='lat' dir='ltr'><strong>erat,</strong></span> <span class='ocrx_word' id='word_1_239' title='bbox 1323 3402 1425 3457; x_wconf 89' lang='lat' dir='ltr'><strong>nisi</strong></span> <span class='ocrx_word' id='word_1_240' title='bbox 1445 3401 1718 3471; x_wconf 85' lang='lat' dir='ltr'><strong>magnifica</strong></span> <span class='ocrx_word' id='word_1_241' title='bbox 1735 3402 1909 3472; x_wconf 83' lang='lat' dir='ltr'><strong>lingua</strong></span> 
     </span>
    </p>
   </div>
   <div class='ocr_carea' id='block_1_35' title="bbox 329 3492 1912 3569">
    <p class='ocr_par' dir='ltr' id='par_1_35' title="bbox 329 3492 1912 3569">
     <span class='ocr_line' id='line_1_35' title="bbox 329 3492 1912 3569; baseline -0.005 -15"><span class='ocrx_word' id='word_1_242' title='bbox 329 3498 473 3564; x_wconf 62' lang='lat' dir='ltr'><strong>celi,</strong></span> <span class='ocrx_word' id='word_1_243' title='bbox 495 3513 614 3569; x_wconf 77' lang='lat' dir='ltr'><strong>qua:</strong></span> <span class='ocrx_word' id='word_1_244' title='bbox 637 3507 878 3552; x_wconf 85' lang='lat' dir='ltr'><strong>narraret</strong></span> <span class='ocrx_word' id='word_1_245' title='bbox 899 3496 1119 3566; x_wconf 85' lang='lat' dir='ltr'><strong>gloriam</strong></span> <span class='ocrx_word' id='word_1_246' title='bbox 1143 3494 1258 3560; x_wconf 86' lang='lat' dir='ltr'><strong>Dei,</strong></span> <span class='ocrx_word' id='word_1_247' title='bbox 1281 3508 1401 3564; x_wconf 74' lang='lat' dir='ltr'><strong>qua:</strong></span> <span class='ocrx_word' id='word_1_248' title='bbox 1423 3493 1728 3548; x_wconf 78' lang='lat' dir='ltr'><strong>inusitatum</strong></span> <span class='ocrx_word' id='word_1_249' title='bbox 1754 3492 1912 3562; x_wconf 88' lang='lat' dir='ltr'><strong>virgi-</strong></span> 
     </span>
    </p>
   </div>
   <div class='ocr_carea' id='block_1_36' title="bbox 332 3586 1912 3660">
    <p class='ocr_par' dir='ltr' id='par_1_36' title="bbox 332 3586 1912 3660">
     <span class='ocr_line' id='line_1_36' title="bbox 332 3586 1912 3660; baseline -0.002 -16"><span class='ocrx_word' id='word_1_250' title='bbox 332 3591 416 3644; x_wconf 89' lang='lat' dir='ltr'><strong>nis</strong></span> <span class='ocrx_word' id='word_1_251' title='bbox 443 3598 646 3660; x_wconf 85' lang='lat' dir='ltr'><strong>partum</strong></span> <span class='ocrx_word' id='word_1_252' title='bbox 678 3589 929 3644; x_wconf 89' lang='lat' dir='ltr'><strong>inusitato</strong></span> <span class='ocrx_word' id='word_1_253' title='bbox 955 3588 1157 3658; x_wconf 85' lang='lat' dir='ltr'><strong>fulgore</strong></span> <span class='ocrx_word' id='word_1_254' title='bbox 1181 3587 1458 3652; x_wconf 88' lang='lat' dir='ltr'><strong>clamaret,</strong></span> <span class='ocrx_word' id='word_1_255' title='bbox 1481 3586 1566 3641; x_wconf 90' lang='lat' dir='ltr'><strong>cui</strong></span> <span class='ocrx_word' id='word_1_256' title='bbox 1595 3595 1775 3656; x_wconf 86' lang='lat' dir='ltr'><strong>postea</strong></span> <span class='ocrx_word' id='word_1_257' title='bbox 1805 3601 1912 3641; x_wconf 88' lang='lat' dir='ltr'><strong>non</strong></span> 
     </span>
    </p>
   </div>
   <div class='ocr_carea' id='block_1_37' title="bbox 333 3677 1916 3751">
    <p class='ocr_par' dir='ltr' id='par_1_37' title="bbox 333 3677 1916 3751">
     <span class='ocr_line' id='line_1_37' title="bbox 333 3677 1916 3751; baseline -0.002 -16"><span class='ocrx_word' id='word_1_258' title='bbox 333 3681 604 3751; x_wconf 83' lang='lat' dir='ltr'><strong>apparenti</strong></span> <span class='ocrx_word' id='word_1_259' title='bbox 631 3680 973 3748; x_wconf 88' lang='lat' dir='ltr'><strong>Evangelium</strong></span> <span class='ocrx_word' id='word_1_260' title='bbox 1005 3687 1115 3734; x_wconf 90' lang='lat' dir='ltr'><strong>toto</strong></span> <span class='ocrx_word' id='word_1_261' title='bbox 1143 3678 1272 3732; x_wconf 87' lang='lat' dir='ltr'><strong>orbe</strong></span> <span class='ocrx_word' id='word_1_262' title='bbox 1295 3677 1629 3733; x_wconf 82' lang='lat' dir='ltr'><strong>succederet?</strong></span> <span class='ocrx_word' id='word_1_263' title='bbox 1655 3677 1789 3745; x_wconf 82' lang='lat' dir='ltr'><strong>Quid</strong></span> <span class='ocrx_word' id='word_1_264' title='bbox 1818 3677 1916 3733; x_wconf 88' lang='lat' dir='ltr'><strong>de-</strong></span> 
     </span>
    </p>
   </div>
   <div class='ocr_carea' id='block_1_38' title="bbox 336 3766 1912 3842">
    <p class='ocr_par' dir='ltr' id='par_1_38' title="bbox 336 3766 1912 3842">
     <span class='ocr_line' id='line_1_38' title="bbox 336 3766 1912 3842; baseline -0.004 -16"><span class='ocrx_word' id='word_1_265' title='bbox 336 3773 494 3841; x_wconf 88' lang='lat' dir='ltr'><strong>nique</strong></span> <span class='ocrx_word' id='word_1_266' title='bbox 531 3771 663 3842; x_wconf 82' lang='lat' dir='ltr'><strong>Magi</strong></span> <span class='ocrx_word' id='word_1_267' title='bbox 702 3772 979 3825; x_wconf 88' lang='lat' dir='ltr'><strong>venientes</strong></span> <span class='ocrx_word' id='word_1_268' title='bbox 1004 3766 1292 3824; x_wconf 70' lang='lat' dir='ltr'><strong>dixerunt?</strong></span> <span class='ocrx_word' id='word_1_269' title='bbox 1326 3766 1422 3822; x_wconf 88' lang='lat' dir='ltr'><strong>Ubi</strong></span> <span class='ocrx_word' id='word_1_270' title='bbox 1456 3777 1528 3821; x_wconf 87' lang='lat' dir='ltr'><strong>est</strong></span> <span class='ocrx_word' id='word_1_271' title='bbox 1555 3769 1641 3838; x_wconf 81' lang='lat' dir='ltr'><strong>qui</strong></span> <span class='ocrx_word' id='word_1_272' title='bbox 1667 3778 1815 3821; x_wconf 86' lang='lat' dir='ltr'><strong>natus</strong></span> <span class='ocrx_word' id='word_1_273' title='bbox 1839 3775 1912 3822; x_wconf 90' lang='lat' dir='ltr'><strong>est</strong></span> 
     </span>
    </p>
   </div>
   <div class='ocr_carea' id='block_1_39' title="bbox 334 3857 1913 3928">
    <p class='ocr_par' dir='ltr' id='par_1_39' title="bbox 334 3857 1913 3928">
     <span class='ocr_line' id='line_1_39' title="bbox 334 3857 1913 3928; baseline -0.002 -11"><span class='ocrx_word' id='word_1_274' title='bbox 334 3879 426 3918; x_wconf 76' lang='lat' dir='ltr'><strong>rea:</strong></span> <span class='ocrx_word' id='word_1_275' title='bbox 445 3861 482 3915; x_wconf 78' lang='grc' dir='ltr'><em>Ι</em></span> <span class='ocrx_word' id='word_1_276' title='bbox 487 3862 788 3916; x_wconf 70' lang='lat' dir='ltr'><strong>admoram?</strong></span> <span class='ocrx_word' id='word_1_277' title='bbox 812 3860 949 3928; x_wconf 91' lang='lat' dir='ltr'><strong>Quid</strong></span> <span class='ocrx_word' id='word_1_278' title='bbox 973 3869 1057 3915; x_wconf 83' lang='lat' dir='ltr'><strong>est</strong></span> <span class='ocrx_word' id='word_1_279' title='bbox 1081 3859 1182 3912; x_wconf 90' lang='lat' dir='ltr'><strong>hoc</strong></span> <span class='ocrx_word' id='word_1_280' title='bbox 1199 3860 1222 3912; x_wconf 81' lang='lat'><strong>?</strong></span> <span class='ocrx_word' id='word_1_281' title='bbox 1241 3857 1430 3913; x_wconf 82' lang='lat' dir='ltr'><strong>Nonne</strong></span> <span class='ocrx_word' id='word_1_282' title='bbox 1456 3867 1562 3912; x_wconf 89' lang='lat' dir='ltr'><strong>tam</strong></span> <span class='ocrx_word' id='word_1_283' title='bbox 1588 3860 1738 3913; x_wconf 91' lang='lat' dir='ltr'><strong>multi</strong></span> <span class='ocrx_word' id='word_1_284' title='bbox 1757 3868 1913 3914; x_wconf 83' lang='lat' dir='ltr'><strong>antea</strong></span> 
     </span>
    </p>
   </div>
   <div class='ocr_carea' id='block_1_40' title="bbox 338 3948 1914 4024">
    <p class='ocr_par' dir='ltr' id='par_1_40' title="bbox 338 3948 1914 4024">
     <span class='ocr_line' id='line_1_40' title="bbox 338 3948 1914 4024; baseline -0.003 -15"><span class='ocrx_word' id='word_1_285' title='bbox 338 3969 490 4024; x_wconf 85' lang='lat' dir='ltr'><strong>reges</strong></span> <span class='ocrx_word' id='word_1_286' title='bbox 532 3961 686 4008; x_wconf 87' lang='lat' dir='ltr'><strong>erant</strong></span> <span class='ocrx_word' id='word_1_287' title='bbox 727 3953 836 4006; x_wconf 90' lang='lat' dir='ltr'><strong>nati</strong></span> <span class='ocrx_word' id='word_1_288' title='bbox 873 3949 1218 4006; x_wconf 74' lang='lat' dir='ltr'><strong>Judazorutn?</strong></span> <span class='ocrx_word' id='word_1_289' title='bbox 1247 3948 1384 4016; x_wconf 92' lang='lat' dir='ltr'><strong>Quid</strong></span> <span class='ocrx_word' id='word_1_290' title='bbox 1425 3958 1701 4020; x_wconf 85' lang='lat' dir='ltr'><strong>tantopere</strong></span> <span class='ocrx_word' id='word_1_291' title='bbox 1725 3950 1914 4006; x_wconf 76' lang='lat' dir='ltr'><strong>aliena:</strong></span> 
     </span>
    </p>
   </div>
   <div class='ocr_carea' id='block_1_41' title="bbox 337 4042 1916 4117">
    <p class='ocr_par' dir='ltr' id='par_1_41' title="bbox 337 4042 1916 4117">
     <span class='ocr_line' id='line_1_41' title="bbox 337 4042 1916 4117; baseline -0.004 -15"><span class='ocrx_word' id='word_1_292' title='bbox 337 4047 508 4117; x_wconf 88' lang='lat' dir='ltr'><strong>gentis</strong></span> <span class='ocrx_word' id='word_1_293' title='bbox 538 4061 716 4117; x_wconf 86' lang='lat' dir='ltr'><strong>regem</strong></span> <span class='ocrx_word' id='word_1_294' title='bbox 762 4059 922 4100; x_wconf 85' lang='lat' dir='ltr'><strong>nosse</strong></span> <span class='ocrx_word' id='word_1_295' title='bbox 966 4053 1022 4098; x_wconf 89' lang='lat' dir='ltr'><strong>et</strong></span> <span class='ocrx_word' id='word_1_296' title='bbox 1057 4042 1282 4098; x_wconf 81' lang='lat' dir='ltr'><strong>adomre</strong></span> <span class='ocrx_word' id='word_1_297' title='bbox 1318 4042 1634 4112; x_wconf 84' lang='lat' dir='ltr'><strong>cupierunt?</strong></span> <span class='ocrx_word' id='word_1_298' title='bbox 1689 4042 1916 4097; x_wconf 79' lang='lat' dir='ltr'><strong>Vidimus</strong></span> 
     </span>
    </p>
   </div>
   <div class='ocr_carea' id='block_1_42' title="bbox 337 4132 1916 4208">
    <p class='ocr_par' dir='ltr' id='par_1_42' title="bbox 337 4132 1916 4208">
     <span class='ocr_line' id='line_1_42' title="bbox 337 4132 1916 4208; baseline -0.003 -15"><span class='ocrx_word' id='word_1_299' title='bbox 337 4139 507 4205; x_wconf 86' lang='lat' dir='ltr'><strong>enim,</strong></span> <span class='ocrx_word' id='word_1_300' title='bbox 533 4139 776 4208; x_wconf 87' lang='lat' dir='ltr'><strong>inquiunt</strong></span> <span class='ocrx_word' id='word_1_301' title='bbox 799 4177 814 4201; x_wconf 88' lang='lat'><strong>,</strong></span> <span class='ocrx_word' id='word_1_302' title='bbox 861 4135 1061 4190; x_wconf 80' lang='lat' dir='ltr'><strong>stellam</strong></span> <span class='ocrx_word' id='word_1_303' title='bbox 1089 4136 1198 4204; x_wconf 87' lang='lat' dir='ltr'><strong>ejus</strong></span> <span class='ocrx_word' id='word_1_304' title='bbox 1232 4134 1283 4186; x_wconf 86' lang='lat' dir='ltr'><strong>in</strong></span> <span class='ocrx_word' id='word_1_305' title='bbox 1323 4132 1528 4187; x_wconf 78' lang='lat' dir='ltr'><strong>Oriente</strong></span> <span class='ocrx_word' id='word_1_306' title='bbox 1550 4174 1564 4197; x_wconf 93' lang='lat'><strong>,</strong></span> <span class='ocrx_word' id='word_1_307' title='bbox 1605 4141 1650 4186; x_wconf 82' lang='lat' dir='ltr'><strong>et</strong></span> <span class='ocrx_word' id='word_1_308' title='bbox 1691 4133 1916 4188; x_wconf 78' lang='lat' dir='ltr'><strong>venimus</strong></span> 
     </span>
    </p>
   </div>
   <div class='ocr_carea' id='block_1_43' title="bbox 337 4225 1915 4298">
    <p class='ocr_par' dir='ltr' id='par_1_43' title="bbox 337 4225 1915 4298">
     <span class='ocr_line' id='line_1_43' title="bbox 337 4225 1915 4298; baseline -0.003 -16"><span class='ocrx_word' id='word_1_309' title='bbox 337 4228 554 4283; x_wconf 83' lang='lat' dir='ltr'><strong>adorare</strong></span> <span class='ocrx_word' id='word_1_310' title='bbox 576 4245 687 4282; x_wconf 86' lang='lat' dir='ltr'><strong>eum</strong></span> <span class='ocrx_word' id='word_1_311' title='bbox 711 4227 923 4298; x_wconf 74' lang='lat' dir='ltr'><strong>(Matth.</strong></span> <span class='ocrx_word' id='word_1_312' title='bbox 953 4243 1009 4292; x_wconf 84' lang='lat' dir='ltr'><strong>tt,</strong></span> <span class='ocrx_word' id='word_1_313' title='bbox 1035 4227 1116 4298; x_wconf 74' lang='lat'><strong>‘2).</strong></span> <span class='ocrx_word' id='word_1_314' title='bbox 1159 4225 1423 4297; x_wconf 83' lang='lat' dir='ltr'><strong>Numquid</strong></span> <span class='ocrx_word' id='word_1_315' title='bbox 1450 4225 1551 4280; x_wconf 88' lang='lat' dir='ltr'><strong>hoc</strong></span> <span class='ocrx_word' id='word_1_316' title='bbox 1577 4235 1717 4280; x_wconf 87' lang='lat' dir='ltr'><strong>tanta</strong></span> <span class='ocrx_word' id='word_1_317' title='bbox 1747 4225 1915 4281; x_wconf 85' lang='lat' dir='ltr'><strong>devo-</strong></span> 
     </span>
    </p>
   </div>
   <div class='ocr_carea' id='block_1_44' title="bbox 340 4319 1914 4391">
    <p class='ocr_par' dir='ltr' id='par_1_44' title="bbox 340 4319 1914 4391">
     <span class='ocr_line' id='line_1_44' title="bbox 340 4319 1914 4391; baseline -0.001 -15"><span class='ocrx_word' id='word_1_318' title='bbox 340 4323 484 4376; x_wconf 84' lang='lat' dir='ltr'><strong>tione</strong></span> <span class='ocrx_word' id='word_1_319' title='bbox 509 4321 874 4391; x_wconf 88' lang='lat' dir='ltr'><strong>requirerent,</strong></span> <span class='ocrx_word' id='word_1_320' title='bbox 904 4329 1050 4375; x_wconf 89' lang='lat' dir='ltr'><strong>tanto</strong></span> <span class='ocrx_word' id='word_1_321' title='bbox 1081 4320 1291 4389; x_wconf 88' lang='lat' dir='ltr'><strong>pietatis</strong></span> <span class='ocrx_word' id='word_1_322' title='bbox 1313 4319 1501 4374; x_wconf 76' lang='lat' dir='ltr'><strong>affectu</strong></span> <span class='ocrx_word' id='word_1_323' title='bbox 1527 4319 1914 4384; x_wconf 86' lang='lat' dir='ltr'><strong>desiderarent,</strong></span> 
     </span>
    </p>
   </div>
   <div class='ocr_carea' id='block_1_45' title="bbox 339 4410 1918 4483">
    <p class='ocr_par' dir='ltr' id='par_1_45' title="bbox 339 4410 1918 4483">
     <span class='ocr_line' id='line_1_45' title="bbox 339 4410 1918 4483; baseline -0.003 -15"><span class='ocrx_word' id='word_1_324' title='bbox 339 4415 443 4469; x_wconf 85' lang='lat' dir='ltr'><strong>nisi</strong></span> <span class='ocrx_word' id='word_1_325' title='bbox 470 4429 590 4468; x_wconf 90' lang='lat' dir='ltr'><strong>eum</strong></span> <span class='ocrx_word' id='word_1_326' title='bbox 633 4420 986 4483; x_wconf 84' lang='lat' dir='ltr'><strong>agnoscerent</strong></span> <span class='ocrx_word' id='word_1_327' title='bbox 1015 4426 1192 4482; x_wconf 86' lang='lat' dir='ltr'><strong>regem</strong></span> <span class='ocrx_word' id='word_1_328' title='bbox 1222 4410 1528 4467; x_wconf 66' lang='lat' dir='ltr'><strong>Judaorum</strong></span> <span class='ocrx_word' id='word_1_329' title='bbox 1554 4451 1569 4480; x_wconf 89' lang='lat'><strong>,</strong></span> <span class='ocrx_word' id='word_1_330' title='bbox 1599 4411 1688 4482; x_wconf 91' lang='lat' dir='ltr'><strong>qui</strong></span> <span class='ocrx_word' id='word_1_331' title='bbox 1715 4427 1810 4466; x_wconf 88' lang='lat' dir='ltr'><strong>rex</strong></span> <span class='ocrx_word' id='word_1_332' title='bbox 1835 4421 1918 4467; x_wconf 88' lang='lat' dir='ltr'><strong>est</strong></span> 
     </span>
    </p>
   </div>
   <div class='ocr_carea' id='block_1_46' title="bbox 338 4504 879 4560">
    <p class='ocr_par' dir='ltr' id='par_1_46' title="bbox 338 4504 879 4560">
     <span class='ocr_line' id='line_1_46' title="bbox 338 4504 879 4560; baseline -0.006 -1"><span class='ocrx_word' id='word_1_333' title='bbox 338 4505 497 4560; x_wconf 88' lang='lat' dir='ltr'><strong>etiam</strong></span> <span class='ocrx_word' id='word_1_334' title='bbox 525 4504 879 4559; x_wconf 66' lang='lat' dir='ltr'><strong>saeculorum?</strong></span> 
     </span>
    </p>
   </div>
   <div class='ocr_carea' id='block_1_47' title="bbox 409 4593 1918 4667">
    <p class='ocr_par' dir='ltr' id='par_1_47' title="bbox 409 4593 1918 4667">
     <span class='ocr_line' id='line_1_47' title="bbox 409 4593 1918 4667; baseline -0.001 -15"><span class='ocrx_word' id='word_1_335' title='bbox 409 4596 633 4652; x_wconf 80' lang='lat' dir='ltr'><strong>CAPUT</strong></span> <span class='ocrx_word' id='word_1_336' title='bbox 665 4597 727 4649; x_wconf 91' lang='lat' dir='ltr'><strong>ll.</strong></span> <span class='ocrx_word' id='word_1_337' title='bbox 747 4623 820 4636; x_wconf 87' lang='lat'><strong>—-</strong></span> <span class='ocrx_word' id='word_1_338' title='bbox 837 4595 892 4649; x_wconf 71' lang='lat'><strong>2.</strong></span> <span class='ocrx_word' id='word_1_339' title='bbox 915 4593 983 4648; x_wconf 84' lang='grc' dir='ltr'><em>1η</em></span> <span class='ocrx_word' id='word_1_340' title='bbox 1005 4593 1176 4650; x_wconf 85' lang='lat' dir='ltr'><strong>Pilato</strong></span> <span class='ocrx_word' id='word_1_341' title='bbox 1197 4603 1246 4650; x_wconf 86' lang='lat' dir='ltr'><strong>et</strong></span> <span class='ocrx_word' id='word_1_342' title='bbox 1269 4595 1437 4665; x_wconf 72' lang='lat' dir='ltr'><strong>Magis</strong></span> <span class='ocrx_word' id='word_1_343' title='bbox 1463 4594 1761 4667; x_wconf 71' lang='lat' dir='ltr'><strong>significata</strong></span> <span class='ocrx_word' id='word_1_344' title='bbox 1779 4596 1918 4651; x_wconf 77' lang='lat' dir='ltr'><strong>Oen-</strong></span> 
     </span>
    </p>
   </div>
   <div class='ocr_carea' id='block_1_48' title="bbox 342 4685 1922 4756">
    <p class='ocr_par' dir='ltr' id='par_1_48' title="bbox 342 4685 1922 4756">
     <span class='ocr_line' id='line_1_48' title="bbox 342 4685 1922 4756; baseline -0.002 -12"><span class='ocrx_word' id='word_1_345' title='bbox 342 4699 414 4744; x_wconf 87' lang='lat' dir='ltr'><strong>tes</strong></span> <span class='ocrx_word' id='word_1_346' title='bbox 441 4689 504 4742; x_wconf 84' lang='lat' dir='ltr'><strong>ab</strong></span> <span class='ocrx_word' id='word_1_347' title='bbox 532 4687 736 4741; x_wconf 79' lang='lat' dir='ltr'><strong>Oriente</strong></span> <span class='ocrx_word' id='word_1_348' title='bbox 759 4697 806 4740; x_wconf 91' lang='lat' dir='ltr'><strong>et</strong></span> <span class='ocrx_word' id='word_1_349' title='bbox 833 4685 1104 4742; x_wconf 78' lang='lat' dir='ltr'><strong>Occidente</strong></span> <span class='ocrx_word' id='word_1_350' title='bbox 1129 4687 1512 4756; x_wconf 71' lang='lat' dir='ltr'><strong>congreganda.</strong></span> <span class='ocrx_word' id='word_1_351' title='bbox 1542 4685 1676 4740; x_wconf 89' lang='lat' dir='ltr'><strong>Hinc</strong></span> <span class='ocrx_word' id='word_1_352' title='bbox 1701 4696 1758 4742; x_wconf 88' lang='lat' dir='ltr'><strong>et</strong></span> <span class='ocrx_word' id='word_1_353' title='bbox 1781 4687 1922 4742; x_wconf 85' lang='lat' dir='ltr'><strong>Pila-</strong></span> 
     </span>
    </p>
   </div>
   <div class='ocr_carea' id='block_1_49' title="bbox 341 4776 1920 4848">
    <p class='ocr_par' dir='ltr' id='par_1_49' title="bbox 341 4776 1920 4848">
     <span class='ocr_line' id='line_1_49' title="bbox 341 4776 1920 4848; baseline -0.002 -13"><span class='ocrx_word' id='word_1_354' title='bbox 341 4791 426 4836; x_wconf 90' lang='lat' dir='ltr'><strong>tus</strong></span> <span class='ocrx_word' id='word_1_355' title='bbox 447 4779 695 4835; x_wconf 86' lang='lat' dir='ltr'><strong>nonnulla</strong></span> <span class='ocrx_word' id='word_1_356' title='bbox 717 4778 897 4848; x_wconf 85' lang='lat' dir='ltr'><strong>utique</strong></span> <span class='ocrx_word' id='word_1_357' title='bbox 915 4793 1044 4832; x_wconf 87' lang='lat' dir='ltr'><strong>aura</strong></span> <span class='ocrx_word' id='word_1_358' title='bbox 1065 4777 1302 4834; x_wconf 82' lang='lat' dir='ltr'><strong>veritatis</strong></span> <span class='ocrx_word' id='word_1_359' title='bbox 1323 4780 1339 4810; x_wconf 78' lang='lat'>&#39;</span> <span class='ocrx_word' id='word_1_360' title='bbox 1356 4776 1564 4832; x_wconf 78' lang='lat' dir='ltr'><strong>amatus</strong></span> <span class='ocrx_word' id='word_1_361' title='bbox 1583 4785 1686 4840; x_wconf 90' lang='lat' dir='ltr'><strong>est,</strong></span> <span class='ocrx_word' id='word_1_362' title='bbox 1709 4778 1920 4848; x_wconf 87' lang='lat' dir='ltr'><strong>quando</strong></span> 
     </span>
    </p>
   </div>
   <div class='ocr_carea' id='block_1_50' title="bbox 342 4866 1919 4944">
    <p class='ocr_par' dir='ltr' id='par_1_50' title="bbox 342 4866 1919 4944">
     <span class='ocr_line' id='line_1_50' title="bbox 342 4866 1919 4944; baseline -0.004 -15"><span class='ocrx_word' id='word_1_363' title='bbox 342 4874 396 4929; x_wconf 86' lang='lat' dir='ltr'><strong>in</strong></span> <span class='ocrx_word' id='word_1_364' title='bbox 437 4873 554 4944; x_wconf 84' lang='lat' dir='ltr'><strong>ejus</strong></span> <span class='ocrx_word' id='word_1_365' title='bbox 598 4871 844 4941; x_wconf 85' lang='lat' dir='ltr'><strong>passione</strong></span> <span class='ocrx_word' id='word_1_366' title='bbox 886 4869 1096 4924; x_wconf 90' lang='lat' dir='ltr'><strong>titulum</strong></span> <span class='ocrx_word' id='word_1_367' title='bbox 1142 4869 1393 4940; x_wconf 85' lang='lat' dir='ltr'><strong>scripsit,</strong></span> <span class='ocrx_word' id='word_1_368' title='bbox 1427 4869 1538 4924; x_wconf 74' lang='lat' dir='ltr'><strong>Rea:</strong></span> <span class='ocrx_word' id='word_1_369' title='bbox 1571 4866 1870 4922; x_wconf 60' lang='lat' dir='ltr'><strong>Iudaeorum</strong></span> <span class='ocrx_word' id='word_1_370' title='bbox 1899 4884 1919 4922; x_wconf 90' lang='lat'><strong><em>:</em></strong></span> 
     </span>
    </p>
   </div>
   <div class='ocr_carea' id='block_1_51' title="bbox 338 4959 1922 5036">
    <p class='ocr_par' dir='ltr' id='par_1_51' title="bbox 338 4959 1922 5036">
     <span class='ocr_line' id='line_1_51' title="bbox 338 4959 1922 5036; baseline -0.003 -16"><span class='ocrx_word' id='word_1_371' title='bbox 338 4980 498 5036; x_wconf 85' lang='lat' dir='ltr'><strong>quem</strong></span> <span class='ocrx_word' id='word_1_372' title='bbox 534 4964 702 5020; x_wconf 66' lang='lat' dir='ltr'><strong>Judaei</strong></span> <span class='ocrx_word' id='word_1_373' title='bbox 729 4964 904 5019; x_wconf 83' lang='lat' dir='ltr'><strong>conati</strong></span> <span class='ocrx_word' id='word_1_374' title='bbox 930 4969 1056 5018; x_wconf 91' lang='lat' dir='ltr'><strong>sunt</strong></span> <span class='ocrx_word' id='word_1_375' title='bbox 1080 4960 1318 5017; x_wconf 85' lang='lat' dir='ltr'><strong>mendosi</strong></span> <span class='ocrx_word' id='word_1_376' title='bbox 1344 4959 1631 5016; x_wconf 87' lang='lat' dir='ltr'><strong>emendare</strong></span> <span class='ocrx_word' id='word_1_377' title='bbox 1651 4963 1692 5013; x_wconf 80' lang='grc'><strong>¹.</strong></span> <span class='ocrx_word' id='word_1_378' title='bbox 1719 4959 1922 5026; x_wconf 89' lang='lat' dir='ltr'><strong>Quibus</strong></span> 
     </span>
    </p>
   </div>
   <div class='ocr_carea' id='block_1_52' title="bbox 341 5053 1922 5129">
    <p class='ocr_par' dir='ltr' id='par_1_52' title="bbox 341 5053 1922 5129">
     <span class='ocr_line' id='line_1_52' title="bbox 341 5053 1922 5129; baseline -0.004 -14"><span class='ocrx_word' id='word_1_379' title='bbox 341 5060 432 5116; x_wconf 83' lang='lat' dir='ltr'><strong>ille</strong></span> <span class='ocrx_word' id='word_1_380' title='bbox 456 5057 767 5129; x_wconf 81' lang='lat' dir='ltr'><strong>respondit,</strong></span> <span class='ocrx_word' id='word_1_381' title='bbox 805 5056 953 5124; x_wconf 84' lang='lat' dir='ltr'><strong>Quod</strong></span> <span class='ocrx_word' id='word_1_382' title='bbox 987 5055 1168 5126; x_wconf 75' lang='lat' dir='ltr'><strong>scripsi</strong></span> <span class='ocrx_word' id='word_1_383' title='bbox 1191 5095 1208 5120; x_wconf 94' lang='lat'><strong>,</strong></span> <span class='ocrx_word' id='word_1_384' title='bbox 1239 5055 1417 5124; x_wconf 83' lang='lat' dir='ltr'><strong>scripsi</strong></span> <span class='ocrx_word' id='word_1_385' title='bbox 1443 5053 1621 5125; x_wconf 76' lang='lat' dir='ltr'><strong>(locu.</strong></span> <span class='ocrx_word' id='word_1_386' title='bbox 1677 5069 1762 5108; x_wconf 77' lang='lat' dir='ltr'><strong>xix</strong></span> <span class='ocrx_word' id='word_1_387' title='bbox 1787 5094 1801 5119; x_wconf 94' lang='lat'><strong>,</strong></span> <span class='ocrx_word' id='word_1_388' title='bbox 1854 5053 1922 5108; x_wconf 78' lang='lat' dir='ltr'><strong>l9</strong></span> 
     </span>
    </p>
   </div>
   <div class='ocr_carea' id='block_1_53' title="bbox 340 5143 1923 5221">
    <p class='ocr_par' dir='ltr' id='par_1_53' title="bbox 340 5143 1923 5221">
     <span class='ocr_line' id='line_1_53' title="bbox 340 5143 1923 5221; baseline -0.005 -16"><span class='ocrx_word' id='word_1_389' title='bbox 340 5149 432 5221; x_wconf 72' lang='grc'><strong>22)</strong></span> <span class='ocrx_word' id='word_1_390' title='bbox 464 5167 480 5204; x_wconf 90' lang='lat'><strong>:</strong></span> <span class='ocrx_word' id='word_1_391' title='bbox 510 5149 634 5219; x_wconf 85' lang='lat' dir='ltr'><strong>quia</strong></span> <span class='ocrx_word' id='word_1_392' title='bbox 678 5149 990 5219; x_wconf 66' lang='lat' dir='ltr'><strong>praedictum</strong></span> <span class='ocrx_word' id='word_1_393' title='bbox 1033 5156 1150 5201; x_wconf 82' lang='lat' dir='ltr'><strong>erat</strong></span> <span class='ocrx_word' id='word_1_394' title='bbox 1190 5148 1244 5200; x_wconf 88' lang='lat' dir='ltr'><strong>in</strong></span> <span class='ocrx_word' id='word_1_395' title='bbox 1269 5145 1479 5200; x_wconf 87' lang='lat' dir='ltr'><strong>Psalmo</strong></span> <span class='ocrx_word' id='word_1_396' title='bbox 1502 5186 1517 5210; x_wconf 91' lang='lat'><strong>,</strong></span> <span class='ocrx_word' id='word_1_397' title='bbox 1551 5143 1710 5198; x_wconf 82' lang='lat' dir='ltr'><strong>Tituli</strong></span> <span class='ocrx_word' id='word_1_398' title='bbox 1738 5143 1923 5198; x_wconf 77' lang='lat' dir='ltr'><strong>inseri-</strong></span> 
     </span>
    </p>
   </div>
   <div class='ocr_carea' id='block_1_54' title="bbox 342 5237 1925 5313">
    <p class='ocr_par' dir='ltr' id='par_1_54' title="bbox 342 5237 1925 5313">
     <span class='ocr_line' id='line_1_54' title="bbox 342 5237 1925 5313; baseline -0.003 -17"><span class='ocrx_word' id='word_1_399' title='bbox 342 5243 564 5313; x_wconf 75' lang='lat' dir='ltr'><strong>ptionem</strong></span> <span class='ocrx_word' id='word_1_400' title='bbox 590 5257 652 5296; x_wconf 80' lang='lat' dir='ltr'><strong>ne</strong></span> <span class='ocrx_word' id='word_1_401' title='bbox 678 5256 969 5311; x_wconf 72' lang='lat' dir='ltr'><strong>corrumpas</strong></span> <span class='ocrx_word' id='word_1_402' title='bbox 997 5237 1168 5310; x_wconf 86' lang='lat' dir='ltr'><strong>(Psal.</strong></span> <span class='ocrx_word' id='word_1_403' title='bbox 1199 5253 1305 5304; x_wconf 78' lang='lat' dir='ltr'><strong>LVI,</strong></span> <span class='ocrx_word' id='word_1_404' title='bbox 1335 5237 1411 5308; x_wconf 80' lang='grc'><strong>1).</strong></span> <span class='ocrx_word' id='word_1_405' title='bbox 1443 5237 1796 5292; x_wconf 82' lang='lat' dir='ltr'><strong>Advertamus</strong></span> <span class='ocrx_word' id='word_1_406' title='bbox 1823 5237 1925 5292; x_wconf 88' lang='lat' dir='ltr'><strong>ita-</strong></span> 
     </span>
    </p>
   </div>
   <div class='ocr_carea' id='block_1_55' title="bbox 339 5327 1920 5405">
    <p class='ocr_par' dir='ltr' id='par_1_55' title="bbox 339 5327 1920 5405">
     <span class='ocr_line' id='line_1_55' title="bbox 339 5327 1920 5405; baseline -0.003 -19"><span class='ocrx_word' id='word_1_407' title='bbox 339 5348 446 5405; x_wconf 83' lang='lat' dir='ltr'><strong>que</strong></span> <span class='ocrx_word' id='word_1_408' title='bbox 471 5347 720 5402; x_wconf 87' lang='lat' dir='ltr'><strong>maguum</strong></span> <span class='ocrx_word' id='word_1_409' title='bbox 760 5332 862 5386; x_wconf 89' lang='lat' dir='ltr'><strong>hoc</strong></span> <span class='ocrx_word' id='word_1_410' title='bbox 901 5339 956 5385; x_wconf 94' lang='lat' dir='ltr'><strong>et</strong></span> <span class='ocrx_word' id='word_1_411' title='bbox 981 5329 1219 5385; x_wconf 87' lang='lat' dir='ltr'><strong>mirabile</strong></span> <span class='ocrx_word' id='word_1_412' title='bbox 1241 5338 1652 5383; x_wconf 84' lang='lat' dir='ltr'><strong>sacramentum.</strong></span> <span class='ocrx_word' id='word_1_413' title='bbox 1693 5327 1826 5398; x_wconf 73' lang='lat' dir='ltr'><strong>Magi</strong></span> <span class='ocrx_word' id='word_1_414' title='bbox 1855 5343 1920 5384; x_wconf 87' lang='lat' dir='ltr'><strong>ex</strong></span> 
     </span>
    </p>
   </div>
   <div class='ocr_carea' id='block_1_56' title="bbox 406 5483 1143 5562">
    <p class='ocr_par' dir='ltr' id='par_1_56' title="bbox 406 5483 1143 5562">
     <span class='ocr_line' id='line_1_56' title="bbox 406 5483 1143 5562; baseline 0 -26"><span class='ocrx_word' id='word_1_415' title='bbox 406 5491 426 5562; x_wconf 64' lang='grc' dir='ltr'><strong>ξ</strong></span> <span class='ocrx_word' id='word_1_416' title='bbox 450 5489 766 5562; x_wconf 55' lang='lat' dir='ltr'><strong>uanuscripti,</strong></span> <span class='ocrx_word' id='word_1_417' title='bbox 791 5501 920 5562; x_wconf 67' lang='lat' dir='ltr'><strong>intra</strong></span> <span class='ocrx_word' id='word_1_418' title='bbox 932 5483 1143 5562; x_wconf 68' lang='lat' dir='ltr'><strong>pietatis.</strong></span> 
     </span>
    </p>
   </div>
   <div class='ocr_carea' id='block_1_57' title="bbox 405 5548 1502 5613">
    <p class='ocr_par' dir='ltr' id='par_1_57' title="bbox 405 5548 1502 5613">
     <span class='ocr_line' id='line_1_57' title="bbox 405 5548 1502 5613; baseline 0 -15"><span class='ocrx_word' id='word_1_419' title='bbox 405 5552 426 5582; x_wconf 78' lang='grc'>²</span> <span class='ocrx_word' id='word_1_420' title='bbox 452 5551 618 5601; x_wconf 79' lang='lat' dir='ltr'><strong>Plures</strong></span> <span class='ocrx_word' id='word_1_421' title='bbox 638 5548 963 5613; x_wconf 77' lang='lat' dir='ltr'><strong>ntanuseripti,</strong></span> <span class='ocrx_word' id='word_1_422' title='bbox 989 5551 1211 5600; x_wconf 81' lang='lat' dir='ltr'><strong>mendose</strong></span> <span class='ocrx_word' id='word_1_423' title='bbox 1227 5548 1502 5613; x_wconf 75' lang='lat' dir='ltr'><strong>emendare.</strong></span> 
     </span>
    </p>
   </div>
   <div class='ocr_carea' id='block_1_58' title="bbox 407 5610 1922 5676">
    <p class='ocr_par' dir='ltr' id='par_1_58' title="bbox 407 5610 1922 5676">
     <span class='ocr_line' id='line_1_58' title="bbox 407 5610 1922 5676; baseline 0.004 -18"><span class='ocrx_word' id='word_1_424' title='bbox 407 5613 423 5676; x_wconf 58' lang='grc' dir='ltr'><strong>ἡ</strong></span> <span class='ocrx_word' id='word_1_425' title='bbox 450 5612 515 5676; x_wconf 59' lang='lat' dir='ltr'><strong>ad</strong></span> <span class='ocrx_word' id='word_1_426' title='bbox 542 5620 644 5661; x_wconf 83' lang='lat' dir='ltr'><strong>Mss.</strong></span> <span class='ocrx_word' id='word_1_427' title='bbox 668 5614 793 5662; x_wconf 85' lang='lat' dir='ltr'><strong>duos</strong></span> <span class='ocrx_word' id='word_1_428' title='bbox 811 5610 890 5661; x_wconf 65' lang='lat' dir='ltr'><strong>et);</strong></span> <span class='ocrx_word' id='word_1_429' title='bbox 917 5621 969 5663; x_wconf 90' lang='lat' dir='ltr'><strong>et</strong></span> <span class='ocrx_word' id='word_1_430' title='bbox 990 5613 1112 5662; x_wconf 88' lang='lat' dir='ltr'><strong>duos</strong></span> <span class='ocrx_word' id='word_1_431' title='bbox 1147 5626 1194 5660; x_wconf 86' lang='grc' dir='ltr'>ιι.</span> <span class='ocrx_word' id='word_1_432' title='bbox 1219 5611 1279 5662; x_wconf 85' lang='lat' dir='ltr'><strong>ad</strong></span> <span class='ocrx_word' id='word_1_433' title='bbox 1304 5610 1335 5660; x_wconf 89' lang='lat' dir='ltr'><strong>f.</strong></span> <span class='ocrx_word' id='word_1_434' title='bbox 1362 5625 1484 5676; x_wconf 85' lang='lat' dir='ltr'><strong>gr.r.</strong></span> <span class='ocrx_word' id='word_1_435' title='bbox 1511 5623 1602 5661; x_wconf 88' lang='lat' dir='ltr'><strong>rm.</strong></span> <span class='ocrx_word' id='word_1_436' title='bbox 1629 5617 1664 5660; x_wconf 94' lang='lat' dir='ltr'><strong>t.</strong></span> <span class='ocrx_word' id='word_1_437' title='bbox 1701 5625 1747 5663; x_wconf 84' lang='lat' dir='ltr'><strong>v.</strong></span> <span class='ocrx_word' id='word_1_438' title='bbox 1785 5619 1836 5663; x_wconf 88' lang='lat' dir='ltr'><strong>et</strong></span> <span class='ocrx_word' id='word_1_439' title='bbox 1861 5611 1922 5664; x_wconf 84' lang='lat' dir='ltr'><strong>ad</strong></span> 
     </span>
    </p>
   </div>
   <div class='ocr_carea' id='block_1_59' title="bbox 349 5674 962 5724">
    <p class='ocr_par' dir='ltr' id='par_1_59' title="bbox 349 5674 962 5724">
     <span class='ocr_line' id='line_1_59' title="bbox 349 5674 962 5724; baseline -0.005 0"><span class='ocrx_word' id='word_1_440' title='bbox 349 5674 586 5724; x_wconf 83' lang='lat' dir='ltr'><strong>(dltiones</strong></span> <span class='ocrx_word' id='word_1_441' title='bbox 607 5683 852 5724; x_wconf 80' lang='lat' dir='ltr'><strong>correctus</strong></span> <span class='ocrx_word' id='word_1_442' title='bbox 871 5683 962 5723; x_wconf 86' lang='lat' dir='ltr'><strong>est.</strong></span> 
     </span>
    </p>
   </div>
   <div class='ocr_carea' id='block_1_60' title="bbox 410 5732 1085 5799">
    <p class='ocr_par' dir='ltr' id='par_1_60' title="bbox 410 5732 1085 5799">
     <span class='ocr_line' id='line_1_60' title="bbox 410 5732 1085 5799; baseline -0.001 -16"><span class='ocrx_word' id='word_1_443' title='bbox 410 5737 484 5798; x_wconf 69' lang='lat' dir='ltr'><strong>ta)</strong></span> <span class='ocrx_word' id='word_1_444' title='bbox 505 5732 645 5796; x_wconf 72' lang='lat' dir='ltr'><strong>Alias,</strong></span> <span class='ocrx_word' id='word_1_445' title='bbox 667 5735 732 5785; x_wconf 90' lang='lat' dir='ltr'><strong>de</strong></span> <span class='ocrx_word' id='word_1_446' title='bbox 759 5743 990 5799; x_wconf 76' lang='lat' dir='ltr'><strong>tempore</strong></span> <span class='ocrx_word' id='word_1_447' title='bbox 1007 5733 1085 5783; x_wconf 76' lang='lat' dir='ltr'><strong>3f.</strong></span> 
     </span>
    </p>
   </div>
   <div class='ocr_carea' id='block_1_61' title="bbox 1535 329 2331 394">
    <p class='ocr_par' dir='ltr' id='par_1_61' title="bbox 1535 329 2331 394">
     <span class='ocr_line' id='line_1_61' title="bbox 1535 329 2331 394; baseline -0.01 -1"><span class='ocrx_word' id='word_1_448' title='bbox 1535 341 1591 394; x_wconf 81' lang='lat' dir='ltr'><strong>S.</strong></span> <span class='ocrx_word' id='word_1_449' title='bbox 1635 334 1766 392; x_wconf 80' lang='lat' dir='ltr'><strong>AUC</strong></span> <span class='ocrx_word' id='word_1_450' title='bbox 1776 331 1994 390; x_wconf 80' lang='lat' dir='ltr'><strong>USTlNl</strong></span> <span class='ocrx_word' id='word_1_451' title='bbox 2035 329 2331 387; x_wconf 82' lang='lat' dir='ltr'><strong>EPISCOPI</strong></span> 
     </span>
    </p>
   </div>
   <div class='ocr_carea' id='block_1_62' title="bbox 3431 330 3566 388">
    <p class='ocr_par' dir='ltr' id='par_1_62' title="bbox 3431 330 3566 388">
     <span class='ocr_line' id='line_1_62' title="bbox 3431 330 3566 388; baseline -0.007 0"><span class='ocrx_word' id='word_1_452' title='bbox 3431 330 3566 388; x_wconf 64' lang='lat'><strong>1032</strong></span> 
     </span>
    </p>
   </div>
   <div class='ocr_carea' id='block_1_63' title="bbox 1993 441 3567 514">
    <p class='ocr_par' dir='ltr' id='par_1_63' title="bbox 1993 441 3567 514">
     <span class='ocr_line' id='line_1_63' title="bbox 1993 441 3567 514; baseline 0.002 -16"><span class='ocrx_word' id='word_1_453' title='bbox 1993 443 2252 498; x_wconf 90' lang='lat' dir='ltr'><strong>Gentibus</strong></span> <span class='ocrx_word' id='word_1_454' title='bbox 2275 452 2425 501; x_wconf 87' lang='lat' dir='ltr'><strong>erant</strong></span> <span class='ocrx_word' id='word_1_455' title='bbox 2448 484 2462 509; x_wconf 93' lang='lat'><strong>,</strong></span> <span class='ocrx_word' id='word_1_456' title='bbox 2497 443 2608 514; x_wconf 90' lang='lat' dir='ltr'><strong>ipse</strong></span> <span class='ocrx_word' id='word_1_457' title='bbox 2635 443 2792 498; x_wconf 92' lang='lat' dir='ltr'><strong>etiam</strong></span> <span class='ocrx_word' id='word_1_458' title='bbox 2819 441 3022 497; x_wconf 84' lang='lat' dir='ltr'><strong>Pilatus</strong></span> <span class='ocrx_word' id='word_1_459' title='bbox 3063 455 3128 498; x_wconf 77' lang='lat' dir='ltr'><strong>ex</strong></span> <span class='ocrx_word' id='word_1_460' title='bbox 3156 441 3414 500; x_wconf 83' lang='lat' dir='ltr'><strong>Gentibus</strong></span> <span class='ocrx_word' id='word_1_461' title='bbox 3443 463 3457 498; x_wconf 91' lang='lat'><strong>:</strong></span> <span class='ocrx_word' id='word_1_462' title='bbox 3489 447 3567 501; x_wconf 91' lang='lat' dir='ltr'><strong>illi</strong></span> 
     </span>
    </p>
   </div>
   <div class='ocr_carea' id='block_1_64' title="bbox 1992 533 3570 607">
    <p class='ocr_par' dir='ltr' id='par_1_64' title="bbox 1992 533 3570 607">
     <span class='ocr_line' id='line_1_64' title="bbox 1992 533 3570 607; baseline 0.004 -20"><span class='ocrx_word' id='word_1_463' title='bbox 1992 534 2202 587; x_wconf 88' lang='lat' dir='ltr'><strong>stellam</strong></span> <span class='ocrx_word' id='word_1_464' title='bbox 2223 533 2464 588; x_wconf 84' lang='lat' dir='ltr'><strong>viderunt</strong></span> <span class='ocrx_word' id='word_1_465' title='bbox 2487 534 2539 588; x_wconf 92' lang='lat' dir='ltr'><strong>in</strong></span> <span class='ocrx_word' id='word_1_466' title='bbox 2559 535 2716 600; x_wconf 85' lang='lat' dir='ltr'><strong>coelo,</strong></span> <span class='ocrx_word' id='word_1_467' title='bbox 2740 534 2828 588; x_wconf 91' lang='lat' dir='ltr'><strong>ille</strong></span> <span class='ocrx_word' id='word_1_468' title='bbox 2853 533 3062 588; x_wconf 91' lang='lat' dir='ltr'><strong>titulum</strong></span> <span class='ocrx_word' id='word_1_469' title='bbox 3083 534 3297 605; x_wconf 89' lang='lat' dir='ltr'><strong>scripsit</strong></span> <span class='ocrx_word' id='word_1_470' title='bbox 3312 534 3364 590; x_wconf 94' lang='lat' dir='ltr'><strong>in</strong></span> <span class='ocrx_word' id='word_1_471' title='bbox 3385 534 3531 607; x_wconf 85' lang='lat' dir='ltr'><strong>ligno</strong></span> <span class='ocrx_word' id='word_1_472' title='bbox 3553 555 3570 594; x_wconf 87' lang='lat'><strong>:</strong></span> 
     </span>
    </p>
   </div>
   <div class='ocr_carea' id='block_1_65' title="bbox 1994 623 3572 695">
    <p class='ocr_par' dir='ltr' id='par_1_65' title="bbox 1994 623 3572 695">
     <span class='ocr_line' id='line_1_65' title="bbox 1994 623 3572 695; baseline 0.004 -19"><span class='ocrx_word' id='word_1_473' title='bbox 1994 624 2203 694; x_wconf 91' lang='lat' dir='ltr'><strong>utrique</strong></span> <span class='ocrx_word' id='word_1_474' title='bbox 2247 632 2420 678; x_wconf 89' lang='lat' dir='ltr'><strong>tamen</strong></span> <span class='ocrx_word' id='word_1_475' title='bbox 2451 639 2555 678; x_wconf 89' lang='lat' dir='ltr'><strong>non</strong></span> <span class='ocrx_word' id='word_1_476' title='bbox 2601 639 2778 695; x_wconf 86' lang='lat' dir='ltr'><strong>regem</strong></span> <span class='ocrx_word' id='word_1_477' title='bbox 2822 623 3070 680; x_wconf 86' lang='lat' dir='ltr'><strong>Gentium</strong></span> <span class='ocrx_word' id='word_1_478' title='bbox 3095 666 3112 692; x_wconf 91' lang='lat'><strong>,</strong></span> <span class='ocrx_word' id='word_1_479' title='bbox 3143 626 3237 680; x_wconf 90' lang='lat' dir='ltr'><strong>sed</strong></span> <span class='ocrx_word' id='word_1_480' title='bbox 3267 625 3572 683; x_wconf 64' lang='lat' dir='ltr'><strong>Judmorum</strong></span> 
     </span>
    </p>
   </div>
   <div class='ocr_carea' id='block_1_66' title="bbox 1993 715 3572 787">
    <p class='ocr_par' dir='ltr' id='par_1_66' title="bbox 1993 715 3572 787">
     <span class='ocr_line' id='line_1_66' title="bbox 1993 715 3572 787; baseline 0.003 -18"><span class='ocrx_word' id='word_1_481' title='bbox 1993 715 2076 770; x_wconf 84' lang='lat' dir='ltr'><strong>vel</strong></span> <span class='ocrx_word' id='word_1_482' title='bbox 2096 715 2404 785; x_wconf 64' lang='lat' dir='ltr'><strong>quaerebant</strong></span> <span class='ocrx_word' id='word_1_483' title='bbox 2425 755 2442 780; x_wconf 94' lang='lat'><strong>,</strong></span> <span class='ocrx_word' id='word_1_484' title='bbox 2469 715 2552 770; x_wconf 91' lang='lat' dir='ltr'><strong>vel</strong></span> <span class='ocrx_word' id='word_1_485' title='bbox 2587 717 2963 786; x_wconf 79' lang='lat' dir='ltr'><strong>agnoscebant.</strong></span> <span class='ocrx_word' id='word_1_486' title='bbox 2990 715 3159 772; x_wconf 74' lang='lat' dir='ltr'><strong>Judzei</strong></span> <span class='ocrx_word' id='word_1_487' title='bbox 3183 732 3311 771; x_wconf 90' lang='lat' dir='ltr'><strong>vero</strong></span> <span class='ocrx_word' id='word_1_488' title='bbox 3347 717 3446 787; x_wconf 90' lang='lat' dir='ltr'><strong>ipsi</strong></span> <span class='ocrx_word' id='word_1_489' title='bbox 3475 734 3572 775; x_wconf 90' lang='lat' dir='ltr'><strong>nec</strong></span> 
     </span>
    </p>
   </div>
   <div class='ocr_carea' id='block_1_67' title="bbox 1992 805 3575 878">
    <p class='ocr_par' dir='ltr' id='par_1_67' title="bbox 1992 805 3575 878">
     <span class='ocr_line' id='line_1_67' title="bbox 1992 805 3575 878; baseline 0.003 -19"><span class='ocrx_word' id='word_1_490' title='bbox 1992 805 2200 859; x_wconf 85' lang='lat' dir='ltr'><strong>stellam</strong></span> <span class='ocrx_word' id='word_1_491' title='bbox 2225 805 2393 859; x_wconf 89' lang='lat' dir='ltr'><strong>secuti</strong></span> <span class='ocrx_word' id='word_1_492' title='bbox 2415 813 2577 870; x_wconf 90' lang='lat' dir='ltr'><strong>sunt,</strong></span> <span class='ocrx_word' id='word_1_493' title='bbox 2607 821 2706 861; x_wconf 84' lang='lat' dir='ltr'><strong>nec</strong></span> <span class='ocrx_word' id='word_1_494' title='bbox 2731 806 2881 860; x_wconf 90' lang='lat' dir='ltr'><strong>titulo</strong></span> <span class='ocrx_word' id='word_1_495' title='bbox 2899 817 3303 862; x_wconf 78' lang='lat' dir='ltr'><strong>consenserunt.</strong></span> <span class='ocrx_word' id='word_1_496' title='bbox 3331 806 3448 862; x_wconf 86' lang='lat' dir='ltr'><strong>Jam</strong></span> <span class='ocrx_word' id='word_1_497' title='bbox 3478 805 3575 878; x_wconf 79' lang='lat' dir='ltr'><strong>igi-</strong></span> 
     </span>
    </p>
   </div>
   <div class='ocr_carea' id='block_1_68' title="bbox 1994 892 3573 965">
    <p class='ocr_par' dir='ltr' id='par_1_68' title="bbox 1994 892 3573 965">
     <span class='ocr_line' id='line_1_68' title="bbox 1994 892 3573 965; baseline 0.001 -17"><span class='ocrx_word' id='word_1_498' title='bbox 1994 901 2080 948; x_wconf 92' lang='lat' dir='ltr'><strong>tur</strong></span> <span class='ocrx_word' id='word_1_499' title='bbox 2105 892 2523 964; x_wconf 66' lang='lat' dir='ltr'><strong>przesignabatur</strong></span> <span class='ocrx_word' id='word_1_500' title='bbox 2546 894 2686 964; x_wconf 90' lang='lat' dir='ltr'><strong>quod</strong></span> <span class='ocrx_word' id='word_1_501' title='bbox 2731 905 2914 965; x_wconf 86' lang='lat' dir='ltr'><strong>postea</strong></span> <span class='ocrx_word' id='word_1_502' title='bbox 2959 897 3071 965; x_wconf 87' lang='lat' dir='ltr'><strong>ipse</strong></span> <span class='ocrx_word' id='word_1_503' title='bbox 3102 897 3356 951; x_wconf 89' lang='lat' dir='ltr'><strong>Dominus</strong></span> <span class='ocrx_word' id='word_1_504' title='bbox 3397 898 3573 952; x_wconf 90' lang='lat' dir='ltr'><strong>dixit:</strong></span> 
     </span>
    </p>
   </div>
   <div class='ocr_carea' id='block_1_69' title="bbox 1995 980 3575 1052">
    <p class='ocr_par' dir='ltr' id='par_1_69' title="bbox 1995 980 3575 1052">
     <span class='ocr_line' id='line_1_69' title="bbox 1995 980 3575 1052; baseline 0.006 -17"><span class='ocrx_word' id='word_1_505' title='bbox 1995 981 2149 1035; x_wconf 75' lang='lat' dir='ltr'><strong>Multi</strong></span> <span class='ocrx_word' id='word_1_506' title='bbox 2170 981 2232 1035; x_wconf 91' lang='lat' dir='ltr'><strong>ab</strong></span> <span class='ocrx_word' id='word_1_507' title='bbox 2257 980 2455 1037; x_wconf 83' lang='lat' dir='ltr'><strong>Oriente</strong></span> <span class='ocrx_word' id='word_1_508' title='bbox 2475 992 2522 1036; x_wconf 90' lang='lat' dir='ltr'><strong>et</strong></span> <span class='ocrx_word' id='word_1_509' title='bbox 2550 982 2818 1038; x_wconf 86' lang='lat' dir='ltr'><strong>Occidente</strong></span> <span class='ocrx_word' id='word_1_510' title='bbox 2846 985 3058 1052; x_wconf 81' lang='lat' dir='ltr'><strong>uenient,</strong></span> <span class='ocrx_word' id='word_1_511' title='bbox 3081 996 3129 1040; x_wconf 91' lang='lat' dir='ltr'><strong>et</strong></span> <span class='ocrx_word' id='word_1_512' title='bbox 3149 989 3433 1043; x_wconf 82' lang='lat' dir='ltr'><strong>recumbent</strong></span> <span class='ocrx_word' id='word_1_513' title='bbox 3457 1005 3575 1044; x_wconf 75' lang='lat' dir='ltr'><strong>eum</strong></span> 
     </span>
    </p>
   </div>
   <div class='ocr_carea' id='block_1_70' title="bbox 1995 1071 3574 1146">
    <p class='ocr_par' dir='ltr' id='par_1_70' title="bbox 1995 1071 3574 1146">
     <span class='ocr_line' id='line_1_70' title="bbox 1995 1071 3574 1146; baseline 0.005 -20"><span class='ocrx_word' id='word_1_514' title='bbox 1995 1071 2250 1126; x_wconf 82' lang='lat' dir='ltr'><strong>Abraham</strong></span> <span class='ocrx_word' id='word_1_515' title='bbox 2275 1083 2322 1127; x_wconf 85' lang='lat' dir='ltr'><strong>et</strong></span> <span class='ocrx_word' id='word_1_516' title='bbox 2346 1072 2496 1127; x_wconf 84' lang='lat' dir='ltr'><strong>Isaac</strong></span> <span class='ocrx_word' id='word_1_517' title='bbox 2519 1083 2567 1127; x_wconf 90' lang='lat' dir='ltr'><strong>et</strong></span> <span class='ocrx_word' id='word_1_518' title='bbox 2586 1073 2746 1128; x_wconf 70' lang='lat' dir='ltr'><strong>Iacob</strong></span> <span class='ocrx_word' id='word_1_519' title='bbox 2767 1076 2820 1129; x_wconf 84' lang='lat' dir='ltr'><strong>in</strong></span> <span class='ocrx_word' id='word_1_520' title='bbox 2857 1091 3010 1146; x_wconf 89' lang='lat' dir='ltr'><strong>regno</strong></span> <span class='ocrx_word' id='word_1_521' title='bbox 3037 1077 3275 1132; x_wconf 63' lang='lat' dir='ltr'><strong>calorum</strong></span> <span class='ocrx_word' id='word_1_522' title='bbox 3303 1096 3323 1132; x_wconf 91' lang='lat'><strong><em>:</em></strong></span> <span class='ocrx_word' id='word_1_523' title='bbox 3350 1080 3450 1144; x_wconf 81' lang='lat' dir='ltr'><strong>lilii</strong></span> <span class='ocrx_word' id='word_1_524' title='bbox 3476 1094 3574 1134; x_wconf 79' lang='lat' dir='ltr'><strong>alt-</strong></span> 
     </span>
    </p>
   </div>
   <div class='ocr_carea' id='block_1_71' title="bbox 1999 1161 3578 1237">
    <p class='ocr_par' dir='ltr' id='par_1_71' title="bbox 1999 1161 3578 1237">
     <span class='ocr_line' id='line_1_71' title="bbox 1999 1161 3578 1237; baseline 0.007 -23"><span class='ocrx_word' id='word_1_525' title='bbox 1999 1170 2096 1215; x_wconf 89' lang='lat' dir='ltr'><strong>tem</strong></span> <span class='ocrx_word' id='word_1_526' title='bbox 2117 1163 2259 1232; x_wconf 77' lang='lat' dir='ltr'><strong>regni</strong></span> <span class='ocrx_word' id='word_1_527' title='bbox 2283 1161 2421 1216; x_wconf 86' lang='lat' dir='ltr'><strong>ibunt</strong></span> <span class='ocrx_word' id='word_1_528' title='bbox 2445 1162 2496 1216; x_wconf 86' lang='lat' dir='ltr'><strong>in</strong></span> <span class='ocrx_word' id='word_1_529' title='bbox 2521 1165 2746 1218; x_wconf 84' lang='lat' dir='ltr'><strong>tenebras</strong></span> <span class='ocrx_word' id='word_1_530' title='bbox 2773 1166 3039 1220; x_wconf 71' lang='lat' dir='ltr'><strong>exteriores</strong></span> <span class='ocrx_word' id='word_1_531' title='bbox 3069 1165 3279 1237; x_wconf 70' lang='lat' dir='ltr'><strong>(Matth.</strong></span> <span class='ocrx_word' id='word_1_532' title='bbox 3307 1183 3419 1232; x_wconf 75' lang='lat' dir='ltr'>VIII,</span> <span class='ocrx_word' id='word_1_533' title='bbox 3438 1171 3501 1224; x_wconf 79' lang='lat' dir='ltr'><strong>ll</strong></span> <span class='ocrx_word' id='word_1_534' title='bbox 3527 1185 3578 1226; x_wconf 77' lang='lat' dir='ltr'><strong>et</strong></span> 
     </span>
    </p>
   </div>
   <div class='ocr_carea' id='block_1_72' title="bbox 1999 1251 3583 1323">
    <p class='ocr_par' dir='ltr' id='par_1_72' title="bbox 1999 1251 3583 1323">
     <span class='ocr_line' id='line_1_72' title="bbox 1999 1251 3583 1323; baseline 0.006 -17"><span class='ocrx_word' id='word_1_535' title='bbox 1999 1251 2110 1320; x_wconf 68' lang='grc' dir='ltr'><strong>η).</strong></span> <span class='ocrx_word' id='word_1_536' title='bbox 2136 1253 2267 1307; x_wconf 85' lang='lat' dir='ltr'><strong>Nam</strong></span> <span class='ocrx_word' id='word_1_537' title='bbox 2296 1254 2428 1323; x_wconf 85' lang='lat' dir='ltr'><strong>Magi</strong></span> <span class='ocrx_word' id='word_1_538' title='bbox 2463 1255 2531 1309; x_wconf 88' lang='lat' dir='ltr'><strong>ab</strong></span> <span class='ocrx_word' id='word_1_539' title='bbox 2554 1254 2768 1310; x_wconf 90' lang='lat' dir='ltr'><strong>Oriente</strong></span> <span class='ocrx_word' id='word_1_540' title='bbox 2792 1296 2807 1320; x_wconf 92' lang='lat'><strong>,</strong></span> <span class='ocrx_word' id='word_1_541' title='bbox 2840 1255 3038 1311; x_wconf 88' lang='lat' dir='ltr'><strong>Pilatus</strong></span> <span class='ocrx_word' id='word_1_542' title='bbox 3062 1258 3130 1312; x_wconf 91' lang='lat' dir='ltr'><strong>ab</strong></span> <span class='ocrx_word' id='word_1_543' title='bbox 3162 1257 3451 1314; x_wconf 87' lang='lat' dir='ltr'><strong>Occidente</strong></span> <span class='ocrx_word' id='word_1_544' title='bbox 3479 1274 3546 1316; x_wconf 80' lang='lat' dir='ltr'><strong>ve</strong></span> <span class='ocrx_word' id='word_1_545' title='bbox 3565 1296 3583 1303; x_wconf 91' lang='lat'><em>-</em></span> 
     </span>
    </p>
   </div>
   <div class='ocr_carea' id='block_1_73' title="bbox 1998 1343 3574 1414">
    <p class='ocr_par' dir='ltr' id='par_1_73' title="bbox 1998 1343 3574 1414">
     <span class='ocr_line' id='line_1_73' title="bbox 1998 1343 3574 1414; baseline 0.005 -17"><span class='ocrx_word' id='word_1_546' title='bbox 1998 1353 2170 1398; x_wconf 84' lang='lat' dir='ltr'><strong>uerat.</strong></span> <span class='ocrx_word' id='word_1_547' title='bbox 2200 1343 2351 1400; x_wconf 89' lang='lat' dir='ltr'><strong>Unde</strong></span> <span class='ocrx_word' id='word_1_548' title='bbox 2380 1345 2456 1400; x_wconf 91' lang='lat' dir='ltr'><strong>illi</strong></span> <span class='ocrx_word' id='word_1_549' title='bbox 2485 1346 2673 1400; x_wconf 90' lang='lat' dir='ltr'><strong>orienti</strong></span> <span class='ocrx_word' id='word_1_550' title='bbox 2698 1387 2713 1412; x_wconf 92' lang='lat'><strong>,</strong></span> <span class='ocrx_word' id='word_1_551' title='bbox 2744 1347 2844 1401; x_wconf 89' lang='lat' dir='ltr'><strong>hoc</strong></span> <span class='ocrx_word' id='word_1_552' title='bbox 2868 1357 2948 1402; x_wconf 90' lang='lat' dir='ltr'><strong>est</strong></span> <span class='ocrx_word' id='word_1_553' title='bbox 2976 1349 3210 1403; x_wconf 88' lang='lat' dir='ltr'><strong>nascenti</strong></span> <span class='ocrx_word' id='word_1_554' title='bbox 3236 1366 3252 1414; x_wconf 90' lang='lat'><strong>;</strong></span> <span class='ocrx_word' id='word_1_555' title='bbox 3284 1350 3373 1404; x_wconf 90' lang='lat' dir='ltr'><strong>ille</strong></span> <span class='ocrx_word' id='word_1_556' title='bbox 3394 1361 3574 1405; x_wconf 86' lang='lat' dir='ltr'><strong>autem</strong></span> 
     </span>
    </p>
   </div>
   <div class='ocr_carea' id='block_1_74' title="bbox 1999 1432 3576 1508">
    <p class='ocr_par' dir='ltr' id='par_1_74' title="bbox 1999 1432 3576 1508">
     <span class='ocr_line' id='line_1_74' title="bbox 1999 1432 3576 1508; baseline 0.004 -22"><span class='ocrx_word' id='word_1_557' title='bbox 1999 1432 2301 1500; x_wconf 90' lang='lat' dir='ltr'><strong>occidenti,</strong></span> <span class='ocrx_word' id='word_1_558' title='bbox 2333 1433 2434 1489; x_wconf 92' lang='lat' dir='ltr'><strong>hoc</strong></span> <span class='ocrx_word' id='word_1_559' title='bbox 2475 1443 2554 1488; x_wconf 91' lang='lat' dir='ltr'><strong>est</strong></span> <span class='ocrx_word' id='word_1_560' title='bbox 2584 1435 2867 1500; x_wconf 90' lang='lat' dir='ltr'><strong>morienti,</strong></span> <span class='ocrx_word' id='word_1_561' title='bbox 2899 1438 3280 1492; x_wconf 88' lang='lat' dir='ltr'><strong>attestabantur</strong></span> <span class='ocrx_word' id='word_1_562' title='bbox 3325 1439 3436 1508; x_wconf 87' lang='lat' dir='ltr'><strong>regi</strong></span> <span class='ocrx_word' id='word_1_563' title='bbox 3480 1439 3576 1493; x_wconf 86' lang='lat' dir='ltr'><strong>Ju-</strong></span> 
     </span>
    </p>
   </div>
   <div class='ocr_carea' id='block_1_75' title="bbox 1999 1520 3576 1598">
    <p class='ocr_par' dir='ltr' id='par_1_75' title="bbox 1999 1520 3576 1598">
     <span class='ocr_line' id='line_1_75' title="bbox 1999 1520 3576 1598; baseline 0.004 -23"><span class='ocrx_word' id='word_1_564' title='bbox 1999 1520 2235 1576; x_wconf 74' lang='lat' dir='ltr'><strong>dzeorum</strong></span> <span class='ocrx_word' id='word_1_565' title='bbox 2267 1540 2281 1577; x_wconf 89' lang='lat'><strong>:</strong></span> <span class='ocrx_word' id='word_1_566' title='bbox 2311 1531 2366 1577; x_wconf 92' lang='lat' dir='ltr'><strong>ut</strong></span> <span class='ocrx_word' id='word_1_567' title='bbox 2389 1538 2509 1577; x_wconf 91' lang='lat' dir='ltr'><strong>cum</strong></span> <span class='ocrx_word' id='word_1_568' title='bbox 2535 1523 2802 1578; x_wconf 79' lang='lat' dir='ltr'><strong>Abraham</strong></span> <span class='ocrx_word' id='word_1_569' title='bbox 2828 1535 2882 1580; x_wconf 89' lang='lat' dir='ltr'><strong>et</strong></span> <span class='ocrx_word' id='word_1_570' title='bbox 2906 1523 3052 1580; x_wconf 84' lang='lat' dir='ltr'><strong>Isaac</strong></span> <span class='ocrx_word' id='word_1_571' title='bbox 3075 1535 3129 1580; x_wconf 92' lang='lat' dir='ltr'><strong>et</strong></span> <span class='ocrx_word' id='word_1_572' title='bbox 3153 1526 3333 1592; x_wconf 89' lang='lat' dir='ltr'><strong>Jacob,</strong></span> <span class='ocrx_word' id='word_1_573' title='bbox 3367 1543 3431 1582; x_wconf 88' lang='lat' dir='ltr'><strong>ex</strong></span> <span class='ocrx_word' id='word_1_574' title='bbox 3457 1529 3576 1598; x_wconf 79' lang='lat' dir='ltr'><strong>qni-</strong></span> 
     </span>
    </p>
   </div>
   <div class='ocr_carea' id='block_1_76' title="bbox 2000 1611 3578 1687">
    <p class='ocr_par' dir='ltr' id='par_1_76' title="bbox 2000 1611 3578 1687">
     <span class='ocr_line' id='line_1_76' title="bbox 2000 1611 3578 1687; baseline 0.006 -21"><span class='ocrx_word' id='word_1_575' title='bbox 2000 1611 2100 1666; x_wconf 90' lang='lat' dir='ltr'><strong>bus</strong></span> <span class='ocrx_word' id='word_1_576' title='bbox 2123 1611 2290 1668; x_wconf 67' lang='lat' dir='ltr'><strong>Judaei</strong></span> <span class='ocrx_word' id='word_1_577' title='bbox 2314 1613 2577 1669; x_wconf 88' lang='lat' dir='ltr'><strong>ducebant</strong></span> <span class='ocrx_word' id='word_1_578' title='bbox 2603 1615 2860 1685; x_wconf 87' lang='lat' dir='ltr'><strong>originem</strong></span> <span class='ocrx_word' id='word_1_579' title='bbox 2885 1656 2899 1680; x_wconf 91' lang='lat'><strong>,</strong></span> <span class='ocrx_word' id='word_1_580' title='bbox 2932 1619 3302 1672; x_wconf 87' lang='lat' dir='ltr'><strong>recumberent</strong></span> <span class='ocrx_word' id='word_1_581' title='bbox 3329 1619 3382 1673; x_wconf 91' lang='lat' dir='ltr'><strong>in</strong></span> <span class='ocrx_word' id='word_1_582' title='bbox 3412 1635 3578 1687; x_wconf 85' lang='lat' dir='ltr'><strong>regno</strong></span> 
     </span>
    </p>
   </div>
   <div class='ocr_carea' id='block_1_77' title="bbox 2001 1705 3578 1778">
    <p class='ocr_par' dir='ltr' id='par_1_77' title="bbox 2001 1705 3578 1778">
     <span class='ocr_line' id='line_1_77' title="bbox 2001 1705 3578 1778; baseline 0.006 -20"><span class='ocrx_word' id='word_1_583' title='bbox 2001 1705 2294 1766; x_wconf 60' lang='lat' dir='ltr'><strong>malorum;</strong></span> <span class='ocrx_word' id='word_1_584' title='bbox 2325 1721 2428 1760; x_wconf 91' lang='lat' dir='ltr'><strong>non</strong></span> <span class='ocrx_word' id='word_1_585' title='bbox 2463 1721 2528 1760; x_wconf 89' lang='lat' dir='ltr'><strong>ex</strong></span> <span class='ocrx_word' id='word_1_586' title='bbox 2558 1707 2637 1761; x_wconf 92' lang='lat' dir='ltr'><strong>eis</strong></span> <span class='ocrx_word' id='word_1_587' title='bbox 2661 1707 2931 1777; x_wconf 90' lang='lat' dir='ltr'><strong>propagati</strong></span> <span class='ocrx_word' id='word_1_588' title='bbox 2959 1723 3055 1778; x_wconf 90' lang='lat' dir='ltr'><strong>per</strong></span> <span class='ocrx_word' id='word_1_589' title='bbox 3078 1722 3291 1763; x_wconf 88' lang='lat' dir='ltr'><strong>carnem</strong></span> <span class='ocrx_word' id='word_1_590' title='bbox 3316 1751 3329 1774; x_wconf 89' lang='lat'><strong>,</strong></span> <span class='ocrx_word' id='word_1_591' title='bbox 3363 1711 3458 1764; x_wconf 90' lang='lat' dir='ltr'><strong>sed</strong></span> <span class='ocrx_word' id='word_1_592' title='bbox 3502 1713 3578 1767; x_wconf 84' lang='lat' dir='ltr'><strong>eis</strong></span> 
     </span>
    </p>
   </div>
   <div class='ocr_carea' id='block_1_78' title="bbox 2002 1793 3576 1869">
    <p class='ocr_par' dir='ltr' id='par_1_78' title="bbox 2002 1793 3576 1869">
     <span class='ocr_line' id='line_1_78' title="bbox 2002 1793 3576 1869; baseline 0.005 -22"><span class='ocrx_word' id='word_1_593' title='bbox 2002 1793 2184 1848; x_wconf 89' lang='lat' dir='ltr'><strong>inserti</strong></span> <span class='ocrx_word' id='word_1_594' title='bbox 2217 1809 2313 1864; x_wconf 90' lang='lat' dir='ltr'><strong>per</strong></span> <span class='ocrx_word' id='word_1_595' title='bbox 2338 1794 2493 1850; x_wconf 86' lang='lat' dir='ltr'><strong>fidem</strong></span> <span class='ocrx_word' id='word_1_596' title='bbox 2527 1813 2540 1850; x_wconf 87' lang='lat'><strong>:</strong></span> <span class='ocrx_word' id='word_1_597' title='bbox 2574 1805 2629 1850; x_wconf 88' lang='grc' dir='ltr'><strong>ιιι</strong></span> <span class='ocrx_word' id='word_1_598' title='bbox 2655 1795 2743 1851; x_wconf 92' lang='lat' dir='ltr'><strong>ille</strong></span> <span class='ocrx_word' id='word_1_599' title='bbox 2768 1797 2836 1850; x_wconf 92' lang='lat' dir='ltr'><strong>de</strong></span> <span class='ocrx_word' id='word_1_600' title='bbox 2860 1812 2964 1866; x_wconf 88' lang='lat' dir='ltr'><strong>quo</strong></span> <span class='ocrx_word' id='word_1_601' title='bbox 2991 1799 3275 1866; x_wconf 83' lang='lat' dir='ltr'><strong>Apostolus</strong></span> <span class='ocrx_word' id='word_1_602' title='bbox 3302 1798 3541 1869; x_wconf 88' lang='lat' dir='ltr'><strong>loquitur</strong></span> <span class='ocrx_word' id='word_1_603' title='bbox 3561 1841 3576 1869; x_wconf 86' lang='lat'><strong>,</strong></span> 
     </span>
    </p>
   </div>
   <div class='ocr_carea' id='block_1_79' title="bbox 2002 1885 3576 1958">
    <p class='ocr_par' dir='ltr' id='par_1_79' title="bbox 2002 1885 3576 1958">
     <span class='ocr_line' id='line_1_79' title="bbox 2002 1885 3576 1958; baseline 0.002 -18"><span class='ocrx_word' id='word_1_604' title='bbox 2002 1885 2156 1940; x_wconf 65' lang='lat' dir='ltr'><strong>olivae</strong></span> <span class='ocrx_word' id='word_1_605' title='bbox 2177 1885 2486 1940; x_wconf 87' lang='lat' dir='ltr'><strong>inserendus</strong></span> <span class='ocrx_word' id='word_1_606' title='bbox 2510 1885 2619 1955; x_wconf 89' lang='lat' dir='ltr'><strong>jam</strong></span> <span class='ocrx_word' id='word_1_607' title='bbox 2636 1895 3130 1955; x_wconf 77' lang='lat' dir='ltr'><strong>przemonstraretur</strong></span> <span class='ocrx_word' id='word_1_608' title='bbox 3147 1887 3379 1943; x_wconf 81' lang='lat' dir='ltr'><strong>oleaster</strong></span> <span class='ocrx_word' id='word_1_609' title='bbox 3399 1889 3576 1958; x_wconf 82' lang='lat' dir='ltr'><strong>(Rom.</strong></span> 
     </span>
    </p>
   </div>
   <div class='ocr_carea' id='block_1_80' title="bbox 2005 1974 3582 2046">
    <p class='ocr_par' dir='ltr' id='par_1_80' title="bbox 2005 1974 3582 2046">
     <span class='ocr_line' id='line_1_80' title="bbox 2005 1974 3582 2046; baseline 0.003 -16"><span class='ocrx_word' id='word_1_610' title='bbox 2005 1992 2055 2030; x_wconf 81' lang='lat' dir='ltr'><strong>xl</strong></span> <span class='ocrx_word' id='word_1_611' title='bbox 2079 2017 2094 2041; x_wconf 91' lang='lat'><strong>,</strong></span> <span class='ocrx_word' id='word_1_612' title='bbox 2125 1974 2241 2046; x_wconf 70' lang='grc'><strong>24).</strong></span> <span class='ocrx_word' id='word_1_613' title='bbox 2271 1975 2556 2045; x_wconf 83' lang='lat' dir='ltr'><strong>Propterea</strong></span> <span class='ocrx_word' id='word_1_614' title='bbox 2581 1977 2774 2046; x_wconf 84' lang='lat' dir='ltr'><strong>quippe</strong></span> <span class='ocrx_word' id='word_1_615' title='bbox 2800 1991 2905 2030; x_wconf 89' lang='lat' dir='ltr'><strong>nou</strong></span> <span class='ocrx_word' id='word_1_616' title='bbox 2928 1991 3019 2031; x_wconf 85' lang='lat' dir='ltr'><strong>rex</strong></span> <span class='ocrx_word' id='word_1_617' title='bbox 3045 1975 3290 2032; x_wconf 91' lang='lat' dir='ltr'><strong>Gentium</strong></span> <span class='ocrx_word' id='word_1_618' title='bbox 3315 2019 3331 2042; x_wconf 88' lang='lat'><strong>,</strong></span> <span class='ocrx_word' id='word_1_619' title='bbox 3362 1978 3459 2032; x_wconf 86' lang='lat' dir='ltr'><strong>sed</strong></span> <span class='ocrx_word' id='word_1_620' title='bbox 3488 1979 3582 2035; x_wconf 60' lang='grc' dir='ltr'><strong>δυο</strong></span> 
     </span>
    </p>
   </div>
   <div class='ocr_carea' id='block_1_81' title="bbox 2002 2063 3579 2135">
    <p class='ocr_par' dir='ltr' id='par_1_81' title="bbox 2002 2063 3579 2135">
     <span class='ocr_line' id='line_1_81' title="bbox 2002 2063 3579 2135; baseline 0.004 -16"><span class='ocrx_word' id='word_1_621' title='bbox 2002 2065 2237 2120; x_wconf 71' lang='lat' dir='ltr'><strong>dmorum</strong></span> <span class='ocrx_word' id='word_1_622' title='bbox 2281 2065 2348 2118; x_wconf 90' lang='lat' dir='ltr'><strong>ab</strong></span> <span class='ocrx_word' id='word_1_623' title='bbox 2388 2063 2588 2119; x_wconf 84' lang='lat' dir='ltr'><strong>eisdem</strong></span> <span class='ocrx_word' id='word_1_624' title='bbox 2630 2064 2888 2120; x_wconf 90' lang='lat' dir='ltr'><strong>Gentibus</strong></span> <span class='ocrx_word' id='word_1_625' title='bbox 2912 2107 2928 2132; x_wconf 92' lang='lat'><strong>,</strong></span> <span class='ocrx_word' id='word_1_626' title='bbox 2961 2066 3041 2120; x_wconf 86' lang='lat' dir='ltr'><strong>vel</strong></span> <span class='ocrx_word' id='word_1_627' title='bbox 3087 2066 3427 2135; x_wconf 81' lang='lat' dir='ltr'><strong>quzerehatur</strong></span> <span class='ocrx_word' id='word_1_628' title='bbox 3449 2109 3466 2132; x_wconf 95' lang='lat'><strong>,</strong></span> <span class='ocrx_word' id='word_1_629' title='bbox 3499 2070 3579 2125; x_wconf 81' lang='lat' dir='ltr'><strong>vel</strong></span> 
     </span>
    </p>
   </div>
   <div class='ocr_carea' id='block_1_82' title="bbox 2003 2156 3575 2227">
    <p class='ocr_par' dir='ltr' id='par_1_82' title="bbox 2003 2156 3575 2227">
     <span class='ocr_line' id='line_1_82' title="bbox 2003 2156 3575 2227; baseline 0.003 -17"><span class='ocrx_word' id='word_1_630' title='bbox 2003 2156 2420 2226; x_wconf 86' lang='lat' dir='ltr'><strong>agnoscebatur;</strong></span> <span class='ocrx_word' id='word_1_631' title='bbox 2452 2157 2573 2227; x_wconf 89' lang='lat' dir='ltr'><strong>quia</strong></span> <span class='ocrx_word' id='word_1_632' title='bbox 2599 2157 2832 2212; x_wconf 88' lang='lat' dir='ltr'><strong>oleaster</strong></span> <span class='ocrx_word' id='word_1_633' title='bbox 2856 2157 2923 2212; x_wconf 89' lang='lat' dir='ltr'><strong>ad</strong></span> <span class='ocrx_word' id='word_1_634' title='bbox 2946 2156 3135 2212; x_wconf 90' lang='lat' dir='ltr'><strong>olivam</strong></span> <span class='ocrx_word' id='word_1_635' title='bbox 3160 2199 3176 2224; x_wconf 96' lang='lat'><strong>,</strong></span> <span class='ocrx_word' id='word_1_636' title='bbox 3207 2174 3310 2212; x_wconf 89' lang='lat' dir='ltr'><strong>non</strong></span> <span class='ocrx_word' id='word_1_637' title='bbox 3337 2159 3403 2213; x_wconf 90' lang='lat' dir='ltr'><strong>ad</strong></span> <span class='ocrx_word' id='word_1_638' title='bbox 3430 2160 3575 2214; x_wconf 83' lang='lat' dir='ltr'><strong>olea-</strong></span> 
     </span>
    </p>
   </div>
   <div class='ocr_carea' id='block_1_83' title="bbox 2004 2247 3578 2319">
    <p class='ocr_par' dir='ltr' id='par_1_83' title="bbox 2004 2247 3578 2319">
     <span class='ocr_line' id='line_1_83' title="bbox 2004 2247 3578 2319; baseline 0.001 -17"><span class='ocrx_word' id='word_1_639' title='bbox 2004 2258 2170 2303; x_wconf 90' lang='lat' dir='ltr'><strong>strum</strong></span> <span class='ocrx_word' id='word_1_640' title='bbox 2193 2248 2328 2302; x_wconf 88' lang='lat' dir='ltr'><strong>oliva</strong></span> <span class='ocrx_word' id='word_1_641' title='bbox 2355 2247 2619 2303; x_wconf 88' lang='lat' dir='ltr'><strong>veniebat.</strong></span> <span class='ocrx_word' id='word_1_642' title='bbox 2644 2249 2795 2304; x_wconf 78' lang='lat' dir='ltr'><strong>Rami</strong></span> <span class='ocrx_word' id='word_1_643' title='bbox 2824 2258 2997 2304; x_wconf 88' lang='lat' dir='ltr'><strong>tamen</strong></span> <span class='ocrx_word' id='word_1_644' title='bbox 3027 2247 3320 2319; x_wconf 88' lang='lat' dir='ltr'><strong>frangendi,</strong></span> <span class='ocrx_word' id='word_1_645' title='bbox 3354 2250 3456 2306; x_wconf 88' lang='lat' dir='ltr'><strong>hoc</strong></span> <span class='ocrx_word' id='word_1_646' title='bbox 3477 2262 3578 2317; x_wconf 87' lang='lat' dir='ltr'><strong>est,</strong></span> 
     </span>
    </p>
   </div>
   <div class='ocr_carea' id='block_1_84' title="bbox 2007 2338 3583 2410">
    <p class='ocr_par' dir='ltr' id='par_1_84' title="bbox 2007 2338 3583 2410">
     <span class='ocr_line' id='line_1_84' title="bbox 2007 2338 3583 2410; baseline 0.003 -18"><span class='ocrx_word' id='word_1_647' title='bbox 2007 2339 2244 2394; x_wconf 87' lang='lat' dir='ltr'><strong>infideles</strong></span> <span class='ocrx_word' id='word_1_648' title='bbox 2281 2339 2449 2394; x_wconf 77' lang='lat' dir='ltr'><strong>Judzei</strong></span> <span class='ocrx_word' id='word_1_649' title='bbox 2474 2379 2490 2407; x_wconf 95' lang='lat'><strong>,</strong></span> <span class='ocrx_word' id='word_1_650' title='bbox 2521 2349 2575 2394; x_wconf 88' lang='lat' dir='ltr'><strong>et</strong></span> <span class='ocrx_word' id='word_1_651' title='bbox 2603 2339 2766 2410; x_wconf 78' lang='lat' dir='ltr'><strong>Magis</strong></span> <span class='ocrx_word' id='word_1_652' title='bbox 2794 2338 3181 2408; x_wconf 87' lang='lat' dir='ltr'><strong>inquirentibus</strong></span> <span class='ocrx_word' id='word_1_653' title='bbox 3219 2340 3306 2395; x_wconf 89' lang='lat' dir='ltr'><strong>ubi</strong></span> <span class='ocrx_word' id='word_1_654' title='bbox 3334 2340 3583 2396; x_wconf 85' lang='lat' dir='ltr'><strong>Christus</strong></span> 
     </span>
    </p>
   </div>
   <div class='ocr_carea' id='block_1_85' title="bbox 2007 2428 3579 2502">
    <p class='ocr_par' dir='ltr' id='par_1_85' title="bbox 2007 2428 3579 2502">
     <span class='ocr_line' id='line_1_85' title="bbox 2007 2428 3579 2502; baseline 0.001 -20"><span class='ocrx_word' id='word_1_655' title='bbox 2007 2439 2333 2494; x_wconf 86' lang='lat' dir='ltr'><strong>nasceretur,</strong></span> <span class='ocrx_word' id='word_1_656' title='bbox 2363 2428 2423 2483; x_wconf 83' lang='grc' dir='ltr'><strong>1η</strong></span> <span class='ocrx_word' id='word_1_657' title='bbox 2442 2429 2733 2483; x_wconf 82' lang='lat' dir='ltr'><strong>Bethlehem</strong></span> <span class='ocrx_word' id='word_1_658' title='bbox 2760 2428 2930 2497; x_wconf 76' lang='lat' dir='ltr'><strong>Judw,</strong></span> <span class='ocrx_word' id='word_1_659' title='bbox 2952 2430 3346 2500; x_wconf 87' lang='lat' dir='ltr'><strong>respondebant</strong></span> <span class='ocrx_word' id='word_1_660' title='bbox 3366 2430 3579 2502; x_wconf 73' lang='lat' dir='ltr'><strong>(Matth.</strong></span> 
     </span>
    </p>
   </div>
   <div class='ocr_carea' id='block_1_86' title="bbox 2008 2519 3581 2592">
    <p class='ocr_par' dir='ltr' id='par_1_86' title="bbox 2008 2519 3581 2592">
     <span class='ocr_line' id='line_1_86' title="bbox 2008 2519 3581 2592; baseline 0.003 -19"><span class='ocrx_word' id='word_1_661' title='bbox 2008 2531 2046 2574; x_wconf 89' lang='grc' dir='ltr'><strong>ιι</strong></span> <span class='ocrx_word' id='word_1_662' title='bbox 2071 2561 2086 2585; x_wconf 88' lang='grc'><em>,</em></span> <span class='ocrx_word' id='word_1_663' title='bbox 2118 2519 2173 2591; x_wconf 84' lang='grc'>5)</span> <span class='ocrx_word' id='word_1_664' title='bbox 2199 2536 2214 2587; x_wconf 86' lang='grc'><strong>;</strong></span> <span class='ocrx_word' id='word_1_665' title='bbox 2247 2528 2302 2576; x_wconf 91' lang='lat' dir='ltr'><strong>et</strong></span> <span class='ocrx_word' id='word_1_666' title='bbox 2326 2519 2494 2575; x_wconf 86' lang='lat' dir='ltr'><strong>Pilato</strong></span> <span class='ocrx_word' id='word_1_667' title='bbox 2522 2520 2878 2591; x_wconf 78' lang='lat' dir='ltr'><strong>exprobrante</strong></span> <span class='ocrx_word' id='word_1_668' title='bbox 2905 2521 3046 2591; x_wconf 88' lang='lat' dir='ltr'><strong>quod</strong></span> <span class='ocrx_word' id='word_1_669' title='bbox 3073 2536 3252 2592; x_wconf 87' lang='lat' dir='ltr'><strong>regem</strong></span> <span class='ocrx_word' id='word_1_670' title='bbox 3276 2537 3428 2576; x_wconf 83' lang='lat' dir='ltr'><strong>suum</strong></span> <span class='ocrx_word' id='word_1_671' title='bbox 3460 2538 3581 2577; x_wconf 88' lang='lat' dir='ltr'><strong>crn-</strong></span> 
     </span>
    </p>
   </div>
   <div class='ocr_carea' id='block_1_87' title="bbox 2007 2610 3583 2683">
    <p class='ocr_par' dir='ltr' id='par_1_87' title="bbox 2007 2610 3583 2683">
     <span class='ocr_line' id='line_1_87' title="bbox 2007 2610 3583 2683; baseline 0.001 -18"><span class='ocrx_word' id='word_1_672' title='bbox 2007 2610 2146 2680; x_wconf 80' lang='lat' dir='ltr'><strong>cifigi</strong></span> <span class='ocrx_word' id='word_1_673' title='bbox 2175 2611 2409 2678; x_wconf 90' lang='lat' dir='ltr'><strong>vellent,</strong></span> <span class='ocrx_word' id='word_1_674' title='bbox 2441 2611 2864 2681; x_wconf 85' lang='lat' dir='ltr'><strong>pertinacissime</strong></span> <span class='ocrx_word' id='word_1_675' title='bbox 2903 2611 3209 2666; x_wconf 72' lang='lat' dir='ltr'><strong>saeviebant.</strong></span> <span class='ocrx_word' id='word_1_676' title='bbox 3242 2611 3422 2682; x_wconf 86' lang='lat' dir='ltr'><strong>Itaque</strong></span> <span class='ocrx_word' id='word_1_677' title='bbox 3450 2612 3583 2683; x_wconf 76' lang='lat' dir='ltr'><strong>Magi</strong></span> 
     </span>
    </p>
   </div>
   <div class='ocr_carea' id='block_1_88' title="bbox 2009 2700 3584 2769">
    <p class='ocr_par' dir='ltr' id='par_1_88' title="bbox 2009 2700 3584 2769">
     <span class='ocr_line' id='line_1_88' title="bbox 2009 2700 3584 2769; baseline 0.001 -14"><span class='ocrx_word' id='word_1_678' title='bbox 2009 2701 2385 2769; x_wconf 86' lang='lat' dir='ltr'><strong>adoraverunt,</strong></span> <span class='ocrx_word' id='word_1_679' title='bbox 2413 2701 2611 2757; x_wconf 69' lang='lat' dir='ltr'><strong>Judteis</strong></span> <span class='ocrx_word' id='word_1_680' title='bbox 2640 2700 3040 2756; x_wconf 89' lang='lat' dir='ltr'><strong>ostendentibus</strong></span> <span class='ocrx_word' id='word_1_681' title='bbox 3056 2701 3243 2756; x_wconf 82' lang='lat' dir='ltr'><strong>1ocum</strong></span> <span class='ocrx_word' id='word_1_682' title='bbox 3269 2701 3464 2756; x_wconf 86' lang='lat' dir='ltr'><strong>Christi</strong></span> <span class='ocrx_word' id='word_1_683' title='bbox 3495 2717 3584 2757; x_wconf 89' lang='lat' dir='ltr'><strong>ua-</strong></span> 
     </span>
    </p>
   </div>
   <div class='ocr_carea' id='block_1_89' title="bbox 2010 2790 3580 2862">
    <p class='ocr_par' dir='ltr' id='par_1_89' title="bbox 2010 2790 3580 2862">
     <span class='ocr_line' id='line_1_89' title="bbox 2010 2790 3580 2862; baseline 0 -16"><span class='ocrx_word' id='word_1_684' title='bbox 2010 2791 2245 2856; x_wconf 80' lang='lat' dir='ltr'><strong>soentis;</strong></span> <span class='ocrx_word' id='word_1_685' title='bbox 2276 2791 2395 2862; x_wconf 89' lang='lat' dir='ltr'><strong>quia</strong></span> <span class='ocrx_word' id='word_1_686' title='bbox 2427 2791 2478 2845; x_wconf 92' lang='lat' dir='ltr'><strong>in</strong></span> <span class='ocrx_word' id='word_1_687' title='bbox 2501 2791 2772 2861; x_wconf 90' lang='lat' dir='ltr'><strong>Scriptura</strong></span> <span class='ocrx_word' id='word_1_688' title='bbox 2798 2831 2813 2853; x_wconf 86' lang='lat'><strong>.</strong></span> <span class='ocrx_word' id='word_1_689' title='bbox 2843 2805 3000 2861; x_wconf 90' lang='lat' dir='ltr'><strong>quam</strong></span> <span class='ocrx_word' id='word_1_690' title='bbox 3024 2790 3194 2846; x_wconf 58' lang='lat' dir='ltr'><strong>Judaei</strong></span> <span class='ocrx_word' id='word_1_691' title='bbox 3222 2801 3580 2862; x_wconf 86' lang='lat' dir='ltr'><strong>acceperunt,</strong></span> 
     </span>
    </p>
   </div>
   <div class='ocr_carea' id='block_1_90' title="bbox 2009 2880 3586 2952">
    <p class='ocr_par' dir='ltr' id='par_1_90' title="bbox 2009 2880 3586 2952">
     <span class='ocr_line' id='line_1_90' title="bbox 2009 2880 3586 2952; baseline 0.003 -18"><span class='ocrx_word' id='word_1_692' title='bbox 2009 2881 2280 2935; x_wconf 87' lang='lat' dir='ltr'><strong>Christum</strong></span> <span class='ocrx_word' id='word_1_693' title='bbox 2305 2881 2693 2952; x_wconf 79' lang='lat' dir='ltr'><strong>cognoscimus.</strong></span> <span class='ocrx_word' id='word_1_694' title='bbox 2716 2881 2916 2936; x_wconf 88' lang='lat' dir='ltr'><strong>Pilatus</strong></span> <span class='ocrx_word' id='word_1_695' title='bbox 2937 2897 3003 2936; x_wconf 81' lang='lat' dir='ltr'><strong>ex</strong></span> <span class='ocrx_word' id='word_1_696' title='bbox 3025 2880 3280 2938; x_wconf 88' lang='lat' dir='ltr'><strong>Gentibus</strong></span> <span class='ocrx_word' id='word_1_697' title='bbox 3301 2898 3494 2938; x_wconf 90' lang='lat' dir='ltr'><strong>manus</strong></span> <span class='ocrx_word' id='word_1_698' title='bbox 3513 2883 3586 2938; x_wconf 83' lang='lat' dir='ltr'><strong>la-</strong></span> 
     </span>
    </p>
   </div>
   <div class='ocr_carea' id='block_1_91' title="bbox 2010 2971 3584 3044">
    <p class='ocr_par' dir='ltr' id='par_1_91' title="bbox 2010 2971 3584 3044">
     <span class='ocr_line' id='line_1_91' title="bbox 2010 2971 3584 3044; baseline 0.001 -17"><span class='ocrx_word' id='word_1_699' title='bbox 2010 2971 2321 3041; x_wconf 79' lang='lat' dir='ltr'><strong>vit,Jud:eis</strong></span> <span class='ocrx_word' id='word_1_700' title='bbox 2349 2981 2576 3028; x_wconf 86' lang='lat' dir='ltr'><strong>mortem</strong></span> <span class='ocrx_word' id='word_1_701' title='bbox 2595 2972 2792 3030; x_wconf 83' lang='lat' dir='ltr'><strong>Christi</strong></span> <span class='ocrx_word' id='word_1_702' title='bbox 2823 2972 3121 3042; x_wconf 87' lang='lat' dir='ltr'><strong>petentibus</strong></span> <span class='ocrx_word' id='word_1_703' title='bbox 3150 2971 3264 3042; x_wconf 85' lang='lat' dir='ltr'><strong>(Id.</strong></span> <span class='ocrx_word' id='word_1_704' title='bbox 3287 2989 3451 3040; x_wconf 81' lang='lat' dir='ltr'><strong>xxvn,</strong></span> <span class='ocrx_word' id='word_1_705' title='bbox 3469 2974 3584 3044; x_wconf 59' lang='lat'><strong>21);</strong></span> 
     </span>
    </p>
   </div>
   <div class='ocr_carea' id='block_1_92' title="bbox 2013 3053 3588 3133">
    <p class='ocr_par' dir='ltr' id='par_1_92' title="bbox 2013 3053 3588 3133">
     <span class='ocr_line' id='line_1_92' title="bbox 2013 3053 3588 3133; baseline 0.001 -17"><span class='ocrx_word' id='word_1_706' title='bbox 2013 3063 2134 3133; x_wconf 86' lang='lat' dir='ltr'><strong>quia</strong></span> <span class='ocrx_word' id='word_1_707' title='bbox 2154 3062 2406 3132; x_wconf 86' lang='lat' dir='ltr'><strong>sanguine</strong></span> <span class='ocrx_word' id='word_1_708' title='bbox 2421 3076 2575 3132; x_wconf 90' lang='lat' dir='ltr'><strong>quem</strong></span> <span class='ocrx_word' id='word_1_709' title='bbox 2591 3061 2759 3116; x_wconf 74' lang='lat' dir='ltr'><strong>Judtei</strong></span> <span class='ocrx_word' id='word_1_710' title='bbox 2785 3061 3052 3129; x_wconf 89' lang='lat' dir='ltr'><strong>fuderunt,</strong></span> <span class='ocrx_word' id='word_1_711' title='bbox 3075 3071 3252 3117; x_wconf 85' lang='lat' dir='ltr'><strong>nostra</strong></span> <span class='ocrx_word' id='word_1_712' title='bbox 3275 3053 3490 3132; x_wconf 77' lang='lat' dir='ltr'><strong>peccata</strong></span> <span class='ocrx_word' id='word_1_713' title='bbox 3509 3066 3588 3118; x_wconf 87' lang='lat' dir='ltr'><strong>di-</strong></span> 
     </span>
    </p>
   </div>
   <div class='ocr_carea' id='block_1_93' title="bbox 2013 3149 3594 3223">
    <p class='ocr_par' dir='ltr' id='par_1_93' title="bbox 2013 3149 3594 3223">
     <span class='ocr_line' id='line_1_93' title="bbox 2013 3149 3594 3223; baseline 0.002 -17"><span class='ocrx_word' id='word_1_714' title='bbox 2013 3151 2224 3206; x_wconf 90' lang='lat' dir='ltr'><strong>luimus.</strong></span> <span class='ocrx_word' id='word_1_715' title='bbox 2237 3149 2342 3206; x_wconf 85' lang='lat' dir='ltr'><strong>Sed</strong></span> <span class='ocrx_word' id='word_1_716' title='bbox 2359 3150 2426 3204; x_wconf 91' lang='lat' dir='ltr'><strong>de</strong></span> <span class='ocrx_word' id='word_1_717' title='bbox 2443 3151 2745 3205; x_wconf 89' lang='lat' dir='ltr'><strong>testimonio</strong></span> <span class='ocrx_word' id='word_1_718' title='bbox 2757 3151 2908 3205; x_wconf 90' lang='lat' dir='ltr'><strong>Pilati</strong></span> <span class='ocrx_word' id='word_1_719' title='bbox 2923 3167 3015 3220; x_wconf 88' lang='lat' dir='ltr'><strong>per</strong></span> <span class='ocrx_word' id='word_1_720' title='bbox 3030 3152 3260 3217; x_wconf 88' lang='lat' dir='ltr'><strong>titulum,</strong></span> <span class='ocrx_word' id='word_1_721' title='bbox 3274 3152 3329 3207; x_wconf 90' lang='lat' dir='ltr'><strong>in</strong></span> <span class='ocrx_word' id='word_1_722' title='bbox 3342 3170 3450 3223; x_wconf 83' lang='lat' dir='ltr'><strong>quo</strong></span> <span class='ocrx_word' id='word_1_723' title='bbox 3465 3155 3594 3209; x_wconf 82' lang='lat' dir='ltr'><strong>scri-</strong></span> 
     </span>
    </p>
   </div>
   <div class='ocr_carea' id='block_1_94' title="bbox 2015 3241 3590 3313">
    <p class='ocr_par' dir='ltr' id='par_1_94' title="bbox 2015 3241 3590 3313">
     <span class='ocr_line' id='line_1_94' title="bbox 2015 3241 3590 3313; baseline 0.003 -17"><span class='ocrx_word' id='word_1_724' title='bbox 2015 3243 2121 3313; x_wconf 85' lang='lat' dir='ltr'><strong>psit</strong></span> <span class='ocrx_word' id='word_1_725' title='bbox 2141 3256 2316 3312; x_wconf 86' lang='lat' dir='ltr'><strong>regem</strong></span> <span class='ocrx_word' id='word_1_726' title='bbox 2345 3241 2649 3296; x_wconf 76' lang='lat' dir='ltr'><strong>Judawrum</strong></span> <span class='ocrx_word' id='word_1_727' title='bbox 2678 3255 2797 3296; x_wconf 88' lang='lat' dir='ltr'><strong>esse</strong></span> <span class='ocrx_word' id='word_1_728' title='bbox 2823 3241 3114 3308; x_wconf 88' lang='lat' dir='ltr'><strong>Christum,</strong></span> <span class='ocrx_word' id='word_1_729' title='bbox 3141 3242 3279 3297; x_wconf 89' lang='lat' dir='ltr'><strong>alius</strong></span> <span class='ocrx_word' id='word_1_730' title='bbox 3301 3253 3386 3298; x_wconf 86' lang='lat' dir='ltr'><strong>est</strong></span> <span class='ocrx_word' id='word_1_731' title='bbox 3410 3244 3590 3301; x_wconf 82' lang='lat' dir='ltr'><strong>disse-</strong></span> 
     </span>
    </p>
   </div>
   <div class='ocr_carea' id='block_1_95' title="bbox 2013 3332 3121 3404">
    <p class='ocr_par' dir='ltr' id='par_1_95' title="bbox 2013 3332 3121 3404">
     <span class='ocr_line' id='line_1_95' title="bbox 2013 3332 3121 3404; baseline -0.002 -14"><span class='ocrx_word' id='word_1_732' title='bbox 2013 3335 2162 3390; x_wconf 88' lang='lat' dir='ltr'><strong>rendi</strong></span> <span class='ocrx_word' id='word_1_733' title='bbox 2183 3335 2330 3389; x_wconf 91' lang='lat' dir='ltr'><strong>locus</strong></span> <span class='ocrx_word' id='word_1_734' title='bbox 2354 3351 2366 3388; x_wconf 94' lang='lat'>:</span> <span class='ocrx_word' id='word_1_735' title='bbox 2389 3349 2493 3404; x_wconf 90' lang='lat' dir='ltr'><strong>quo</strong></span> <span class='ocrx_word' id='word_1_736' title='bbox 2515 3332 2776 3404; x_wconf 90' lang='lat' dir='ltr'><strong>passionis</strong></span> <span class='ocrx_word' id='word_1_737' title='bbox 2793 3343 2874 3388; x_wconf 89' lang='lat' dir='ltr'><strong>est</strong></span> <span class='ocrx_word' id='word_1_738' title='bbox 2895 3341 3121 3404; x_wconf 87' lang='lat' dir='ltr'><strong>tempus.</strong></span> 
     </span>
    </p>
   </div>
   <div class='ocr_carea' id='block_1_96' title="bbox 2084 3421 3594 3479">
    <p class='ocr_par' dir='ltr' id='par_1_96' title="bbox 2084 3421 3594 3479">
     <span class='ocr_line' id='line_1_96' title="bbox 2084 3421 3594 3479; baseline -0.001 0"><span class='ocrx_word' id='word_1_739' title='bbox 2084 3422 2313 3479; x_wconf 85' lang='lat' dir='ltr'><strong>CAPUT</strong></span> <span class='ocrx_word' id='word_1_740' title='bbox 2343 3421 2428 3476; x_wconf 88' lang='lat' dir='ltr'><strong>Ill.</strong></span> <span class='ocrx_word' id='word_1_741' title='bbox 2448 3452 2521 3463; x_wconf 89' lang='lat'><strong>—</strong></span> <span class='ocrx_word' id='word_1_742' title='bbox 2539 3423 2592 3477; x_wconf 79' lang='lat'><strong>3.</strong></span> <span class='ocrx_word' id='word_1_743' title='bbox 2618 3421 2789 3476; x_wconf 73' lang='lat' dir='ltr'><strong>Juda&#39;i</strong></span> <span class='ocrx_word' id='word_1_744' title='bbox 2827 3423 2897 3475; x_wconf 87' lang='lat' dir='ltr'><strong>ad</strong></span> <span class='ocrx_word' id='word_1_745' title='bbox 2939 3421 3172 3476; x_wconf 80' lang='lat' dir='ltr'><strong>Gentium</strong></span> <span class='ocrx_word' id='word_1_746' title='bbox 3197 3425 3413 3477; x_wconf 81' lang='lat' dir='ltr'><strong>salutem</strong></span> <span class='ocrx_word' id='word_1_747' title='bbox 3443 3425 3594 3479; x_wconf 78' lang='lat' dir='ltr'><strong>Scri-</strong></span> 
     </span>
    </p>
   </div>
   <div class='ocr_carea' id='block_1_97' title="bbox 2017 3511 3593 3585">
    <p class='ocr_par' dir='ltr' id='par_1_97' title="bbox 2017 3511 3593 3585">
     <span class='ocr_line' id='line_1_97' title="bbox 2017 3511 3593 3585; baseline 0.001 -17"><span class='ocrx_word' id='word_1_748' title='bbox 2017 3524 2280 3585; x_wconf 85' lang='lat' dir='ltr'><strong>pturarum</strong></span> <span class='ocrx_word' id='word_1_749' title='bbox 2309 3513 2556 3567; x_wconf 83' lang='lat' dir='ltr'><strong>custodes.</strong></span> <span class='ocrx_word' id='word_1_750' title='bbox 2595 3511 2747 3567; x_wconf 85' lang='lat' dir='ltr'><strong>Nunc</strong></span> <span class='ocrx_word' id='word_1_751' title='bbox 2773 3527 2900 3568; x_wconf 88' lang='lat' dir='ltr'><strong>vero</strong></span> <span class='ocrx_word' id='word_1_752' title='bbox 2927 3513 3066 3583; x_wconf 92' lang='lat' dir='ltr'><strong>quod</strong></span> <span class='ocrx_word' id='word_1_753' title='bbox 3093 3514 3279 3567; x_wconf 84' lang='lat' dir='ltr'><strong>attinet</strong></span> <span class='ocrx_word' id='word_1_754' title='bbox 3304 3514 3372 3568; x_wconf 87' lang='lat' dir='ltr'><strong>ad</strong></span> <span class='ocrx_word' id='word_1_755' title='bbox 3414 3517 3593 3570; x_wconf 78' lang='lat' dir='ltr'><strong>mani-</strong></span> 
     </span>
    </p>
   </div>
   <div class='ocr_carea' id='block_1_98' title="bbox 2018 3603 3589 3676">
    <p class='ocr_par' dir='ltr' id='par_1_98' title="bbox 2018 3603 3589 3676">
     <span class='ocr_line' id='line_1_98' title="bbox 2018 3603 3589 3676; baseline -0.001 -15"><span class='ocrx_word' id='word_1_756' title='bbox 2018 3605 2351 3661; x_wconf 88' lang='lat' dir='ltr'><strong>festatiouem</strong></span> <span class='ocrx_word' id='word_1_757' title='bbox 2377 3604 2484 3660; x_wconf 89' lang='lat' dir='ltr'><strong>nati</strong></span> <span class='ocrx_word' id='word_1_758' title='bbox 2510 3603 2729 3671; x_wconf 86' lang='lat' dir='ltr'><strong>Christi,</strong></span> <span class='ocrx_word' id='word_1_759' title='bbox 2753 3603 2819 3660; x_wconf 91' lang='lat' dir='ltr'><strong>de</strong></span> <span class='ocrx_word' id='word_1_760' title='bbox 2844 3604 2995 3676; x_wconf 85' lang='lat' dir='ltr'><strong>cujus</strong></span> <span class='ocrx_word' id='word_1_761' title='bbox 3022 3605 3463 3661; x_wconf 82' lang='lat' dir='ltr'><strong>manifestationis</strong></span> <span class='ocrx_word' id='word_1_762' title='bbox 3482 3606 3589 3670; x_wconf 84' lang='lat' dir='ltr'><strong>die,</strong></span> 
     </span>
    </p>
   </div>
   <div class='ocr_carea' id='block_1_99' title="bbox 2017 3697 3593 3771">
    <p class='ocr_par' dir='ltr' id='par_1_99' title="bbox 2017 3697 3593 3771">
     <span class='ocr_line' id='line_1_99' title="bbox 2017 3697 3593 3771; baseline 0.001 -19"><span class='ocrx_word' id='word_1_763' title='bbox 2017 3714 2136 3771; x_wconf 77' lang='lat' dir='ltr'><strong>qua:</strong></span> <span class='ocrx_word' id='word_1_764' title='bbox 2163 3713 2336 3769; x_wconf 72' lang='lat' dir='ltr'><strong>grzeco</strong></span> <span class='ocrx_word' id='word_1_765' title='bbox 2367 3698 2623 3752; x_wconf 88' lang='lat' dir='ltr'><strong>vocabulo</strong></span> <span class='ocrx_word' id='word_1_766' title='bbox 2653 3697 2941 3767; x_wconf 83' lang='lat' dir='ltr'><strong>Epiphania</strong></span> <span class='ocrx_word' id='word_1_767' title='bbox 2972 3699 3272 3753; x_wconf 89' lang='lat' dir='ltr'><strong>nominatur</strong></span> <span class='ocrx_word' id='word_1_768' title='bbox 3294 3737 3311 3762; x_wconf 96' lang='lat'><strong>,</strong></span> <span class='ocrx_word' id='word_1_769' title='bbox 3343 3714 3447 3769; x_wconf 89' lang='lat' dir='ltr'><strong>qua</strong></span> <span class='ocrx_word' id='word_1_770' title='bbox 3478 3715 3593 3755; x_wconf 83' lang='lat' dir='ltr'><strong>ma-</strong></span> 
     </span>
    </p>
   </div>
   <div class='ocr_carea' id='block_1_100' title="bbox 2019 3790 3589 3860">
    <p class='ocr_par' dir='ltr' id='par_1_100' title="bbox 2019 3790 3589 3860">
     <span class='ocr_line' id='line_1_100' title="bbox 2019 3790 3589 3860; baseline 0 -14"><span class='ocrx_word' id='word_1_771' title='bbox 2019 3792 2256 3847; x_wconf 74' lang='lat' dir='ltr'><strong>nifestari</strong></span> <span class='ocrx_word' id='word_1_772' title='bbox 2284 3791 2444 3860; x_wconf 71' lang='lat' dir='ltr'><strong>cmpit</strong></span> <span class='ocrx_word' id='word_1_773' title='bbox 2471 3790 2726 3846; x_wconf 89' lang='lat' dir='ltr'><strong>Gentibus</strong></span> <span class='ocrx_word' id='word_1_774' title='bbox 2750 3804 2871 3844; x_wconf 89' lang='lat' dir='ltr'><strong>cum</strong></span> <span class='ocrx_word' id='word_1_775' title='bbox 2902 3806 3020 3846; x_wconf 88' lang='lat' dir='ltr'><strong>eum</strong></span> <span class='ocrx_word' id='word_1_776' title='bbox 3049 3790 3184 3860; x_wconf 77' lang='lat' dir='ltr'><strong>Magi</strong></span> <span class='ocrx_word' id='word_1_777' title='bbox 3213 3791 3589 3855; x_wconf 78' lang='lat' dir='ltr'><strong>adorarean</strong></span> 
     </span>
    </p>
   </div>
   <div class='ocr_carea' id='block_1_101' title="bbox 2017 3880 3592 3954">
    <p class='ocr_par' dir='ltr' id='par_1_101' title="bbox 2017 3880 3592 3954">
     <span class='ocr_line' id='line_1_101' title="bbox 2017 3880 3592 3954; baseline 0 -17"><span class='ocrx_word' id='word_1_778' title='bbox 2017 3900 2135 3954; x_wconf 81' lang='lat' dir='ltr'><strong>qua:</strong></span> <span class='ocrx_word' id='word_1_779' title='bbox 2161 3891 2362 3937; x_wconf 89' lang='lat' dir='ltr'><strong>restant</strong></span> <span class='ocrx_word' id='word_1_780' title='bbox 2404 3897 2569 3951; x_wconf 86' lang='lat' dir='ltr'><strong>pauca</strong></span> <span class='ocrx_word' id='word_1_781' title='bbox 2597 3880 2856 3934; x_wconf 70' lang='lat' dir='ltr'><strong>dicamus.</strong></span> <span class='ocrx_word' id='word_1_782' title='bbox 2888 3881 3017 3935; x_wconf 87' lang='lat' dir='ltr'><strong>Nam</strong></span> <span class='ocrx_word' id='word_1_783' title='bbox 3059 3882 3216 3936; x_wconf 88' lang='lat' dir='ltr'><strong>etiam</strong></span> <span class='ocrx_word' id='word_1_784' title='bbox 3246 3890 3406 3952; x_wconf 84' lang='lat' dir='ltr'><strong>atque</strong></span> <span class='ocrx_word' id='word_1_785' title='bbox 3429 3881 3592 3937; x_wconf 82' lang='lat' dir='ltr'><strong>etiam</strong></span> 
     </span>
    </p>
   </div>
   <div class='ocr_carea' id='block_1_102' title="bbox 2017 3973 3592 4046">
    <p class='ocr_par' dir='ltr' id='par_1_102' title="bbox 2017 3973 3592 4046">
     <span class='ocr_line' id='line_1_102' title="bbox 2017 3973 3592 4046; baseline -0.002 -14"><span class='ocrx_word' id='word_1_786' title='bbox 2017 3973 2358 4034; x_wconf 87' lang='lat' dir='ltr'><strong>considerare</strong></span> <span class='ocrx_word' id='word_1_787' title='bbox 2381 3975 2647 4042; x_wconf 86' lang='lat' dir='ltr'><strong>delectat,</strong></span> <span class='ocrx_word' id='word_1_788' title='bbox 2677 3973 3117 4046; x_wconf 87' lang='lat' dir='ltr'><strong>quemadmodum</strong></span> <span class='ocrx_word' id='word_1_789' title='bbox 3146 3973 3308 4044; x_wconf 75' lang='lat' dir='ltr'><strong>Magis</strong></span> <span class='ocrx_word' id='word_1_790' title='bbox 3343 3990 3592 4044; x_wconf 54' lang='lat' dir='ltr'><strong>quamcu-</strong></span> 
     </span>
    </p>
   </div>
   <div class='ocr_carea' id='block_1_103' title="bbox 2020 4065 3590 4134">
    <p class='ocr_par' dir='ltr' id='par_1_103' title="bbox 2020 4065 3590 4134">
     <span class='ocr_line' id='line_1_103' title="bbox 2020 4065 3590 4134; baseline -0.003 -11"><span class='ocrx_word' id='word_1_791' title='bbox 2020 4071 2162 4123; x_wconf 91' lang='lat' dir='ltr'><strong>tibus</strong></span> <span class='ocrx_word' id='word_1_792' title='bbox 2187 4068 2276 4122; x_wconf 90' lang='lat' dir='ltr'><strong>ubi</strong></span> <span class='ocrx_word' id='word_1_793' title='bbox 2301 4066 2544 4121; x_wconf 87' lang='lat' dir='ltr'><strong>Christus</strong></span> <span class='ocrx_word' id='word_1_794' title='bbox 2583 4075 2892 4121; x_wconf 90' lang='lat' dir='ltr'><strong>nasceretur</strong></span> <span class='ocrx_word' id='word_1_795' title='bbox 2913 4105 2930 4133; x_wconf 86' lang='lat'><strong>,</strong></span> <span class='ocrx_word' id='word_1_796' title='bbox 2957 4065 3125 4119; x_wconf 71' lang='lat' dir='ltr'><strong>Judaei</strong></span> <span class='ocrx_word' id='word_1_797' title='bbox 3166 4065 3590 4134; x_wconf 85' lang='lat' dir='ltr'><strong>responderunt:</strong></span> 
     </span>
    </p>
   </div>
   <div class='ocr_carea' id='block_1_104' title="bbox 2020 4153 3588 4227">
    <p class='ocr_par' dir='ltr' id='par_1_104' title="bbox 2020 4153 3588 4227">
     <span class='ocr_line' id='line_1_104' title="bbox 2020 4153 3588 4227; baseline -0.003 -14"><span class='ocrx_word' id='word_1_798' title='bbox 2020 4159 2087 4213; x_wconf 79' lang='lat' dir='ltr'><strong>In</strong></span> <span class='ocrx_word' id='word_1_799' title='bbox 2110 4160 2396 4214; x_wconf 85' lang='lat' dir='ltr'><strong>Bethlehem</strong></span> <span class='ocrx_word' id='word_1_800' title='bbox 2415 4153 2569 4210; x_wconf 68' lang='lat' dir='ltr'><strong>Iuda:</strong></span> <span class='ocrx_word' id='word_1_801' title='bbox 2591 4171 2611 4220; x_wconf 87' lang='lat'><strong>;</strong></span> <span class='ocrx_word' id='word_1_802' title='bbox 2631 4171 2730 4211; x_wconf 88' lang='lat' dir='ltr'><strong>nec</strong></span> <span class='ocrx_word' id='word_1_803' title='bbox 2753 4164 2928 4211; x_wconf 89' lang='lat' dir='ltr'><strong>tamen</strong></span> <span class='ocrx_word' id='word_1_804' title='bbox 2950 4155 3015 4210; x_wconf 89' lang='lat' dir='ltr'><strong>ad</strong></span> <span class='ocrx_word' id='word_1_805' title='bbox 3043 4171 3164 4210; x_wconf 87' lang='lat' dir='ltr'><strong>eum</strong></span> <span class='ocrx_word' id='word_1_806' title='bbox 3194 4165 3455 4210; x_wconf 84' lang='lat' dir='ltr'><strong>venerunt</strong></span> <span class='ocrx_word' id='word_1_807' title='bbox 3475 4157 3588 4227; x_wconf 82' lang='lat' dir='ltr'><strong>ipsi,</strong></span> 
     </span>
    </p>
   </div>
   <div class='ocr_carea' id='block_1_105' title="bbox 2021 4245 3592 4316">
    <p class='ocr_par' dir='ltr' id='par_1_105' title="bbox 2021 4245 3592 4316">
     <span class='ocr_line' id='line_1_105' title="bbox 2021 4245 3592 4316; baseline -0.003 -12"><span class='ocrx_word' id='word_1_808' title='bbox 2021 4249 2114 4305; x_wconf 83' lang='lat' dir='ltr'><strong>sed</strong></span> <span class='ocrx_word' id='word_1_809' title='bbox 2156 4250 2234 4306; x_wconf 91' lang='lat' dir='ltr'><strong>eis</strong></span> <span class='ocrx_word' id='word_1_810' title='bbox 2259 4246 2665 4302; x_wconf 88' lang='lat' dir='ltr'><strong>abscedentibus</strong></span> <span class='ocrx_word' id='word_1_811' title='bbox 2686 4288 2702 4314; x_wconf 91' lang='lat'><strong>,</strong></span> <span class='ocrx_word' id='word_1_812' title='bbox 2735 4247 2909 4315; x_wconf 74' lang='lat' dir='ltr'><strong>Magos</strong></span> <span class='ocrx_word' id='word_1_813' title='bbox 2933 4245 2999 4300; x_wconf 89' lang='lat' dir='ltr'><strong>ad</strong></span> <span class='ocrx_word' id='word_1_814' title='bbox 3026 4261 3146 4300; x_wconf 90' lang='lat' dir='ltr'><strong>eum</strong></span> <span class='ocrx_word' id='word_1_815' title='bbox 3189 4245 3362 4300; x_wconf 87' lang='lat' dir='ltr'><strong>lucum</strong></span> <span class='ocrx_word' id='word_1_816' title='bbox 3396 4247 3449 4300; x_wconf 87' lang='lat' dir='ltr'><strong>in</strong></span> <span class='ocrx_word' id='word_1_817' title='bbox 3489 4260 3592 4316; x_wconf 88' lang='lat' dir='ltr'><strong>quo</strong></span> 
     </span>
    </p>
   </div>
   <div class='ocr_carea' id='block_1_106' title="bbox 2024 4340 3594 4414">
    <p class='ocr_par' dir='ltr' id='par_1_106' title="bbox 2024 4340 3594 4414">
     <span class='ocr_line' id='line_1_106' title="bbox 2024 4340 3594 4414; baseline -0.004 -14"><span class='ocrx_word' id='word_1_818' title='bbox 2024 4346 2197 4401; x_wconf 88' lang='lat' dir='ltr'><strong>infans</strong></span> <span class='ocrx_word' id='word_1_819' title='bbox 2221 4353 2334 4400; x_wconf 92' lang='lat' dir='ltr'><strong>erat</strong></span> <span class='ocrx_word' id='word_1_820' title='bbox 2356 4387 2371 4410; x_wconf 92' lang='lat'><strong>,</strong></span> <span class='ocrx_word' id='word_1_821' title='bbox 2403 4343 2589 4414; x_wconf 85' lang='lat' dir='ltr'><strong>eadem</strong></span> <span class='ocrx_word' id='word_1_822' title='bbox 2630 4341 2777 4396; x_wconf 89' lang='lat' dir='ltr'><strong>stella</strong></span> <span class='ocrx_word' id='word_1_823' title='bbox 2813 4340 3095 4411; x_wconf 85' lang='lat' dir='ltr'><strong>perduxit;</strong></span> <span class='ocrx_word' id='word_1_824' title='bbox 3127 4350 3185 4394; x_wconf 93' lang='lat' dir='ltr'><strong>ut</strong></span> <span class='ocrx_word' id='word_1_825' title='bbox 3223 4340 3594 4395; x_wconf 86' lang='lat' dir='ltr'><strong>ostenderetur</strong></span> 
     </span>
    </p>
   </div>
   <div class='ocr_carea' id='block_1_107' title="bbox 2023 4429 3592 4506">
    <p class='ocr_par' dir='ltr' id='par_1_107' title="bbox 2023 4429 3592 4506">
     <span class='ocr_line' id='line_1_107' title="bbox 2023 4429 3592 4506; baseline -0.003 -16"><span class='ocrx_word' id='word_1_826' title='bbox 2023 4436 2164 4506; x_wconf 88' lang='lat' dir='ltr'><strong>quod</strong></span> <span class='ocrx_word' id='word_1_827' title='bbox 2192 4445 2246 4491; x_wconf 91' lang='lat' dir='ltr'><strong>et</strong></span> <span class='ocrx_word' id='word_1_828' title='bbox 2271 4434 2533 4490; x_wconf 83' lang='lat' dir='ltr'><strong>civitatem</strong></span> <span class='ocrx_word' id='word_1_829' title='bbox 2559 4440 2761 4502; x_wconf 89' lang='lat' dir='ltr'><strong>poterat</strong></span> <span class='ocrx_word' id='word_1_830' title='bbox 2785 4431 3172 4498; x_wconf 82' lang='lat' dir='ltr'><strong>demonstrare,</strong></span> <span class='ocrx_word' id='word_1_831' title='bbox 3203 4430 3296 4485; x_wconf 86' lang='lat' dir='ltr'><strong>sed</strong></span> <span class='ocrx_word' id='word_1_832' title='bbox 3319 4430 3386 4484; x_wconf 84' lang='lat' dir='ltr'><strong>ad</strong></span> <span class='ocrx_word' id='word_1_833' title='bbox 3413 4429 3515 4485; x_wconf 88' lang='lat' dir='ltr'><strong>hoc</strong></span> <span class='ocrx_word' id='word_1_834' title='bbox 3534 4445 3592 4486; x_wconf 80' lang='lat' dir='ltr'><strong>se</strong></span> 
     </span>
    </p>
   </div>
   <div class='ocr_carea' id='block_1_108' title="bbox 2024 4519 3589 4597">
    <p class='ocr_par' dir='ltr' id='par_1_108' title="bbox 2024 4519 3589 4597">
     <span class='ocr_line' id='line_1_108' title="bbox 2024 4519 3589 4597; baseline -0.005 -16"><span class='ocrx_word' id='word_1_835' title='bbox 2024 4528 2352 4597; x_wconf 88' lang='lat' dir='ltr'><strong>aliquantum</strong></span> <span class='ocrx_word' id='word_1_836' title='bbox 2371 4525 2722 4586; x_wconf 78' lang='lat' dir='ltr'><strong>subtraxerat,</strong></span> <span class='ocrx_word' id='word_1_837' title='bbox 2746 4531 2800 4576; x_wconf 91' lang='lat' dir='ltr'><strong>ut</strong></span> <span class='ocrx_word' id='word_1_838' title='bbox 2820 4521 2986 4576; x_wconf 80' lang='lat' dir='ltr'><strong>Juda:i</strong></span> <span class='ocrx_word' id='word_1_839' title='bbox 3016 4530 3233 4592; x_wconf 86' lang='lat' dir='ltr'><strong>possent</strong></span> <span class='ocrx_word' id='word_1_840' title='bbox 3261 4519 3589 4592; x_wconf 82' lang='lat' dir='ltr'><strong>interrogari.</strong></span> 
     </span>
    </p>
   </div>
   <div class='ocr_carea' id='block_1_109' title="bbox 2025 4610 3592 4683">
    <p class='ocr_par' dir='ltr' id='par_1_109' title="bbox 2025 4610 3592 4683">
     <span class='ocr_line' id='line_1_109' title="bbox 2025 4610 3592 4683; baseline -0.004 -11"><span class='ocrx_word' id='word_1_841' title='bbox 2025 4619 2106 4673; x_wconf 84' lang='lat' dir='ltr'><strong>Ad</strong></span> <span class='ocrx_word' id='word_1_842' title='bbox 2136 4619 2235 4672; x_wconf 91' lang='lat' dir='ltr'><strong>hoc</strong></span> <span class='ocrx_word' id='word_1_843' title='bbox 2263 4628 2386 4670; x_wconf 89' lang='lat' dir='ltr'><strong>sunt</strong></span> <span class='ocrx_word' id='word_1_844' title='bbox 2408 4625 2582 4670; x_wconf 82' lang='lat' dir='ltr'><strong>autem</strong></span> <span class='ocrx_word' id='word_1_845' title='bbox 2608 4613 2909 4683; x_wconf 87' lang='lat' dir='ltr'><strong>interrogati</strong></span> <span class='ocrx_word' id='word_1_846' title='bbox 2939 4611 3107 4666; x_wconf 67' lang='lat' dir='ltr'><strong>Judaei</strong></span> <span class='ocrx_word' id='word_1_847' title='bbox 3129 4653 3144 4678; x_wconf 86' lang='lat'><strong>,</strong></span> <span class='ocrx_word' id='word_1_848' title='bbox 3177 4620 3236 4665; x_wconf 93' lang='lat' dir='ltr'><strong>ut</strong></span> <span class='ocrx_word' id='word_1_849' title='bbox 3259 4610 3592 4666; x_wconf 82' lang='lat' dir='ltr'><strong>demonstra-</strong></span> 
     </span>
    </p>
   </div>
   <div class='ocr_carea' id='block_1_110' title="bbox 2026 4705 3596 4773">
    <p class='ocr_par' dir='ltr' id='par_1_110' title="bbox 2026 4705 3596 4773">
     <span class='ocr_line' id='line_1_110' title="bbox 2026 4705 3596 4773; baseline -0.006 -6"><span class='ocrx_word' id='word_1_850' title='bbox 2026 4720 2172 4767; x_wconf 90' lang='lat' dir='ltr'><strong>retur</strong></span> <span class='ocrx_word' id='word_1_851' title='bbox 2196 4725 2290 4766; x_wconf 89' lang='lat' dir='ltr'><strong>eos</strong></span> <span class='ocrx_word' id='word_1_852' title='bbox 2316 4725 2418 4765; x_wconf 91' lang='lat' dir='ltr'><strong>non</strong></span> <span class='ocrx_word' id='word_1_853' title='bbox 2443 4708 2518 4763; x_wconf 88' lang='lat' dir='ltr'><strong>ad</strong></span> <span class='ocrx_word' id='word_1_854' title='bbox 2548 4723 2696 4764; x_wconf 89' lang='lat' dir='ltr'><strong>suam</strong></span> <span class='ocrx_word' id='word_1_855' title='bbox 2722 4750 2735 4773; x_wconf 92' lang='lat'><strong>,</strong></span> <span class='ocrx_word' id='word_1_856' title='bbox 2767 4709 2860 4764; x_wconf 88' lang='lat' dir='ltr'><strong>sed</strong></span> <span class='ocrx_word' id='word_1_857' title='bbox 2905 4706 2970 4761; x_wconf 84' lang='lat' dir='ltr'><strong>ad</strong></span> <span class='ocrx_word' id='word_1_858' title='bbox 2997 4705 3243 4762; x_wconf 89' lang='lat' dir='ltr'><strong>Gentium</strong></span> <span class='ocrx_word' id='word_1_859' title='bbox 3271 4706 3499 4760; x_wconf 83' lang='lat' dir='ltr'><strong>salutem</strong></span> <span class='ocrx_word' id='word_1_860' title='bbox 3539 4713 3596 4760; x_wconf 84' lang='lat' dir='ltr'><strong>et</strong></span> 
     </span>
    </p>
   </div>
   <div class='ocr_carea' id='block_1_111' title="bbox 2025 4797 3598 4874">
    <p class='ocr_par' dir='ltr' id='par_1_111' title="bbox 2025 4797 3598 4874">
     <span class='ocr_line' id='line_1_111' title="bbox 2025 4797 3598 4874; baseline -0.005 -17"><span class='ocrx_word' id='word_1_861' title='bbox 2025 4803 2347 4874; x_wconf 86' lang='lat' dir='ltr'><strong>agnitionem</strong></span> <span class='ocrx_word' id='word_1_862' title='bbox 2389 4799 2685 4856; x_wconf 89' lang='lat' dir='ltr'><strong>testimonia</strong></span> <span class='ocrx_word' id='word_1_863' title='bbox 2728 4799 2904 4853; x_wconf 90' lang='lat' dir='ltr'><strong>divina</strong></span> <span class='ocrx_word' id='word_1_864' title='bbox 2949 4806 3178 4867; x_wconf 89' lang='lat' dir='ltr'><strong>portare.</strong></span> <span class='ocrx_word' id='word_1_865' title='bbox 3224 4798 3452 4866; x_wconf 86' lang='lat' dir='ltr'><strong>Propter</strong></span> <span class='ocrx_word' id='word_1_866' title='bbox 3499 4797 3598 4849; x_wconf 85' lang='lat' dir='ltr'><strong>hoc</strong></span> 
     </span>
    </p>
   </div>
   <div class='ocr_carea' id='block_1_112' title="bbox 2027 4888 3600 4964">
    <p class='ocr_par' dir='ltr' id='par_1_112' title="bbox 2027 4888 3600 4964">
     <span class='ocr_line' id='line_1_112' title="bbox 2027 4888 3600 4964; baseline -0.006 -13"><span class='ocrx_word' id='word_1_867' title='bbox 2027 4897 2167 4951; x_wconf 90' lang='lat' dir='ltr'><strong>enim</strong></span> <span class='ocrx_word' id='word_1_868' title='bbox 2191 4895 2276 4949; x_wconf 88' lang='lat' dir='ltr'><strong>illa</strong></span> <span class='ocrx_word' id='word_1_869' title='bbox 2302 4904 2430 4964; x_wconf 82' lang='lat' dir='ltr'><strong>gens</strong></span> <span class='ocrx_word' id='word_1_870' title='bbox 2453 4908 2616 4962; x_wconf 87' lang='lat' dir='ltr'><strong>regno</strong></span> <span class='ocrx_word' id='word_1_871' title='bbox 2636 4906 2732 4946; x_wconf 92' lang='lat' dir='ltr'><strong>suo</strong></span> <span class='ocrx_word' id='word_1_872' title='bbox 2759 4891 2909 4962; x_wconf 89' lang='lat' dir='ltr'><strong>pulsa</strong></span> <span class='ocrx_word' id='word_1_873' title='bbox 2936 4899 3018 4945; x_wconf 89' lang='lat' dir='ltr'><strong>est</strong></span> <span class='ocrx_word' id='word_1_874' title='bbox 3039 4897 3096 4944; x_wconf 91' lang='lat' dir='ltr'><strong>et</strong></span> <span class='ocrx_word' id='word_1_875' title='bbox 3121 4888 3358 4959; x_wconf 72' lang='lat' dir='ltr'><strong>dispersa</strong></span> <span class='ocrx_word' id='word_1_876' title='bbox 3381 4904 3477 4960; x_wconf 88' lang='lat' dir='ltr'><strong>per</strong></span> <span class='ocrx_word' id='word_1_877' title='bbox 3497 4899 3600 4942; x_wconf 75' lang='lat' dir='ltr'><strong>te:-</strong></span> 
     </span>
    </p>
   </div>
   <div class='ocr_carea' id='block_1_113' title="bbox 2027 4979 3599 5054">
    <p class='ocr_par' dir='ltr' id='par_1_113' title="bbox 2027 4979 3599 5054">
     <span class='ocr_line' id='line_1_113' title="bbox 2027 4979 3599 5054; baseline -0.005 -12"><span class='ocrx_word' id='word_1_878' title='bbox 2027 5002 2114 5042; x_wconf 87' lang='lat' dir='ltr'><strong>ras</strong></span> <span class='ocrx_word' id='word_1_879' title='bbox 2137 5028 2152 5051; x_wconf 95' lang='lat'><strong>,</strong></span> <span class='ocrx_word' id='word_1_880' title='bbox 2183 4994 2243 5040; x_wconf 90' lang='lat' dir='ltr'><strong>ut</strong></span> <span class='ocrx_word' id='word_1_881' title='bbox 2269 4985 2384 5054; x_wconf 85' lang='lat' dir='ltr'><strong>ejus</strong></span> <span class='ocrx_word' id='word_1_882' title='bbox 2413 4983 2535 5039; x_wconf 82' lang='lat' dir='ltr'><strong>ﬁdei</strong></span> <span class='ocrx_word' id='word_1_883' title='bbox 2575 4982 2724 5052; x_wconf 85' lang='lat' dir='ltr'><strong>cujus</strong></span> <span class='ocrx_word' id='word_1_884' title='bbox 2769 4980 2965 5036; x_wconf 88' lang='lat' dir='ltr'><strong>inimici</strong></span> <span class='ocrx_word' id='word_1_885' title='bbox 3012 4987 3174 5046; x_wconf 91' lang='lat' dir='ltr'><strong>sunt,</strong></span> <span class='ocrx_word' id='word_1_886' title='bbox 3204 4979 3399 5050; x_wconf 86' lang='lat' dir='ltr'><strong>ubique</strong></span> <span class='ocrx_word' id='word_1_887' title='bbox 3439 4986 3599 5034; x_wconf 66' lang='lat' dir='ltr'><strong>testes</strong></span> 
     </span>
    </p>
   </div>
   <div class='ocr_carea' id='block_1_114' title="bbox 2028 5067 3600 5146">
    <p class='ocr_par' dir='ltr' id='par_1_114' title="bbox 2028 5067 3600 5146">
     <span class='ocr_line' id='line_1_114' title="bbox 2028 5067 3600 5146; baseline -0.007 -14"><span class='ocrx_word' id='word_1_888' title='bbox 2028 5077 2142 5132; x_wconf 77' lang='lat' dir='ltr'><strong>fieri</strong></span> <span class='ocrx_word' id='word_1_889' title='bbox 2172 5083 2507 5146; x_wconf 89' lang='lat' dir='ltr'><strong>cogerentur.</strong></span> <span class='ocrx_word' id='word_1_890' title='bbox 2558 5072 2770 5128; x_wconf 88' lang='lat' dir='ltr'><strong>Perdito</strong></span> <span class='ocrx_word' id='word_1_891' title='bbox 2797 5071 2990 5142; x_wconf 90' lang='lat' dir='ltr'><strong>quippe</strong></span> <span class='ocrx_word' id='word_1_892' title='bbox 3033 5070 3231 5140; x_wconf 89' lang='lat' dir='ltr'><strong>templo</strong></span> <span class='ocrx_word' id='word_1_893' title='bbox 3252 5112 3268 5137; x_wconf 92' lang='lat'><strong>,</strong></span> <span class='ocrx_word' id='word_1_894' title='bbox 3297 5067 3558 5126; x_wconf 80' lang='lat' dir='ltr'><strong>sacrificio</strong></span> <span class='ocrx_word' id='word_1_895' title='bbox 3579 5106 3600 5134; x_wconf 83' lang='lat'><strong>,</strong></span> 
     </span>
    </p>
   </div>
   <div class='ocr_carea' id='block_1_115' title="bbox 2029 5160 3597 5236">
    <p class='ocr_par' dir='ltr' id='par_1_115' title="bbox 2029 5160 3597 5236">
     <span class='ocr_line' id='line_1_115' title="bbox 2029 5160 3597 5236; baseline -0.006 -16"><span class='ocrx_word' id='word_1_896' title='bbox 2029 5166 2328 5223; x_wconf 84' lang='lat' dir='ltr'><strong>sacerdotio</strong></span> <span class='ocrx_word' id='word_1_897' title='bbox 2349 5207 2366 5232; x_wconf 87' lang='lat'><strong>,</strong></span> <span class='ocrx_word' id='word_1_898' title='bbox 2399 5165 2620 5236; x_wconf 88' lang='lat' dir='ltr'><strong>ipsoque</strong></span> <span class='ocrx_word' id='word_1_899' title='bbox 2661 5177 2824 5233; x_wconf 87' lang='lat' dir='ltr'><strong>regno</strong></span> <span class='ocrx_word' id='word_1_900' title='bbox 2847 5202 2862 5228; x_wconf 91' lang='lat'><strong>,</strong></span> <span class='ocrx_word' id='word_1_901' title='bbox 2892 5161 2948 5216; x_wconf 81' lang='lat' dir='ltr'><strong>in</strong></span> <span class='ocrx_word' id='word_1_902' title='bbox 2990 5160 3172 5230; x_wconf 88' lang='lat' dir='ltr'><strong>paucis</strong></span> <span class='ocrx_word' id='word_1_903' title='bbox 3201 5160 3474 5215; x_wconf 89' lang='lat' dir='ltr'><strong>veteribus</strong></span> <span class='ocrx_word' id='word_1_904' title='bbox 3512 5171 3597 5211; x_wconf 77' lang='lat' dir='ltr'><strong>sa-</strong></span> 
     </span>
    </p>
   </div>
   <div class='ocr_carea' id='block_1_116' title="bbox 2029 5247 3595 5324">
    <p class='ocr_par' dir='ltr' id='par_1_116' title="bbox 2029 5247 3595 5324">
     <span class='ocr_line' id='line_1_116' title="bbox 2029 5247 3595 5324; baseline -0.007 -10"><span class='ocrx_word' id='word_1_905' title='bbox 2029 5258 2318 5316; x_wconf 88' lang='lat' dir='ltr'><strong>cramentis</strong></span> <span class='ocrx_word' id='word_1_906' title='bbox 2356 5270 2548 5311; x_wconf 90' lang='lat' dir='ltr'><strong>nomen</strong></span> <span class='ocrx_word' id='word_1_907' title='bbox 2578 5267 2849 5324; x_wconf 87' lang='lat' dir='ltr'><strong>genusque</strong></span> <span class='ocrx_word' id='word_1_908' title='bbox 2884 5251 3222 5315; x_wconf 79' lang='lat' dir='ltr'><strong>custodiunt;</strong></span> <span class='ocrx_word' id='word_1_909' title='bbox 3253 5265 3322 5304; x_wconf 87' lang='lat' dir='ltr'><strong>ne</strong></span> <span class='ocrx_word' id='word_1_910' title='bbox 3357 5247 3595 5319; x_wconf 78' lang='lat' dir='ltr'><strong>permixti</strong></span> 
     </span>
    </p>
   </div>
   <div class='ocr_carea' id='block_1_117' title="bbox 2030 5341 3597 5422">
    <p class='ocr_par' dir='ltr' id='par_1_117' title="bbox 2030 5341 3597 5422">
     <span class='ocr_line' id='line_1_117' title="bbox 2030 5341 3597 5422; baseline -0.01 -14"><span class='ocrx_word' id='word_1_911' title='bbox 2030 5352 2273 5422; x_wconf 88' lang='lat' dir='ltr'><strong>gentibus</strong></span> <span class='ocrx_word' id='word_1_912' title='bbox 2299 5349 2412 5404; x_wconf 88' lang='lat' dir='ltr'><strong>sine</strong></span> <span class='ocrx_word' id='word_1_913' title='bbox 2441 5346 2762 5402; x_wconf 89' lang='lat' dir='ltr'><strong>discretione</strong></span> <span class='ocrx_word' id='word_1_914' title='bbox 2788 5344 3094 5414; x_wconf 83' lang='lat' dir='ltr'><strong>dispeream</strong></span> <span class='ocrx_word' id='word_1_915' title='bbox 3115 5385 3132 5410; x_wconf 92' lang='lat'><strong>,</strong></span> <span class='ocrx_word' id='word_1_916' title='bbox 3160 5352 3214 5398; x_wconf 91' lang='lat' dir='ltr'><strong>et</strong></span> <span class='ocrx_word' id='word_1_917' title='bbox 3243 5341 3597 5397; x_wconf 85' lang='lat' dir='ltr'><strong>testimonium</strong></span> 
     </span>
    </p>
   </div>
   <div class='ocr_carea' id='block_1_118' title="bbox 2031 5435 3600 5506">
    <p class='ocr_par' dir='ltr' id='par_1_118' title="bbox 2031 5435 3600 5506">
     <span class='ocr_line' id='line_1_118' title="bbox 2031 5435 3600 5506; baseline -0.01 -7"><span class='ocrx_word' id='word_1_918' title='bbox 2031 5445 2271 5501; x_wconf 89' lang='lat' dir='ltr'><strong>veritatis</strong></span> <span class='ocrx_word' id='word_1_919' title='bbox 2295 5441 2540 5496; x_wconf 87' lang='lat' dir='ltr'><strong>amittant</strong></span> <span class='ocrx_word' id='word_1_920' title='bbox 2571 5458 2584 5493; x_wconf 94' lang='lat'><strong>:</strong></span> <span class='ocrx_word' id='word_1_921' title='bbox 2617 5439 2758 5493; x_wconf 89' lang='lat' dir='ltr'><strong>velut</strong></span> <span class='ocrx_word' id='word_1_922' title='bbox 2793 5437 2925 5492; x_wconf 83' lang='lat' dir='ltr'><strong>Cain</strong></span> <span class='ocrx_word' id='word_1_923' title='bbox 2953 5436 3242 5506; x_wconf 84' lang='lat' dir='ltr'><strong>accipiente</strong></span> <span class='ocrx_word' id='word_1_924' title='bbox 3264 5435 3512 5502; x_wconf 83' lang='lat' dir='ltr'><strong>signum,</strong></span> <span class='ocrx_word' id='word_1_925' title='bbox 3543 5438 3600 5484; x_wconf 77' lang='lat' dir='ltr'><strong>ut</strong></span> 
     </span>
    </p>
   </div>
   <div class='ocr_carea' id='block_1_119' title="bbox 2030 5525 3600 5600">
    <p class='ocr_par' dir='ltr' id='par_1_119' title="bbox 2030 5525 3600 5600">
     <span class='ocr_line' id='line_1_119' title="bbox 2030 5525 3600 5600; baseline -0.01 -8"><span class='ocrx_word' id='word_1_926' title='bbox 2030 5553 2153 5594; x_wconf 90' lang='lat' dir='ltr'><strong>eum</strong></span> <span class='ocrx_word' id='word_1_927' title='bbox 2179 5535 2356 5589; x_wconf 89' lang='lat' dir='ltr'><strong>nullus</strong></span> <span class='ocrx_word' id='word_1_928' title='bbox 2384 5531 2608 5598; x_wconf 86' lang='lat' dir='ltr'><strong>occidat,</strong></span> <span class='ocrx_word' id='word_1_929' title='bbox 2630 5531 2718 5600; x_wconf 91' lang='lat' dir='ltr'><strong>qui</strong></span> <span class='ocrx_word' id='word_1_930' title='bbox 2746 5529 2958 5584; x_wconf 87' lang='lat' dir='ltr'><strong>fratrem</strong></span> <span class='ocrx_word' id='word_1_931' title='bbox 2978 5529 3178 5600; x_wconf 89' lang='lat' dir='ltr'><strong>justum</strong></span> <span class='ocrx_word' id='word_1_932' title='bbox 3206 5525 3410 5580; x_wconf 81' lang='lat' dir='ltr'><strong>imidus</strong></span> <span class='ocrx_word' id='word_1_933' title='bbox 3435 5533 3486 5579; x_wconf 89' lang='lat' dir='ltr'><strong>et</strong></span> <span class='ocrx_word' id='word_1_934' title='bbox 3510 5537 3600 5577; x_wconf 81' lang='lat' dir='ltr'><strong>su-</strong></span> 
     </span>
    </p>
   </div>
   <div class='ocr_carea' id='block_1_120' title="bbox 2033 5614 3600 5702">
    <p class='ocr_par' dir='ltr' id='par_1_120' title="bbox 2033 5614 3600 5702">
     <span class='ocr_line' id='line_1_120' title="bbox 2033 5614 3600 5702; baseline -0.013 -16"><span class='ocrx_word' id='word_1_935' title='bbox 2033 5630 2226 5702; x_wconf 91' lang='lat' dir='ltr'><strong>perbus</strong></span> <span class='ocrx_word' id='word_1_936' title='bbox 2255 5626 2446 5682; x_wconf 89' lang='lat' dir='ltr'><strong>occidit</strong></span> <span class='ocrx_word' id='word_1_937' title='bbox 2471 5622 2619 5698; x_wconf 83' lang='lat' dir='ltr'><strong>(Cen.</strong></span> <span class='ocrx_word' id='word_1_938' title='bbox 2647 5639 2718 5689; x_wconf 81' lang='lat' dir='ltr'><strong>tv,</strong></span> <span class='ocrx_word' id='word_1_939' title='bbox 2749 5620 2924 5692; x_wconf 79' lang='lat' dir='ltr'><strong>l-lb‘).</strong></span> <span class='ocrx_word' id='word_1_940' title='bbox 2961 5621 3071 5676; x_wconf 85' lang='lat' dir='ltr'><strong>l-loc</strong></span> <span class='ocrx_word' id='word_1_941' title='bbox 3091 5620 3340 5674; x_wconf 87' lang='lat' dir='ltr'><strong>nimlrum</strong></span> <span class='ocrx_word' id='word_1_942' title='bbox 3364 5617 3517 5674; x_wconf 82' lang='lat' dir='ltr'><strong>etiam</strong></span> <span class='ocrx_word' id='word_1_943' title='bbox 3545 5614 3600 5667; x_wconf 89' lang='lat' dir='ltr'><strong>in</strong></span> 
     </span>
    </p>
   </div>
   <div class='ocr_carea' id='block_1_121' title="bbox 2034 5706 3596 5796">
    <p class='ocr_par' dir='ltr' id='par_1_121' title="bbox 2034 5706 3596 5796">
     <span class='ocr_line' id='line_1_121' title="bbox 2034 5706 3596 5796; baseline -0.01 -19"><span class='ocrx_word' id='word_1_944' title='bbox 2034 5720 2466 5796; x_wconf 77' lang='lat' dir='ltr'><strong>quinquagesimo</strong></span> <span class='ocrx_word' id='word_1_945' title='bbox 2493 5725 2679 5773; x_wconf 89' lang='lat' dir='ltr'><strong>octavo</strong></span> <span class='ocrx_word' id='word_1_946' title='bbox 2716 5715 2916 5784; x_wconf 81' lang='lat' dir='ltr'><strong>psalmo</strong></span> <span class='ocrx_word' id='word_1_947' title='bbox 2955 5729 3058 5768; x_wconf 90' lang='lat' dir='ltr'><strong>non</strong></span> <span class='ocrx_word' id='word_1_948' title='bbox 3087 5711 3478 5782; x_wconf 68' lang='lat' dir='ltr'><strong>incongruenten</strong></span> <span class='ocrx_word' id='word_1_949' title='bbox 3510 5706 3596 5762; x_wconf 86' lang='lat' dir='ltr'><strong>in-</strong></span> 
     </span>
    </p>
   </div>
  </div>
