3886 6188
322 317 471 398 uas
894 409 905 415 ρ

317 455 491 528 telligi
518 462 715 525 potest,
738 453 826 508 ubi
850 441 1090 509 Christus
1120 466 1183 508 ex
1210 452 1439 522 persona
1466 450 1548 509 sui
1570 451 1811 519 corporis
1836 450 1912 500 lo—

312 548 504 617 quitur
530 555 584 601 et
606 545 734 600 dicit
768 564 780 598 :
816 544 951 599 Deus
976 540 1113 600 uicus
1135 545 1491 600 demonstravit
1520 543 1640 596 mihi
1665 542 1715 599 in
1744 539 1913 595 inimi-

308 650 391 692 ‘cis
418 639 568 697 meis,
596 653 660 689 ne
678 636 920 693 occideris
959 652 1061 700 eos,
1091 652 1152 688 ne
1172 630 1375 703 quando
1412 634 1769 689 obliviscantur
1789 629 1912 698 tegis

309 738 424 782 me
456 726 629 800 (Paul.
658 742 804 795 Lvtn,
828 726 938 800 12).
965 726 1018 782 lu
1044 727 1123 781 eis
1147 726 1345 796 quippe
1367 724 1594 779 inimicis
1620 723 1741 779 ῆιΙεί
1760 720 1914 776 Chri-

308 819 512 872 stianze
541 819 936 893 dempnstratur
970 812 1230 873 Gentibus
1273 816 1542 885 quomodo
1570 813 1913 884 prophetatns

305 916 404 964 “est
434 909 729 964 Christus:
762 923 831 963 ne
869 907 1002 963 forte
1025 949 1042 972 ,
1072 920 1194 963 cum
1226 906 1480 961 vidiSsent
1515 913 1659 959 unua
1687 900 1911 957 manife-

308 1002 557 1057 statioue
582 1001 786 1070 impleri
817 999 1138 1070 prophetias,
1167 1004 1411 1067 putarent
1434 997 1650 1067 easdem
1676 992 1913 1063 Scriptu-

311 1104 409 1146 ras
440 1107 469 1144 a
502 1090 817 1146 Christianis
844 1105 963 1144 esse
988 1088 1262 1150 conticuts,
1292 1102 1413 1141 eum
1438 1085 1506 1143 de
1528 1084 1744 1140 Christo
1771 1095 1911 1151 pra:-

308 1183 464 1236 dicta
514 1182 865 1237 recitarentur
888 1221 903 1246 ,
936 1174 1054 1248 quae
1082 1172 1344 1249 completa
1375 1185 1685 1233 canuntur.
1730 1172 1914 1228 Profe-

311 1283 519 1326 runtur
545 1286 671 1342 ergo
696 1271 909 1331 codices
933 1286 965 1325 a
991 1269 1209 1334 Judmis,
1237 1278 1396 1339 atque
1426 1270 1495 1321 ita
1529 1268 1667 1322 Deus
1694 1266 1914 1320 demon-

306 1373 459 1420 strat
480 1365 637 1419 nobis
664 1365 715 1418 in
745 1363 976 1421 inimicis
1006 1361 1232 1428 nostris;
1256 1375 1390 1431 quos
1417 1359 1534 1415 ideo
1564 1374 1669 1414 non
1694 1355 1910 1423 occidit,

315 1457 424 1509 hoc
449 1465 553 1519 est,
581 1455 649 1509 de
681 1455 835 1509 terris
862 1469 965 1507 non
1010 1452 1220 1522 penitus
1242 1450 1497 1521 perdidit,
1527 1456 1597 1504 ne
1626 1447 1912 1502 oblivisce-

312 1544 513 1599 rentur
542 1546 674 1616 legis
702 1545 903 1615 ipsius:
936 1551 1092 1614 quam
1123 1539 1669 1613 prepterealegendo,
1692 1546 1748 1594 et
1768 1550 1915 1609 «iuse-

314 1634 447 1691 dam
493 1637 612 1706 ejus
652 1636 894 1706 quamvis
917 1634 1204 1691 carnaliter
1245 1631 1578 1688 observando
1601 1672 1616 1696 ,
1649 1630 1911 1685 memine-

317 1741 469 1794 runt,
504 1740 563 1785 ut
588 1731 689 1786 sibi
719 1738 933 1785 sumant
968 1727 1248 1797 judicium,
1281 1724 1433 1781 nobis
1465 1723 1737 1794 pradicant
1767 1721 1916 1777 testi-

320 1838 585 1877 ιιιυιιιιιηι.

842 1886 1074 1944 SERMO
1110 1885 1240 1942 ccu
1262 1890 1280 1909 θ
1304 1884 1400 1959 (α).

725 2063 728 2067 .
820 2033 869 2077 ιιι
891 2026 1145 2091 Epiphania
1168 2025 1369 2084 nonani,
1388 2032 1458 2073 ιν.

394 2153 624 2209 CAPUT
674 2152 953 2209 PRIMUM.
1015 2182 1084 2191 —
1142 2151 1190 2206 1.
1234 2148 1563 2221 Epiphania,
1609 2144 1912 2217 manifesta-

318 2248 397 2299 tio
438 2243 646 2329 Christi.
698 2243 952 2299 "adierni
992 2241 1096 2297 diei
1143 2244 1238 2312 pc‘r
1295 2240 1599 2295 universum
1658 2237 1911 2292 mundum

324 2344 453 2390 nota
483 2327 792 2390 solemnitas
818 2332 941 2404 quid
973 2331 1124 2387 nobis
1146 2330 1339 2387 afferat
1368 2328 1690 2391 festivitatis.
1719 2327 1912 2398 quidve

320 2427 686 2480 anniversaria
733 2425 1047 2494 repetitione
1088 2428 1510 2487 commemoret,
1551 2418 1915 2474 anniversario

325 2530 539 2585 quoque
567 2529 817 2569 sermone
849 2522 1058 2582 tempus
1082 2511 1329 2567 admonet
1372 2520 1426 2565 ut
1451 2510 1754 2580 loquamur.
1784 2509 1914 2578 Epi-

322 2608 517 2678 phania
552 2607 747 2678 quippe
777 2620 970 2676 grmce,
1005 2605 1165 2658 latine
1195 2602 1555 2657 manifestatio
1581 2601 1683 2655 dici
1715 2609 1927 2669 potesr.‘

330 2702 440 2755 ΙΙοε
468 2700 610 2755 enim
638 2698 727 2753 die
769 2693 901 2768 Magi
932 2697 1216 2751 Dominum
1246 2695 1500 2750 adorasse
1529 2693 1870 2764 perhibentur
1895 2708 1909 2757 ;

290 2792 477 2846 'stella
526 2792 731 2846 scilicet
779 2799 1067 2860 apparente
1096 2786 1531 2853 commoniti,_ct
1577 2783 1914 2859 pra‘ccdc'nte

323 2883 590 2953 perdtwti.
624 2882 699 2935 Eo
724 2881 919 2951 quippe
948 2880 1035 2935 die
1063 2895 1170 2949 quo
1198 2890 1354 2933 natus
1382 2888 1484 2940 est,
1517 2875 1590 2930 illi
1620 2875 1826 2930 stellam
1857 2871 1911 2930 in

328 2968 553 3045 Oriente
573 2974 817 3028 viderunt
842 2990 857 3037 ;
903 2981 957 3026 et
980 2982 1138 3044 quem
1165 2981 1342 3025 natum
1373 2969 1683 3023 indicaverit
1705 3011 1719 3032 ,
1751 2982 1913 3038 agno.

330 3077 538 3123 verunt.
584 3068 656 3122 Ex
686 3068 775 3121 illo
801 3066 959 3136 igitur
982 3065 1069 3119 die
1092 3063 1158 3118 ad
1195 3063 1337 3117 hunc
1359 3061 1499 3117 diem
1523 3068 1871 3116 occurrerunt
1894 3102 1910 3127 ,

333 3160 594 3215 llermlem
629 3158 813 3227 regem
850 3156 1043 3210 nuntio
1087 3161 1424 3215 terruerunt,
1456 3150 1654 3206 ludatis
1695 3166 1759 3205 ex
1790 3164 1914 3219 pro-
1957 3157 1959 3159 ‘

329 3253 538 3322 phetica
570 3250 843 3318 Scriptura
875 3244 1318 3315 rcSpoudeutibus
1338 3286 1352 3307 ,
1387 3242 1695 3297 Bethlebcm
1720 3241 1910 3298 Civita-

330 3350 477 3405 tem,
511 3342 596 3393 ubi
631 3340 885 3393 Dominus
911 3346 1064 3390 natus
1095 3335 1264 3389 fuerat
1285 3375 1301 3401 ,
1334 3333 1667 3388 invenerunt.
1718 3331 1796 3386 Ad
1828 3331 1909 3402 ip-

328 3450 445 3489 sum
472 3433 666 3488 deinde
693 3431 973 3485 lietninum
997 3427 1150 3483 stella
1172 3426 1357 3481 eadem
1378 3424 1607 3480 ducente
1631 3432 1910 3491 venerunt,

330 3528 746 3581 dmttnnstratum
797 3522 1189 3583 adoravernnt;
1223 3534 1407 3573 aurutn
1433 3559 1448 3583 ,
1478 3518 1603 3571 thus
1675 3525 1728 3570 et
1774 3531 1915 3585 myr-

330 3619 477 3673 rham
498 3618 833 3680 obtinerent;
867 3615 972 3668 alio
1002 3613 1190 3668 itinere
1216 3608 1491 3666 redierunt
1536 3610 1747 3681 (Matth.
1776 3625 1832 3669 ιι,
1859 3608 1915 3661 1-

332 3710 418 3777 19.)
459 3710 822 3763 Mmufestatus
838 3704 1147 3774 estquidem
1173 3713 1227 3758 et
1247 3702 1334 3757 die
1361 3702 1476 3771 ips'o
1493 3700 1782 3755 nativitatis
1803 3714 1913 3754 sua:

335 3801 586 3855 tioiuinus
617 3797 914 3867 pastbribns
939 3797 1007 3850 ab
1034 3795 1222 3863 angelo
1251 3792 1534 3847 admonitis
1558 3807 1574 3857 ;
1619 3792 1911 3862 quo'etiam

328 3890 413 3944 die
443 3906 536 3958 per
560 3888 776 3941 stellam
796 3895 851 3940 et
870 3885 972 3939 illis
990 3893 1072 3939 est
1099 3884 1252 3954 longe
1276 3882 1329 3937 in
1358 3879 1577 3937 Oriente
1601 3882 1871 3936 nuntiatus
1897 3899 1911 3936 :

324 3983 421 4035 ‘scd
448 3983 550 4033 isto
573 3980 660 4054 die
688 3978 757 4033 ab
775 3978 853 4031 eis
891 3984 973 4031 est
1000 3976 1269 4029 adoratus.
1301 3974 1548 4045 Suscepit
1587 3988 1714 4043 ergo
1752 3973 1914 4028 devo-

332 4073 531 4128 tissimc
547 4072 705 4126 istum
722 4070 862 4124 diem
880 4066 1254 4123 celebrandum
1272 4066 1516 4121 universa
1535 4064 1765 4120 Ecclesia
1783 4064 1916 4119 Gen-

329 4164 459 4216 tium
489 4178 504 4214 :
534 4160 655 4231 quia
682 4169 735 4215 et
771 4158 846 4212 illi
871 4157 1005 4228 Magi
1036 4155 1162 4227 quid
1184 4157 1292 4226 jam
1319 4155 1569 4223 fuerunt,
1602 4155 1703 4209 nisi
1734 4154 1914 4224 primi-

332 4253 416 4306 tize
440 4250 736 4307 Gentium?
766 4247 1017 4304 Israelita:
1062 4255 1301 4315 pastores
1325 4286 1340 4307 ,
1371 4243 1504 4314 Magi
1534 4244 1758 4312 gentiles
1791 4243 1913 4297 :.illi

331 4359 517 4414 prope,
550 4343 636 4396 isti
675 4342 831 4411 longe
861 4358 874 4393 :
908 4339 1115 4407 utrique
1145 4349 1318 4392 ιιιηιειι
1344 4337 1413 4392 ad
1442 4337 1747 4408 angularem
1778 4337 1911 4406 lapi-

332 4436 452 4491 dem
480 4440 887 4489 concurrerunt.
924 4448 944 4481 ι
982 4428 1214 4483 Veniens
1253 4428 1447 4499 quippe
1471 4469 1485 4494 ,
1518 4428 1655 4482 sicut
1684 4429 1911 4497 Aposto-

335 4527 415 4581 lus
440 4523 591 4589 dicit,
614 4520 992 4589 evangelizavit
1013 4533 1193 4586 pacem
1219 4517 1370 4571 nobis
1390 4517 1479 4587 qui
1499 4531 1714 4572 eramus
1735 4517 1909 4587 longe,

332 4624 384 4669 et
412 4629 593 4683 pacem
620 4612 703 4665 his
721 4612 809 4679 qui
833 4623 1021 4680 prOpe.
1054 4600 1168 4676 Ipse
1196 4616 1279 4662 est
1301 4607 1442 4661 enim
1471 4620 1567 4675 pax
1600 4615 1798 4672 nostra,
1823 4605 1913 4676 qui

331 4705 454 4760 fecit
485 4716 708 4773 utraque
733 4715 917 4763 Illlltm,
946 4709 1000 4753 et
1028 4698 1164 4752 duos
1191 4697 1428 4752 comlidit
1466 4698 1517 4751 in
1546 4712 1625 4762 se,
1658 4697 1709 4750 iu
1751 4713 1911 4751 unum

333 4811 526 4850 novum
546 4794 838 4857 hominem,
863 4789 1062 4844 faciens
1075 4804 1284 4860 pacem,
1307 4799 1361 4845 et
1377 4789 1720 4843 commutavit
1741 4798 1916 4843 utros-

333 4905 433 4959 que
464 4890 516 4943 in
543 4903 650 4941 uno
675 4898 899 4953 corpore
923 4883 1050 4944 Deo,
1078 4879 1401 4935 interﬁciens
1426 4879 1728 4933 inimicitias
1757 4881 1807 4933 in
1828 4894 1916 4935 se-

332 4981 557 5051 metipso
583 4996 604 5031 ι
636 4975 848 5049 (Ephes.
878 4990 932 5036 ιι,
964 4972 1167 5043 11-22).

398 5072 483 5125 CA
493 5070 625 5125 PUT
649 5069 710 5124 ll.
727 5096 798 5108 —
810 5066 864 5120 2.
890 5064 1135 5119 Primitias
1152 5061 1383 5119 Gentium
1406 5064 1457 5118 in
1482 5062 1643 5134 Magis
1662 5062 1911 5118 delibata.

331 5160 515 5216 Merito
554 5160 713 5214 istum
756 5156 897 5211 diem
926 5168 1195 5223 nunquam
1227 5153 1501 5207 nobiscum
1544 5152 1778 5207 luerctici
1807 5153 1915 5208 Do-

331 5254 537 5308 natista:
552 5250 826 5306 celebrare
847 5248 1125 5302 voluerunt
1144 5263 1157 5301 :
1178 5246 1300 5314 quia
1322 5261 1421 5300 nec
1442 5245 1696 5299 unitatem
1714 5252 1912 5311 amant,

332 5361 430 5401 nec
453 5341 713 5399 Orientali
744 5339 1017 5404 Ecclesia,
1048 5336 1134 5391 ubi
1166 5328 1409 5407 apparuit
1439 5334 1524 5389 illa
1568 5335 1739 5398 stella,
1764 5351 1916 5389 com-

330 5437 620 5493 municant.
649 5432 756 5487 N05
780 5440 957 5485 autem
986 5414 1466 5484 manifestationem
1495 5427 1698 5481 Domini
1727 5438 1781 5483 et
1800 5427 1916 5483 Sal-

330 5526 530 5581 vatoris
547 5522 713 5579 nostri
740 5520 867 5578 Jcsu
891 5518 1109 5586 Christi,
1137 5533 1241 5588 qua
1270 5518 1530 5588 primitias
1552 5516 1801 5573 Gentium
1823 5518 1916 5575 de-

392 5701 412 5721 ⁹
431 5702 697 5763 mstigatus
717 5696 873 5747 estad
894 5696 973 5745 ch.
995 5693 1127 5763 [.Agr.
1165 5708 1215 5742 ιι.
1238 5708 1282 5744 r.
1315 5707 1408 5744 rm.
1436 5702 1533 5743 Am.
1556 5700 1628 5744 Er.
1658 5700 1758 5742 Par.
1807 5699 1915 5744 tor.

390 5762 467 5825 (α)
491 5756 635 5816 aliis,
655 5760 720 5809 de
736 5767 973 5821 Tempore
996 5756 1075 5805 δεῖ

597 5841 869 5902 ΡΛτιιοῐ..
909 5836 1273 5900 XXXVIII.

1710 378 1713 379 ,
1750 323 1980 403 sum“)
2015 326 2168 386 Ctztl.

3467 337 3599 395 103i

2020 443 2242 504 libavit.
2277 445 2328 499 in
2377 445 2575 501 unitate
2605 445 2854 503 Gentium
2881 446 3235 503 celebremus.
3282 448 3429 507 Tunc
3460 453 3601 508 cuitu

2021 549 2171 604 puer,
2198 537 2499 606 priusquam
2524 539 2686 594 sciret
2725 554 2914 595 vocare
2956 549 3164 612 patrem
3216 552 3309 598 aut
3348 554 3596 603 matrem.

2020 624 2157 679 sicut
2181 624 2248 681 de
2274 625 2365 679 illo
2394 625 2560 680 fuerat
2594 630 2985 698 prephetatum,
3015 632 3598 699 accepitvirtutemlla-

2019 716 2182 770 musci
2208 758 2222 779 ,
2255 726 2308 771 et
2330 708 2499 789 spolia
2527 718 2778 773 Samaria:
2809 718 2958 791 (Isai.
2993 736 3083 774 rm
3108 761 3121 783 ,
3150 721 3204 791 4)
3236 737 3249 773 :
3281 721 3332 777 id
3358 730 3442 777 est.
3462 763 3479 787 ,
3507 737 3601 779 an-

2021 816 2230 876 tequam
2264 823 2356 877 per
2386 809 2668 867 humanam
2698 824 2912 864 carnem
2947 810 3172 865 humana
3202 813 3362 867 verba
3390 811 3599 887 profer—

2020 906 2121 964 ret,
2154 899 2357 970 accepit
2382 901 2627 964 virtutem
2659 901 2918 985 Damasci,
2942 902 3070 956 illud
3097 903 3300 958 scilicet
3328 905 3467 961 unde
3495 906 3601 960 Da-

2019 996 2231 1051 mascus
2257 992 2628 1059 prtesumebat.
2663 991 2717 1045 In
2744 992 2943 1048 divitiis
2967 995 3161 1064 quippe
3187 995 3375 1051 civitas
3403 997 3488 1053 illa
3511 1013 3599 1055 se-

2018 1081 2249 1136 cundum
2277 1085 2528 1141 saeculum
2558 1086 2752 1142 ﬂorens
2777 1087 3059 1157 aliquando
3085 1102 3517 1159 prresumpserat.
3546 1094 3599 1151 In

2018 1170 2222 1226 divitiis
2245 1185 2420 1228 autem
2443 1176 2767 1245 principatus
2791 1188 2922 1233 auro
2948 1178 3201 1247 defertur,
3223 1184 3363 1252 quod
3386 1185 3603 1242 Christo

2016 1260 2151 1333 Magi
2169 1265 2475 1336 suppliciter
2488 1266 2815 1323 obtulerunt.
2832 1268 3009 1339 Spolia
3029 1286 3157 1329 vero
3172 1272 3425 1331 Samaria:
3443 1276 3599 1335 iidem

2021 1356 2303 1429 ipsierant
2324 1399 2339 1427 ,
2370 1360 2458 1428 qui
2486 1348 2954 1419 eatn'incolebant.
2984 1364 3220 1423 Samaria
3242 1382 3474 1441 namque
3507 1386 3601 1441 pro

2020 1447 2315 1505 idololatria
2342 1452 2515 1522 posita
2545 1462 2645 1508 est.
2679 1454 2788 1510 Illic
2816 1456 2956 1513 enim
2998 1458 3223 1528 pepulus
3248 1460 3410 1517 Israel
3449 1472 3601 1517 aver-

2019 1541 2110 1623 s'us
2139 1556 2169 1594 a
2200 1541 2424 1596 Domino
2446 1584 2460 1609 ,
2496 1545 2560 1597 ad
2594 1545 2728 1599 idola
2772 1540 2993 1607 colenda
3034 1565 3324 1607 conversus
3366 1561 3467 1609 est.
3502 1554 3603 1609 De—

2021 1629 2311 1685 bellaturus
2354 1633 2558 1689 scilicet
2582 1634 2825 1693 Christus
2852 1639 3025 1707 gladio
3053 1640 3313 1710 spirituali
3346 1659 3441 1714 per
3486 1646 3599 1699 ιιιιὶο

2022 1732 2231 1778 νενειιῐη
2258 1723 2441 1811 orbem
2466 1732 2686 1795 regnum
2715 1728 2944 1793 diabOli',
2982 1729 3093 1785 haec
3123 1733 3289 1801 prima
3320 1750 3451 1804 puer
3479 1750 3600 1806 Spo-

2020 1811 2089 1866 lia
2121 1813 2433 1869 idololatria)
2458 1815 2802 1872 dominatiOni
2830 1819 3076 1887 detraxit,
3108 1832 3167 1877 ut
3194 1823 3259 1879 ad
3285 1840 3345 1880 se
3376 1826 3602 1881 adoran-

2019 1901 2145 1956 dum
2163 1902 2340 1974 Magos
2360 1918 2646 1959 conversos
2667 1922 2695 1960 a
2720 1917 2868 1977 peste
2890 1908 3032 1963 illius
3052 1913 3445 1981 superstitionis
3460 1931 3575 1972 aret
3593 1945 3605 1956 ε

2015 1994 2157 2049 ’teret
2179 2036 2194 2059 ,
2226 2004 2278 2050 et
2303 1996 2354 2049 in
2386 1995 2485 2050 hac
2516 2005 2656 2051 terra
2684 1999 2917 2053 nondum
2948 2000 3170 2071 loquens
3198 2018 3292 2072 per
3330 2005 3560 2075 linguam
3586 2050 3600 2071 ,

2020 2082 2327 2155 loqueretur
2353 2084 2420 2141 de
2447 2086 2585 2141 ciete
2622 2089 2721 2158 per
2746 2088 2950 2143 stellam
2974 2107 2990 2154 ;
3028 2100 3084 2144 ut
3108 2101 3162 2147 ct
3185 2093 3305 2162 quis
3327 2105 3508 2163 esset,
3549 2111 3603 2152 et

2019 2189 2126 2244 quo
2147 2214 2163 2241 ,
2196 2185 2249 2229 et
2280 2187 2494 2246 propter
2517 2192 2655 2248 quos
2679 2179 2914 2235 Venisset
2938 2222 2952 2245 ,
2981 2196 3086 2241 non
3112 2199 3241 2240 voce
3262 2187 3436 2243 carnis
3461 2229 3476 2253 ,
3508 2190 3602 2244 sed

2019 2266 2213 2320 virtute
2245 2267 2402 2322 Verbi
2427 2311 2442 2335 ,
2473 2269 2614 2340 quod
2655 2285 2781 2326 caro
2806 2271 2999 2346 factum
3040 2283 3122 2328 est
3143 2315 3159 2338 ,
3191 2275 3599 2337 demonstraret.

2016 2356 2133 2447 illoc
2160 2358 2300 2412 enim
2328 2351 2583 2428 Verbum,
2614 2362 2754 2433 quod
2792 2363 2844 2417 in
2872 2365 3132 2436 principio
3158 2377 3272 2425 erat
3296 2368 3434 2429 Deus
3462 2375 3598 2443 apud

2021 2448 2209 2516 Deum,
2236 2448 2345 2520 jam
2371 2451 2531 2506 etiam
2561 2464 2688 2508 caro
2712 2452 2934 2523 faelem,
2964 2466 3021 2515 ut
3050 2457 3310 2520 habitaret
3334 2461 3384 2516 in
3426 2464 3601 2527 nobis,

2019 2540 2075 2595 et
2101 2538 2166 2594 ad
2193 2556 2292 2596 nos
2318 2549 2555 2608 venerat,
2588 2553 2641 2600 et
2666 2544 2803 2614 apud
2833 2545 3042 2601 Patrem
3074 2551 3357 2619 manebat;
3390 2568 3601 2613 sursum

2020 2632 2252 2715 Angelos
2277 2646 2381 2689 non
2409 2635 2680 2705 deserens,
2712 2646 2765 2693 et
2785 2637 3033 2694 deorsum
3061 2640 3126 2710 ad
3157 2637 3217 2699 Se
3241 2643 3484 2701 homines
3509 2663 3602 2717 per

2020 2724 2251 2794 Angelos
2274 2726 2561 2796 coiligens;
2589 2737 2641 2783 et
2664 2722 2975 2784 caelestibus
3000 2728 3386 2789 habitatoribus
3412 2751 3598 2792 SL‘Clttl-

2019 2815 2145 2870 dum
2174 2817 2405 2872 Verbum
2434 2819 2847 2874 iocemm‘ntabili
2874 2821 3097 2877 veritate
3125 2822 3373 2895 fulgebat,
3395 2836 3449 2881 et
3476 2844 3598 2896 pros

2020 2915 2430 2976 pterangnstum
2449 2908 2797 2964 diversarium
2821 2911 2871 2964 in
2894 2911 3119 2982 prtesepi
3136 2913 3366 2983 jacebat.
3388 2917 3467 2971 Ab
3490 2919 3603 2988 ipso

2021 2999 2074 3053 in
2103 3000 2239 3055 cutio
2266 3000 2727 3058 demenstrabatur
2763 3004 2914 3061 stella
2939 3044 2957 3070 ,
2992 3013 3048 3060 et
3076 3007 3244 3077 ipsum
3273 3008 3601 3065 adorandum

2018 3091 2416 3147 demonstrabat
2454 3095 2506 3149 in
2546 3080 2705 3149 terra.
2739 3095 2807 3150 Et
2832 3106 3007 3153 tamen
3038 3099 3211 3154 infans
3236 3111 3343 3157 tam
3374 3114 3561 3172 petens
3583 3145 3597 3167 ,

2021 3192 2126 3238 tam
2154 3180 2377 3254 magnus
2399 3227 2414 3250 ,
2448 3187 2697 3255 parvulus
2725 3196 2943 3259 propter
2970 3188 3270 3247 inimicitias
3297 3190 3521 3248 Herodis
3550 3197 3601 3248 in

2018 3270 2308 3346 .Egyptum
2352 3278 2680 3345 portantibus
2707 3279 3017 3349 parentibus
3062 3278 3190 3351 fugit
3219 3300 3231 3336 :
3266 3282 3334 3337 ita
3366 3285 3598 3338 nondum

2020 3380 2289 3427 sermone.
2318 3368 2412 3422 sed
2446 3367 2599 3423 factis
2621 3368 2730 3438 iam
2758 3370 2868 3424 suis
2889 3370 3141 3425 membris
3172 3371 3414 3442 loquens,
3439 3384 3493 3431 ct
3521 3384 3598 3428 ta-

2019 3458 2154 3512 citus
2182 3457 2384 3523 dicens,
2411 3458 2474 3513 Si
2498 3476 2583 3513 vos
2605 3461 2848 3526 persecuti
2871 3458 3059 3529 fuerint
3084 3461 3136 3515 in
3164 3478 3263 3515 una
3281 3461 3498 3526 ciuitate,
3521 3469 3598 3535 fu,-

2018 3549 2121 3620 gite
2138 3548 2189 3601 in
2210 3547 2364 3601 aiiam
2388 3544 2597 3618 (fallit.
2626 3565 2684 3614 κ,
2705 3549 2821 3622 25).
2852 3549 3126 3605 Mortalem
3150 3552 3344 3621 quippe
3362 3569 3598 3615 carnem,

2021 3638 2072 3691 in
2099 3652 2200 3707 qua
2244 3651 2343 3691 nos
2368 3639 2727 3708 praeﬁguraret
2752 3681 2766 3702 ,
2796 3638 3052 3707 gerebat,
3088 3639 3140 3693 in
3167 3656 3270 3709 qtta
3300 3650 3415 3695 erat
3438 3642 3598 3697 etiam

2020 3743 2117 3797 pro
2141 3726 2292 3783 nobis
2313 3739 2611 3798 opportuno
2630 3735 2868 3797 tempore
2887 3729 3195 3783 moriturus.
3216 3729 3368 3786 Unde
3387 3747 3416 3785 a
3438 3730 3601 3802 Magis

2022 3818 2127 3873 illis
2148 3833 2252 3873 non
2274 3818 2445 3872 solum
2468 3833 2651 3871 aurum
2677 3817 3040 3884 honorandus,
3064 3829 3113 3873 et
3139 3820 3258 3873 ιΙιιιε
3278 3820 3597 3880 adorandus.

2019 3924 2202 3964 verum
2232 3909 2390 3963 etiam
2423 3908 2691 3980 myrrhtm
2718 3908 3056 3979 sepeliendus
3083 3918 3377 3980 acceperat.
3410 3912 3602 3980 Quales

2019 3998 2178 4055 etiam
2209 3997 2430 4054 fuissent
2458 4014 2552 4069 pro
2578 3999 2693 4069 ejus
2730 3998 2946 4054 nomine
2969 3999 3234 4063 morituri,
3266 4017 3422 4072 quam
3448 4003 3599 4056 irini)-

2019 4100 2222 4155 centes,
2244 4106 2401 4162 quam
2432 4090 2682 4155 humiles,
2710 4090 2945 4145 ostendit
2974 4091 3025 4145 in
3053 4091 3304 4161 parvulis,
3335 4107 3470 4163 quos
3493 4095 3599 4151 lle-

2019 4182 2179 4237 rodes
2198 4182 2411 4238 occidit.
2441 4181 2571 4235 Nam
2597 4197 2661 4236 ex
2692 4181 2883 4252 quibus
2914 4189 3020 4236 tota
3047 4181 3152 4237 Lex
3177 4183 3373 4253 pendet
3400 4194 3454 4239 et
3476 4184 3601 4239 Pro.

2023 4273 2380 4343 phetm,ctiam
2395 4272 2539 4326 illum
2550 4287 2832 4327 numerum
2847 4281 3228 4343 praeceptorum
3244 4273 3456 4343 (Matth.
3475 4293 3499 4329 ι
3510 4292 3577 4329 su
3588 4320 3600 4335 ,

2020 4364 2214 4434 37-40)
2235 4365 2548 4435 signiﬁcavit
2571 4366 2797 4420 bimatns
2820 4365 3048 4420 illorum.

2091 4458 2319 4514 CAPUT
2360 4458 2541 4512 lli.-—-
2567 4459 2621 4525 ὅ,
2668 4457 2842 4512 Judwi
2884 4456 3144 4513 Christum
3180 4460 3286 4514 suis
3330 4460 3509 4514 ritibus
3558 4473 3603 4513 rt

2022 4551 2306 4619 Scripturis
2325 4551 2611 4605 ostendant.
2642 4549 2757 4605 iam
2790 4565 2919 4605 vero
2951 4563 3110 4621 quem
3150 4566 3255 4606 non
3285 4550 3408 4607 facit
3433 4552 3592 4607 intotr

2023 4652 2155 4709 tum,
2191 4642 2316 4712 quid
2345 4641 2445 4697 sibi
2484 4642 2611 4697 velit
2641 4642 2781 4712 quod
2828 4640 3098 4712 Magorum
3143 4642 3490 4713 inquisitioni,
3515 4647 3601 4698 ubi

2019 4734 2265 4790 Christus
2294 4743 2620 4796 nasceretur,
2656 4732 2824 4787 lndtei
2858 4733 2927 4787 de
2981 4733 3257 4803 Scriptura
3306 4734 3598 4803 responde-

2020 4836 2164 4893 runt,
2188 4837 2244 4883 et
2280 4827 2380 4896 ipsi
2415 4840 2536 4881 cum
2583 4826 2662 4879 eis
2698 4840 2803 4877 non
2844 4824 3240 4896 adoravi-runt?
3282 4824 3470 4879 Nonne
3503 4825 3600 4877 Itur

2020 4924 2264 4986 ridemus
2306 4920 2464 4974 etiam
2508 4929 2668 4979 nunc,
2710 4895 3023 4983 quando'ex
3062 4914 3189 4982 ipsis
3233 4917 3597 4970 sacramentis.

2022 5015 2217 5085 quibus
2269 5023 2456 5063 eorum
2507 5005 2699 5060 duritia
2756 5004 3019 5068 subditur,
3076 5004 3209 5058 nihil
3260 5006 3401 5059 aliud
3442 5022 3600 5075 quan.

2021 5107 2284 5167 Christus,
2312 5102 2363 5154 in
2388 5115 2544 5169 quem
2575 5098 2760 5152 nolunt
2785 5096 3026 5162 credere,
3049 5096 3388 5153 ostenditur?
3416 5098 3601 5152 Nomm

2020 5208 2075 5253 et
2099 5194 2310 5267 quando
2328 5191 2576 5248 occidunt
2594 5204 2748 5244 orem
2770 5197 2823 5243 et
2841 5188 3038 5243 Pascha
3057 5188 3376 5245 manducant
3395 5189 3414 5263 (
3432 5189 3599 5246 Exod.

2022 5305 2117 5355 sn,
2147 5287 2254 5355 9),
2281 5284 2525 5356 gentibus
2550 5279 2822 5335 Christum
2863 5280 3251 5346 demonstrant,
3291 5297 3448 5352 quem
3479 5298 3600 5339 cum

2023 5380 2099 5437 eis
2118 5379 2215 5448 ipsi
2238 5392 2342 5431 non
2357 5374 2577 5429 adorant
2592 5374 2619 5426 ?
2637 5372 2765 5427 Nam
2781 5370 2908 5425 illud
2930 5372 3086 5442 quale
3100 5380 3201 5441 est,
3220 5372 3359 5444 quod
3377 5389 3517 5445 smpc
3537 5377 3601 5429 tle

2024 5470 2338 5528 testimoniis
2368 5465 2711 5537 propheticis,
2742 5464 2930 5536 quibus
2955 5464 3200 5520 Christus
3222 5469 3603 5537 przeuuntiatns

2022 5573 2125 5627 est,
2141 5561 2435 5632 quibusque
2448 5556 2750 5612 hominibus
2767 5556 3146 5623 dubitantibus,
3168 5573 3233 5612 ne
3243 5557 3378 5614 forte
3392 5556 3602 5615 aChria-

2023 5654 2181 5709 tianis
2208 5651 2293 5706 illa
2318 5650 2619 5718 conscripta
2642 5648 2768 5711 sint,
2798 5663 2900 5701 non
2923 5647 3096 5702 adhuc
3115 5647 3309 5716 futura,
3331 5649 3423 5706 sed
3448 5649 3602 5713 facta,

2024 5744 2091 5801 ad
2115 5742 2416 5799 luctatorem
2460 5741 2673 5797 codices
2703 5753 3072 5809 provocantes,
3112 5748 3170 5793 ut
3207 5741 3413 5804 animos
3451 5739 3604 5797 dubi-

2650 5910 2653 5913 ν
2700 5833 3191 5906 {Tremo—(reis.
3202 5835 3229 5902 ι’
