3886 6188
1645 110 1674 136 ν

215 324 355 395 ιωδ

217 450 444 506 tsntlum
463 433 1087 505 cotiﬁrmetnust'Nonne
1103 444 1263 501 etiam
1283 448 1408 501 tunc
1423 440 1591 499 Judaei
1615 438 1797 494 Chris-

217 552 330 597 tum
368 537 658 597 ostendunt
681 536 957 605 Gentibus,
991 552 1147 609 quem
1194 536 1375 592 nolunt
1410 532 1635 590 adorare
1677 544 1799 589 cum

216 631 520 689 Gentibus?

285 746 341 801 ι.
382 743 612 802 Pristim
659 745 761 805 vita
801 754 912 817 post
960 745 1301 815 pmtitentiam
1352 760 1454 800 non
1505 732 1796 812 repetenda.

213 836 325 893 Nos
350 851 503 905 ergo,
541 836 861 900 charissimi,
893 851 1117 907 quorum
1146 836 1299 893 erant
1328 827 1405 892 illi
1442 826 1577 907 Magi
1614 835 1799 907 primi-

216 930 323 996 tite,
372 941 470 983 nos
502 926 785 983 hmreditas
810 926 1007 982 Christi
1039 941 1204 998 usque
1233 925 1301 982 ad
1331 925 1588 982 terminos
1619 932 1796 990 ten-te,

216 1027 438 1090 propter
475 1032 609 1091 quos
644 1018 856 1075 ctecitas
878 1035 942 1075 ex
990 1027 1140 1090 parte
1166 1019 1218 1074 in
1249 1018 1412 1076 Israel
1441 1017 1575 1074 facta
1615 1026 1719 1085 est,
1744 1016 1803 1072 u't

214 1109 492 1180 plenitudo
535 1108 783 1168 Gentium
831 1111 1055 1167 intraret
1090 1109 1274 1184 (Rom.
1313 1128 1390 1179 χι,
1433 1110 1559 1181 25),
1589 1111 1803 1183 cognito

214 1201 446 1260 Domino
479 1210 533 1259 et
553 1201 833 1261 Salvatore
854 1212 1039 1260 nostro
1058 1203 1184 1261 Jesu
1208 1203 1444 1270 Christo,
1469 1202 1556 1275 qui
1588 1211 1805 1274 propter

213 1307 313 1349 nos
351 1292 707 1350 consolandos
752 1300 877 1350 tunc
914 1293 1079 1366 jacuit
1118 1294 1171 1350 iu
1212 1305 1439 1365 angusto
1483 1294 1798 1360 diversorio,

214 1396 356 1439 nunc
400 1391 618 1455 propter
664 1382 1028 1440 sublimandos
1074 1385 1225 1441 sedet
1261 1385 1315 1441 in
1351 1385 1522 1452 caelo;
1565 1385 1644 1441 sic
1679 1400 1802 1442 eum

214 1475 594 1532 annuntiemus
622 1473 673 1530 in
701 1474 801 1531 hac
824 1484 987 1544 terra,
1018 1475 1068 1531 in
1102 1476 1201 1532 hac
1238 1476 1452 1547 regione
1476 1476 1652 1531 carnis
1680 1490 1806 1529 nos-

216 1577 334 1634 trze,
362 1578 419 1623 ut
450 1583 554 1623 non
584 1582 688 1638 qua
726 1569 968 1625 venimus
993 1568 1299 1634 redeamus,
1335 1584 1432 1625 nec
1463 1568 1656 1639 prioris
1679 1583 1807 1624 nos-

216 1668 312 1713 tra:
330 1659 752 1715 conversationis
773 1660 993 1732 vestigia
1022 1669 1343 1732 repetamus.
1389 1660 1501 1715 line
1546 1668 1630 1714 est
1661 1658 1803 1714 enim

216 1750 356 1819 quod
397 1761 449 1806 et
493 1751 567 1806 illi
611 1750 746 1823 Magi
798 1768 903 1808 non
940 1768 1043 1824 qua
1083 1761 1343 1808 venerant
1384 1752 1672 1808 redierunt.
1709 1751 1802 1805 Via

215 1849 438 1906 mutata,
467 1842 573 1896 vita
603 1852 801 1898 mutata
842 1853 942 1899 est.
970 1840 1042 1899 Et
1074 1843 1227 1899 nobis
1266 1845 1386 1900 cudi
1424 1855 1806 1900 euarravcrunt

216 1931 439 2000 gloriam
470 1931 566 1986 Dei
586 1930 765 2004 (Psal.
796 1950 949 2001 xvm,
977 1934 1013 1989 9.
1031 1936 1080 2006 );
1102 1944 1156 1991 et
1176 1950 1273 1992 nos
1299 1935 1364 1990 ad
1386 1935 1652 1991 Christum
1676 1935 1806 1991 adn-

218 2021 442 2076 randnm
493 2023 698 2093 fulgens
743 2039 807 2080 ex
858 2020 1146 2097 Evangelia
1188 2026 1406 2094 veritas,
1435 2029 1693 2099 tanquam
1736 2025 1805 2082 de

217 2115 355 2169 caelo
374 2115 550 2183 stella,
574 2116 848 2189 perduxit;
875 2128 929 2174 et
954 2133 1053 2173 nos
1079 2118 1412 2190 prephetiam
1452 2119 1505 2175 in
1531 2131 1688 2192 gente
1712 2114 1807 2175 Ju-

218 2206 369 2263 daica
392 2208 737 2277 celebratam,
779 2218 1028 2282 tanquam
1067 2206 1324 2267 indicium
1353 2203 1657 2268 Judmorum
1690 2222 1804 2269 non

221 2297 497 2357 nobiscum
521 2300 874 2372 pergentium,
905 2296 1047 2358 fideli
1069 2318 1199 2360 aure
1224 2299 1600 2377 percepimus;
1630 2314 1684 2360 et
1707 2319 1806 2360 nos

220 2403 400 2461 regem
427 2400 481 2448 et
500 2390 832 2449 sacerdotem
858 2402 913 2449 et
932 2408 1033 2464 pro
1062 2394 1215 2452 nobis
1245 2405 1513 2452 mortuum
1536 2390 1803 2452 Christum

220 2494 572 2552 agnoscentes
621 2495 783 2557 atque
830 2487 1134 2557 laudantes,
1177 2499 1430 2562 tanquam
1474 2490 1527 2547 in
1575 2501 1707 2547 auro
1752 2501 1809 2547 et

224 2572 378 2629 tltnre
397 2582 452 2630 et
482 2576 697 2649 myrrha
723 2578 1131 2636 honoravimus:
1154 2591 1404 2652 superest
1428 2589 1490 2637 ut
1510 2597 1633 2637 eum
1654 2596 1810 2638 cvan-

223 2665 511 2735 gelizantes
539 2683 730 2725 novam
771 2670 911 2725 viam
938 2685 1241 2742 carpamus,
1286 2688 1391 2728 non
1422 2688 1524 2744 qua
1565 2672 1811 2729 venimus

225 2758 527 2814 redeamus.

730 2877 962 2936 sermo
989 2876 1141 2937 ccm
1166 2883 1185 2905 ο
1211 2880 1309 2955 (α).

719 3013 768 3056 tu
791 3007 1044 3071 Epiphania
1072 3011 1276 3072 Domini,
1296 3025 1344 3063 ν.

299 3126 524 3184 CAPUT
557 3125 844 3185 ρῐιιιιυιι.
873 3161 947 3173 —-
974 3134 1027 3187 l.
1075 3131 1382 3206 Epiphania:
1420 3136 1665 3206 festivitas
1705 3151 1811 3190 nte-

228 3218 598 3275 ritoinstim'ta.
643 3218 936 3293 Epiphania
961 3241 1148 3296 graeca:
1186 3228 1381 3300 lingute
1420 3231 1698 3298 vocabulo,
1730 3231 1804 3287 la-

231 3309 340 3365 tine
361 3308 715 3368 manifestatin
734 3308 838 3369 dici
862 3324 1057 3385 potest.
1090 3317 1362 3375 Hodierno
1388 3320 1547 3391 igitur
1574 3318 1662 3376 die
1688 3337 1803 3376 ma-

227 3398 506 3457 uilestatus
540 3398 874 3477 Redemptor
911 3408 1145 3464 omnium
1177 3410 1434 3481 gentium,
1464 3409 1590 3469 fecit
1616 3413 1812 3469 solem-

226 3492 446 3548 nitatem
484 3495 732 3551 omnibus
767 3498 1035 3568 gentibus.
1065 3500 1230 3571 Cujus
1259 3504 1434 3574 itaque
1478 3503 1809 3562 nativitatem

226 3590 350 3640 au’tc
389 3582 510 3641 dies
537 3587 892 3657 paucissimos
922 3588 1333 3659 celebravimus,
1362 3594 1602 3666 ejusdem
1633 3592 1809 3653 mani-

228 3674 560 3734 testationem
591 3679 750 3736 hodie
787 3682 1143 3745 celebramus.
1184 3686 1441 3745 Dominus
1465 3704 1596 3761 ergo
1627 3700 1813 3748 noster

225 3763 381 3823 lesus
423 3762 664 3824 Christus
708 3779 832 3826 ante
883 3773 998 3831 dies
1051 3776 1303 3832 tredecim
1357 3789 1531 3845 natus,
1567 3797 1598 3837 a
1644 3781 1812 3853 Magis

228 3859 386 3915 hodie
432 3857 656 3918 traditur
697 3863 967 3921 adoratus.
997 3867 1135 3938 Quia
1175 3868 1368 3925 frictum
1394 3882 1503 3939 est,
1540 3873 1809 3945 Evangelii

228 3953 459 4023 loquitur
491 3955 715 4012 veritas:
757 3974 865 4029 quo
910 3959 1001 4015 die
1037 3970 1215 4016 autem
1256 3960 1451 4018 factum
1491 3965 1580 4029 sit,
1612 3963 1810 4036 ubique

222 4044 416 4101 clamat
443 4055 547 4102 tam
579 4049 858 4123 pauciora:
903 4051 1057 4107 istius
1100 4054 1453 4111 solemnitatis
1499 4056 1807 4114 auctoritas.

222 4135 430 4194 iustum
458 4139 599 4196 enim
631 4142 801 4198 visum
828 4153 930 4209 est,
971 4145 1113 4216 quod
1140 4156 1196 4201 et
1235 4163 1363 4205 vere
1383 4147 1587 4219 justum
1619 4159 1721 4216 est,
1754 4159 1812 4207 ut

222 4230 471 4299 quoniam
498 4233 575 4291 illi
602 4227 743 4307 Magi
772 4237 926 4308 primi
947 4253 1011 4295 ex
1042 4237 1305 4297 Gentibus
1331 4241 1602 4299 Christum
1629 4244 1811 4301 Domi-

224 4338 348 4379 num
378 4338 768 4397 cognoverunt,
788 4336 842 4385 e't
863 4332 1097 4388 nondum
1121 4334 1236 4405 ejus
1251 4350 1500 4393 sermone
1527 4341 1805 4408 commoti,

222 4416 434 4472 stellam
463 4418 563 4474 sibi
593 4430 939 4491 apparentem
957 4431 1022 4478 et
1045 4438 1144 4495 pro
1164 4424 1367 4483 infante
1393 4425 1569 4486 Verbo
1592 4430 1811 4488 visibili-

222 4516 304 4560 ter
322 4505 816 4577 loquentem.,vclut
834 4511 1067 4583 linguam
1084 4514 1228 4580 coeli,
1251 4518 1418 4574 secuti
1438 4532 1561 4576 sunt
1582 4520 1805 4592 (Matth.

221 4612 279 4664 ιι,
313 4598 512 4668 1-12),
538 4609 597 4656 ιιι
623 4600 766 4659 diem
790 4603 980 4660 salutis
998 4604 1352 4677 primitiarum
1372 4626 1588 4668 suarum
1609 4614 1809 4672 Gentes

218 4698 494 4759 gratanter
529 4703 903 4764 agnoscerent,
943 4704 999 4753 et
1025 4712 1150 4755 eum
1180 4698 1408 4758 Domino
1449 4701 1661 4760 Christo
1684 4722 1805 4763 eum

220 4782 512 4851 gratiarum
539 4787 750 4843 actione
777 4788 1003 4847 solemni
1029 4790 1287 4865 obsequio
1327 4793 1654 4852 dedicarem.
1690 4800 1809 4856 Pri-

221 4877 384 4931 mitim
412 4878 609 4951 quippe
654 4878 959 4938 Judteorum
999 4883 1068 4939 ad
1112 4884 1269 4941 [idem
1318 4888 1807 4962 revelationemque

217 4968 417 5025 Clu-isti
469 4970 519 5026 in
569 4971 675 5029 illis
725 4974 1028 5045 pastoribus
1070 4977 1408 5044 exstiterunt,
1442 4981 1533 5051 qui
1578 4982 1696 5052 ipso
1718 4983 1807 5041 die

216 5076 322 5127 quo
346 5070 500 5117 natus
536 5071 641 5131 est,
686 5079 807 5120 eum
838 5063 906 5122 de
948 5066 1192 5138 proximo
1237 5069 1501 5127 veniendo
1539 5072 1802 5130 viderunt.

220 5151 326 5208 illis
355 5152 564 5225 Angeli,
606 5155 722 5212 istis
766 5158 920 5214 stella
966 5160 1246 5216 nuntiavit.
1297 5161 1408 5218 illis
1448 5163 1647 5221 dictum
1699 5175 1799 5233 est,

215 5242 392 5298 (iloria
409 5244 460 5300 in
486 5247 694 5303 accisis
722 5247 831 5303 Deo
859 5247 1016 5320 (Luc.
1040 5267 1099 5314 ιι,
1129 5252 1193 5306 Η
1214 5254 1268 5323 ):
1312 5252 1362 5307 in
1387 5254 1504 5311 istis
1529 5256 1803 5328 impletum

214 5342 317 5400 est,
347 5330 475 5390 Caeli
494 5347 733 5393 enarraret
753 5339 971 5411 gloriam
1001 5340 1097 5396 Dei
1126 5343 1145 5412 (
1172 5342 1317 5399 Psal.
1351 5360 1502 5413 xvnt,
1532 5346 1621 5419 2).
1655 5346 1803 5405 Utri-

217 5437 319 5490 que
344 5439 471 5481 sane
497 5435 745 5500 tanquam
773 5429 917 5485 initia
949 5431 1176 5489 duorum
1203 5435 1466 5506 parietum
1494 5436 1564 5494 de
1588 5438 1806 5497 diverso

220 5516 566 5590 venit-utinm,
596 5521 1017 5583 circuntcisiunis
1036 5537 1088 5582 et
1114 5529 1377 5600 prtepntii,
1404 5529 1469 5584 ad
1492 5533 1800 5603 angularem

280 5712 611 5786 :Qmeitdatus
631 5728 709 5786 est
730 5722 1018 5786 adrquattior
1036 5725 1114 5774 ch.
1141 5725 1200 5775 ad
1234 5728 1266 5775 l‘.
1299 5741 1349 5777 ιι.
1388 5737 1422 5780 t.
1451 5735 1558 5780 Iov.

280 5774 356 5831 la)
378 5775 518 5834 Alias,
542 5779 604 5829 de
618 5774 843 5835 Diversis
857 5785 936 5833 (lt.

1446 329 1505 387 5.
1546 321 1907 384 AUGUSTN
1950 323 2253 383 EPISCOPI

3354 328 3507 399 tum

1908 435 2138 507 lapidem
2179 450 2568 501 eucttrreruntt
2622 456 2679 501 ut
2724 457 2868 503 essm
2917 463 3014 520 pax
3040 462 3262 521 eorum,
3297 455 3510 512 iaciens

1891 540 2134 603 'utraque
2160 550 2322 591 unum
2356 535 2375 606 (
2390 531 2578 607 Ephes.
2611 556 2671 602 ιι.
2698 540 2926 617 11-22).

1979 627 2205 684 CAPUT
2234 628 2299 684 il.
2323 660 2395 670 -—-
2420 633 2476 686 ‘1.
2506 629 2583 686 ‘In
2608 633 2807 690 Jutfteis
2851 638 3019 707 gratiis
3042 649 3208 708 prior,
3244 642 3297 694 in
3325 645 3502 713 genti-

1906 714 1999 772 bus
2027 717 2289 775 humilitas
2315 722 2553 791 amplior.
2589 723 2964 783 Verumtamen
3006 729 3081 784 illi
3115 730 3301 797 Deum,
3330 750 3397 789 ex
3429 740 3510 790 eo

1906 807 2046 878 quod
2072 806 2339 866 Christum
2371 813 2630 878 viderant,
2663 817 3009 875 la‘udaverun‘t
3034 838 3051 880 :
3080 821 3165 877 isti
3201 829 3379 881 autem
3418 828 3509 881 vi“-

1907 915 2024 956 sum
2049 901 2316 959 Christum
2334 906 2495 960 etiam
2525 906 2902 967 adut-.tvérunt.
2927 912 2981 967 In
3009 911 3113 971 illis
3131 919 3298 987 gratia
3327 921 3503 989 prior,

1907 993 1963 1047 in
1988 993 2104 1049 istis
2132 992 2403 1052 humilitas
2441 999 2685 1069 amplior.
2715 997 2975 1061 Fortasse
2998 1012 3127 1078 ergo
3153 1008 3227 1063 illi
3242 1020 3509 1084 pastores

1908 1086 2085 1142 minus
2108 1088 2208 1154 rei,
2237 1089 2305 1145 de
2332 1091 2503 1147 sa1ule
2529 1092 2761 1150 alacrius
2792 1098 3166 1156 (exsultabant:
3199 1104 3283 1158 isti
3312 1111 3503 1163 autem

1908 1175 2043 1248 Magi
2096 1178 2277 1235 multis
2321 1185 2525 1238 onerati
2559 1186 2810 1254 poemtis,
2844 1189 3167 1248 submissius
3214 1194 3506 1269 indulgen-

1907 1267 2035 1322 tiam
2065 1269 2425 1341 requirebant.
2462 1270 2591 1331 i‘itee
2625 1288 2707 1332 est
2737 1278 2827 1335 illa
2856 1280 3155 1350 humilitas,
3188 1291 3340 1358 quam
3364 1267 3508 1361 plus

1913 1359 1965 1414 in
1996 1361 2075 1416 eis
2097 1363 2185 1433 qui
2218 1380 2282 1420 ex
2323 1366 2580 1425 Gentibus
2605 1370 2775 1434 erant.
2805 1388 2961 1445 quam
2991 1376 3044 1433 in
3069 1367 3287 1448 Iudaeis,
3313 1359 3501 1440 divina

1907 1450 2178 1523 Scriptura
2220 1461 2579 1515 commendat.
2627 1461 2704 1518 Es
2749 1457 3008 1523 Gentibus
3054 1470 3197 1527 enim
3244 1484 3359 1530 erat
3403 1474 3508 1532 ille

1909 1544 2180 1610 Centurio.
2210 1549 2298 1619 qui
2322 1563 2442 1606 cum
2471 1552 2750 1610 Dominum
2775 1557 2827 1612 in
2851 1568 2964 1615 toto
2992 1559 3207 1631 pectore
3230 1568 3509 1638 suscepis-

1909 1645 2012 1703 set,
2037 1653 2096 1693 se
2126 1650 2303 1697 tamen
2332 1642 2460 1699 dixit
2488 1644 2758 1716 indignum
2786 1658 2842 1704 ut
2871 1650 2923 1706 in
2956 1651 3170 1710 domum
3186 1656 3296 1727 eius
3321 1658 3509 1714 intrara-

1910 1737 2012 1794 ret,
2040 1743 2141 1785 nec
2169 1732 2234 1789 ab
2254 1748 2321 1788 eo
2345 1750 2546 1805 :rgrnm
2573 1751 2728 1793 suum
2756 1740 2921 1796 voluit
2945 1743 3135 1813 videri,
3166 1746 3260 1803 sed
3285 1750 3505 1805 salvum

1903 1818 2078 1889 iuberi
2111 1821 2332 1895 (Matth.
2373 1842 2486 1893 vut,
2532 1827 2723 1900 5-10).
2768 1830 2859 1886 Sic
2901 1831 3126 1891 interius
3174 1846 3511 1907 praesentem

1909 1914 2072 1971 corde
2097 1915 2378 1981 retinebat,
2404 1919 2557 1987 cujus
2590 1936 2619 1975 a
2664 1935 2763 1977 suo
2792 1932 2931 1979 tecto
2958 1930 3292 1996 praesentiam
3318 1932 3510 1989 hono-

1910 2004 2057 2063 rilice
2083 2009 2388 2064 revocabat.
2438 2010 2677 2083 Denique
2729 2012 3003 2083 Dominus,
3039 2016 3161 2074 Non
3199 2021 3384 2088 inveni,
3411 2025 3513 2080 in-

1908 2098 2044 2168 quit,
2075 2110 2269 2155 tentam
2290 2101 2444 2172 ﬁdem
2488 2104 2540 2157 in
2581 2102 2769 2161 Israel.
2793 2105 2888 2162 Illa
2909 2109 3069 2164 etiam
3098 2111 3396 2170 Cltauantea
3427 2133 3512 2173 ex

1908 2185 2169 2247 Gentibus
2193 2201 2328 2259 erat,
2357 2208 2478 2265 qua:
2498 2210 2620 2250 cum
2643 2211 2704 2253 se
2724 2212 2753 2251 τι
2783 2197 3007 2255 Domino
3026 2201 3257 2258 audisset
3279 2220 3509 2272 canens.

1908 2291 1961 2337 et
1984 2282 2073 2338 cui
2101 2284 2253 2354 panis
2279 2284 2507 2341 ﬁliorum
2535 2287 2840 2346 mitteretur
2859 2291 3152 2363 indignam,
3183 2294 3346 2352 micas
3373 2308 3511 2353 tan-

1907 2384 2066 2446 quam
2094 2378 2244 2433 canis
2272 2378 2446 2448 exegit
2473 2396 2486 2432 :
2519 2388 2576 2435 et
2602 2379 2721 2435 ideo
2746 2397 2853 2437 non
2894 2398 3015 2440 esse
3042 2387 3256 2452 meruit,
3286 2389 3410 2459 quia
3444 2391 3515 2444 ἰιι

1909 2466 2053 2536 quod
2082 2466 2256 2525 fuerat
2282 2482 2387 2523 non
2412 2470 2646 2540 negavit.
2680 2470 2812 2527 Nam
2854 2481 2909 2529 et
2935 2474 3049 2545 ipsa
3089 2476 3287 2531 audivit
3326 2494 3359 2533 a
3394 2480 3514 2533 Du-

1912 2557 2081 2625 mino,
2115 2559 2161 2614 0
2184 2552 2383 2629 mulier,
2422 2579 2607 2634 magna
2627 2573 2700 2617 est
2726 2565 2854 2635 ﬁdes
2890 2576 2977 2621 tua
3004 2567 3130 2639 (Id.
3154 2586 3240 2637 xv,
3266 2571 3513 2645 Sl-28).

1914 2647 2196 2706 Humilitas
2221 2651 2271 2705 in
2302 2667 2363 2705 ea
2391 2653 2589 2708 iecerat
2612 2653 2769 2709 (idem
2796 2672 3071 2728 magnam;
3100 2663 3223 2732 quia
3245 2677 3302 2717 se
3321 2662 3512 2733 ipSnm

1910 2739 2111 2796 iecerat
2130 2757 2365 2811 parvam.

1967 2831 2209 2891 CAPUT
2235 2832 2324 2891 Ill.
2350 2866 2423 2880 —-
2447 2838 2503 2894 5.
2530 2837 2772 2896 (ιῖεηιὶιυη
2812 2844 3036 2899 omnium
3070 2848 3217 2901 salus
3254 2849 3511 2919 ﬁgurata.

1915 2921 2145 2980 Veniunt
2180 2941 2308 2997 ergo
2361 2937 2602 2998 pastores
2653 2931 2723 2987 de
2755 2934 2997 3002 proximo
3040 2936 3241 3002 videre,
3269 2949 3318 2994 et
3359 2940 3517 3010 Magi

1912 3014 1980 3070 de
2006 3015 2296 3088 longinquo
2321 3016 2542 3076 vettiunt
2568 3022 2813 3080 adorare.
2842 3025 2968 3083 llaec
2991 3039 3072 3083 est
3101 3027 3366 3085 humilitas
3392 3050 3517 3104 qua

1913 3105 2077 3162 inseri
2103 3111 2301 3166 meruit
2324 3110 2556 3170 oleaster
2578 3114 2631 3169 in
2657 3116 2877 3187 olivam,
2912 3128 2967 3175 et
2986 3121 3185 3176 olivam
3212 3125 3337 3178 dare
3365 3140 3474 3177 (tm!
3493 3159 3516 3168 -

1914 3207 1991 3252 tra
2026 3209 2265 3261 naturam
2313 3202 2496 3274 (Rom.
2549 3206 2800 3281 ΧΙ-,17);
2848 3211 2969 3282 quia
3013 3221 3255 3268 naturam
3303 3220 3519 3273 meruit

1914 3300 2121 3347 mutare
2144 3308 2239 3362 per
2256 3295 2501 3364 gratiam.
2526 3296 2661 3354 Nam
2684 3316 2807 3355 eum
2838 3302 2938 3359 hoc
2980 3305 3212 3360 oleastro
3240 3318 3381 3364 tutus
3399 3313 3469 3364 sit
3491 3340 3512 3348 ο

1913 3392 2150 3437 vesceret
2178 3392 2232 3437 et
2259 3397 2620 3443 amareseeret
2647 3389 2898 3459 mundus,
2930 3408 3024 3462 per
3055 3394 3356 3450 insertiouis
3376 3415 3516 3470 gra-

1913 3475 2039 3529 tiam
2089 3475 2449 3546 pingneiactus
2478 3481 2688 3536 enituit.
2723 3483 2954 3540 Veniunt
2984 3487 3133 3542 enim
3161 3488 3229 3542 ab
3256 3500 3518 3547 extremo

1915 3577 2089 3632 terrae,
2120 3568 2413 3624 secundum
2443 3570 2753 3641 Jeremiatn,
2776 3574 3012 3632 dicentes
3037 3595 3049 3631 :
3083 3576 3210 3633 Vere
3233 3584 3511 3638 mendacia

1913 3658 2173 3712 coluerunt
2194 3669 2362 3730 patres
2386 3662 2544 3716 nostri
2575 3662 2804 3736 (In-em.
2837 3682 2941 3729 xvi,
2976 3668 3102 3740 l9).
3149 3670 3211 3724 Et
3253 3674 3507 3736 veniunt.

1913 3765 2018 3805 non
2040 3751 2108 3805 ab
2137 3768 2238 3806 una
2267 3754 2414 3809 orhis
2435 3752 2605 3826 parte,
2635 3759 2728 3813 sed
2755 3760 2893 3815 sicut
2934 3761 3273 3834 Evangelium
3298 3782 3507 3823 secun-

1912 3840 2038 3897 dum
2083 3841 2278 3898 Lucam
2334 3844 2585 3916 loquitur,
2626 3849 2689 3901 ab
2735 3848 2960 3918 Oriente,
3006 3862 3051 3906 et
3098 3853 3385 3923 Occidente,
3433 3862 3512 3914 ab

1913 3933 2159 4004 Aquilone
2184 3947 2230 3989 et
2255 3934 2492 4003 Meridie,
2524 3940 2618 4008 qui
2644 3943 2953 3998 recumbunt
2980 3960 3103 4000 cum
3130 3948 3399 4004 Abraham
3440 3965 3509 4007 (ιιι

1913 4025 2060 4081 Isaae
2088 4034 2144 4082 et
2164 4025 2331 4083 Jacob
2353 4028 2405 4084 in
2433 4045 2599 4099 regno
2623 4032 2882 4088 culorum
2914 4033 3073 4108 (Luc.
3101 4052 3220 4105 xm,
3248 4039 3316 4093 29
3336 4047 3378 4107 ).
3411 4044 3511 4097 Sic

1912 4123 2057 4170 totus
2072 4116 2216 4171 orbis
2235 4132 2307 4171 ex
2341 4118 2576 4186 partibus
2596 4131 2822 4191 quatuor
2848 4124 3121 4182 Trinitatis
3149 4130 3315 4199 gratia
3338 4147 3507 4186 voea-

1912 4214 2001 4262 tur
2030 4208 2080 4262 in
2103 4208 2281 4267 ﬁdem.
2306 4209 2608 4268 Secundum
2629 4232 2784 4284 quem
2804 4233 3101 4287 numerum,
3122 4236 3249 4278 cum
3268 4238 3510 4294 quatuor

1913 4308 1996 4355 ter
2019 4300 2306 4372 ducuntur,
2353 4305 2710 4364 duodenarius
2735 4327 2985 4367 uulnerus
3006 4315 3331 4383 apostolicus
3365 4334 3513 4376 con-

1912 4402 2152 4455 secratus
2179 4405 2295 4461 est;
2323 4405 2571 4469 tanquam
2603 4401 2832 4457 universi
2850 4405 2998 4458 urbis
3025 4406 3251 4463 salutem
3272 4425 3334 4464 es
3359 4427 3503 4481 qua-

1914 4494 2035 4541 tuor
2062 4488 2245 4544 mundi
2292 4490 2552 4559 partibus,
2585 4493 2637 4547 in
2678 4492 2951 4549 Trinitatis
2990 4498 3219 4567 gratiam
3249 4503 3507 4573 prmiigu-

1913 4593 2056 4633 rans.
2090 4578 2241 4635 Hune
2271 4582 2413 4636 enim
2438 4599 2716 4639 numerum
2732 4586 2893 4641 etiam
2908 4587 3088 4644 discus
3109 4591 3202 4646 ille
3226 4593 3499 4663 signiﬁca-

1912 4670 2009 4734 vit,
2054 4670 2143 4740 qui
2200 4671 2596 4730 demonstntltts
2656 4686 2738 4731 est
2791 4677 2948 4733 Petro
3004 4681 3195 4749 plenus
3248 4686 3510 4742 omnibus

1909 4762 2229 4818 animalibus
2252 4761 2273 4834 (
2296 4766 2404 4820 Act.
2442 4782 2498 4834 κ,
2531 4769 2588 4824 ll
2610 4766 2651 4840 ).
2685 4779 2931 4841 tanquam
2953 4775 3201 4831 omnibus
3228 4780 3501 4849 gentibus.

1912 4852 2043 4909 Nam
2074 4866 2128 4911 et
2155 4856 2268 4925 ipse
2290 4869 2519 4928 quatuor
2548 4860 2701 4918 lineis
2725 4880 3016 4932 suspensus
3043 4883 3074 4924 e
3095 4868 3237 4924 curio
3265 4881 3349 4927 ter
3371 4875 3507 4929 sub-

1917 4949 2110 5004 missus
2128 4962 2430 5023 assumptus
2444 4962 2525 5007 est
2545 4970 2560 5018 ;
2589 4962 2649 5008 ut
2668 4957 2911 5025 quaterni
2933 4957 3214 5017 duodecim
3237 4961 3501 5031 iacerent.

1914 5039 2041 5094 Ideo
2067 5039 2295 5097 fortasse
2323 5052 2441 5112 post
2467 5042 2705 5099 Natalem
2753 5046 2962 5102 Domini
2989 5049 3273 5108 duodecim
3306 5055 3505 5113 diebus

1910 5134 2123 5200 additis,
2174 5134 2310 5206 Magi
2357 5136 2602 5206 primitia:
2643 5137 2892 5196 Gentium
2920 5143 2989 5197 ad
3016 5141 3285 5202 Christum
3318 5149 3509 5206 viden-

1910 5222 2037 5279 dum
2066 5225 2497 5299 adoraudumque
2526 5242 2810 5295 venerunt,
2838 5244 3020 5289 etnon
3044 5235 3217 5291 solum
3246 5240 3507 5309 accipere

1912 5316 2199 5386 propriam,
2246 5316 2342 5372 sed
2367 5319 2604 5374 omnium
2629 5336 2841 5392 quoque
2883 5324 3116 5393 gentium
3142 5327 3373 5384 salutem
3423 5333 3504 5386 si-

1908 5409 2160 5478 gnificare
2206 5423 2537 5468 meruerunt.
2585 5414 2934 5472 Celebremns
2978 5433 3107 5488 ergo
3150 5419 3502 5479 devotissiute

1909 5505 2067 5563 etiam
2109 5504 2269 5560 istum
2298 5505 2475 5570 diem;
2525 5515 2582 5561 et
2628 5507 2908 5564 Dominum
2947 5510 3154 5577 Jesum,
3184 5529 3346 5583 quem
3393 5519 3505 5582 ιιι-ξ.
3556 5505 3568 5515 ⁸

1910 5598 2069 5653 ιιιίιῐ;υ
2093 5596 2193 5650 ilhc
2215 5605 2409 5652 nostra:
2435 5598 2792 5654 adoraverunt
2809 5601 3073 5669 jaeeutem
3097 5603 3147 5657 in
3169 5602 3496 5673 diversorio,

1908 5704 2004 5748 nos
2031 5689 2356 5746 habitantem
2387 5691 2671 5746 adoremus
2697 5692 2748 5746 in
2779 5694 2934 5749 ratio.
2966 5693 3078 5750 lluc
3115 5698 3311 5767 quippe
3346 5701 3397 5752 in
3430 5717 3499 5753 eo

1910 5785 1980 5837 illi
2017 5785 2249 5841 venerati
2281 5793 2403 5839 sunt
2435 5781 2687 5849 futurum,
2720 5784 2863 5855 quod
2890 5804 2984 5841 nos
3028 5805 3347 5844 veneramur
3382 5792 3492 5846 itu-
