  <div class='ocr_page' id='page_1' title='image "/cluster/home/n/w/nwhite01/storage/ocr_20150623/38/hvd.32044096580600/524.png"; bbox 0 0 3886 6188; ppageno 0'>
   <div class='ocr_carea' id='block_1_1' title="bbox 251 365 399 426">
    <p class='ocr_par' dir='ltr' id='par_1_1' title="bbox 251 365 399 426">
     <span class='ocr_line' id='line_1_1' title="bbox 251 365 399 426; baseline -0.047 0"><span class='ocrx_word' id='word_1_1' title='bbox 251 365 399 426; x_wconf 66' lang='grc' dir='ltr'><strong>ίῦὂτ</strong></span> 
     </span>
    </p>
   </div>
   <div class='ocr_carea' id='block_1_2' title="bbox 253 464 1831 553">
    <p class='ocr_par' dir='ltr' id='par_1_2' title="bbox 253 464 1831 553">
     <span class='ocr_line' id='line_1_2' title="bbox 253 464 1831 553; baseline -0.015 -18"><span class='ocrx_word' id='word_1_2' title='bbox 253 483 474 553; x_wconf 68' lang='lat' dir='ltr'><strong>pictum.</strong></span> <span class='ocrx_word' id='word_1_3' title='bbox 526 473 895 532; x_wconf 77' lang='lat' dir='ltr'><strong>Adoruverunt</strong></span> <span class='ocrx_word' id='word_1_4' title='bbox 945 469 1186 540; x_wconf 69' lang='lat' dir='ltr'><strong>primitiae</strong></span> <span class='ocrx_word' id='word_1_5' title='bbox 1233 467 1481 524; x_wconf 84' lang='lat' dir='ltr'><strong>Gentium</strong></span> <span class='ocrx_word' id='word_1_6' title='bbox 1542 464 1831 518; x_wconf 72' lang='lat' dir='ltr'><strong>inhiantem</strong></span> 
     </span>
    </p>
   </div>
   <div class='ocr_carea' id='block_1_3' title="bbox 255 554 1839 634">
    <p class='ocr_par' dir='ltr' id='par_1_3' title="bbox 255 554 1839 634">
     <span class='ocr_line' id='line_1_3' title="bbox 255 554 1839 634; baseline -0.013 -6"><span class='ocrx_word' id='word_1_7' title='bbox 255 572 509 628; x_wconf 79' lang='lat' dir='ltr'><strong>uberibus</strong></span> <span class='ocrx_word' id='word_1_8' title='bbox 535 568 757 622; x_wconf 86' lang='lat' dir='ltr'><strong>matris:</strong></span> <span class='ocrx_word' id='word_1_9' title='bbox 791 565 1015 618; x_wconf 85' lang='lat' dir='ltr'><strong>adorant</strong></span> <span class='ocrx_word' id='word_1_10' title='bbox 1040 571 1226 634; x_wconf 72' lang='lat' dir='ltr'><strong>gentes</strong></span> <span class='ocrx_word' id='word_1_11' title='bbox 1257 559 1528 614; x_wconf 83' lang='lat' dir='ltr'><strong>sedentem</strong></span> <span class='ocrx_word' id='word_1_12' title='bbox 1565 556 1630 611; x_wconf 85' lang='lat' dir='ltr'><strong>ad</strong></span> <span class='ocrx_word' id='word_1_13' title='bbox 1656 554 1839 609; x_wconf 75' lang='lat' dir='ltr'><strong>dexte-</strong></span> 
     </span>
    </p>
   </div>
   <div class='ocr_carea' id='block_1_4' title="bbox 254 662 720 721">
    <p class='ocr_par' dir='ltr' id='par_1_4' title="bbox 254 662 720 721">
     <span class='ocr_line' id='line_1_4' title="bbox 254 662 720 721; baseline -0.015 -1"><span class='ocrx_word' id='word_1_14' title='bbox 254 681 368 721; x_wconf 73' lang='lat' dir='ltr'><strong>ram</strong></span> <span class='ocrx_word' id='word_1_15' title='bbox 403 665 498 719; x_wconf 88' lang='lat' dir='ltr'><strong>Dei</strong></span> <span class='ocrx_word' id='word_1_16' title='bbox 529 662 720 717; x_wconf 84' lang='lat' dir='ltr'><strong>Patris.</strong></span> 
     </span>
    </p>
   </div>
   <div class='ocr_carea' id='block_1_5' title="bbox 747 764 1339 841">
    <p class='ocr_par' dir='ltr' id='par_1_5' title="bbox 747 764 1339 841">
     <span class='ocr_line' id='line_1_5' title="bbox 747 764 1339 841; baseline -0.01 -13"><span class='ocrx_word' id='word_1_17' title='bbox 747 769 979 828; x_wconf 75' lang='lat' dir='ltr'><strong>ssnno</strong></span> <span class='ocrx_word' id='word_1_18' title='bbox 1015 768 1202 827; x_wconf 81' lang='lat' dir='ltr'><strong>CCIV‘</strong></span> <span class='ocrx_word' id='word_1_19' title='bbox 1242 764 1339 841; x_wconf 76' lang='grc' dir='ltr'><strong>(α).</strong></span> 
     </span>
    </p>
   </div>
   <div class='ocr_carea' id='block_1_6' title="bbox 725 879 1354 947">
    <p class='ocr_par' dir='ltr' id='par_1_6' title="bbox 725 879 1354 947">
     <span class='ocr_line' id='line_1_6' title="bbox 725 879 1354 947; baseline -0.005 -15"><span class='ocrx_word' id='word_1_20' title='bbox 725 891 773 933; x_wconf 84' lang='grc' dir='ltr'>ω</span> <span class='ocrx_word' id='word_1_21' title='bbox 793 879 1046 947; x_wconf 72' lang='lat' dir='ltr'><strong>Epiphania</strong></span> <span class='ocrx_word' id='word_1_22' title='bbox 1067 881 1271 940; x_wconf 85' lang='lat' dir='ltr'><strong>Domini,</strong></span> <span class='ocrx_word' id='word_1_23' title='bbox 1292 895 1354 930; x_wconf 85' lang='lat' dir='ltr'><strong>vt.</strong></span> 
     </span>
    </p>
   </div>
   <div class='ocr_carea' id='block_1_7' title="bbox 329 1002 1842 1082">
    <p class='ocr_par' dir='ltr' id='par_1_7' title="bbox 329 1002 1842 1082">
     <span class='ocr_line' id='line_1_7' title="bbox 329 1002 1842 1082; baseline -0.007 -16"><span class='ocrx_word' id='word_1_24' title='bbox 329 1013 385 1068; x_wconf 81' lang='grc' dir='ltr'><strong>Ι.</strong></span> <span class='ocrx_word' id='word_1_25' title='bbox 415 1010 732 1082; x_wconf 64' lang='lat' dir='ltr'><strong>Epiphania,</strong></span> <span class='ocrx_word' id='word_1_26' title='bbox 757 1007 945 1062; x_wconf 80' lang='lat' dir='ltr'><strong>Christi</strong></span> <span class='ocrx_word' id='word_1_27' title='bbox 964 1006 1320 1076; x_wconf 78' lang='lat' dir='ltr'><strong>inanifcstatio.</strong></span> <span class='ocrx_word' id='word_1_28' title='bbox 1349 1004 1486 1059; x_wconf 81' lang='lat' dir='ltr'><strong>Ante</strong></span> <span class='ocrx_word' id='word_1_29' title='bbox 1507 1016 1705 1073; x_wconf 87' lang='lat' dir='ltr'><strong>paucos</strong></span> <span class='ocrx_word' id='word_1_30' title='bbox 1725 1002 1842 1056; x_wconf 81' lang='lat' dir='ltr'><strong>dies</strong></span> 
     </span>
    </p>
   </div>
   <div class='ocr_carea' id='block_1_8' title="bbox 256 1090 1842 1164">
    <p class='ocr_par' dir='ltr' id='par_1_8' title="bbox 256 1090 1842 1164">
     <span class='ocr_line' id='line_1_8' title="bbox 256 1090 1842 1164; baseline -0.006 -8"><span class='ocrx_word' id='word_1_31' title='bbox 256 1090 503 1156; x_wconf 69' lang='lat' dir='ltr'><strong>Natalem</strong></span> <span class='ocrx_word' id='word_1_32' title='bbox 549 1099 755 1155; x_wconf 81' lang='lat' dir='ltr'><strong>Domini</strong></span> <span class='ocrx_word' id='word_1_33' title='bbox 793 1098 1222 1154; x_wconf 81' lang='lat' dir='ltr'><strong>celebravimus;</strong></span> <span class='ocrx_word' id='word_1_34' title='bbox 1279 1094 1627 1164; x_wconf 72' lang='lat' dir='ltr'><strong>Epiphaniam</strong></span> <span class='ocrx_word' id='word_1_35' title='bbox 1679 1092 1842 1148; x_wconf 83' lang='lat' dir='ltr'><strong>hodie</strong></span> 
     </span>
    </p>
   </div>
   <div class='ocr_carea' id='block_1_9' title="bbox 254 1186 1843 1262">
    <p class='ocr_par' dir='ltr' id='par_1_9' title="bbox 254 1186 1843 1262">
     <span class='ocr_line' id='line_1_9' title="bbox 254 1186 1843 1262; baseline -0.004 -17"><span class='ocrx_word' id='word_1_36' title='bbox 254 1194 623 1258; x_wconf 67' lang='lat' dir='ltr'><strong>celebramus;</strong></span> <span class='ocrx_word' id='word_1_37' title='bbox 653 1205 761 1262; x_wconf 86' lang='lat' dir='ltr'><strong>quo</strong></span> <span class='ocrx_word' id='word_1_38' title='bbox 803 1205 978 1260; x_wconf 64' lang='lat' dir='ltr'><strong>grteco</strong></span> <span class='ocrx_word' id='word_1_39' title='bbox 1017 1187 1274 1242; x_wconf 88' lang='lat' dir='ltr'><strong>vocabulo</strong></span> <span class='ocrx_word' id='word_1_40' title='bbox 1320 1186 1648 1257; x_wconf 70' lang='lat' dir='ltr'><strong>significatur</strong></span> <span class='ocrx_word' id='word_1_41' title='bbox 1675 1186 1843 1240; x_wconf 84' lang='lat' dir='ltr'><strong>mani-</strong></span> 
     </span>
    </p>
   </div>
   <div class='ocr_carea' id='block_1_10' title="bbox 258 1277 1887 1348">
    <p class='ocr_par' dir='ltr' id='par_1_10' title="bbox 258 1277 1887 1348">
     <span class='ocr_line' id='line_1_10' title="bbox 258 1277 1887 1348; baseline -0.004 -11"><span class='ocrx_word' id='word_1_42' title='bbox 258 1285 499 1346; x_wconf 77' lang='lat' dir='ltr'><strong>festatio,</strong></span> <span class='ocrx_word' id='word_1_43' title='bbox 521 1291 576 1337; x_wconf 90' lang='lat' dir='ltr'><strong>ct</strong></span> <span class='ocrx_word' id='word_1_44' title='bbox 595 1281 821 1337; x_wconf 79' lang='lat' dir='ltr'><strong>refertur</strong></span> <span class='ocrx_word' id='word_1_45' title='bbox 844 1280 910 1335; x_wconf 88' lang='lat' dir='ltr'><strong>ad</strong></span> <span class='ocrx_word' id='word_1_46' title='bbox 953 1279 1078 1334; x_wconf 89' lang='lat' dir='ltr'><strong>illud</strong></span> <span class='ocrx_word' id='word_1_47' title='bbox 1109 1279 1250 1348; x_wconf 90' lang='lat' dir='ltr'><strong>quod</strong></span> <span class='ocrx_word' id='word_1_48' title='bbox 1276 1279 1352 1331; x_wconf 87' lang='lat' dir='ltr'><strong>ait</strong></span> <span class='ocrx_word' id='word_1_49' title='bbox 1381 1277 1688 1348; x_wconf 72' lang='lat' dir='ltr'><strong>Apostolus,</strong></span> <span class='ocrx_word' id='word_1_50' title='bbox 1720 1278 1845 1333; x_wconf 79' lang='lat' dir='ltr'><strong>Siue</strong></span> <span class='ocrx_word' id='word_1_51' title='bbox 1884 1279 1887 1283; x_wconf 83' lang='lat'>&#39;</span> 
     </span>
    </p>
   </div>
   <div class='ocr_carea' id='block_1_11' title="bbox 257 1370 1841 1444">
    <p class='ocr_par' dir='ltr' id='par_1_11' title="bbox 257 1370 1841 1444">
     <span class='ocr_line' id='line_1_11' title="bbox 257 1370 1841 1444; baseline -0.002 -19"><span class='ocrx_word' id='word_1_52' title='bbox 257 1377 419 1430; x_wconf 80' lang='lat' dir='ltr'><strong>dubio</strong></span> <span class='ocrx_word' id='word_1_53' title='bbox 445 1390 686 1444; x_wconf 83' lang='lat' dir='ltr'><strong>maguum</strong></span> <span class='ocrx_word' id='word_1_54' title='bbox 711 1383 784 1426; x_wconf 81' lang='lat' dir='ltr'><strong>est</strong></span> <span class='ocrx_word' id='word_1_55' title='bbox 809 1373 1010 1441; x_wconf 80' lang='lat' dir='ltr'><strong>pietatis</strong></span> <span class='ocrx_word' id='word_1_56' title='bbox 1028 1381 1418 1436; x_wconf 71' lang='lat' dir='ltr'><strong>sacramentum,</strong></span> <span class='ocrx_word' id='word_1_57' title='bbox 1442 1370 1576 1433; x_wconf 84' lang='lat' dir='ltr'><strong>quod</strong></span> <span class='ocrx_word' id='word_1_58' title='bbox 1601 1370 1841 1441; x_wconf 72' lang='lat' dir='ltr'><strong>manifes-</strong></span> 
     </span>
    </p>
   </div>
   <div class='ocr_carea' id='block_1_12' title="bbox 260 1459 1846 1532">
    <p class='ocr_par' dir='ltr' id='par_1_12' title="bbox 260 1459 1846 1532">
     <span class='ocr_line' id='line_1_12' title="bbox 260 1459 1846 1532; baseline -0.004 -12"><span class='ocrx_word' id='word_1_59' title='bbox 260 1478 429 1520; x_wconf 80' lang='lat' dir='ltr'><strong>tatum</strong></span> <span class='ocrx_word' id='word_1_60' title='bbox 458 1465 605 1518; x_wconf 78' lang='lat' dir='ltr'><strong>estin</strong></span> <span class='ocrx_word' id='word_1_61' title='bbox 631 1463 820 1532; x_wconf 79' lang='lat' dir='ltr'><strong>carne(</strong></span> <span class='ocrx_word' id='word_1_62' title='bbox 846 1461 1012 1518; x_wconf 85' lang='lat' dir='ltr'><strong>lTim.</strong></span> <span class='ocrx_word' id='word_1_63' title='bbox 1043 1478 1119 1529; x_wconf 86' lang='lat' dir='ltr'><strong>ut,</strong></span> <span class='ocrx_word' id='word_1_64' title='bbox 1155 1463 1220 1516; x_wconf 78' lang='grc'><strong>16</strong></span> <span class='ocrx_word' id='word_1_65' title='bbox 1251 1461 1292 1530; x_wconf 93' lang='grc'><strong>).</strong></span> <span class='ocrx_word' id='word_1_66' title='bbox 1325 1461 1497 1515; x_wconf 80' lang='lat' dir='ltr'><strong>Ambo</strong></span> <span class='ocrx_word' id='word_1_67' title='bbox 1528 1461 1702 1530; x_wconf 86' lang='lat' dir='ltr'><strong>itaque</strong></span> <span class='ocrx_word' id='word_1_68' title='bbox 1729 1459 1846 1515; x_wconf 86' lang='lat' dir='ltr'><strong>dies</strong></span> 
     </span>
    </p>
   </div>
   <div class='ocr_carea' id='block_1_13' title="bbox 261 1551 1846 1626">
    <p class='ocr_par' dir='ltr' id='par_1_13' title="bbox 261 1551 1846 1626">
     <span class='ocr_line' id='line_1_13' title="bbox 261 1551 1846 1626; baseline -0.003 -16"><span class='ocrx_word' id='word_1_69' title='bbox 261 1559 328 1611; x_wconf 86' lang='lat' dir='ltr'><strong>ad</strong></span> <span class='ocrx_word' id='word_1_70' title='bbox 385 1555 861 1611; x_wconf 82' lang='lat' dir='ltr'><strong>manifestationem</strong></span> <span class='ocrx_word' id='word_1_71' title='bbox 891 1555 1159 1626; x_wconf 87' lang='lat' dir='ltr'><strong>pertinent</strong></span> <span class='ocrx_word' id='word_1_72' title='bbox 1201 1553 1414 1608; x_wconf 51' lang='lat' dir='ltr'><strong>(iristi.</strong></span> <span class='ocrx_word' id='word_1_73' title='bbox 1445 1553 1500 1607; x_wconf 91' lang='lat' dir='ltr'><strong>ln</strong></span> <span class='ocrx_word' id='word_1_74' title='bbox 1535 1552 1627 1607; x_wconf 90' lang='lat' dir='ltr'><strong>illo</strong></span> <span class='ocrx_word' id='word_1_75' title='bbox 1651 1551 1846 1622; x_wconf 87' lang='lat' dir='ltr'><strong>quippe</strong></span> 
     </span>
    </p>
   </div>
   <div class='ocr_carea' id='block_1_14' title="bbox 264 1647 1846 1717">
    <p class='ocr_par' dir='ltr' id='par_1_14' title="bbox 264 1647 1846 1717">
     <span class='ocr_line' id='line_1_14' title="bbox 264 1647 1846 1717; baseline -0.001 -15"><span class='ocrx_word' id='word_1_76' title='bbox 264 1660 424 1703; x_wconf 77' lang='lat' dir='ltr'><strong>mtas</strong></span> <span class='ocrx_word' id='word_1_77' title='bbox 467 1655 551 1703; x_wconf 86' lang='lat' dir='ltr'><strong>est</strong></span> <span class='ocrx_word' id='word_1_78' title='bbox 603 1649 764 1703; x_wconf 81' lang='lat' dir='ltr'><strong>homo</strong></span> <span class='ocrx_word' id='word_1_79' title='bbox 813 1663 880 1704; x_wconf 81' lang='lat' dir='ltr'><strong>ex</strong></span> <span class='ocrx_word' id='word_1_80' title='bbox 928 1647 1141 1700; x_wconf 81' lang='lat' dir='ltr'><strong>homine</strong></span> <span class='ocrx_word' id='word_1_81' title='bbox 1191 1656 1386 1711; x_wconf 77' lang='lat' dir='ltr'><strong>matre,</strong></span> <span class='ocrx_word' id='word_1_82' title='bbox 1435 1648 1523 1717; x_wconf 85' lang='lat' dir='ltr'><strong>qui</strong></span> <span class='ocrx_word' id='word_1_83' title='bbox 1551 1648 1666 1701; x_wconf 84' lang='lat' dir='ltr'><strong>sine</strong></span> <span class='ocrx_word' id='word_1_84' title='bbox 1697 1647 1846 1701; x_wconf 87' lang='lat' dir='ltr'><strong>initio</strong></span> 
     </span>
    </p>
   </div>
   <div class='ocr_carea' id='block_1_15' title="bbox 268 1737 1843 1810">
    <p class='ocr_par' dir='ltr' id='par_1_15' title="bbox 268 1737 1843 1810">
     <span class='ocr_line' id='line_1_15' title="bbox 268 1737 1843 1810; baseline -0.003 -15"><span class='ocrx_word' id='word_1_85' title='bbox 268 1743 412 1796; x_wconf 82' lang='lat' dir='ltr'><strong>Deus</strong></span> <span class='ocrx_word' id='word_1_86' title='bbox 436 1749 554 1796; x_wconf 86' lang='lat' dir='ltr'><strong>erat</strong></span> <span class='ocrx_word' id='word_1_87' title='bbox 577 1738 713 1810; x_wconf 85' lang='lat' dir='ltr'><strong>apud</strong></span> <span class='ocrx_word' id='word_1_88' title='bbox 742 1738 972 1794; x_wconf 81' lang='lat' dir='ltr'><strong>Patrem.</strong></span> <span class='ocrx_word' id='word_1_89' title='bbox 1004 1737 1108 1792; x_wconf 86' lang='lat' dir='ltr'><strong>Sed</strong></span> <span class='ocrx_word' id='word_1_90' title='bbox 1129 1737 1276 1792; x_wconf 83' lang='lat' dir='ltr'><strong>carni</strong></span> <span class='ocrx_word' id='word_1_91' title='bbox 1303 1749 1384 1792; x_wconf 90' lang='lat' dir='ltr'><strong>est</strong></span> <span class='ocrx_word' id='word_1_92' title='bbox 1407 1737 1770 1793; x_wconf 43' lang='lat' dir='ltr'><strong>man&#39;fe‘tatus</strong></span> <span class='ocrx_word' id='word_1_93' title='bbox 1793 1738 1843 1790; x_wconf 89' lang='lat' dir='ltr'><strong>in</strong></span> 
     </span>
    </p>
   </div>
   <div class='ocr_carea' id='block_1_16' title="bbox 265 1828 1844 1900">
    <p class='ocr_par' dir='ltr' id='par_1_16' title="bbox 265 1828 1844 1900">
     <span class='ocr_line' id='line_1_16' title="bbox 265 1828 1844 1900; baseline -0.002 -16"><span class='ocrx_word' id='word_1_94' title='bbox 265 1847 463 1895; x_wconf 87' lang='lat' dir='ltr'><strong>carne;</strong></span> <span class='ocrx_word' id='word_1_95' title='bbox 493 1830 612 1900; x_wconf 87' lang='lat' dir='ltr'><strong>quia</strong></span> <span class='ocrx_word' id='word_1_96' title='bbox 639 1844 766 1886; x_wconf 83' lang='lat' dir='ltr'><strong>caro</strong></span> <span class='ocrx_word' id='word_1_97' title='bbox 810 1845 930 1884; x_wconf 87' lang='lat' dir='ltr'><strong>eum</strong></span> <span class='ocrx_word' id='word_1_98' title='bbox 963 1828 1146 1884; x_wconf 87' lang='lat' dir='ltr'><strong>videre</strong></span> <span class='ocrx_word' id='word_1_99' title='bbox 1182 1843 1284 1883; x_wconf 83' lang='lat' dir='ltr'><strong>noo</strong></span> <span class='ocrx_word' id='word_1_100' title='bbox 1317 1837 1544 1897; x_wconf 77' lang='lat' dir='ltr'><strong>poterat.</strong></span> <span class='ocrx_word' id='word_1_101' title='bbox 1568 1828 1705 1884; x_wconf 89' lang='lat' dir='ltr'><strong>sicut</strong></span> <span class='ocrx_word' id='word_1_102' title='bbox 1729 1839 1844 1883; x_wconf 88' lang='lat' dir='ltr'><strong>erat</strong></span> 
     </span>
    </p>
   </div>
   <div class='ocr_carea' id='block_1_17' title="bbox 272 1918 1851 1990">
    <p class='ocr_par' dir='ltr' id='par_1_17' title="bbox 272 1918 1851 1990">
     <span class='ocr_line' id='line_1_17' title="bbox 272 1918 1851 1990; baseline 0.001 -18"><span class='ocrx_word' id='word_1_103' title='bbox 272 1924 324 1974; x_wconf 85' lang='lat' dir='ltr'><strong>in</strong></span> <span class='ocrx_word' id='word_1_104' title='bbox 347 1921 556 1990; x_wconf 78' lang='lat' dir='ltr'><strong>Spiritu.</strong></span> <span class='ocrx_word' id='word_1_105' title='bbox 591 1920 658 1974; x_wconf 85' lang='lat' dir='ltr'><strong>Et</strong></span> <span class='ocrx_word' id='word_1_106' title='bbox 680 1921 769 1975; x_wconf 91' lang='lat' dir='ltr'><strong>illo</strong></span> <span class='ocrx_word' id='word_1_107' title='bbox 795 1918 1007 1990; x_wconf 83' lang='lat' dir='ltr'><strong>quidem</strong></span> <span class='ocrx_word' id='word_1_108' title='bbox 1037 1919 1145 1984; x_wconf 90' lang='lat' dir='ltr'><strong>dic,</strong></span> <span class='ocrx_word' id='word_1_109' title='bbox 1176 1920 1263 1989; x_wconf 88' lang='lat' dir='ltr'><strong>qui</strong></span> <span class='ocrx_word' id='word_1_110' title='bbox 1291 1919 1490 1973; x_wconf 67' lang='lat' dir='ltr'><strong>Nobilis</strong></span> <span class='ocrx_word' id='word_1_111' title='bbox 1521 1920 1684 1987; x_wconf 70' lang='lat' dir='ltr'><strong>ipsius</strong></span> <span class='ocrx_word' id='word_1_112' title='bbox 1716 1937 1851 1975; x_wconf 88' lang='lat' dir='ltr'><strong>nun-</strong></span> 
     </span>
    </p>
   </div>
   <div class='ocr_carea' id='block_1_18' title="bbox 269 2009 1848 2080">
    <p class='ocr_par' dir='ltr' id='par_1_18' title="bbox 269 2009 1848 2080">
     <span class='ocr_line' id='line_1_18' title="bbox 269 2009 1848 2080; baseline 0.001 -16"><span class='ocrx_word' id='word_1_113' title='bbox 269 2023 522 2080; x_wconf 75' lang='lat' dir='ltr'><strong>cupatur,</strong></span> <span class='ocrx_word' id='word_1_114' title='bbox 548 2009 791 2066; x_wconf 87' lang='lat' dir='ltr'><strong>viderunt</strong></span> <span class='ocrx_word' id='word_1_115' title='bbox 812 2025 930 2065; x_wconf 91' lang='lat' dir='ltr'><strong>eum</strong></span> <span class='ocrx_word' id='word_1_116' title='bbox 960 2019 1196 2079; x_wconf 87' lang='lat' dir='ltr'><strong>pastores</strong></span> <span class='ocrx_word' id='word_1_117' title='bbox 1215 2010 1518 2064; x_wconf 62' lang='lat' dir='ltr'><strong>.ludaeorum</strong></span> <span class='ocrx_word' id='word_1_118' title='bbox 1545 2030 1558 2064; x_wconf 74' lang='grc' dir='ltr'>ε</span> <span class='ocrx_word' id='word_1_119' title='bbox 1593 2011 1848 2067; x_wconf 83' lang='lat' dir='ltr'><strong>hodierno</strong></span> 
     </span>
    </p>
   </div>
   <div class='ocr_carea' id='block_1_19' title="bbox 272 2100 1851 2171">
    <p class='ocr_par' dir='ltr' id='par_1_19' title="bbox 272 2100 1851 2171">
     <span class='ocr_line' id='line_1_19' title="bbox 272 2100 1851 2171; baseline 0.003 -19"><span class='ocrx_word' id='word_1_120' title='bbox 272 2113 452 2155; x_wconf 88' lang='lat' dir='ltr'><strong>autem</strong></span> <span class='ocrx_word' id='word_1_121' title='bbox 484 2101 572 2154; x_wconf 92' lang='lat' dir='ltr'><strong>die</strong></span> <span class='ocrx_word' id='word_1_122' title='bbox 591 2101 678 2171; x_wconf 91' lang='lat' dir='ltr'><strong>qui</strong></span> <span class='ocrx_word' id='word_1_123' title='bbox 703 2101 991 2170; x_wconf 81' lang='lat' dir='ltr'><strong>Epiphania</strong></span> <span class='ocrx_word' id='word_1_124' title='bbox 1022 2102 1255 2170; x_wconf 85' lang='lat' dir='ltr'><strong>proprie,</strong></span> <span class='ocrx_word' id='word_1_125' title='bbox 1298 2100 1399 2156; x_wconf 88' lang='lat' dir='ltr'><strong>hoc</strong></span> <span class='ocrx_word' id='word_1_126' title='bbox 1432 2112 1516 2156; x_wconf 89' lang='lat' dir='ltr'><strong>cst</strong></span> <span class='ocrx_word' id='word_1_127' title='bbox 1546 2102 1851 2156; x_wconf 83' lang='lat' dir='ltr'><strong>manifesta-</strong></span> 
     </span>
    </p>
   </div>
   <div class='ocr_carea' id='block_1_20' title="bbox 276 2184 1849 2262">
    <p class='ocr_par' dir='ltr' id='par_1_20' title="bbox 276 2184 1849 2262">
     <span class='ocr_line' id='line_1_20' title="bbox 276 2184 1849 2262; baseline 0.002 -17"><span class='ocrx_word' id='word_1_128' title='bbox 276 2193 352 2246; x_wconf 90' lang='lat' dir='ltr'><strong>tio</strong></span> <span class='ocrx_word' id='word_1_129' title='bbox 372 2184 585 2258; x_wconf 85' lang='lat' dir='ltr'><strong>dicitur,</strong></span> <span class='ocrx_word' id='word_1_130' title='bbox 614 2193 966 2246; x_wconf 87' lang='lat' dir='ltr'><strong>adoravcrnnt</strong></span> <span class='ocrx_word' id='word_1_131' title='bbox 989 2208 1110 2248; x_wconf 86' lang='lat' dir='ltr'><strong>eum</strong></span> <span class='ocrx_word' id='word_1_132' title='bbox 1141 2192 1269 2262; x_wconf 71' lang='lat' dir='ltr'><strong>Magi</strong></span> <span class='ocrx_word' id='word_1_133' title='bbox 1297 2191 1566 2250; x_wconf 86' lang='lat' dir='ltr'><strong>Gentium.</strong></span> <span class='ocrx_word' id='word_1_134' title='bbox 1593 2195 1700 2248; x_wconf 92' lang='lat' dir='ltr'><strong>lllis</strong></span> <span class='ocrx_word' id='word_1_135' title='bbox 1729 2210 1849 2248; x_wconf 89' lang='lat' dir='ltr'><strong>cum</strong></span> 
     </span>
    </p>
   </div>
   <div class='ocr_carea' id='block_1_21' title="bbox 281 2282 1852 2354">
    <p class='ocr_par' dir='ltr' id='par_1_21' title="bbox 281 2282 1852 2354">
     <span class='ocr_line' id='line_1_21' title="bbox 281 2282 1852 2354; baseline 0.002 -17"><span class='ocrx_word' id='word_1_136' title='bbox 281 2284 489 2354; x_wconf 70' lang='lat' dir='ltr'><strong>Auge-li,</strong></span> <span class='ocrx_word' id='word_1_137' title='bbox 519 2285 633 2338; x_wconf 88' lang='lat' dir='ltr'><strong>istis</strong></span> <span class='ocrx_word' id='word_1_138' title='bbox 661 2298 785 2338; x_wconf 88' lang='lat' dir='ltr'><strong>vero</strong></span> <span class='ocrx_word' id='word_1_139' title='bbox 807 2283 956 2338; x_wconf 87' lang='lat' dir='ltr'><strong>stella</strong></span> <span class='ocrx_word' id='word_1_140' title='bbox 988 2284 1265 2338; x_wconf 89' lang='lat' dir='ltr'><strong>nuntiavit.</strong></span> <span class='ocrx_word' id='word_1_141' title='bbox 1297 2282 1474 2340; x_wconf 67' lang='lat' dir='ltr'><strong>Cales</strong></span> <span class='ocrx_word' id='word_1_142' title='bbox 1501 2285 1684 2352; x_wconf 79' lang='lat' dir='ltr'><strong>Angeli</strong></span> <span class='ocrx_word' id='word_1_143' title='bbox 1703 2284 1852 2340; x_wconf 84' lang='lat' dir='ltr'><strong>habi-</strong></span> 
     </span>
    </p>
   </div>
   <div class='ocr_carea' id='block_1_22' title="bbox 282 2375 1851 2446">
    <p class='ocr_par' dir='ltr' id='par_1_22' title="bbox 282 2375 1851 2446">
     <span class='ocr_line' id='line_1_22' title="bbox 282 2375 1851 2446; baseline 0 -18"><span class='ocrx_word' id='word_1_144' title='bbox 282 2386 412 2440; x_wconf 87' lang='lat' dir='ltr'><strong>tant,</strong></span> <span class='ocrx_word' id='word_1_145' title='bbox 444 2385 498 2431; x_wconf 88' lang='lat' dir='ltr'><strong>et</strong></span> <span class='ocrx_word' id='word_1_146' title='bbox 524 2375 694 2430; x_wconf 82' lang='lat' dir='ltr'><strong>sidera</strong></span> <span class='ocrx_word' id='word_1_147' title='bbox 723 2385 980 2429; x_wconf 83' lang='lat' dir='ltr'><strong>exornant</strong></span> <span class='ocrx_word' id='word_1_148' title='bbox 1005 2393 1018 2428; x_wconf 89' lang='lat'><strong>:</strong></span> <span class='ocrx_word' id='word_1_149' title='bbox 1071 2377 1306 2446; x_wconf 88' lang='lat' dir='ltr'><strong>utrisque</strong></span> <span class='ocrx_word' id='word_1_150' title='bbox 1326 2390 1452 2444; x_wconf 83' lang='lat' dir='ltr'><strong>ergo</strong></span> <span class='ocrx_word' id='word_1_151' title='bbox 1482 2375 1602 2430; x_wconf 63' lang='lat' dir='ltr'><strong>caeli</strong></span> <span class='ocrx_word' id='word_1_152' title='bbox 1632 2391 1851 2429; x_wconf 84' lang='lat' dir='ltr'><strong>enarra-</strong></span> 
     </span>
    </p>
   </div>
   <div class='ocr_carea' id='block_1_23' title="bbox 285 2465 1331 2546">
    <p class='ocr_par' dir='ltr' id='par_1_23' title="bbox 285 2465 1331 2546">
     <span class='ocr_line' id='line_1_23' title="bbox 285 2465 1331 2546; baseline -0.001 -27"><span class='ocrx_word' id='word_1_153' title='bbox 285 2477 468 2522; x_wconf 83' lang='lat' dir='ltr'><strong>verunt</strong></span> <span class='ocrx_word' id='word_1_154' title='bbox 494 2467 716 2538; x_wconf 76' lang='lat' dir='ltr'><strong>gloriam</strong></span> <span class='ocrx_word' id='word_1_155' title='bbox 747 2467 837 2522; x_wconf 87' lang='lat' dir='ltr'><strong>Dei</strong></span> <span class='ocrx_word' id='word_1_156' title='bbox 866 2465 1045 2536; x_wconf 86' lang='lat' dir='ltr'><strong>(Psal.</strong></span> <span class='ocrx_word' id='word_1_157' title='bbox 1077 2483 1223 2534; x_wconf 72' lang='lat' dir='ltr'><strong>svnt,</strong></span> <span class='ocrx_word' id='word_1_158' title='bbox 1245 2467 1331 2546; x_wconf 73' lang='grc'><strong>2).</strong></span> 
     </span>
    </p>
   </div>
   <div class='ocr_carea' id='block_1_24' title="bbox 350 2556 1858 2631">
    <p class='ocr_par' dir='ltr' id='par_1_24' title="bbox 350 2556 1858 2631">
     <span class='ocr_line' id='line_1_24' title="bbox 350 2556 1858 2631; baseline 0.001 -17"><span class='ocrx_word' id='word_1_159' title='bbox 350 2559 407 2614; x_wconf 69' lang='grc'><strong>2.</strong></span> <span class='ocrx_word' id='word_1_160' title='bbox 435 2558 664 2614; x_wconf 76' lang='lat' dir='ltr'><strong>Christus</strong></span> <span class='ocrx_word' id='word_1_161' title='bbox 694 2557 892 2613; x_wconf 69' lang='lat' dir='ltr'><strong>Iudicis</strong></span> <span class='ocrx_word' id='word_1_162' title='bbox 917 2568 960 2611; x_wconf 84' lang='lat' dir='ltr'><strong>et</strong></span> <span class='ocrx_word' id='word_1_163' title='bbox 991 2556 1226 2613; x_wconf 79' lang='lat' dir='ltr'><strong>Gentibus</strong></span> <span class='ocrx_word' id='word_1_164' title='bbox 1270 2559 1559 2614; x_wconf 83' lang='lat' dir='ltr'><strong>adunaudis</strong></span> <span class='ocrx_word' id='word_1_165' title='bbox 1597 2559 1858 2631; x_wconf 72' lang='lat' dir='ltr'><strong>angularia</strong></span> 
     </span>
    </p>
   </div>
   <div class='ocr_carea' id='block_1_25' title="bbox 289 2649 1852 2721">
    <p class='ocr_par' dir='ltr' id='par_1_25' title="bbox 289 2649 1852 2721">
     <span class='ocr_line' id='line_1_25' title="bbox 289 2649 1852 2721; baseline 0 -19"><span class='ocrx_word' id='word_1_166' title='bbox 289 2652 437 2721; x_wconf 75' lang='lat' dir='ltr'><strong>lupis.</strong></span> <span class='ocrx_word' id='word_1_167' title='bbox 488 2649 740 2719; x_wconf 85' lang='lat' dir='ltr'><strong>Utrisque</strong></span> <span class='ocrx_word' id='word_1_168' title='bbox 787 2650 927 2704; x_wconf 88' lang='lat' dir='ltr'><strong>enim</strong></span> <span class='ocrx_word' id='word_1_169' title='bbox 958 2658 1112 2704; x_wconf 89' lang='lat' dir='ltr'><strong>natus</strong></span> <span class='ocrx_word' id='word_1_170' title='bbox 1156 2658 1238 2704; x_wconf 84' lang='lat' dir='ltr'><strong>est</strong></span> <span class='ocrx_word' id='word_1_171' title='bbox 1267 2649 1402 2719; x_wconf 83' lang='lat' dir='ltr'><strong>lapis</strong></span> <span class='ocrx_word' id='word_1_172' title='bbox 1438 2650 1745 2719; x_wconf 82' lang='lat' dir='ltr'><strong>angnlaris;</strong></span> <span class='ocrx_word' id='word_1_173' title='bbox 1779 2659 1852 2713; x_wconf 83' lang='lat' dir='ltr'><strong>ut,</strong></span> 
     </span>
    </p>
   </div>
   <div class='ocr_carea' id='block_1_26' title="bbox 288 2737 1858 2808">
    <p class='ocr_par' dir='ltr' id='par_1_26' title="bbox 288 2737 1858 2808">
     <span class='ocr_line' id='line_1_26' title="bbox 288 2737 1858 2808; baseline 0.001 -17"><span class='ocrx_word' id='word_1_174' title='bbox 288 2737 729 2808; x_wconf 76' lang='lat' dir='ltr'><strong>quemadmodum</strong></span> <span class='ocrx_word' id='word_1_175' title='bbox 751 2739 880 2794; x_wconf 84' lang='lat' dir='ltr'><strong>dicit</strong></span> <span class='ocrx_word' id='word_1_176' title='bbox 906 2739 1210 2807; x_wconf 81' lang='lat' dir='ltr'><strong>Apostolus,</strong></span> <span class='ocrx_word' id='word_1_177' title='bbox 1233 2739 1358 2792; x_wconf 83' lang='lat' dir='ltr'><strong>duos</strong></span> <span class='ocrx_word' id='word_1_178' title='bbox 1379 2738 1611 2794; x_wconf 80' lang='lat' dir='ltr'><strong>conderet</strong></span> <span class='ocrx_word' id='word_1_179' title='bbox 1636 2739 1686 2792; x_wconf 86' lang='lat' dir='ltr'><strong>in</strong></span> <span class='ocrx_word' id='word_1_180' title='bbox 1708 2757 1778 2802; x_wconf 85' lang='lat' dir='ltr'><strong>se,</strong></span> <span class='ocrx_word' id='word_1_181' title='bbox 1806 2741 1858 2792; x_wconf 86' lang='lat' dir='ltr'><strong>in</strong></span> 
     </span>
    </p>
   </div>
   <div class='ocr_carea' id='block_1_27' title="bbox 292 2831 1860 2901">
    <p class='ocr_par' dir='ltr' id='par_1_27' title="bbox 292 2831 1860 2901">
     <span class='ocr_line' id='line_1_27' title="bbox 292 2831 1860 2901; baseline 0 -19"><span class='ocrx_word' id='word_1_182' title='bbox 292 2848 443 2884; x_wconf 82' lang='lat' dir='ltr'><strong>unum</strong></span> <span class='ocrx_word' id='word_1_183' title='bbox 471 2847 650 2884; x_wconf 79' lang='lat' dir='ltr'><strong>novum</strong></span> <span class='ocrx_word' id='word_1_184' title='bbox 687 2831 956 2894; x_wconf 79' lang='lat' dir='ltr'><strong>hominem,</strong></span> <span class='ocrx_word' id='word_1_185' title='bbox 991 2831 1183 2901; x_wconf 80' lang='lat' dir='ltr'><strong>faciens</strong></span> <span class='ocrx_word' id='word_1_186' title='bbox 1209 2846 1403 2899; x_wconf 81' lang='lat' dir='ltr'><strong>pacem,</strong></span> <span class='ocrx_word' id='word_1_187' title='bbox 1447 2840 1494 2884; x_wconf 85' lang='lat' dir='ltr'><strong>et</strong></span> <span class='ocrx_word' id='word_1_188' title='bbox 1531 2839 1860 2885; x_wconf 68' lang='lat' dir='ltr'><strong>commutare!</strong></span> 
     </span>
    </p>
   </div>
   <div class='ocr_carea' id='block_1_28' title="bbox 293 2921 1863 2993">
    <p class='ocr_par' dir='ltr' id='par_1_28' title="bbox 293 2921 1863 2993">
     <span class='ocr_line' id='line_1_28' title="bbox 293 2921 1863 2993; baseline 0.002 -20"><span class='ocrx_word' id='word_1_189' title='bbox 293 2934 524 2993; x_wconf 76' lang='lat' dir='ltr'><strong>utrasque</strong></span> <span class='ocrx_word' id='word_1_190' title='bbox 547 2925 600 2976; x_wconf 88' lang='lat' dir='ltr'><strong>in</strong></span> <span class='ocrx_word' id='word_1_191' title='bbox 629 2940 727 2976; x_wconf 88' lang='lat' dir='ltr'><strong>uno</strong></span> <span class='ocrx_word' id='word_1_192' title='bbox 749 2939 957 2992; x_wconf 86' lang='lat' dir='ltr'><strong>corpore</strong></span> <span class='ocrx_word' id='word_1_193' title='bbox 982 2921 1084 2976; x_wconf 90' lang='lat' dir='ltr'><strong>Deo</strong></span> <span class='ocrx_word' id='word_1_194' title='bbox 1106 2939 1194 2992; x_wconf 78' lang='lat' dir='ltr'><strong>per</strong></span> <span class='ocrx_word' id='word_1_195' title='bbox 1211 2937 1426 2976; x_wconf 81' lang='lat' dir='ltr'><strong>crucem.</strong></span> <span class='ocrx_word' id='word_1_196' title='bbox 1451 2922 1585 2988; x_wconf 83' lang='lat' dir='ltr'><strong>Quid</strong></span> <span class='ocrx_word' id='word_1_197' title='bbox 1615 2921 1755 2977; x_wconf 90' lang='lat' dir='ltr'><strong>enim</strong></span> <span class='ocrx_word' id='word_1_198' title='bbox 1781 2932 1863 2976; x_wconf 80' lang='lat' dir='ltr'><strong>est</strong></span> 
     </span>
    </p>
   </div>
   <div class='ocr_carea' id='block_1_29' title="bbox 287 3014 1864 3086">
    <p class='ocr_par' dir='ltr' id='par_1_29' title="bbox 287 3014 1864 3086">
     <span class='ocr_line' id='line_1_29' title="bbox 287 3014 1864 3086; baseline 0.002 -20"><span class='ocrx_word' id='word_1_199' title='bbox 287 3016 532 3084; x_wconf 78' lang='lat' dir='ltr'><strong>angulus,</strong></span> <span class='ocrx_word' id='word_1_200' title='bbox 565 3015 661 3068; x_wconf 74' lang='lat' dir='ltr'><strong>nisi</strong></span> <span class='ocrx_word' id='word_1_201' title='bbox 692 3015 995 3083; x_wconf 86' lang='lat' dir='ltr'><strong>conjunctio</strong></span> <span class='ocrx_word' id='word_1_202' title='bbox 1025 3014 1245 3068; x_wconf 88' lang='lat' dir='ltr'><strong>duorum</strong></span> <span class='ocrx_word' id='word_1_203' title='bbox 1271 3016 1552 3085; x_wconf 88' lang='lat' dir='ltr'><strong>parietum,</strong></span> <span class='ocrx_word' id='word_1_204' title='bbox 1573 3015 1662 3086; x_wconf 87' lang='lat' dir='ltr'><strong>qui</strong></span> <span class='ocrx_word' id='word_1_205' title='bbox 1687 3031 1750 3071; x_wconf 76' lang='lat' dir='ltr'><strong>ex</strong></span> <span class='ocrx_word' id='word_1_206' title='bbox 1781 3017 1864 3069; x_wconf 83' lang='lat' dir='ltr'><strong>di-</strong></span> 
     </span>
    </p>
   </div>
   <div class='ocr_carea' id='block_1_30' title="bbox 293 3105 1864 3176">
    <p class='ocr_par' dir='ltr' id='par_1_30' title="bbox 293 3105 1864 3176">
     <span class='ocr_line' id='line_1_30' title="bbox 293 3105 1864 3176; baseline 0.003 -19"><span class='ocrx_word' id='word_1_207' title='bbox 293 3122 444 3160; x_wconf 83' lang='lat' dir='ltr'><strong>verso</strong></span> <span class='ocrx_word' id='word_1_208' title='bbox 471 3105 705 3170; x_wconf 88' lang='lat' dir='ltr'><strong>veniunt,</strong></span> <span class='ocrx_word' id='word_1_209' title='bbox 735 3116 788 3160; x_wconf 89' lang='lat' dir='ltr'><strong>et</strong></span> <span class='ocrx_word' id='word_1_210' title='bbox 811 3107 913 3160; x_wconf 92' lang='lat' dir='ltr'><strong>illic</strong></span> <span class='ocrx_word' id='word_1_211' title='bbox 953 3105 1181 3176; x_wconf 88' lang='lat' dir='ltr'><strong>quodam</strong></span> <span class='ocrx_word' id='word_1_212' title='bbox 1231 3106 1388 3160; x_wconf 90' lang='lat' dir='ltr'><strong>modo</strong></span> <span class='ocrx_word' id='word_1_213' title='bbox 1426 3107 1666 3161; x_wconf 87' lang='lat' dir='ltr'><strong>osculum</strong></span> <span class='ocrx_word' id='word_1_214' title='bbox 1722 3107 1864 3176; x_wconf 82' lang='lat' dir='ltr'><strong>pacis</strong></span> 
     </span>
    </p>
   </div>
   <div class='ocr_carea' id='block_1_31' title="bbox 294 3196 1862 3267">
    <p class='ocr_par' dir='ltr' id='par_1_31' title="bbox 294 3196 1862 3267">
     <span class='ocr_line' id='line_1_31' title="bbox 294 3196 1862 3267; baseline 0.003 -19"><span class='ocrx_word' id='word_1_215' title='bbox 294 3197 605 3251; x_wconf 84' lang='lat' dir='ltr'><strong>inveniunt?</strong></span> <span class='ocrx_word' id='word_1_216' title='bbox 647 3197 857 3252; x_wconf 86' lang='lat' dir='ltr'><strong>Inimica</strong></span> <span class='ocrx_word' id='word_1_217' title='bbox 902 3198 1095 3267; x_wconf 82' lang='lat' dir='ltr'><strong>quippe</strong></span> <span class='ocrx_word' id='word_1_218' title='bbox 1125 3198 1264 3250; x_wconf 91' lang='lat' dir='ltr'><strong>inter</strong></span> <span class='ocrx_word' id='word_1_219' title='bbox 1307 3213 1365 3251; x_wconf 86' lang='lat' dir='ltr'><strong>se</strong></span> <span class='ocrx_word' id='word_1_220' title='bbox 1394 3196 1606 3252; x_wconf 89' lang='lat' dir='ltr'><strong>fuerunt</strong></span> <span class='ocrx_word' id='word_1_221' title='bbox 1632 3200 1862 3253; x_wconf 87' lang='lat' dir='ltr'><strong>circum-</strong></span> 
     </span>
    </p>
   </div>
   <div class='ocr_carea' id='block_1_32' title="bbox 293 3286 1867 3358">
    <p class='ocr_par' dir='ltr' id='par_1_32' title="bbox 293 3286 1867 3358">
     <span class='ocr_line' id='line_1_32' title="bbox 293 3286 1867 3358; baseline 0.003 -22"><span class='ocrx_word' id='word_1_222' title='bbox 293 3287 423 3340; x_wconf 67' lang='lat' dir='ltr'><strong>cisio</strong></span> <span class='ocrx_word' id='word_1_223' title='bbox 444 3296 495 3340; x_wconf 84' lang='lat' dir='ltr'><strong>et</strong></span> <span class='ocrx_word' id='word_1_224' title='bbox 520 3287 853 3355; x_wconf 67' lang='lat' dir='ltr'><strong>prmputium,</strong></span> <span class='ocrx_word' id='word_1_225' title='bbox 889 3287 987 3341; x_wconf 87' lang='lat' dir='ltr'><strong>hoc</strong></span> <span class='ocrx_word' id='word_1_226' title='bbox 1016 3296 1097 3340; x_wconf 79' lang='lat' dir='ltr'><strong>est</strong></span> <span class='ocrx_word' id='word_1_227' title='bbox 1124 3286 1289 3342; x_wconf 63' lang='lat' dir='ltr'><strong>Judaei</strong></span> <span class='ocrx_word' id='word_1_228' title='bbox 1321 3296 1372 3342; x_wconf 87' lang='lat' dir='ltr'><strong>ct</strong></span> <span class='ocrx_word' id='word_1_229' title='bbox 1399 3286 1615 3352; x_wconf 80' lang='lat' dir='ltr'><strong>Gentes,</strong></span> <span class='ocrx_word' id='word_1_230' title='bbox 1649 3301 1867 3358; x_wconf 75' lang='lat' dir='ltr'><strong>propter</strong></span> 
     </span>
    </p>
   </div>
   <div class='ocr_carea' id='block_1_33' title="bbox 293 3377 1866 3446">
    <p class='ocr_par' dir='ltr' id='par_1_33' title="bbox 293 3377 1866 3446">
     <span class='ocr_line' id='line_1_33' title="bbox 293 3377 1866 3446; baseline 0.003 -18"><span class='ocrx_word' id='word_1_231' title='bbox 293 3377 396 3430; x_wconf 89' lang='lat' dir='ltr'><strong>duo</strong></span> <span class='ocrx_word' id='word_1_232' title='bbox 421 3379 559 3431; x_wconf 88' lang='lat' dir='ltr'><strong>inter</strong></span> <span class='ocrx_word' id='word_1_233' title='bbox 587 3394 645 3431; x_wconf 88' lang='lat' dir='ltr'><strong>se</strong></span> <span class='ocrx_word' id='word_1_234' title='bbox 673 3377 878 3432; x_wconf 79' lang='lat' dir='ltr'><strong>diversa</strong></span> <span class='ocrx_word' id='word_1_235' title='bbox 906 3387 1061 3446; x_wconf 88' lang='lat' dir='ltr'><strong>atque</strong></span> <span class='ocrx_word' id='word_1_236' title='bbox 1095 3379 1379 3444; x_wconf 85' lang='lat' dir='ltr'><strong>contraria,</strong></span> <span class='ocrx_word' id='word_1_237' title='bbox 1418 3379 1538 3434; x_wconf 80' lang='lat' dir='ltr'><strong>inde</strong></span> <span class='ocrx_word' id='word_1_238' title='bbox 1569 3381 1678 3434; x_wconf 90' lang='lat' dir='ltr'><strong>veri</strong></span> <span class='ocrx_word' id='word_1_239' title='bbox 1714 3382 1866 3433; x_wconf 86' lang='lat' dir='ltr'><strong>unius</strong></span> 
     </span>
    </p>
   </div>
   <div class='ocr_carea' id='block_1_34' title="bbox 301 3459 1864 3538">
    <p class='ocr_par' dir='ltr' id='par_1_34' title="bbox 301 3459 1864 3538">
     <span class='ocr_line' id='line_1_34' title="bbox 301 3459 1864 3538; baseline 0.002 -19"><span class='ocrx_word' id='word_1_240' title='bbox 301 3459 388 3520; x_wconf 82' lang='lat' dir='ltr'><strong>Dei</strong></span> <span class='ocrx_word' id='word_1_241' title='bbox 417 3468 640 3532; x_wconf 89' lang='lat' dir='ltr'><strong>cultum,</strong></span> <span class='ocrx_word' id='word_1_242' title='bbox 697 3468 819 3520; x_wconf 90' lang='lat' dir='ltr'><strong>hinc</strong></span> <span class='ocrx_word' id='word_1_243' title='bbox 867 3467 1151 3521; x_wconf 88' lang='lat' dir='ltr'><strong>nmltorum</strong></span> <span class='ocrx_word' id='word_1_244' title='bbox 1193 3477 1352 3538; x_wconf 88' lang='lat' dir='ltr'><strong>atque</strong></span> <span class='ocrx_word' id='word_1_245' title='bbox 1399 3468 1676 3523; x_wconf 82' lang='lat' dir='ltr'><strong>falsorum.</strong></span> <span class='ocrx_word' id='word_1_246' title='bbox 1731 3470 1864 3526; x_wconf 83' lang='lat' dir='ltr'><strong>Cum</strong></span> 
     </span>
    </p>
   </div>
   <div class='ocr_carea' id='block_1_35' title="bbox 300 3559 1868 3632">
    <p class='ocr_par' dir='ltr' id='par_1_35' title="bbox 300 3559 1868 3632">
     <span class='ocr_line' id='line_1_35' title="bbox 300 3559 1868 3632; baseline 0.006 -24"><span class='ocrx_word' id='word_1_247' title='bbox 300 3559 474 3628; x_wconf 85' lang='lat' dir='ltr'><strong>itaque</strong></span> <span class='ocrx_word' id='word_1_248' title='bbox 507 3559 576 3610; x_wconf 90' lang='lat' dir='ltr'><strong>illi</strong></span> <span class='ocrx_word' id='word_1_249' title='bbox 608 3569 786 3613; x_wconf 85' lang='lat' dir='ltr'><strong>essent</strong></span> <span class='ocrx_word' id='word_1_250' title='bbox 829 3575 1012 3629; x_wconf 82' lang='lat' dir='ltr'><strong>prope,</strong></span> <span class='ocrx_word' id='word_1_251' title='bbox 1048 3560 1129 3613; x_wconf 81' lang='lat' dir='ltr'><strong>isti</strong></span> <span class='ocrx_word' id='word_1_252' title='bbox 1162 3569 1337 3615; x_wconf 88' lang='lat' dir='ltr'><strong>autem</strong></span> <span class='ocrx_word' id='word_1_253' title='bbox 1391 3561 1565 3632; x_wconf 85' lang='lat' dir='ltr'><strong>longe,</strong></span> <span class='ocrx_word' id='word_1_254' title='bbox 1615 3573 1868 3632; x_wconf 86' lang='lat' dir='ltr'><strong>utrosque</strong></span> 
     </span>
    </p>
   </div>
   <div class='ocr_carea' id='block_1_36' title="bbox 297 3645 1866 3720">
    <p class='ocr_par' dir='ltr' id='par_1_36' title="bbox 297 3645 1866 3720">
     <span class='ocr_line' id='line_1_36' title="bbox 297 3645 1866 3720; baseline 0.005 -21"><span class='ocrx_word' id='word_1_255' title='bbox 297 3645 512 3700; x_wconf 65' lang='lat' dir='ltr'><strong>adduxit</strong></span> <span class='ocrx_word' id='word_1_256' title='bbox 535 3647 598 3702; x_wconf 87' lang='lat' dir='ltr'><strong>nd</strong></span> <span class='ocrx_word' id='word_1_257' title='bbox 621 3663 697 3711; x_wconf 88' lang='lat' dir='ltr'><strong>se,</strong></span> <span class='ocrx_word' id='word_1_258' title='bbox 727 3649 814 3718; x_wconf 90' lang='lat' dir='ltr'><strong>qui</strong></span> <span class='ocrx_word' id='word_1_259' title='bbox 846 3667 862 3698; x_wconf 71' lang='grc' dir='ltr'>ς</span> <span class='ocrx_word' id='word_1_260' title='bbox 896 3650 1235 3704; x_wconf 88' lang='lat' dir='ltr'><strong>commutavit</strong></span> <span class='ocrx_word' id='word_1_261' title='bbox 1260 3659 1509 3720; x_wconf 87' lang='lat' dir='ltr'><strong>utrosque</strong></span> <span class='ocrx_word' id='word_1_262' title='bbox 1533 3651 1582 3704; x_wconf 93' lang='lat' dir='ltr'><strong>in</strong></span> <span class='ocrx_word' id='word_1_263' title='bbox 1615 3668 1719 3704; x_wconf 91' lang='lat' dir='ltr'><strong>uno</strong></span> <span class='ocrx_word' id='word_1_264' title='bbox 1742 3667 1866 3706; x_wconf 85' lang='lat' dir='ltr'><strong>cor-</strong></span> 
     </span>
    </p>
   </div>
   <div class='ocr_carea' id='block_1_37' title="bbox 301 3739 1862 3810">
    <p class='ocr_par' dir='ltr' id='par_1_37' title="bbox 301 3739 1862 3810">
     <span class='ocr_line' id='line_1_37' title="bbox 301 3739 1862 3810; baseline 0.003 -19"><span class='ocrx_word' id='word_1_265' title='bbox 301 3750 426 3806; x_wconf 82' lang='lat' dir='ltr'><strong>pore</strong></span> <span class='ocrx_word' id='word_1_266' title='bbox 454 3739 580 3801; x_wconf 84' lang='lat' dir='ltr'><strong>Deo,</strong></span> <span class='ocrx_word' id='word_1_267' title='bbox 615 3759 630 3790; x_wconf 73' lang='lat' dir='ltr'><strong>i</strong></span> <span class='ocrx_word' id='word_1_268' title='bbox 667 3739 802 3793; x_wconf 88' lang='lat' dir='ltr'><strong>sicut</strong></span> <span class='ocrx_word' id='word_1_269' title='bbox 842 3739 984 3794; x_wconf 81' lang='lat' dir='ltr'><strong>idem</strong></span> <span class='ocrx_word' id='word_1_270' title='bbox 1030 3741 1300 3809; x_wconf 88' lang='lat' dir='ltr'><strong>apostolus</strong></span> <span class='ocrx_word' id='word_1_271' title='bbox 1347 3752 1740 3810; x_wconf 59' lang='lat' dir='ltr'><strong>consequenter</strong></span> <span class='ocrx_word' id='word_1_272' title='bbox 1768 3743 1862 3795; x_wconf 89' lang='lat' dir='ltr'><strong>ad-</strong></span> 
     </span>
    </p>
   </div>
   <div class='ocr_carea' id='block_1_38' title="bbox 293 3831 1871 3899">
    <p class='ocr_par' dir='ltr' id='par_1_38' title="bbox 293 3831 1871 3899">
     <span class='ocr_line' id='line_1_38' title="bbox 293 3831 1871 3899; baseline 0.004 -18"><span class='ocrx_word' id='word_1_273' title='bbox 293 3831 484 3898; x_wconf 80' lang='lat' dir='ltr'><strong>jungEt,</strong></span> <span class='ocrx_word' id='word_1_274' title='bbox 523 3849 540 3880; x_wconf 74' lang='grc' dir='ltr'>ι</span> <span class='ocrx_word' id='word_1_275' title='bbox 574 3844 666 3899; x_wconf 88' lang='lat' dir='ltr'><strong>per</strong></span> <span class='ocrx_word' id='word_1_276' title='bbox 690 3845 900 3884; x_wconf 90' lang='lat' dir='ltr'><strong>crucem</strong></span> <span class='ocrx_word' id='word_1_277' title='bbox 927 3831 1247 3884; x_wconf 82' lang='lat' dir='ltr'><strong>interficiens</strong></span> <span class='ocrx_word' id='word_1_278' title='bbox 1276 3831 1575 3886; x_wconf 84' lang='lat' dir='ltr'><strong>inimicitias</strong></span> <span class='ocrx_word' id='word_1_279' title='bbox 1604 3832 1653 3884; x_wconf 92' lang='lat' dir='ltr'><strong>in</strong></span> <span class='ocrx_word' id='word_1_280' title='bbox 1676 3843 1871 3887; x_wconf 82' lang='lat' dir='ltr'><strong>semct-</strong></span> 
     </span>
    </p>
   </div>
   <div class='ocr_carea' id='block_1_39' title="bbox 300 3921 1867 3994">
    <p class='ocr_par' dir='ltr' id='par_1_39' title="bbox 300 3921 1867 3994">
     <span class='ocr_line' id='line_1_39' title="bbox 300 3921 1867 3994; baseline 0.002 -22"><span class='ocrx_word' id='word_1_281' title='bbox 300 3923 433 3988; x_wconf 79' lang='lat' dir='ltr'><strong>ipso.</strong></span> <span class='ocrx_word' id='word_1_282' title='bbox 466 3921 528 3975; x_wconf 84' lang='lat' dir='ltr'><strong>Et</strong></span> <span class='ocrx_word' id='word_1_283' title='bbox 559 3939 577 3973; x_wconf 72' lang='grc' dir='ltr'><strong>ε</strong></span> <span class='ocrx_word' id='word_1_284' title='bbox 612 3922 826 3974; x_wconf 76' lang='lat' dir='ltr'><strong>veniens</strong></span> <span class='ocrx_word' id='word_1_285' title='bbox 857 3921 1232 3990; x_wconf 85' lang='lat' dir='ltr'><strong>evangelizavit</strong></span> <span class='ocrx_word' id='word_1_286' title='bbox 1263 3936 1442 3990; x_wconf 75' lang='lat' dir='ltr'><strong>pacem</strong></span> <span class='ocrx_word' id='word_1_287' title='bbox 1485 3924 1655 3986; x_wconf 86' lang='lat' dir='ltr'><strong>vobis,</strong></span> <span class='ocrx_word' id='word_1_288' title='bbox 1689 3925 1867 3994; x_wconf 80' lang='lat' dir='ltr'><strong>inquit,</strong></span> 
     </span>
    </p>
   </div>
   <div class='ocr_carea' id='block_1_40' title="bbox 298 4012 1873 4083">
    <p class='ocr_par' dir='ltr' id='par_1_40' title="bbox 298 4012 1873 4083">
     <span class='ocr_line' id='line_1_40' title="bbox 298 4012 1873 4083; baseline 0.003 -20"><span class='ocrx_word' id='word_1_289' title='bbox 298 4013 386 4075; x_wconf 72' lang='lat' dir='ltr'><strong>qui</strong></span> <span class='ocrx_word' id='word_1_290' title='bbox 435 4012 594 4064; x_wconf 86' lang='lat' dir='ltr'><strong>cratis</strong></span> <span class='ocrx_word' id='word_1_291' title='bbox 637 4013 812 4081; x_wconf 71' lang='lat' dir='ltr'><strong>loog~,</strong></span> <span class='ocrx_word' id='word_1_292' title='bbox 853 4020 906 4065; x_wconf 85' lang='lat' dir='ltr'><strong>et</strong></span> <span class='ocrx_word' id='word_1_293' title='bbox 933 4026 1114 4082; x_wconf 89' lang='lat' dir='ltr'><strong>pacem</strong></span> <span class='ocrx_word' id='word_1_294' title='bbox 1143 4012 1207 4065; x_wconf 89' lang='lat' dir='ltr'><strong>iis</strong></span> <span class='ocrx_word' id='word_1_295' title='bbox 1235 4012 1323 4080; x_wconf 91' lang='lat' dir='ltr'><strong>qui</strong></span> <span class='ocrx_word' id='word_1_296' title='bbox 1373 4028 1570 4082; x_wconf 84' lang='lat' dir='ltr'><strong>prope;</strong></span> <span class='ocrx_word' id='word_1_297' title='bbox 1614 4013 1736 4083; x_wconf 90' lang='lat' dir='ltr'><strong>quia</strong></span> <span class='ocrx_word' id='word_1_298' title='bbox 1779 4031 1873 4083; x_wconf 85' lang='lat' dir='ltr'><strong>per</strong></span> 
     </span>
    </p>
   </div>
   <div class='ocr_carea' id='block_1_41' title="bbox 300 4101 1871 4172">
    <p class='ocr_par' dir='ltr' id='par_1_41' title="bbox 300 4101 1871 4172">
     <span class='ocr_line' id='line_1_41' title="bbox 300 4101 1871 4172; baseline 0.003 -19"><span class='ocrx_word' id='word_1_299' title='bbox 300 4103 471 4170; x_wconf 79' lang='lat' dir='ltr'><strong>ipsum</strong></span> <span class='ocrx_word' id='word_1_300' title='bbox 521 4101 774 4154; x_wconf 81' lang='lat' dir='ltr'><strong>habemus</strong></span> <span class='ocrx_word' id='word_1_301' title='bbox 821 4116 1092 4155; x_wconf 82' lang='lat' dir='ltr'><strong>accessum</strong></span> <span class='ocrx_word' id='word_1_302' title='bbox 1124 4103 1280 4155; x_wconf 90' lang='lat' dir='ltr'><strong>ambo</strong></span> <span class='ocrx_word' id='word_1_303' title='bbox 1323 4103 1372 4156; x_wconf 87' lang='lat' dir='ltr'><strong>in</strong></span> <span class='ocrx_word' id='word_1_304' title='bbox 1422 4119 1526 4157; x_wconf 91' lang='lat' dir='ltr'><strong>uno</strong></span> <span class='ocrx_word' id='word_1_305' title='bbox 1571 4106 1758 4172; x_wconf 83' lang='lat' dir='ltr'><strong>Spiritu</strong></span> <span class='ocrx_word' id='word_1_306' title='bbox 1805 4105 1871 4158; x_wconf 89' lang='lat' dir='ltr'><strong>ad</strong></span> 
     </span>
    </p>
   </div>
   <div class='ocr_carea' id='block_1_42' title="bbox 300 4191 1874 4263">
    <p class='ocr_par' dir='ltr' id='par_1_42' title="bbox 300 4191 1874 4263">
     <span class='ocr_line' id='line_1_42' title="bbox 300 4191 1874 4263; baseline 0.003 -16"><span class='ocrx_word' id='word_1_307' title='bbox 300 4195 511 4247; x_wconf 86' lang='lat' dir='ltr'><strong>l‘atrcm</strong></span> <span class='ocrx_word' id='word_1_308' title='bbox 548 4212 564 4244; x_wconf 75' lang='grc' dir='ltr'><strong>ι</strong></span> <span class='ocrx_word' id='word_1_309' title='bbox 611 4191 836 4262; x_wconf 78' lang='lat' dir='ltr'><strong>(Epltes.</strong></span> <span class='ocrx_word' id='word_1_310' title='bbox 871 4207 926 4257; x_wconf 90' lang='lat' dir='ltr'><strong>u,</strong></span> <span class='ocrx_word' id='word_1_311' title='bbox 960 4191 1176 4263; x_wconf 57' lang='lat'><strong>“3-2).</strong></span> <span class='ocrx_word' id='word_1_312' title='bbox 1217 4193 1399 4249; x_wconf 69' lang='lat' dir='ltr'><strong>Videte</strong></span> <span class='ocrx_word' id='word_1_313' title='bbox 1427 4195 1468 4247; x_wconf 89' lang='lat' dir='ltr'><strong>si</strong></span> <span class='ocrx_word' id='word_1_314' title='bbox 1514 4212 1615 4248; x_wconf 92' lang='lat' dir='ltr'><strong>nou</strong></span> <span class='ocrx_word' id='word_1_315' title='bbox 1659 4208 1707 4250; x_wconf 89' lang='lat' dir='ltr'><strong>et</strong></span> <span class='ocrx_word' id='word_1_316' title='bbox 1739 4197 1874 4252; x_wconf 89' lang='lat' dir='ltr'><strong>duos</strong></span> 
     </span>
    </p>
   </div>
   <div class='ocr_carea' id='block_1_43' title="bbox 302 4275 1876 4354">
    <p class='ocr_par' dir='ltr' id='par_1_43' title="bbox 302 4275 1876 4354">
     <span class='ocr_line' id='line_1_43' title="bbox 302 4275 1876 4354; baseline 0.003 -15"><span class='ocrx_word' id='word_1_317' title='bbox 302 4288 531 4354; x_wconf 87' lang='lat' dir='ltr'><strong>parietes</strong></span> <span class='ocrx_word' id='word_1_318' title='bbox 551 4302 613 4340; x_wconf 81' lang='lat' dir='ltr'><strong>cx</strong></span> <span class='ocrx_word' id='word_1_319' title='bbox 639 4285 1029 4339; x_wconf 88' lang='lat' dir='ltr'><strong>inimicitiarum</strong></span> <span class='ocrx_word' id='word_1_320' title='bbox 1059 4275 1362 4341; x_wconf 70' lang='lat' dir='ltr'><strong>diichitate</strong></span> <span class='ocrx_word' id='word_1_321' title='bbox 1385 4289 1678 4350; x_wconf 71' lang='lat' dir='ltr'><strong>venientes,</strong></span> <span class='ocrx_word' id='word_1_322' title='bbox 1705 4301 1755 4342; x_wconf 85' lang='lat' dir='ltr'><strong>et</strong></span> <span class='ocrx_word' id='word_1_323' title='bbox 1782 4307 1876 4342; x_wconf 83' lang='lat' dir='ltr'><strong>an-</strong></span> 
     </span>
    </p>
   </div>
   <div class='ocr_carea' id='block_1_44' title="bbox 295 4375 1872 4445">
    <p class='ocr_par' dir='ltr' id='par_1_44' title="bbox 295 4375 1872 4445">
     <span class='ocr_line' id='line_1_44' title="bbox 295 4375 1872 4445; baseline 0.004 -18"><span class='ocrx_word' id='word_1_324' title='bbox 295 4377 536 4445; x_wconf 75' lang='lat' dir='ltr'><strong>gularetn</strong></span> <span class='ocrx_word' id='word_1_325' title='bbox 587 4376 811 4444; x_wconf 83' lang='lat' dir='ltr'><strong>lapidem</strong></span> <span class='ocrx_word' id='word_1_326' title='bbox 863 4375 1245 4430; x_wconf 75' lang='lat' dir='ltr'><strong>demonstravit</strong></span> <span class='ocrx_word' id='word_1_327' title='bbox 1313 4377 1591 4432; x_wconf 85' lang='lat' dir='ltr'><strong>Dominum</strong></span> <span class='ocrx_word' id='word_1_328' title='bbox 1647 4379 1826 4433; x_wconf 78' lang='lat' dir='ltr'><strong>Jcsum</strong></span> <span class='ocrx_word' id='word_1_329' title='bbox 1857 4422 1872 4443; x_wconf 94' lang='lat'><strong>,</strong></span> 
     </span>
    </p>
   </div>
   <div class='ocr_carea' id='block_1_45' title="bbox 296 4449 1876 4542">
    <p class='ocr_par' dir='ltr' id='par_1_45' title="bbox 296 4449 1876 4542">
     <span class='ocr_line' id='line_1_45' title="bbox 296 4449 1876 4542; baseline 0.004 -21"><span class='ocrx_word' id='word_1_330' title='bbox 296 4469 368 4522; x_wconf 88' lang='lat' dir='ltr'><strong>ad</strong></span> <span class='ocrx_word' id='word_1_331' title='bbox 421 4483 574 4538; x_wconf 80' lang='lat' dir='ltr'><strong>quem</strong></span> <span class='ocrx_word' id='word_1_332' title='bbox 624 4468 688 4522; x_wconf 91' lang='lat' dir='ltr'><strong>de</strong></span> <span class='ocrx_word' id='word_1_333' title='bbox 737 4467 948 4522; x_wconf 83' lang='lat' dir='ltr'><strong>diverso</strong></span> <span class='ocrx_word' id='word_1_334' title='bbox 1001 4468 1208 4539; x_wconf 85' lang='lat' dir='ltr'><strong>utrique</strong></span> <span class='ocrx_word' id='word_1_335' title='bbox 1252 4479 1613 4535; x_wconf 82' lang='lat' dir='ltr'><strong>accesserunt,</strong></span> <span class='ocrx_word' id='word_1_336' title='bbox 1671 4473 1720 4524; x_wconf 92' lang='lat' dir='ltr'><strong>in</strong></span> <span class='ocrx_word' id='word_1_337' title='bbox 1771 4449 1876 4542; x_wconf 79' lang='lat' dir='ltr'><strong>quo</strong></span> 
     </span>
    </p>
   </div>
   <div class='ocr_carea' id='block_1_46' title="bbox 298 4558 1877 4634">
    <p class='ocr_par' dir='ltr' id='par_1_46' title="bbox 298 4558 1877 4634">
     <span class='ocr_line' id='line_1_46' title="bbox 298 4558 1877 4634; baseline 0.004 -24"><span class='ocrx_word' id='word_1_338' title='bbox 298 4560 513 4628; x_wconf 71' lang='lat' dir='ltr'><strong>utrique</strong></span> <span class='ocrx_word' id='word_1_339' title='bbox 551 4558 1036 4620; x_wconf 81' lang='lat' dir='ltr'><strong>concordareruut,</strong></span> <span class='ocrx_word' id='word_1_340' title='bbox 1075 4559 1174 4613; x_wconf 92' lang='lat' dir='ltr'><strong>hoc</strong></span> <span class='ocrx_word' id='word_1_341' title='bbox 1203 4569 1304 4627; x_wconf 89' lang='lat' dir='ltr'><strong>est,</strong></span> <span class='ocrx_word' id='word_1_342' title='bbox 1336 4571 1388 4615; x_wconf 88' lang='lat' dir='ltr'><strong>et</strong></span> <span class='ocrx_word' id='word_1_343' title='bbox 1425 4563 1514 4634; x_wconf 90' lang='lat' dir='ltr'><strong>qni</strong></span> <span class='ocrx_word' id='word_1_344' title='bbox 1566 4579 1630 4616; x_wconf 80' lang='lat' dir='ltr'><strong>ex</strong></span> <span class='ocrx_word' id='word_1_345' title='bbox 1679 4562 1877 4616; x_wconf 85' lang='lat' dir='ltr'><strong>Juda-is</strong></span> 
     </span>
    </p>
   </div>
   <div class='ocr_carea' id='block_1_47' title="bbox 298 4649 1876 4726">
    <p class='ocr_par' dir='ltr' id='par_1_47' title="bbox 298 4649 1876 4726">
     <span class='ocr_line' id='line_1_47' title="bbox 298 4649 1876 4726; baseline 0.004 -23"><span class='ocrx_word' id='word_1_346' title='bbox 298 4657 354 4703; x_wconf 85' lang='lat' dir='ltr'><strong>in</strong></span> <span class='ocrx_word' id='word_1_347' title='bbox 413 4667 529 4705; x_wconf 89' lang='lat' dir='ltr'><strong>eum</strong></span> <span class='ocrx_word' id='word_1_348' title='bbox 556 4692 570 4714; x_wconf 94' lang='lat'><strong>,</strong></span> <span class='ocrx_word' id='word_1_349' title='bbox 616 4661 668 4704; x_wconf 85' lang='lat' dir='ltr'><strong>et</strong></span> <span class='ocrx_word' id='word_1_350' title='bbox 717 4651 804 4720; x_wconf 91' lang='lat' dir='ltr'><strong>qui</strong></span> <span class='ocrx_word' id='word_1_351' title='bbox 841 4666 909 4704; x_wconf 75' lang='lat' dir='ltr'><strong>ex</strong></span> <span class='ocrx_word' id='word_1_352' title='bbox 934 4649 1192 4706; x_wconf 86' lang='lat' dir='ltr'><strong>Gentibus</strong></span> <span class='ocrx_word' id='word_1_353' title='bbox 1217 4653 1582 4722; x_wconf 86' lang='lat' dir='ltr'><strong>crediderunt;</strong></span> <span class='ocrx_word' id='word_1_354' title='bbox 1629 4665 1876 4726; x_wconf 83' lang='lat' dir='ltr'><strong>tanquam</strong></span> 
     </span>
    </p>
   </div>
   <div class='ocr_carea' id='block_1_48' title="bbox 295 4740 1879 4814">
    <p class='ocr_par' dir='ltr' id='par_1_48' title="bbox 295 4740 1879 4814">
     <span class='ocr_line' id='line_1_48' title="bbox 295 4740 1879 4814; baseline 0.008 -23"><span class='ocrx_word' id='word_1_355' title='bbox 295 4743 568 4796; x_wconf 68' lang='lat' dir='ltr'><strong>diceretur</strong></span> <span class='ocrx_word' id='word_1_356' title='bbox 614 4741 690 4796; x_wconf 87' lang='lat' dir='ltr'><strong>eis</strong></span> <span class='ocrx_word' id='word_1_357' title='bbox 733 4759 745 4794; x_wconf 77' lang='grc' dir='ltr'><strong>ε</strong></span> <span class='ocrx_word' id='word_1_358' title='bbox 804 4740 871 4796; x_wconf 83' lang='lat' dir='ltr'><strong>Et</strong></span> <span class='ocrx_word' id='word_1_359' title='bbox 911 4756 1002 4796; x_wconf 82' lang='lat' dir='ltr'><strong>vos</strong></span> <span class='ocrx_word' id='word_1_360' title='bbox 1075 4743 1139 4796; x_wconf 88' lang='lat' dir='ltr'><strong>dc</strong></span> <span class='ocrx_word' id='word_1_361' title='bbox 1196 4743 1505 4814; x_wconf 83' lang='lat' dir='ltr'><strong>propinquo,</strong></span> <span class='ocrx_word' id='word_1_362' title='bbox 1572 4756 1625 4800; x_wconf 87' lang='lat' dir='ltr'><strong>et</strong></span> <span class='ocrx_word' id='word_1_363' title='bbox 1673 4763 1765 4800; x_wconf 85' lang='lat' dir='ltr'><strong>vos</strong></span> <span class='ocrx_word' id='word_1_364' title='bbox 1813 4750 1879 4803; x_wconf 84' lang='lat' dir='ltr'><strong>tle</strong></span> 
     </span>
    </p>
   </div>
   <div class='ocr_carea' id='block_1_49' title="bbox 299 4833 1878 4903">
    <p class='ocr_par' dir='ltr' id='par_1_49' title="bbox 299 4833 1878 4903">
     <span class='ocr_line' id='line_1_49' title="bbox 299 4833 1878 4903; baseline 0.004 -18"><span class='ocrx_word' id='word_1_365' title='bbox 299 4833 629 4903; x_wconf 81' lang='lat' dir='ltr'><strong>longinquo,</strong></span> <span class='ocrx_word' id='word_1_366' title='bbox 665 4853 682 4884; x_wconf 74' lang='grc' dir='ltr'>ι</span> <span class='ocrx_word' id='word_1_367' title='bbox 719 4833 954 4887; x_wconf 88' lang='lat' dir='ltr'><strong>accedite</strong></span> <span class='ocrx_word' id='word_1_368' title='bbox 984 4833 1048 4887; x_wconf 91' lang='lat' dir='ltr'><strong>ad</strong></span> <span class='ocrx_word' id='word_1_369' title='bbox 1077 4849 1197 4889; x_wconf 87' lang='lat' dir='ltr'><strong>eum</strong></span> <span class='ocrx_word' id='word_1_370' title='bbox 1220 4876 1234 4899; x_wconf 97' lang='lat'><strong>,</strong></span> <span class='ocrx_word' id='word_1_371' title='bbox 1290 4846 1343 4889; x_wconf 91' lang='lat' dir='ltr'><strong>ct</strong></span> <span class='ocrx_word' id='word_1_372' title='bbox 1393 4836 1779 4900; x_wconf 83' lang='lat' dir='ltr'><strong>ilbtmiuamiui,</strong></span> <span class='ocrx_word' id='word_1_373' title='bbox 1826 4849 1878 4892; x_wconf 90' lang='lat' dir='ltr'><strong>et</strong></span> 
     </span>
    </p>
   </div>
   <div class='ocr_carea' id='block_1_50' title="bbox 300 4925 1872 4999">
    <p class='ocr_par' dir='ltr' id='par_1_50' title="bbox 300 4925 1872 4999">
     <span class='ocr_line' id='line_1_50' title="bbox 300 4925 1872 4999; baseline 0.002 -22"><span class='ocrx_word' id='word_1_374' title='bbox 300 4928 481 4980; x_wconf 58' lang='lat' dir='ltr'><strong>vultus</strong></span> <span class='ocrx_word' id='word_1_375' title='bbox 537 4926 699 4981; x_wconf 79' lang='lat' dir='ltr'><strong>vestri</strong></span> <span class='ocrx_word' id='word_1_376' title='bbox 751 4943 854 4980; x_wconf 87' lang='lat' dir='ltr'><strong>non</strong></span> <span class='ocrx_word' id='word_1_377' title='bbox 904 4926 1218 4982; x_wconf 83' lang='lat' dir='ltr'><strong>erubescent</strong></span> <span class='ocrx_word' id='word_1_378' title='bbox 1263 4947 1281 4978; x_wconf 84' lang='grc'><strong>›</strong></span> <span class='ocrx_word' id='word_1_379' title='bbox 1321 4925 1499 4998; x_wconf 83' lang='lat' dir='ltr'><strong>(Psal.</strong></span> <span class='ocrx_word' id='word_1_380' title='bbox 1550 4945 1735 4992; x_wconf 68' lang='lat' dir='ltr'><strong>xum,</strong></span> <span class='ocrx_word' id='word_1_381' title='bbox 1787 4930 1872 4999; x_wconf 88' lang='lat'><strong>6).</strong></span> 
     </span>
    </p>
   </div>
   <div class='ocr_carea' id='block_1_51' title="bbox 294 5016 1876 5088">
    <p class='ocr_par' dir='ltr' id='par_1_51' title="bbox 294 5016 1876 5088">
     <span class='ocr_line' id='line_1_51' title="bbox 294 5016 1876 5088; baseline 0.002 -17"><span class='ocrx_word' id='word_1_382' title='bbox 294 5016 567 5086; x_wconf 73' lang='lat' dir='ltr'><strong>Scriptum</strong></span> <span class='ocrx_word' id='word_1_383' title='bbox 624 5025 708 5071; x_wconf 85' lang='lat' dir='ltr'><strong>est</strong></span> <span class='ocrx_word' id='word_1_384' title='bbox 755 5016 897 5071; x_wconf 86' lang='lat' dir='ltr'><strong>enim</strong></span> <span class='ocrx_word' id='word_1_385' title='bbox 938 5033 952 5070; x_wconf 88' lang='lat'><strong>:</strong></span> <span class='ocrx_word' id='word_1_386' title='bbox 993 5035 1012 5066; x_wconf 70' lang='grc' dir='ltr'>ι</span> <span class='ocrx_word' id='word_1_387' title='bbox 1053 5016 1187 5071; x_wconf 85' lang='lat' dir='ltr'><strong>Ecce</strong></span> <span class='ocrx_word' id='word_1_388' title='bbox 1237 5032 1374 5086; x_wconf 86' lang='lat' dir='ltr'><strong>pono</strong></span> <span class='ocrx_word' id='word_1_389' title='bbox 1419 5019 1468 5071; x_wconf 91' lang='lat' dir='ltr'><strong>in</strong></span> <span class='ocrx_word' id='word_1_390' title='bbox 1499 5019 1622 5073; x_wconf 87' lang='lat' dir='ltr'><strong>Sion</strong></span> <span class='ocrx_word' id='word_1_391' title='bbox 1650 5021 1876 5088; x_wconf 85' lang='lat' dir='ltr'><strong>lapidem</strong></span> 
     </span>
    </p>
   </div>
   <div class='ocr_carea' id='block_1_52' title="bbox 296 5107 1874 5179">
    <p class='ocr_par' dir='ltr' id='par_1_52' title="bbox 296 5107 1874 5179">
     <span class='ocr_line' id='line_1_52' title="bbox 296 5107 1874 5179; baseline 0.006 -22"><span class='ocrx_word' id='word_1_392' title='bbox 296 5107 629 5176; x_wconf 76' lang='lat' dir='ltr'><strong>angularem,</strong></span> <span class='ocrx_word' id='word_1_393' title='bbox 673 5108 925 5175; x_wconf 85' lang='lat' dir='ltr'><strong>electum,</strong></span> <span class='ocrx_word' id='word_1_394' title='bbox 959 5109 1280 5178; x_wconf 85' lang='lat' dir='ltr'><strong>pretiosum;</strong></span> <span class='ocrx_word' id='word_1_395' title='bbox 1316 5120 1369 5165; x_wconf 92' lang='lat' dir='ltr'><strong>et</strong></span> <span class='ocrx_word' id='word_1_396' title='bbox 1398 5110 1484 5179; x_wconf 89' lang='lat' dir='ltr'><strong>qui</strong></span> <span class='ocrx_word' id='word_1_397' title='bbox 1511 5111 1798 5167; x_wconf 83' lang='lat' dir='ltr'><strong>crediderit</strong></span> <span class='ocrx_word' id='word_1_398' title='bbox 1827 5116 1874 5167; x_wconf 89' lang='lat' dir='ltr'><strong>iu</strong></span> 
     </span>
    </p>
   </div>
   <div class='ocr_carea' id='block_1_53' title="bbox 299 5196 1876 5272">
    <p class='ocr_par' dir='ltr' id='par_1_53' title="bbox 299 5196 1876 5272">
     <span class='ocr_line' id='line_1_53' title="bbox 299 5196 1876 5272; baseline 0.003 -19"><span class='ocrx_word' id='word_1_399' title='bbox 299 5213 449 5264; x_wconf 77' lang='lat' dir='ltr'><strong>etuti,</strong></span> <span class='ocrx_word' id='word_1_400' title='bbox 490 5214 593 5253; x_wconf 92' lang='lat' dir='ltr'><strong>non</strong></span> <span class='ocrx_word' id='word_1_401' title='bbox 633 5196 983 5253; x_wconf 80' lang='lat' dir='ltr'><strong>confundetur</strong></span> <span class='ocrx_word' id='word_1_402' title='bbox 1012 5219 1028 5248; x_wconf 79' lang='grc' dir='ltr'><strong><em>ι</em></strong></span> <span class='ocrx_word' id='word_1_403' title='bbox 1081 5198 1132 5268; x_wconf 87' lang='grc'><strong>(1</strong></span> <span class='ocrx_word' id='word_1_404' title='bbox 1165 5197 1302 5252; x_wconf 79' lang='lat' dir='ltr'><strong>Petr.</strong></span> <span class='ocrx_word' id='word_1_405' title='bbox 1350 5216 1404 5264; x_wconf 92' lang='lat' dir='ltr'><strong>n,</strong></span> <span class='ocrx_word' id='word_1_406' title='bbox 1433 5199 1528 5272; x_wconf 85' lang='lat'><strong>6).</strong></span> <span class='ocrx_word' id='word_1_407' title='bbox 1555 5200 1653 5269; x_wconf 87' lang='lat' dir='ltr'><strong>Qui</strong></span> <span class='ocrx_word' id='word_1_408' title='bbox 1692 5203 1876 5258; x_wconf 85' lang='lat' dir='ltr'><strong>audie-</strong></span> 
     </span>
    </p>
   </div>
   <div class='ocr_carea' id='block_1_54' title="bbox 299 5287 1876 5360">
    <p class='ocr_par' dir='ltr' id='par_1_54' title="bbox 299 5287 1876 5360">
     <span class='ocr_line' id='line_1_54' title="bbox 299 5287 1876 5360; baseline 0.003 -18"><span class='ocrx_word' id='word_1_409' title='bbox 299 5296 430 5342; x_wconf 88' lang='lat' dir='ltr'><strong>rttnt</strong></span> <span class='ocrx_word' id='word_1_410' title='bbox 451 5297 503 5342; x_wconf 86' lang='lat' dir='ltr'><strong>et</strong></span> <span class='ocrx_word' id='word_1_411' title='bbox 525 5287 862 5352; x_wconf 84' lang='lat' dir='ltr'><strong>obedieruut,</strong></span> <span class='ocrx_word' id='word_1_412' title='bbox 896 5287 1019 5342; x_wconf 88' lang='lat' dir='ltr'><strong>hinc</strong></span> <span class='ocrx_word' id='word_1_413' title='bbox 1044 5296 1202 5357; x_wconf 86' lang='lat' dir='ltr'><strong>atque</strong></span> <span class='ocrx_word' id='word_1_414' title='bbox 1225 5287 1346 5342; x_wconf 89' lang='lat' dir='ltr'><strong>inde</strong></span> <span class='ocrx_word' id='word_1_415' title='bbox 1371 5290 1576 5360; x_wconf 87' lang='lat' dir='ltr'><strong>utrique</strong></span> <span class='ocrx_word' id='word_1_416' title='bbox 1599 5305 1876 5359; x_wconf 85' lang='lat' dir='ltr'><strong>venerunt,</strong></span> 
     </span>
    </p>
   </div>
   <div class='ocr_carea' id='block_1_55' title="bbox 300 5377 1878 5452">
    <p class='ocr_par' dir='ltr' id='par_1_55' title="bbox 300 5377 1878 5452">
     <span class='ocr_line' id='line_1_55' title="bbox 300 5377 1878 5452; baseline 0.008 -25"><span class='ocrx_word' id='word_1_417' title='bbox 300 5391 489 5446; x_wconf 77' lang='lat' dir='ltr'><strong>pacein</strong></span> <span class='ocrx_word' id='word_1_418' title='bbox 519 5385 822 5444; x_wconf 86' lang='lat' dir='ltr'><strong>tenuerunt,</strong></span> <span class='ocrx_word' id='word_1_419' title='bbox 871 5377 1176 5433; x_wconf 85' lang='lat' dir='ltr'><strong>inimicitias</strong></span> <span class='ocrx_word' id='word_1_420' title='bbox 1212 5378 1500 5434; x_wconf 88' lang='lat' dir='ltr'><strong>finierunt:</strong></span> <span class='ocrx_word' id='word_1_421' title='bbox 1534 5389 1878 5452; x_wconf 87' lang='lat' dir='ltr'><strong>utrorumque</strong></span> 
     </span>
    </p>
   </div>
   <div class='ocr_carea' id='block_1_56' title="bbox 297 5468 1877 5542">
    <p class='ocr_par' dir='ltr' id='par_1_56' title="bbox 297 5468 1877 5542">
     <span class='ocr_line' id='line_1_56' title="bbox 297 5468 1877 5542; baseline 0.006 -24"><span class='ocrx_word' id='word_1_422' title='bbox 297 5469 550 5536; x_wconf 53' lang='lat' dir='ltr'><strong>primitiae</strong></span> <span class='ocrx_word' id='word_1_423' title='bbox 587 5479 828 5540; x_wconf 87' lang='lat' dir='ltr'><strong>pastores</strong></span> <span class='ocrx_word' id='word_1_424' title='bbox 862 5479 917 5524; x_wconf 89' lang='lat' dir='ltr'><strong>et</strong></span> <span class='ocrx_word' id='word_1_425' title='bbox 957 5468 1091 5540; x_wconf 71' lang='lat' dir='ltr'><strong>Pila-gi</strong></span> <span class='ocrx_word' id='word_1_426' title='bbox 1123 5468 1352 5524; x_wconf 88' lang='lat' dir='ltr'><strong>fuerunt.</strong></span> <span class='ocrx_word' id='word_1_427' title='bbox 1403 5469 1457 5523; x_wconf 91' lang='lat' dir='ltr'><strong>In</strong></span> <span class='ocrx_word' id='word_1_428' title='bbox 1489 5471 1568 5525; x_wconf 80' lang='lat' dir='ltr'><strong>eis</strong></span> <span class='ocrx_word' id='word_1_429' title='bbox 1587 5473 1754 5542; x_wconf 71' lang='lat' dir='ltr'><strong>cmpit</strong></span> <span class='ocrx_word' id='word_1_430' title='bbox 1781 5473 1877 5527; x_wconf 86' lang='lat' dir='ltr'><strong>bos</strong></span> 
     </span>
    </p>
   </div>
   <div class='ocr_carea' id='block_1_57' title="bbox 293 5561 1873 5634">
    <p class='ocr_par' dir='ltr' id='par_1_57' title="bbox 293 5561 1873 5634">
     <span class='ocr_line' id='line_1_57' title="bbox 293 5561 1873 5634; baseline -0.001 -17"><span class='ocrx_word' id='word_1_431' title='bbox 293 5575 591 5629; x_wconf 71' lang='lat' dir='ltr'><strong>agnoscere</strong></span> <span class='ocrx_word' id='word_1_432' title='bbox 615 5575 978 5632; x_wconf 89' lang='lat' dir='ltr'><strong>possessorem</strong></span> <span class='ocrx_word' id='word_1_433' title='bbox 1006 5575 1179 5623; x_wconf 89' lang='lat' dir='ltr'><strong>snmn,</strong></span> <span class='ocrx_word' id='word_1_434' title='bbox 1215 5569 1266 5614; x_wconf 89' lang='lat' dir='ltr'><strong>et</strong></span> <span class='ocrx_word' id='word_1_435' title='bbox 1303 5561 1481 5616; x_wconf 86' lang='lat' dir='ltr'><strong>asinus</strong></span> <span class='ocrx_word' id='word_1_436' title='bbox 1510 5576 1746 5634; x_wconf 60' lang='lat' dir='ltr'><strong>praesepe</strong></span> <span class='ocrx_word' id='word_1_437' title='bbox 1777 5563 1873 5618; x_wconf 81' lang='lat' dir='ltr'><strong>do—</strong></span> 
     </span>
    </p>
   </div>
   <div class='ocr_carea' id='block_1_58' title="bbox 367 5713 1291 5777">
    <p class='ocr_par' dir='ltr' id='par_1_58' title="bbox 367 5713 1291 5777">
     <span class='ocr_line' id='line_1_58' title="bbox 367 5713 1291 5777; baseline 0.004 -18"><span class='ocrx_word' id='word_1_438' title='bbox 367 5715 667 5777; x_wconf 64' lang='lat' dir='ltr'><strong>fastigatus</strong></span> <span class='ocrx_word' id='word_1_439' title='bbox 690 5722 765 5764; x_wconf 86' lang='lat' dir='ltr'><strong>cst</strong></span> <span class='ocrx_word' id='word_1_440' title='bbox 795 5714 852 5762; x_wconf 83' lang='lat' dir='ltr'><strong>ad</strong></span> <span class='ocrx_word' id='word_1_441' title='bbox 875 5713 938 5762; x_wconf 87' lang='lat' dir='ltr'><strong>cl.</strong></span> <span class='ocrx_word' id='word_1_442' title='bbox 971 5728 1061 5763; x_wconf 88' lang='lat' dir='ltr'><strong>rm.</strong></span> <span class='ocrx_word' id='word_1_443' title='bbox 1088 5724 1136 5764; x_wconf 88' lang='lat' dir='ltr'><strong>et</strong></span> <span class='ocrx_word' id='word_1_444' title='bbox 1156 5716 1291 5777; x_wconf 78' lang='lat' dir='ltr'><strong>\‘ign.</strong></span> 
     </span>
    </p>
   </div>
   <div class='ocr_carea' id='block_1_59' title="bbox 364 5773 1084 5840">
    <p class='ocr_par' dir='ltr' id='par_1_59' title="bbox 364 5773 1084 5840">
     <span class='ocr_line' id='line_1_59' title="bbox 364 5773 1084 5840; baseline 0.004 -19"><span class='ocrx_word' id='word_1_445' title='bbox 364 5774 439 5838; x_wconf 79' lang='grc' dir='ltr'><strong>(ο)</strong></span> <span class='ocrx_word' id='word_1_446' title='bbox 461 5773 597 5834; x_wconf 75' lang='lat' dir='ltr'><strong>Alias,</strong></span> <span class='ocrx_word' id='word_1_447' title='bbox 617 5789 676 5823; x_wconf 73' lang='lat' dir='ltr'><strong>ex</strong></span> <span class='ocrx_word' id='word_1_448' title='bbox 700 5778 1011 5840; x_wconf 74' lang='lat' dir='ltr'><strong>\igncriauis,</strong></span> <span class='ocrx_word' id='word_1_449' title='bbox 1039 5777 1084 5824; x_wconf 83' lang='lat'><strong>7.</strong></span> 
     </span>
    </p>
   </div>
   <div class='ocr_carea' id='block_1_60' title="bbox 1667 343 2103 401">
    <p class='ocr_par' dir='ltr' id='par_1_60' title="bbox 1667 343 2103 401">
     <span class='ocr_line' id='line_1_60' title="bbox 1667 343 2103 401; baseline 0 -2"><span class='ocrx_word' id='word_1_450' title='bbox 1667 345 1896 401; x_wconf 67' lang='lat' dir='ltr'><strong>SEIUKO</strong></span> <span class='ocrx_word' id='word_1_451' title='bbox 1931 343 2103 399; x_wconf 73' lang='lat' dir='ltr'><strong>CCIV.</strong></span> 
     </span>
    </p>
   </div>
   <div class='ocr_carea' id='block_1_61' title="bbox 3387 344 3522 400">
    <p class='ocr_par' dir='ltr' id='par_1_61' title="bbox 3387 344 3522 400">
     <span class='ocr_line' id='line_1_61' title="bbox 3387 344 3522 400; baseline 0 0"><span class='ocrx_word' id='word_1_452' title='bbox 3387 344 3522 400; x_wconf 74' lang='grc'><strong>1038</strong></span> 
     </span>
    </p>
   </div>
   <div class='ocr_carea' id='block_1_62' title="bbox 1949 457 3518 527">
    <p class='ocr_par' dir='ltr' id='par_1_62' title="bbox 1949 457 3518 527">
     <span class='ocr_line' id='line_1_62' title="bbox 1949 457 3518 527; baseline 0.004 -19"><span class='ocrx_word' id='word_1_453' title='bbox 1949 459 2077 513; x_wconf 83' lang='lat' dir='ltr'><strong>mitti</strong></span> <span class='ocrx_word' id='word_1_454' title='bbox 2099 457 2364 527; x_wconf 81' lang='lat' dir='ltr'><strong>sui(lsai.</strong></span> <span class='ocrx_word' id='word_1_455' title='bbox 2399 475 2432 522; x_wconf 88' lang='grc' dir='ltr'><strong>ι,</strong></span> <span class='ocrx_word' id='word_1_456' title='bbox 2464 459 2496 512; x_wconf 81' lang='lat'><strong>3</strong></span> <span class='ocrx_word' id='word_1_457' title='bbox 2523 459 2562 527; x_wconf 91' lang='lat'><strong>).</strong></span> <span class='ocrx_word' id='word_1_458' title='bbox 2614 459 2687 512; x_wconf 70' lang='lat' dir='ltr'><strong>iis</strong></span> <span class='ocrx_word' id='word_1_459' title='bbox 2738 458 2933 513; x_wconf 72' lang='lat' dir='ltr'><strong>Iuda-is</strong></span> <span class='ocrx_word' id='word_1_460' title='bbox 2983 457 3174 514; x_wconf 70' lang='lat' dir='ltr'><strong>annual</strong></span> <span class='ocrx_word' id='word_1_461' title='bbox 3215 469 3518 526; x_wconf 82' lang='lat' dir='ltr'><strong>cornutmn,</strong></span> 
     </span>
    </p>
   </div>
   <div class='ocr_carea' id='block_1_63' title="bbox 1945 550 3523 620">
    <p class='ocr_par' dir='ltr' id='par_1_63' title="bbox 1945 550 3523 620">
     <span class='ocr_line' id='line_1_63' title="bbox 1945 550 3523 620; baseline 0.001 -18"><span class='ocrx_word' id='word_1_462' title='bbox 1945 551 2032 604; x_wconf 91' lang='lat' dir='ltr'><strong>ubi</strong></span> <span class='ocrx_word' id='word_1_463' title='bbox 2074 550 2292 605; x_wconf 77' lang='lat' dir='ltr'><strong>Christo</strong></span> <span class='ocrx_word' id='word_1_464' title='bbox 2331 553 2507 605; x_wconf 83' lang='lat' dir='ltr'><strong>crucis</strong></span> <span class='ocrx_word' id='word_1_465' title='bbox 2545 567 2739 606; x_wconf 88' lang='lat' dir='ltr'><strong>cornua</strong></span> <span class='ocrx_word' id='word_1_466' title='bbox 2781 551 3120 620; x_wconf 85' lang='lat' dir='ltr'><strong>parabantur.</strong></span> <span class='ocrx_word' id='word_1_467' title='bbox 3155 553 3230 607; x_wconf 75' lang='lat' dir='ltr'><strong>Ex</strong></span> <span class='ocrx_word' id='word_1_468' title='bbox 3267 553 3523 607; x_wconf 73' lang='lat' dir='ltr'><strong>Gentibm</strong></span> 
     </span>
    </p>
   </div>
   <div class='ocr_carea' id='block_1_64' title="bbox 1944 641 3522 714">
    <p class='ocr_par' dir='ltr' id='par_1_64' title="bbox 1944 641 3522 714">
     <span class='ocr_line' id='line_1_64' title="bbox 1944 641 3522 714; baseline -0.001 -20"><span class='ocrx_word' id='word_1_469' title='bbox 1944 641 2137 696; x_wconf 87' lang='lat' dir='ltr'><strong>animal</strong></span> <span class='ocrx_word' id='word_1_470' title='bbox 2165 642 2416 708; x_wconf 89' lang='lat' dir='ltr'><strong>auritum,</strong></span> <span class='ocrx_word' id='word_1_471' title='bbox 2445 641 2604 707; x_wconf 81' lang='lat' dir='ltr'><strong>unde,</strong></span> <span class='ocrx_word' id='word_1_472' title='bbox 2630 642 2933 710; x_wconf 72' lang='lat' dir='ltr'><strong>prtl‘tliclullt</strong></span> <span class='ocrx_word' id='word_1_473' title='bbox 2955 653 3102 696; x_wconf 73' lang='lat' dir='ltr'><strong>erat:</strong></span> <span class='ocrx_word' id='word_1_474' title='bbox 3134 641 3363 714; x_wconf 79' lang='lat' dir='ltr'><strong>Populus</strong></span> <span class='ocrx_word' id='word_1_475' title='bbox 3379 659 3522 713; x_wconf 74' lang='lat' dir='ltr'><strong>quem</strong></span> 
     </span>
    </p>
   </div>
   <div class='ocr_carea' id='block_1_65' title="bbox 1945 733 3518 802">
    <p class='ocr_par' dir='ltr' id='par_1_65' title="bbox 1945 733 3518 802">
     <span class='ocr_line' id='line_1_65' title="bbox 1945 733 3518 802; baseline 0.001 -15"><span class='ocrx_word' id='word_1_476' title='bbox 1945 748 2045 787; x_wconf 82' lang='lat' dir='ltr'><strong>non</strong></span> <span class='ocrx_word' id='word_1_477' title='bbox 2079 734 2305 802; x_wconf 78' lang='lat' dir='ltr'><strong>cognovi,</strong></span> <span class='ocrx_word' id='word_1_478' title='bbox 2349 733 2548 788; x_wconf 76' lang='lat' dir='ltr'><strong>seri-ivit</strong></span> <span class='ocrx_word' id='word_1_479' title='bbox 2586 735 2730 795; x_wconf 77' lang='lat' dir='ltr'><strong>nti/it,</strong></span> <span class='ocrx_word' id='word_1_480' title='bbox 2770 735 2822 788; x_wconf 89' lang='lat' dir='ltr'><strong>in</strong></span> <span class='ocrx_word' id='word_1_481' title='bbox 2867 735 3043 788; x_wconf 77' lang='lat' dir='ltr'><strong>auditu</strong></span> <span class='ocrx_word' id='word_1_482' title='bbox 3086 735 3226 788; x_wconf 86' lang='lat' dir='ltr'><strong>auris</strong></span> <span class='ocrx_word' id='word_1_483' title='bbox 3267 735 3518 790; x_wconf 81' lang='lat' dir='ltr'><strong>obauditu&#39;t</strong></span> 
     </span>
    </p>
   </div>
   <div class='ocr_carea' id='block_1_66' title="bbox 1946 825 3521 898">
    <p class='ocr_par' dir='ltr' id='par_1_66' title="bbox 1946 825 3521 898">
     <span class='ocr_line' id='line_1_66' title="bbox 1946 825 3521 898; baseline 0.003 -20"><span class='ocrx_word' id='word_1_484' title='bbox 1946 827 2069 878; x_wconf 76' lang='lat' dir='ltr'><strong>mihi</strong></span> <span class='ocrx_word' id='word_1_485' title='bbox 2091 825 2258 894; x_wconf 85' lang='lat' dir='ltr'><strong>(Psat.</strong></span> <span class='ocrx_word' id='word_1_486' title='bbox 2287 843 2416 893; x_wconf 74' lang='lat' dir='ltr'><strong>xvu,</strong></span> <span class='ocrx_word' id='word_1_487' title='bbox 2447 829 2516 881; x_wconf 68' lang='grc'><strong>45</strong></span> <span class='ocrx_word' id='word_1_488' title='bbox 2540 827 2579 898; x_wconf 88' lang='grc'><strong>).</strong></span> <span class='ocrx_word' id='word_1_489' title='bbox 2612 827 2728 896; x_wconf 84' lang='lat' dir='ltr'><strong>ipse</strong></span> <span class='ocrx_word' id='word_1_490' title='bbox 2751 843 2975 898; x_wconf 86' lang='lat' dir='ltr'><strong>namque</strong></span> <span class='ocrx_word' id='word_1_491' title='bbox 2995 842 3276 898; x_wconf 84' lang='lat' dir='ltr'><strong>possessor</strong></span> <span class='ocrx_word' id='word_1_492' title='bbox 3293 827 3445 883; x_wconf 84' lang='lat' dir='ltr'><strong>bovis</strong></span> <span class='ocrx_word' id='word_1_493' title='bbox 3464 841 3521 884; x_wconf 89' lang='lat' dir='ltr'><strong>et</strong></span> 
     </span>
    </p>
   </div>
   <div class='ocr_carea' id='block_1_67' title="bbox 1946 917 3526 988">
    <p class='ocr_par' dir='ltr' id='par_1_67' title="bbox 1946 917 3526 988">
     <span class='ocr_line' id='line_1_67' title="bbox 1946 917 3526 988; baseline 0.002 -18"><span class='ocrx_word' id='word_1_494' title='bbox 1946 917 2196 972; x_wconf 74' lang='lat' dir='ltr'><strong>dominus</strong></span> <span class='ocrx_word' id='word_1_495' title='bbox 2233 918 2367 974; x_wconf 91' lang='lat' dir='ltr'><strong>asini</strong></span> <span class='ocrx_word' id='word_1_496' title='bbox 2417 919 2466 972; x_wconf 91' lang='lat' dir='ltr'><strong>in</strong></span> <span class='ocrx_word' id='word_1_497' title='bbox 2513 919 2988 988; x_wconf 66' lang='lat' dir='ltr'><strong>prtesepijacebat,</strong></span> <span class='ocrx_word' id='word_1_498' title='bbox 3035 928 3092 974; x_wconf 90' lang='lat' dir='ltr'><strong>ct</strong></span> <span class='ocrx_word' id='word_1_499' title='bbox 3133 920 3396 974; x_wconf 87' lang='lat' dir='ltr'><strong>ambobus</strong></span> <span class='ocrx_word' id='word_1_500' title='bbox 3425 919 3526 973; x_wconf 82' lang='lat' dir='ltr'><strong>ali-</strong></span> 
     </span>
    </p>
   </div>
   <div class='ocr_carea' id='block_1_68' title="bbox 1948 1010 3522 1080">
    <p class='ocr_par' dir='ltr' id='par_1_68' title="bbox 1948 1010 3522 1080">
     <span class='ocr_line' id='line_1_68' title="bbox 1948 1010 3522 1080; baseline 0.001 -18"><span class='ocrx_word' id='word_1_501' title='bbox 1948 1021 2184 1063; x_wconf 91' lang='lat' dir='ltr'><strong>mentum</strong></span> <span class='ocrx_word' id='word_1_502' title='bbox 2207 1023 2489 1063; x_wconf 87' lang='lat' dir='ltr'><strong>commune</strong></span> <span class='ocrx_word' id='word_1_503' title='bbox 2521 1010 2805 1080; x_wconf 72' lang='lat' dir='ltr'><strong>praebebat.</strong></span> <span class='ocrx_word' id='word_1_504' title='bbox 2853 1010 2984 1077; x_wconf 83' lang='lat' dir='ltr'><strong>Quia</strong></span> <span class='ocrx_word' id='word_1_505' title='bbox 3010 1025 3137 1080; x_wconf 76' lang='lat' dir='ltr'><strong>ergo</strong></span> <span class='ocrx_word' id='word_1_506' title='bbox 3173 1026 3270 1080; x_wconf 76' lang='lat' dir='ltr'><strong>pax</strong></span> <span class='ocrx_word' id='word_1_507' title='bbox 3310 1019 3522 1065; x_wconf 77' lang='lat' dir='ltr'><strong>venerat</strong></span> 
     </span>
    </p>
   </div>
   <div class='ocr_carea' id='block_1_69' title="bbox 1948 1097 3528 1170">
    <p class='ocr_par' dir='ltr' id='par_1_69' title="bbox 1948 1097 3528 1170">
     <span class='ocr_line' id='line_1_69' title="bbox 1948 1097 3528 1170; baseline 0.001 -18"><span class='ocrx_word' id='word_1_508' title='bbox 1948 1100 2026 1152; x_wconf 76' lang='lat' dir='ltr'><strong>eis</strong></span> <span class='ocrx_word' id='word_1_509' title='bbox 2052 1097 2144 1168; x_wconf 90' lang='lat' dir='ltr'><strong>qui</strong></span> <span class='ocrx_word' id='word_1_510' title='bbox 2163 1108 2316 1152; x_wconf 70' lang='lat' dir='ltr'><strong>erant</strong></span> <span class='ocrx_word' id='word_1_511' title='bbox 2341 1099 2515 1169; x_wconf 87' lang='lat' dir='ltr'><strong>longe,</strong></span> <span class='ocrx_word' id='word_1_512' title='bbox 2548 1109 2600 1153; x_wconf 90' lang='lat' dir='ltr'><strong>ct</strong></span> <span class='ocrx_word' id='word_1_513' title='bbox 2621 1114 2719 1170; x_wconf 81' lang='lat' dir='ltr'><strong>pax</strong></span> <span class='ocrx_word' id='word_1_514' title='bbox 2757 1100 2836 1153; x_wconf 87' lang='lat' dir='ltr'><strong>eis</strong></span> <span class='ocrx_word' id='word_1_515' title='bbox 2872 1101 2960 1170; x_wconf 91' lang='lat' dir='ltr'><strong>qui</strong></span> <span class='ocrx_word' id='word_1_516' title='bbox 2999 1108 3152 1154; x_wconf 88' lang='lat' dir='ltr'><strong>erant</strong></span> <span class='ocrx_word' id='word_1_517' title='bbox 3181 1115 3372 1170; x_wconf 85' lang='lat' dir='ltr'><strong>prope;</strong></span> <span class='ocrx_word' id='word_1_518' title='bbox 3409 1116 3528 1170; x_wconf 76' lang='lat' dir='ltr'><strong>pas-</strong></span> 
     </span>
    </p>
   </div>
   <div class='ocr_carea' id='block_1_70' title="bbox 1951 1190 3529 1264">
    <p class='ocr_par' dir='ltr' id='par_1_70' title="bbox 1951 1190 3529 1264">
     <span class='ocr_line' id='line_1_70' title="bbox 1951 1190 3529 1264; baseline 0 -18"><span class='ocrx_word' id='word_1_519' title='bbox 1951 1202 2095 1248; x_wconf 88' lang='lat' dir='ltr'><strong>tores</strong></span> <span class='ocrx_word' id='word_1_520' title='bbox 2139 1192 2388 1249; x_wconf 78' lang='lat' dir='ltr'><strong>lsraelitae</strong></span> <span class='ocrx_word' id='word_1_521' title='bbox 2432 1201 2678 1262; x_wconf 88' lang='lat' dir='ltr'><strong>tanquam</strong></span> <span class='ocrx_word' id='word_1_522' title='bbox 2725 1209 2890 1264; x_wconf 89' lang='lat' dir='ltr'><strong>prope</strong></span> <span class='ocrx_word' id='word_1_523' title='bbox 2941 1190 3157 1260; x_wconf 81' lang='lat' dir='ltr'><strong>inventi,</strong></span> <span class='ocrx_word' id='word_1_524' title='bbox 3197 1209 3262 1248; x_wconf 89' lang='lat' dir='ltr'><strong>eo</strong></span> <span class='ocrx_word' id='word_1_525' title='bbox 3299 1193 3384 1248; x_wconf 86' lang='lat' dir='ltr'><strong>die</strong></span> <span class='ocrx_word' id='word_1_526' title='bbox 3421 1209 3529 1264; x_wconf 89' lang='lat' dir='ltr'><strong>quo</strong></span> 
     </span>
    </p>
   </div>
   <div class='ocr_carea' id='block_1_71' title="bbox 1949 1279 3528 1352">
    <p class='ocr_par' dir='ltr' id='par_1_71' title="bbox 1949 1279 3528 1352">
     <span class='ocr_line' id='line_1_71' title="bbox 1949 1279 3528 1352; baseline 0.002 -16"><span class='ocrx_word' id='word_1_527' title='bbox 1949 1291 2105 1338; x_wconf 90' lang='lat' dir='ltr'><strong>natus</strong></span> <span class='ocrx_word' id='word_1_528' title='bbox 2129 1292 2211 1338; x_wconf 89' lang='lat' dir='ltr'><strong>est</strong></span> <span class='ocrx_word' id='word_1_529' title='bbox 2235 1279 2498 1350; x_wconf 81' lang='lat' dir='ltr'><strong>Christus,</strong></span> <span class='ocrx_word' id='word_1_530' title='bbox 2526 1283 2591 1338; x_wconf 90' lang='lat' dir='ltr'><strong>ad</strong></span> <span class='ocrx_word' id='word_1_531' title='bbox 2614 1299 2735 1338; x_wconf 88' lang='lat' dir='ltr'><strong>eum</strong></span> <span class='ocrx_word' id='word_1_532' title='bbox 2767 1296 3044 1352; x_wconf 88' lang='lat' dir='ltr'><strong>venerunt,</strong></span> <span class='ocrx_word' id='word_1_533' title='bbox 3078 1285 3325 1340; x_wconf 86' lang='lat' dir='ltr'><strong>viderunt</strong></span> <span class='ocrx_word' id='word_1_534' title='bbox 3355 1296 3410 1340; x_wconf 92' lang='lat' dir='ltr'><strong>ct</strong></span> <span class='ocrx_word' id='word_1_535' title='bbox 3435 1300 3528 1340; x_wconf 76' lang='lat' dir='ltr'><strong>ex-</strong></span> 
     </span>
    </p>
   </div>
   <div class='ocr_carea' id='block_1_72' title="bbox 1951 1375 3529 1447">
    <p class='ocr_par' dir='ltr' id='par_1_72' title="bbox 1951 1375 3529 1447">
     <span class='ocr_line' id='line_1_72' title="bbox 1951 1375 3529 1447; baseline 0.001 -19"><span class='ocrx_word' id='word_1_536' title='bbox 1951 1375 2318 1431; x_wconf 82' lang='lat' dir='ltr'><strong>sultaveruut:</strong></span> <span class='ocrx_word' id='word_1_537' title='bbox 2370 1375 2503 1447; x_wconf 77' lang='lat' dir='ltr'><strong>Magi</strong></span> <span class='ocrx_word' id='word_1_538' title='bbox 2549 1387 2726 1430; x_wconf 82' lang='lat' dir='ltr'><strong>autem</strong></span> <span class='ocrx_word' id='word_1_539' title='bbox 2769 1376 3014 1447; x_wconf 78' lang='lat' dir='ltr'><strong>gentiles,</strong></span> <span class='ocrx_word' id='word_1_540' title='bbox 3071 1386 3318 1446; x_wconf 86' lang='lat' dir='ltr'><strong>tanquam</strong></span> <span class='ocrx_word' id='word_1_541' title='bbox 3374 1377 3529 1445; x_wconf 76' lang='lat' dir='ltr'><strong>longe</strong></span> 
     </span>
    </p>
   </div>
   <div class='ocr_carea' id='block_1_73' title="bbox 1953 1467 3527 1539">
    <p class='ocr_par' dir='ltr' id='par_1_73' title="bbox 1953 1467 3527 1539">
     <span class='ocr_line' id='line_1_73' title="bbox 1953 1467 3527 1539; baseline 0 -18"><span class='ocrx_word' id='word_1_542' title='bbox 1953 1469 2172 1533; x_wconf 85' lang='lat' dir='ltr'><strong>inventi,</strong></span> <span class='ocrx_word' id='word_1_543' title='bbox 2206 1479 2278 1522; x_wconf 92' lang='lat' dir='ltr'><strong>tot</strong></span> <span class='ocrx_word' id='word_1_544' title='bbox 2312 1468 2499 1523; x_wconf 88' lang='lat' dir='ltr'><strong>diebus</strong></span> <span class='ocrx_word' id='word_1_545' title='bbox 2534 1468 2859 1539; x_wconf 89' lang='lat' dir='ltr'><strong>interpositis</strong></span> <span class='ocrx_word' id='word_1_546' title='bbox 2897 1470 2964 1524; x_wconf 85' lang='lat' dir='ltr'><strong>ab</strong></span> <span class='ocrx_word' id='word_1_547' title='bbox 2999 1467 3090 1523; x_wconf 90' lang='lat' dir='ltr'><strong>illo</strong></span> <span class='ocrx_word' id='word_1_548' title='bbox 3114 1485 3218 1538; x_wconf 82' lang='lat' dir='ltr'><strong>quo</strong></span> <span class='ocrx_word' id='word_1_549' title='bbox 3249 1478 3406 1524; x_wconf 88' lang='lat' dir='ltr'><strong>natus</strong></span> <span class='ocrx_word' id='word_1_550' title='bbox 3426 1479 3527 1529; x_wconf 88' lang='lat' dir='ltr'><strong>est,</strong></span> 
     </span>
    </p>
   </div>
   <div class='ocr_carea' id='block_1_74' title="bbox 1954 1544 3530 1631">
    <p class='ocr_par' dir='ltr' id='par_1_74' title="bbox 1954 1544 3530 1631">
     <span class='ocr_line' id='line_1_74' title="bbox 1954 1544 3530 1631; baseline 0 -16"><span class='ocrx_word' id='word_1_551' title='bbox 1954 1561 2109 1615; x_wconf 86' lang='lat' dir='ltr'><strong>hodie</strong></span> <span class='ocrx_word' id='word_1_552' title='bbox 2139 1571 2515 1631; x_wconf 83' lang='lat' dir='ltr'><strong>pervenerunt,</strong></span> <span class='ocrx_word' id='word_1_553' title='bbox 2571 1563 2909 1628; x_wconf 84' lang='lat' dir='ltr'><strong>invenerunt,</strong></span> <span class='ocrx_word' id='word_1_554' title='bbox 2957 1544 3530 1630; x_wconf 66' lang='lat' dir='ltr'><strong>adoraverunt.0por-</strong></span> 
     </span>
    </p>
   </div>
   <div class='ocr_carea' id='block_1_75' title="bbox 1953 1653 3530 1727">
    <p class='ocr_par' dir='ltr' id='par_1_75' title="bbox 1953 1653 3530 1727">
     <span class='ocr_line' id='line_1_75' title="bbox 1953 1653 3530 1727; baseline 0.001 -18"><span class='ocrx_word' id='word_1_555' title='bbox 1953 1656 2094 1711; x_wconf 86' lang='lat' dir='ltr'><strong>tcbat</strong></span> <span class='ocrx_word' id='word_1_556' title='bbox 2125 1657 2299 1726; x_wconf 86' lang='lat' dir='ltr'><strong>itaque</strong></span> <span class='ocrx_word' id='word_1_557' title='bbox 2329 1668 2443 1720; x_wconf 84' lang='lat' dir='ltr'><strong>nos,</strong></span> <span class='ocrx_word' id='word_1_558' title='bbox 2469 1654 2568 1709; x_wconf 88' lang='lat' dir='ltr'><strong>hoc</strong></span> <span class='ocrx_word' id='word_1_559' title='bbox 2594 1666 2692 1719; x_wconf 88' lang='lat' dir='ltr'><strong>est,</strong></span> <span class='ocrx_word' id='word_1_560' title='bbox 2717 1653 3010 1711; x_wconf 79' lang='lat' dir='ltr'><strong>Ecclesium</strong></span> <span class='ocrx_word' id='word_1_561' title='bbox 3032 1671 3150 1727; x_wconf 74' lang='lat' dir='ltr'><strong>qua:</strong></span> <span class='ocrx_word' id='word_1_562' title='bbox 3177 1665 3530 1725; x_wconf 77' lang='lat' dir='ltr'><strong>congregatur</strong></span> 
     </span>
    </p>
   </div>
   <div class='ocr_carea' id='block_1_76' title="bbox 1953 1745 3532 1816">
    <p class='ocr_par' dir='ltr' id='par_1_76' title="bbox 1953 1745 3532 1816">
     <span class='ocr_line' id='line_1_76' title="bbox 1953 1745 3532 1816; baseline 0.001 -16"><span class='ocrx_word' id='word_1_563' title='bbox 1953 1763 2016 1800; x_wconf 76' lang='lat' dir='ltr'><strong>ex</strong></span> <span class='ocrx_word' id='word_1_564' title='bbox 2047 1747 2324 1808; x_wconf 85' lang='lat' dir='ltr'><strong>Gentibus,</strong></span> <span class='ocrx_word' id='word_1_565' title='bbox 2354 1748 2508 1816; x_wconf 86' lang='lat' dir='ltr'><strong>hujus</strong></span> <span class='ocrx_word' id='word_1_566' title='bbox 2532 1747 2636 1802; x_wconf 85' lang='lat' dir='ltr'><strong>diei</strong></span> <span class='ocrx_word' id='word_1_567' title='bbox 2664 1746 3097 1809; x_wconf 79' lang='lat' dir='ltr'><strong>celebrationem,</strong></span> <span class='ocrx_word' id='word_1_568' title='bbox 3127 1762 3231 1816; x_wconf 90' lang='lat' dir='ltr'><strong>quo</strong></span> <span class='ocrx_word' id='word_1_569' title='bbox 3248 1756 3323 1800; x_wconf 89' lang='lat' dir='ltr'><strong>cst</strong></span> <span class='ocrx_word' id='word_1_570' title='bbox 3347 1745 3532 1802; x_wconf 74' lang='lat' dir='ltr'><strong>Chris-</strong></span> 
     </span>
    </p>
   </div>
   <div class='ocr_carea' id='block_1_77' title="bbox 1954 1837 3538 1907">
    <p class='ocr_par' dir='ltr' id='par_1_77' title="bbox 1954 1837 3538 1907">
     <span class='ocr_line' id='line_1_77' title="bbox 1954 1837 3538 1907; baseline -0.001 -16"><span class='ocrx_word' id='word_1_571' title='bbox 1954 1849 2038 1894; x_wconf 88' lang='lat' dir='ltr'><strong>tus</strong></span> <span class='ocrx_word' id='word_1_572' title='bbox 2065 1838 2307 1907; x_wconf 88' lang='lat' dir='ltr'><strong>primitiis</strong></span> <span class='ocrx_word' id='word_1_573' title='bbox 2327 1837 2570 1894; x_wconf 86' lang='lat' dir='ltr'><strong>Gentium</strong></span> <span class='ocrx_word' id='word_1_574' title='bbox 2595 1839 2976 1901; x_wconf 82' lang='lat' dir='ltr'><strong>tnnnil&#39;estatus,</strong></span> <span class='ocrx_word' id='word_1_575' title='bbox 2999 1837 3138 1892; x_wconf 90' lang='lat' dir='ltr'><strong>illius</strong></span> <span class='ocrx_word' id='word_1_576' title='bbox 3165 1838 3269 1891; x_wconf 91' lang='lat' dir='ltr'><strong>diei</strong></span> <span class='ocrx_word' id='word_1_577' title='bbox 3296 1837 3538 1891; x_wconf 60' lang='lat' dir='ltr'><strong>celi-bra-</strong></span> 
     </span>
    </p>
   </div>
   <div class='ocr_carea' id='block_1_78' title="bbox 1955 1930 3527 2001">
    <p class='ocr_par' dir='ltr' id='par_1_78' title="bbox 1955 1930 3527 2001">
     <span class='ocr_line' id='line_1_78' title="bbox 1955 1930 3527 2001; baseline 0.003 -18"><span class='ocrx_word' id='word_1_578' title='bbox 1955 1931 2103 1994; x_wconf 87' lang='lat' dir='ltr'><strong>tioui,</strong></span> <span class='ocrx_word' id='word_1_579' title='bbox 2138 1947 2243 2000; x_wconf 89' lang='lat' dir='ltr'><strong>quo</strong></span> <span class='ocrx_word' id='word_1_580' title='bbox 2267 1942 2347 1984; x_wconf 85' lang='lat' dir='ltr'><strong>est</strong></span> <span class='ocrx_word' id='word_1_581' title='bbox 2373 1930 2618 1985; x_wconf 72' lang='lat' dir='ltr'><strong>Christus</strong></span> <span class='ocrx_word' id='word_1_582' title='bbox 2653 1947 2715 1986; x_wconf 82' lang='lat' dir='ltr'><strong>ex</strong></span> <span class='ocrx_word' id='word_1_583' title='bbox 2754 1931 2952 1986; x_wconf 60' lang='lat' dir='ltr'><strong>ludatis</strong></span> <span class='ocrx_word' id='word_1_584' title='bbox 2991 1939 3166 1995; x_wconf 88' lang='lat' dir='ltr'><strong>natus,</strong></span> <span class='ocrx_word' id='word_1_585' title='bbox 3212 1931 3527 2001; x_wconf 77' lang='lat' dir='ltr'><strong>adjungerc,</strong></span> 
     </span>
    </p>
   </div>
   <div class='ocr_carea' id='block_1_79' title="bbox 1954 2025 3535 2095">
    <p class='ocr_par' dir='ltr' id='par_1_79' title="bbox 1954 2025 3535 2095">
     <span class='ocr_line' id='line_1_79' title="bbox 1954 2025 3535 2095; baseline -0.001 -16"><span class='ocrx_word' id='word_1_586' title='bbox 1954 2035 2007 2079; x_wconf 89' lang='lat' dir='ltr'><strong>et</strong></span> <span class='ocrx_word' id='word_1_587' title='bbox 2035 2025 2164 2079; x_wconf 78' lang='lat' dir='ltr'><strong>tanti</strong></span> <span class='ocrx_word' id='word_1_588' title='bbox 2191 2026 2506 2080; x_wconf 80' lang='lat' dir='ltr'><strong>sacramenti</strong></span> <span class='ocrx_word' id='word_1_589' title='bbox 2551 2027 2859 2079; x_wconf 88' lang='lat' dir='ltr'><strong>memoriam</strong></span> <span class='ocrx_word' id='word_1_590' title='bbox 2906 2025 3170 2095; x_wconf 77' lang='lat' dir='ltr'><strong>geniinata</strong></span> <span class='ocrx_word' id='word_1_591' title='bbox 3203 2025 3535 2079; x_wconf 82' lang='lat' dir='ltr'><strong>solemnitate</strong></span> 
     </span>
    </p>
   </div>
   <div class='ocr_carea' id='block_1_80' title="bbox 1957 2132 2187 2169">
    <p class='ocr_par' dir='ltr' id='par_1_80' title="bbox 1957 2132 2187 2169">
     <span class='ocr_line' id='line_1_80' title="bbox 1957 2132 2187 2169; baseline -0.004 0"><span class='ocrx_word' id='word_1_592' title='bbox 1957 2132 2125 2169; x_wconf 64' lang='lat' dir='ltr'><strong>bt‘l&#39;VJl</strong></span> <span class='ocrx_word' id='word_1_593' title='bbox 2141 2132 2187 2168; x_wconf 78' lang='lat' dir='ltr'><strong>C.</strong></span> 
     </span>
    </p>
   </div>
   <div class='ocr_carea' id='block_1_81' title="bbox 2027 2201 3534 2276">
    <p class='ocr_par' dir='ltr' id='par_1_81' title="bbox 2027 2201 3534 2276">
     <span class='ocr_line' id='line_1_81' title="bbox 2027 2201 3534 2276; baseline 0 -16"><span class='ocrx_word' id='word_1_594' title='bbox 2027 2203 2078 2260; x_wconf 83' lang='grc'><strong>’5.</strong></span> <span class='ocrx_word' id='word_1_595' title='bbox 2123 2206 2203 2260; x_wconf 67' lang='lat' dir='ltr'><strong>lia:</strong></span> <span class='ocrx_word' id='word_1_596' title='bbox 2243 2201 2439 2259; x_wconf 64' lang='lat' dir='ltr'><strong>ludatis</strong></span> <span class='ocrx_word' id='word_1_597' title='bbox 2478 2203 2564 2258; x_wconf 78' lang='lat' dir='ltr'><strong>alii</strong></span> <span class='ocrx_word' id='word_1_598' title='bbox 2586 2209 2833 2276; x_wconf 77' lang='lat' dir='ltr'><strong>reprobati</strong></span> <span class='ocrx_word' id='word_1_599' title='bbox 2850 2251 2863 2273; x_wconf 88' lang='lat'><strong>,</strong></span> <span class='ocrx_word' id='word_1_600' title='bbox 2895 2208 2983 2262; x_wconf 68' lang='lat' dir='ltr'><strong>alii</strong></span> <span class='ocrx_word' id='word_1_601' title='bbox 3012 2207 3172 2262; x_wconf 64' lang='lat' dir='ltr'><strong>electi.</strong></span> <span class='ocrx_word' id='word_1_602' title='bbox 3195 2208 3355 2262; x_wconf 84' lang='lat' dir='ltr'><strong>Jacob</strong></span> <span class='ocrx_word' id='word_1_603' title='bbox 3381 2218 3425 2262; x_wconf 81' lang='lat' dir='ltr'><strong>ct</strong></span> <span class='ocrx_word' id='word_1_604' title='bbox 3448 2208 3534 2262; x_wconf 83' lang='lat' dir='ltr'><strong>be-</strong></span> 
     </span>
    </p>
   </div>
   <div class='ocr_carea' id='block_1_82' title="bbox 1959 2299 3536 2370">
    <p class='ocr_par' dir='ltr' id='par_1_82' title="bbox 1959 2299 3536 2370">
     <span class='ocr_line' id='line_1_82' title="bbox 1959 2299 3536 2370; baseline 0 -18"><span class='ocrx_word' id='word_1_605' title='bbox 1959 2299 2185 2352; x_wconf 83' lang='lat' dir='ltr'><strong>nedictus</strong></span> <span class='ocrx_word' id='word_1_606' title='bbox 2224 2310 2270 2351; x_wconf 82' lang='lat' dir='ltr'><strong>ct</strong></span> <span class='ocrx_word' id='word_1_607' title='bbox 2310 2299 2540 2352; x_wconf 77' lang='lat' dir='ltr'><strong>claudus.</strong></span> <span class='ocrx_word' id='word_1_608' title='bbox 2587 2299 2810 2366; x_wconf 83' lang='lat' dir='ltr'><strong>Quando</strong></span> <span class='ocrx_word' id='word_1_609' title='bbox 2847 2301 2951 2353; x_wconf 90' lang='lat' dir='ltr'><strong>duo</strong></span> <span class='ocrx_word' id='word_1_610' title='bbox 2996 2302 3225 2367; x_wconf 80' lang='lat' dir='ltr'><strong>parietes</strong></span> <span class='ocrx_word' id='word_1_611' title='bbox 3267 2300 3351 2354; x_wconf 86' lang='lat' dir='ltr'><strong>isti</strong></span> <span class='ocrx_word' id='word_1_612' title='bbox 3390 2303 3536 2370; x_wconf 75' lang='lat' dir='ltr'><strong>cogi-</strong></span> 
     </span>
    </p>
   </div>
   <div class='ocr_carea' id='block_1_83' title="bbox 1959 2387 3535 2462">
    <p class='ocr_par' dir='ltr' id='par_1_83' title="bbox 1959 2387 3535 2462">
     <span class='ocr_line' id='line_1_83' title="bbox 1959 2387 3535 2462; baseline -0.001 -16"><span class='ocrx_word' id='word_1_613' title='bbox 1959 2399 2162 2455; x_wconf 85' lang='lat' dir='ltr'><strong>tantur,</strong></span> <span class='ocrx_word' id='word_1_614' title='bbox 2197 2407 2332 2446; x_wconf 89' lang='lat' dir='ltr'><strong>unus</strong></span> <span class='ocrx_word' id='word_1_615' title='bbox 2359 2408 2419 2445; x_wconf 75' lang='lat' dir='ltr'><strong>ex</strong></span> <span class='ocrx_word' id='word_1_616' title='bbox 2462 2387 2691 2457; x_wconf 64' lang='lat' dir='ltr'><strong>ludatis,</strong></span> <span class='ocrx_word' id='word_1_617' title='bbox 2722 2391 2856 2445; x_wconf 89' lang='lat' dir='ltr'><strong>alius</strong></span> <span class='ocrx_word' id='word_1_618' title='bbox 2885 2407 2946 2445; x_wconf 75' lang='lat' dir='ltr'><strong>ex</strong></span> <span class='ocrx_word' id='word_1_619' title='bbox 2982 2388 3274 2454; x_wconf 69' lang='lat' dir='ltr'><strong>fictilibus,</strong></span> <span class='ocrx_word' id='word_1_620' title='bbox 3301 2393 3535 2462; x_wconf 81' lang='lat' dir='ltr'><strong>angulari</strong></span> 
     </span>
    </p>
   </div>
   <div class='ocr_carea' id='block_1_84' title="bbox 1961 2483 3538 2554">
    <p class='ocr_par' dir='ltr' id='par_1_84' title="bbox 1961 2483 3538 2554">
     <span class='ocr_line' id='line_1_84' title="bbox 1961 2483 3538 2554; baseline 0.003 -18"><span class='ocrx_word' id='word_1_621' title='bbox 1961 2483 2120 2554; x_wconf 84' lang='lat' dir='ltr'><strong>lapidi</strong></span> <span class='ocrx_word' id='word_1_622' title='bbox 2163 2483 2518 2548; x_wconf 67' lang='lat' dir='ltr'><strong>cobatrendo,</strong></span> <span class='ocrx_word' id='word_1_623' title='bbox 2571 2493 2842 2538; x_wconf 84' lang='lat' dir='ltr'><strong>servantes</strong></span> <span class='ocrx_word' id='word_1_624' title='bbox 2893 2485 3144 2538; x_wconf 71' lang='lat' dir='ltr'><strong>unitatem</strong></span> <span class='ocrx_word' id='word_1_625' title='bbox 3203 2485 3424 2554; x_wconf 82' lang='lat' dir='ltr'><strong>spiritus</strong></span> <span class='ocrx_word' id='word_1_626' title='bbox 3487 2485 3538 2540; x_wconf 92' lang='lat' dir='ltr'><strong>in</strong></span> 
     </span>
    </p>
   </div>
   <div class='ocr_carea' id='block_1_85' title="bbox 1960 2572 3538 2648">
    <p class='ocr_par' dir='ltr' id='par_1_85' title="bbox 1960 2572 3538 2648">
     <span class='ocr_line' id='line_1_85' title="bbox 1960 2572 3538 2648; baseline 0 -20"><span class='ocrx_word' id='word_1_627' title='bbox 1960 2577 2172 2630; x_wconf 81' lang='lat' dir='ltr'><strong>vinculo</strong></span> <span class='ocrx_word' id='word_1_628' title='bbox 2217 2575 2360 2644; x_wconf 88' lang='lat' dir='ltr'><strong>pacis</strong></span> <span class='ocrx_word' id='word_1_629' title='bbox 2401 2573 2613 2646; x_wconf 66' lang='lat' dir='ltr'><strong>(Epiros.</strong></span> <span class='ocrx_word' id='word_1_630' title='bbox 2643 2572 2836 2648; x_wconf 78' lang='lat' dir='ltr'><strong>tv,3);</strong></span> <span class='ocrx_word' id='word_1_631' title='bbox 2883 2591 2986 2636; x_wconf 84' lang='lat' dir='ltr'><strong>non</strong></span> <span class='ocrx_word' id='word_1_632' title='bbox 3031 2574 3264 2630; x_wconf 86' lang='lat' dir='ltr'><strong>offendat</strong></span> <span class='ocrx_word' id='word_1_633' title='bbox 3307 2575 3538 2630; x_wconf 88' lang='lat' dir='ltr'><strong>aniunun</strong></span> 
     </span>
    </p>
   </div>
   <div class='ocr_carea' id='block_1_86' title="bbox 1961 2667 3541 2740">
    <p class='ocr_par' dir='ltr' id='par_1_86' title="bbox 1961 2667 3541 2740">
     <span class='ocr_line' id='line_1_86' title="bbox 1961 2667 3541 2740; baseline -0.003 -14"><span class='ocrx_word' id='word_1_634' title='bbox 1961 2670 2306 2740; x_wconf 84' lang='lat' dir='ltr'><strong>reproborum</strong></span> <span class='ocrx_word' id='word_1_635' title='bbox 2334 2668 2616 2724; x_wconf 85' lang='lat' dir='ltr'><strong>multitudo</strong></span> <span class='ocrx_word' id='word_1_636' title='bbox 2647 2667 2982 2732; x_wconf 79' lang='lat' dir='ltr'><strong>Judzeorum,</strong></span> <span class='ocrx_word' id='word_1_637' title='bbox 3016 2668 3065 2720; x_wconf 90' lang='lat' dir='ltr'><strong>in</strong></span> <span class='ocrx_word' id='word_1_638' title='bbox 3097 2667 3288 2738; x_wconf 88' lang='lat' dir='ltr'><strong>quibus</strong></span> <span class='ocrx_word' id='word_1_639' title='bbox 3336 2667 3541 2722; x_wconf 87' lang='lat' dir='ltr'><strong>fuerunt</strong></span> 
     </span>
    </p>
   </div>
   <div class='ocr_carea' id='block_1_87' title="bbox 1964 2758 3538 2828">
    <p class='ocr_par' dir='ltr' id='par_1_87' title="bbox 1964 2758 3538 2828">
     <span class='ocr_line' id='line_1_87' title="bbox 1964 2758 3538 2828; baseline -0.007 -11"><span class='ocrx_word' id='word_1_640' title='bbox 1964 2759 2314 2827; x_wconf 77' lang='lat' dir='ltr'><strong>aedificantes,</strong></span> <span class='ocrx_word' id='word_1_641' title='bbox 2357 2761 2407 2816; x_wconf 91' lang='lat' dir='ltr'><strong>id</strong></span> <span class='ocrx_word' id='word_1_642' title='bbox 2434 2771 2547 2826; x_wconf 90' lang='lat' dir='ltr'><strong>est,</strong></span> <span class='ocrx_word' id='word_1_643' title='bbox 2595 2760 2832 2816; x_wconf 88' lang='lat' dir='ltr'><strong>volentes</strong></span> <span class='ocrx_word' id='word_1_644' title='bbox 2874 2774 2993 2814; x_wconf 65' lang='lat' dir='ltr'><strong>esse</strong></span> <span class='ocrx_word' id='word_1_645' title='bbox 3045 2758 3200 2828; x_wconf 74' lang='lat' dir='ltr'><strong>Lrgis</strong></span> <span class='ocrx_word' id='word_1_646' title='bbox 3248 2759 3538 2813; x_wconf 68' lang='lat' dir='ltr'><strong>doctores:</strong></span> 
     </span>
    </p>
   </div>
   <div class='ocr_carea' id='block_1_88' title="bbox 1964 2850 3544 2926">
    <p class='ocr_par' dir='ltr' id='par_1_88' title="bbox 1964 2850 3544 2926">
     <span class='ocr_line' id='line_1_88' title="bbox 1964 2850 3544 2926; baseline -0.004 -17"><span class='ocrx_word' id='word_1_647' title='bbox 1964 2856 2058 2910; x_wconf 75' lang='lat' dir='ltr'><strong>Sed</strong></span> <span class='ocrx_word' id='word_1_648' title='bbox 2100 2851 2285 2926; x_wconf 86' lang='lat' dir='ltr'><strong>quales</strong></span> <span class='ocrx_word' id='word_1_649' title='bbox 2309 2854 2437 2909; x_wconf 84' lang='lat' dir='ltr'><strong>dicit</strong></span> <span class='ocrx_word' id='word_1_650' title='bbox 2479 2853 2798 2923; x_wconf 81' lang='lat' dir='ltr'><strong>Apostolus,</strong></span> <span class='ocrx_word' id='word_1_651' title='bbox 2847 2850 2965 2906; x_wconf 83' lang='lat' dir='ltr'><strong>Non</strong></span> <span class='ocrx_word' id='word_1_652' title='bbox 3018 2851 3349 2920; x_wconf 69' lang='lat' dir='ltr'><strong>intilligentes</strong></span> <span class='ocrx_word' id='word_1_653' title='bbox 3390 2866 3544 2918; x_wconf 79' lang='lat' dir='ltr'><strong>neque</strong></span> 
     </span>
    </p>
   </div>
   <div class='ocr_carea' id='block_1_89' title="bbox 1966 2941 3541 3018">
    <p class='ocr_par' dir='ltr' id='par_1_89' title="bbox 1966 2941 3541 3018">
     <span class='ocr_line' id='line_1_89' title="bbox 1966 2941 3541 3018; baseline -0.007 -15"><span class='ocrx_word' id='word_1_654' title='bbox 1966 2965 2079 3018; x_wconf 71' lang='lat' dir='ltr'><strong>qua:</strong></span> <span class='ocrx_word' id='word_1_655' title='bbox 2104 2947 2402 3014; x_wconf 81' lang='lat' dir='ltr'><strong>loquuntur,</strong></span> <span class='ocrx_word' id='word_1_656' title='bbox 2425 2962 2581 3018; x_wconf 76' lang='lat' dir='ltr'><strong>neque</strong></span> <span class='ocrx_word' id='word_1_657' title='bbox 2607 2945 2672 2999; x_wconf 81' lang='lat' dir='ltr'><strong>de</strong></span> <span class='ocrx_word' id='word_1_658' title='bbox 2695 2945 2872 3016; x_wconf 85' lang='lat' dir='ltr'><strong>quibus</strong></span> <span class='ocrx_word' id='word_1_659' title='bbox 2901 2943 3149 3015; x_wconf 67' lang='lat' dir='ltr'><strong>aﬂirmaut</strong></span> <span class='ocrx_word' id='word_1_660' title='bbox 3172 2941 3209 3014; x_wconf 93' lang='lat' dir='ltr'><strong>(l</strong></span> <span class='ocrx_word' id='word_1_661' title='bbox 3229 2941 3364 2995; x_wconf 86' lang='lat' dir='ltr'><strong>Tim.</strong></span> <span class='ocrx_word' id='word_1_662' title='bbox 3399 2943 3446 3008; x_wconf 87' lang='lat' dir='ltr'><strong>l,</strong></span> <span class='ocrx_word' id='word_1_663' title='bbox 3467 2941 3541 3010; x_wconf 84' lang='lat'><strong>7).</strong></span> 
     </span>
    </p>
   </div>
   <div class='ocr_carea' id='block_1_90' title="bbox 1970 3033 3545 3124">
    <p class='ocr_par' dir='ltr' id='par_1_90' title="bbox 1970 3033 3545 3124">
     <span class='ocr_line' id='line_1_90' title="bbox 1970 3033 3545 3124; baseline -0.005 -31"><span class='ocrx_word' id='word_1_664' title='bbox 1970 3040 2071 3093; x_wconf 79' lang='lat' dir='ltr'><strong>Per</strong></span> <span class='ocrx_word' id='word_1_665' title='bbox 2103 3037 2240 3124; x_wconf 66' lang='lat' dir='ltr'><strong>hapc</strong></span> <span class='ocrx_word' id='word_1_666' title='bbox 2277 3038 2419 3092; x_wconf 90' lang='lat' dir='ltr'><strong>enim</strong></span> <span class='ocrx_word' id='word_1_667' title='bbox 2462 3036 2657 3092; x_wconf 90' lang='lat' dir='ltr'><strong>mentis</strong></span> <span class='ocrx_word' id='word_1_668' title='bbox 2684 3036 2974 3090; x_wconf 77' lang='lat' dir='ltr'><strong>czecitatem</strong></span> <span class='ocrx_word' id='word_1_669' title='bbox 2996 3075 3010 3098; x_wconf 95' lang='lat'><strong>,</strong></span> <span class='ocrx_word' id='word_1_670' title='bbox 3040 3033 3268 3103; x_wconf 87' lang='lat' dir='ltr'><strong>lapidem</strong></span> <span class='ocrx_word' id='word_1_671' title='bbox 3297 3033 3545 3103; x_wconf 61' lang='lat' dir='ltr'><strong>reproba-</strong></span> 
     </span>
    </p>
   </div>
   <div class='ocr_carea' id='block_1_91' title="bbox 1969 3122 3544 3198">
    <p class='ocr_par' dir='ltr' id='par_1_91' title="bbox 1969 3122 3544 3198">
     <span class='ocr_line' id='line_1_91' title="bbox 1969 3122 3544 3198; baseline -0.003 -17"><span class='ocrx_word' id='word_1_672' title='bbox 1969 3139 2155 3184; x_wconf 85' lang='lat' dir='ltr'><strong>verunt</strong></span> <span class='ocrx_word' id='word_1_673' title='bbox 2172 3122 2195 3192; x_wconf 68' lang='grc'><strong>,“</strong></span> <span class='ocrx_word' id='word_1_674' title='bbox 2216 3127 2303 3198; x_wconf 92' lang='lat' dir='ltr'><strong>qui</strong></span> <span class='ocrx_word' id='word_1_675' title='bbox 2324 3127 2490 3180; x_wconf 88' lang='lat' dir='ltr'><strong>factus</strong></span> <span class='ocrx_word' id='word_1_676' title='bbox 2510 3126 2658 3180; x_wconf 90' lang='lat' dir='ltr'><strong>estin</strong></span> <span class='ocrx_word' id='word_1_677' title='bbox 2679 3134 2836 3194; x_wconf 89' lang='lat' dir='ltr'><strong>caput</strong></span> <span class='ocrx_word' id='word_1_678' title='bbox 2855 3124 3028 3194; x_wconf 80' lang='lat' dir='ltr'><strong>anguli</strong></span> <span class='ocrx_word' id='word_1_679' title='bbox 3050 3123 3219 3195; x_wconf 82' lang='lat' dir='ltr'><strong>(Psat.</strong></span> <span class='ocrx_word' id='word_1_680' title='bbox 3238 3139 3380 3180; x_wconf 82' lang='lat' dir='ltr'><strong>cxvu</strong></span> <span class='ocrx_word' id='word_1_681' title='bbox 3401 3122 3544 3191; x_wconf 72' lang='grc'><strong>⁹2-2).</strong></span> 
     </span>
    </p>
   </div>
   <div class='ocr_carea' id='block_1_92' title="bbox 1969 3213 3547 3284">
    <p class='ocr_par' dir='ltr' id='par_1_92' title="bbox 1969 3213 3547 3284">
     <span class='ocr_line' id='line_1_92' title="bbox 1969 3213 3547 3284; baseline -0.006 -10"><span class='ocrx_word' id='word_1_682' title='bbox 1969 3213 2072 3274; x_wconf 76' lang='lat' dir='ltr'><strong>Sed</strong></span> <span class='ocrx_word' id='word_1_683' title='bbox 2104 3234 2208 3272; x_wconf 81' lang='lat' dir='ltr'><strong>non</strong></span> <span class='ocrx_word' id='word_1_684' title='bbox 2253 3219 2402 3273; x_wconf 86' lang='lat' dir='ltr'><strong>fieret</strong></span> <span class='ocrx_word' id='word_1_685' title='bbox 2433 3217 2484 3270; x_wconf 93' lang='lat' dir='ltr'><strong>in</strong></span> <span class='ocrx_word' id='word_1_686' title='bbox 2514 3223 2673 3284; x_wconf 87' lang='lat' dir='ltr'><strong>caput</strong></span> <span class='ocrx_word' id='word_1_687' title='bbox 2700 3215 2908 3284; x_wconf 78' lang='lat' dir='ltr'><strong>anguli,</strong></span> <span class='ocrx_word' id='word_1_688' title='bbox 2945 3215 3044 3269; x_wconf 89' lang='lat' dir='ltr'><strong>nisi</strong></span> <span class='ocrx_word' id='word_1_689' title='bbox 3085 3213 3292 3268; x_wconf 89' lang='lat' dir='ltr'><strong>duobus</strong></span> <span class='ocrx_word' id='word_1_690' title='bbox 3345 3215 3547 3284; x_wconf 75' lang='lat' dir='ltr'><strong>populis</strong></span> 
     </span>
    </p>
   </div>
   <div class='ocr_carea' id='block_1_93' title="bbox 1971 3306 3549 3375">
    <p class='ocr_par' dir='ltr' id='par_1_93' title="bbox 1971 3306 3549 3375">
     <span class='ocr_line' id='line_1_93' title="bbox 1971 3306 3549 3375; baseline -0.002 -12"><span class='ocrx_word' id='word_1_691' title='bbox 1971 3311 2036 3366; x_wconf 85' lang='lat' dir='ltr'><strong>de</strong></span> <span class='ocrx_word' id='word_1_692' title='bbox 2087 3309 2299 3364; x_wconf 88' lang='lat' dir='ltr'><strong>diverso</strong></span> <span class='ocrx_word' id='word_1_693' title='bbox 2337 3307 2670 3362; x_wconf 89' lang='lat' dir='ltr'><strong>venientilms</strong></span> <span class='ocrx_word' id='word_1_694' title='bbox 2719 3308 2978 3371; x_wconf 64' lang='lat' dir='ltr'><strong>DI‘iBlK&#39;l‘Cl</strong></span> <span class='ocrx_word' id='word_1_695' title='bbox 3023 3307 3330 3374; x_wconf 87' lang='lat' dir='ltr'><strong>pacificam,</strong></span> <span class='ocrx_word' id='word_1_696' title='bbox 3381 3306 3549 3375; x_wconf 77' lang='lat' dir='ltr'><strong>gratia</strong></span> 
     </span>
    </p>
   </div>
   <div class='ocr_carea' id='block_1_94' title="bbox 1958 3395 3549 3472">
    <p class='ocr_par' dir='ltr' id='par_1_94' title="bbox 1958 3395 3549 3472">
     <span class='ocr_line' id='line_1_94' title="bbox 1958 3395 3549 3472; baseline -0.008 -14"><span class='ocrx_word' id='word_1_697' title='bbox 1958 3404 2280 3472; x_wconf 70' lang='lat' dir='ltr'><strong>‘copulantc,</strong></span> <span class='ocrx_word' id='word_1_698' title='bbox 2315 3401 2638 3468; x_wconf 88' lang='lat' dir='ltr'><strong>juncturam.</strong></span> <span class='ocrx_word' id='word_1_699' title='bbox 2673 3397 2786 3451; x_wconf 78' lang='lat' dir='ltr'><strong>Non</strong></span> <span class='ocrx_word' id='word_1_700' title='bbox 2817 3413 2944 3465; x_wconf 81' lang='lat' dir='ltr'><strong>ergo</strong></span> <span class='ocrx_word' id='word_1_701' title='bbox 2980 3397 3349 3465; x_wconf 84' lang='lat' dir='ltr'><strong>eogiteuturin</strong></span> <span class='ocrx_word' id='word_1_702' title='bbox 3385 3395 3549 3448; x_wconf 73' lang='lat' dir='ltr'><strong>Israe-</strong></span> 
     </span>
    </p>
   </div>
   <div class='ocr_carea' id='block_1_95' title="bbox 1975 3485 3546 3563">
    <p class='ocr_par' dir='ltr' id='par_1_95' title="bbox 1975 3485 3546 3563">
     <span class='ocr_line' id='line_1_95' title="bbox 1975 3485 3546 3563; baseline -0.005 -17"><span class='ocrx_word' id='word_1_703' title='bbox 1975 3495 2116 3547; x_wconf 89' lang='lat' dir='ltr'><strong>litico</strong></span> <span class='ocrx_word' id='word_1_704' title='bbox 2158 3492 2360 3563; x_wconf 77' lang='lat' dir='ltr'><strong>pariete</strong></span> <span class='ocrx_word' id='word_1_705' title='bbox 2409 3499 2774 3560; x_wconf 82' lang='lat' dir='ltr'><strong>persecutores</strong></span> <span class='ocrx_word' id='word_1_706' title='bbox 2803 3499 2856 3544; x_wconf 86' lang='lat' dir='ltr'><strong>et</strong></span> <span class='ocrx_word' id='word_1_707' title='bbox 2905 3486 3278 3542; x_wconf 79' lang='lat' dir='ltr'><strong>interfectores</strong></span> <span class='ocrx_word' id='word_1_708' title='bbox 3315 3485 3546 3549; x_wconf 86' lang='lat' dir='ltr'><strong>Christi,</strong></span> 
     </span>
    </p>
   </div>
   <div class='ocr_carea' id='block_1_96' title="bbox 1972 3579 3547 3653">
    <p class='ocr_par' dir='ltr' id='par_1_96' title="bbox 1972 3579 3547 3653">
     <span class='ocr_line' id='line_1_96' title="bbox 1972 3579 3547 3653; baseline -0.007 -13"><span class='ocrx_word' id='word_1_709' title='bbox 1972 3586 2121 3652; x_wconf 87' lang='lat' dir='ltr'><strong>quasi</strong></span> <span class='ocrx_word' id='word_1_710' title='bbox 2151 3586 2318 3653; x_wconf 80' lang='lat' dir='ltr'><strong>legem</strong></span> <span class='ocrx_word' id='word_1_711' title='bbox 2345 3583 2668 3635; x_wconf 83' lang='lat' dir='ltr'><strong>:edificantcs</strong></span> <span class='ocrx_word' id='word_1_712' title='bbox 2693 3591 2747 3634; x_wconf 94' lang='lat' dir='ltr'><strong>et</strong></span> <span class='ocrx_word' id='word_1_713' title='bbox 2785 3579 2940 3633; x_wconf 87' lang='lat' dir='ltr'><strong>fidem</strong></span> <span class='ocrx_word' id='word_1_714' title='bbox 2989 3579 3354 3642; x_wconf 83' lang='lat' dir='ltr'><strong>destruentes,</strong></span> <span class='ocrx_word' id='word_1_715' title='bbox 3382 3595 3547 3648; x_wconf 83' lang='lat' dir='ltr'><strong>angu-</strong></span> 
     </span>
    </p>
   </div>
   <div class='ocr_carea' id='block_1_97' title="bbox 1973 3670 3550 3742">
    <p class='ocr_par' dir='ltr' id='par_1_97' title="bbox 1973 3670 3550 3742">
     <span class='ocr_line' id='line_1_97' title="bbox 1973 3670 3550 3742; baseline -0.006 -11"><span class='ocrx_word' id='word_1_716' title='bbox 1973 3678 2136 3731; x_wconf 82' lang='lat' dir='ltr'><strong>larem</strong></span> <span class='ocrx_word' id='word_1_717' title='bbox 2166 3673 2390 3742; x_wconf 86' lang='lat' dir='ltr'><strong>lapidem</strong></span> <span class='ocrx_word' id='word_1_718' title='bbox 2419 3672 2764 3742; x_wconf 85' lang='lat' dir='ltr'><strong>reprobautes</strong></span> <span class='ocrx_word' id='word_1_719' title='bbox 2792 3682 2846 3725; x_wconf 89' lang='lat' dir='ltr'><strong>et</strong></span> <span class='ocrx_word' id='word_1_720' title='bbox 2873 3671 3306 3724; x_wconf 66' lang='lat' dir='ltr'><strong>ruinam&#39;civitati</strong></span> <span class='ocrx_word' id='word_1_721' title='bbox 3344 3670 3550 3726; x_wconf 72' lang='lat' dir='ltr'><strong>miserae</strong></span> 
     </span>
    </p>
   </div>
   <div class='ocr_carea' id='block_1_98' title="bbox 1976 3759 3552 3832">
    <p class='ocr_par' dir='ltr' id='par_1_98' title="bbox 1976 3759 3552 3832">
     <span class='ocr_line' id='line_1_98' title="bbox 1976 3759 3552 3832; baseline -0.006 -11"><span class='ocrx_word' id='word_1_722' title='bbox 1976 3768 2312 3821; x_wconf 86' lang='lat' dir='ltr'><strong>fabricantes.</strong></span> <span class='ocrx_word' id='word_1_723' title='bbox 2338 3763 2447 3818; x_wconf 81' lang='lat' dir='ltr'><strong>Nec</strong></span> <span class='ocrx_word' id='word_1_724' title='bbox 2475 3763 2570 3818; x_wconf 78' lang='lat' dir='ltr'><strong>ista</strong></span> <span class='ocrx_word' id='word_1_725' title='bbox 2594 3762 2666 3816; x_wconf 88' lang='lat' dir='ltr'><strong>ibi</strong></span> <span class='ocrx_word' id='word_1_726' title='bbox 2687 3761 2944 3832; x_wconf 77' lang='lat' dir='ltr'><strong>cogitetur</strong></span> <span class='ocrx_word' id='word_1_727' title='bbox 2964 3761 3318 3816; x_wconf 85' lang='lat' dir='ltr'><strong>numerositas</strong></span> <span class='ocrx_word' id='word_1_728' title='bbox 3340 3759 3552 3816; x_wconf 65' lang='lat' dir='ltr'><strong>Judaeu-</strong></span> 
     </span>
    </p>
   </div>
   <div class='ocr_carea' id='block_1_99' title="bbox 1977 3852 3552 3926">
    <p class='ocr_par' dir='ltr' id='par_1_99' title="bbox 1977 3852 3552 3926">
     <span class='ocr_line' id='line_1_99' title="bbox 1977 3852 3552 3926; baseline -0.004 -13"><span class='ocrx_word' id='word_1_729' title='bbox 1977 3874 2091 3912; x_wconf 88' lang='lat' dir='ltr'><strong>rum</strong></span> <span class='ocrx_word' id='word_1_730' title='bbox 2139 3856 2376 3926; x_wconf 73' lang='lat' dir='ltr'><strong>dispersa</strong></span> <span class='ocrx_word' id='word_1_731' title='bbox 2409 3870 2502 3923; x_wconf 90' lang='lat' dir='ltr'><strong>per</strong></span> <span class='ocrx_word' id='word_1_732' title='bbox 2535 3863 2734 3914; x_wconf 84' lang='lat' dir='ltr'><strong>terras,</strong></span> <span class='ocrx_word' id='word_1_733' title='bbox 2766 3853 2830 3906; x_wconf 89' lang='lat' dir='ltr'><strong>ad</strong></span> <span class='ocrx_word' id='word_1_734' title='bbox 2883 3852 3214 3916; x_wconf 85' lang='lat' dir='ltr'><strong>divinarum,</strong></span> <span class='ocrx_word' id='word_1_735' title='bbox 3281 3867 3416 3922; x_wconf 87' lang='lat' dir='ltr'><strong>quas</strong></span> <span class='ocrx_word' id='word_1_736' title='bbox 3463 3869 3552 3906; x_wconf 84' lang='lat' dir='ltr'><strong>ne-</strong></span> 
     </span>
    </p>
   </div>
   <div class='ocr_carea' id='block_1_100' title="bbox 1975 3945 3552 4017">
    <p class='ocr_par' dir='ltr' id='par_1_100' title="bbox 1975 3945 3552 4017">
     <span class='ocr_line' id='line_1_100' title="bbox 1975 3945 3552 4017; baseline -0.002 -16"><span class='ocrx_word' id='word_1_737' title='bbox 1975 3951 2202 4004; x_wconf 82' lang='lat' dir='ltr'><strong>scientes</strong></span> <span class='ocrx_word' id='word_1_738' title='bbox 2239 3948 2431 4017; x_wconf 88' lang='lat' dir='ltr'><strong>ubique</strong></span> <span class='ocrx_word' id='word_1_739' title='bbox 2463 3955 2692 4016; x_wconf 89' lang='lat' dir='ltr'><strong>portant,</strong></span> <span class='ocrx_word' id='word_1_740' title='bbox 2715 3945 3073 4000; x_wconf 85' lang='lat' dir='ltr'><strong>testimonium</strong></span> <span class='ocrx_word' id='word_1_741' title='bbox 3129 3945 3464 4000; x_wconf 88' lang='lat' dir='ltr'><strong>Litterarum.</strong></span> <span class='ocrx_word' id='word_1_742' title='bbox 3497 3945 3552 4000; x_wconf 92' lang='lat' dir='ltr'><strong>In</strong></span> 
     </span>
    </p>
   </div>
   <div class='ocr_carea' id='block_1_101' title="bbox 1978 4034 3553 4096">
    <p class='ocr_par' dir='ltr' id='par_1_101' title="bbox 1978 4034 3553 4096">
     <span class='ocr_line' id='line_1_101' title="bbox 1978 4034 3553 4096; baseline -0.002 -4"><span class='ocrx_word' id='word_1_743' title='bbox 1978 4039 2061 4094; x_wconf 91' lang='lat' dir='ltr'><strong>bis</strong></span> <span class='ocrx_word' id='word_1_744' title='bbox 2097 4039 2236 4092; x_wconf 87' lang='lat' dir='ltr'><strong>enim</strong></span> <span class='ocrx_word' id='word_1_745' title='bbox 2282 4037 2542 4091; x_wconf 89' lang='lat' dir='ltr'><strong>claudicat</strong></span> <span class='ocrx_word' id='word_1_746' title='bbox 2585 4035 2776 4096; x_wconf 84' lang='lat' dir='ltr'><strong>Jacob,</strong></span> <span class='ocrx_word' id='word_1_747' title='bbox 2820 4035 2903 4089; x_wconf 88' lang='lat' dir='ltr'><strong>cui</strong></span> <span class='ocrx_word' id='word_1_748' title='bbox 2933 4045 3066 4089; x_wconf 88' lang='lat' dir='ltr'><strong>tacta</strong></span> <span class='ocrx_word' id='word_1_749' title='bbox 3117 4045 3170 4090; x_wconf 91' lang='lat' dir='ltr'><strong>et</strong></span> <span class='ocrx_word' id='word_1_750' title='bbox 3203 4034 3434 4089; x_wconf 86' lang='lat' dir='ltr'><strong>arefacta</strong></span> <span class='ocrx_word' id='word_1_751' title='bbox 3476 4035 3553 4090; x_wconf 86' lang='lat' dir='ltr'><strong>fe-</strong></span> 
     </span>
    </p>
   </div>
   <div class='ocr_carea' id='block_1_102' title="bbox 1979 4123 3555 4202">
    <p class='ocr_par' dir='ltr' id='par_1_102' title="bbox 1979 4123 3555 4202">
     <span class='ocr_line' id='line_1_102' title="bbox 1979 4123 3555 4202; baseline -0.003 -19"><span class='ocrx_word' id='word_1_752' title='bbox 1979 4129 2141 4184; x_wconf 83' lang='lat' dir='ltr'><strong>moris</strong></span> <span class='ocrx_word' id='word_1_753' title='bbox 2165 4128 2385 4183; x_wconf 86' lang='lat' dir='ltr'><strong>latitudo</strong></span> <span class='ocrx_word' id='word_1_754' title='bbox 2432 4127 2581 4199; x_wconf 77' lang='lat' dir='ltr'><strong>(Gen.</strong></span> <span class='ocrx_word' id='word_1_755' title='bbox 2611 4143 2788 4192; x_wconf 79' lang='lat' dir='ltr'><strong>xxxii,</strong></span> <span class='ocrx_word' id='word_1_756' title='bbox 2815 4126 2939 4194; x_wconf 71' lang='lat'><strong>23),</strong></span> <span class='ocrx_word' id='word_1_757' title='bbox 2983 4141 3082 4194; x_wconf 88' lang='lat' dir='ltr'><strong>qua</strong></span> <span class='ocrx_word' id='word_1_758' title='bbox 3123 4123 3504 4202; x_wconf 74' lang='lat' dir='ltr'><strong>significaretur</strong></span> <span class='ocrx_word' id='word_1_759' title='bbox 3525 4143 3555 4180; x_wconf 90' lang='lat' dir='ltr'><strong>a</strong></span> 
     </span>
    </p>
   </div>
   <div class='ocr_carea' id='block_1_103' title="bbox 1978 4213 3554 4286">
    <p class='ocr_par' dir='ltr' id='par_1_103' title="bbox 1978 4213 3554 4286">
     <span class='ocr_line' id='line_1_103' title="bbox 1978 4213 3554 4286; baseline -0.004 -13"><span class='ocrx_word' id='word_1_760' title='bbox 1978 4220 2180 4273; x_wconf 76' lang='lat' dir='ltr'><strong>seruilis</strong></span> <span class='ocrx_word' id='word_1_761' title='bbox 2207 4218 2317 4272; x_wconf 89' lang='lat' dir='ltr'><strong>suis</strong></span> <span class='ocrx_word' id='word_1_762' title='bbox 2346 4217 2652 4272; x_wconf 87' lang='lat' dir='ltr'><strong>claudicans</strong></span> <span class='ocrx_word' id='word_1_763' title='bbox 2675 4217 2888 4286; x_wconf 76' lang='lat' dir='ltr'><strong>generis</strong></span> <span class='ocrx_word' id='word_1_764' title='bbox 2932 4214 3230 4269; x_wconf 87' lang='lat' dir='ltr'><strong>multitudo.</strong></span> <span class='ocrx_word' id='word_1_765' title='bbox 3257 4213 3362 4271; x_wconf 86' lang='lat' dir='ltr'><strong>Sed</strong></span> <span class='ocrx_word' id='word_1_766' title='bbox 3391 4216 3441 4268; x_wconf 93' lang='lat' dir='ltr'><strong>in</strong></span> <span class='ocrx_word' id='word_1_767' title='bbox 3467 4232 3554 4284; x_wconf 84' lang='lat' dir='ltr'><strong>pa-</strong></span> 
     </span>
    </p>
   </div>
   <div class='ocr_carea' id='block_1_104' title="bbox 1981 4305 3555 4379">
    <p class='ocr_par' dir='ltr' id='par_1_104' title="bbox 1981 4305 3555 4379">
     <span class='ocr_line' id='line_1_104' title="bbox 1981 4305 3555 4379; baseline -0.003 -17"><span class='ocrx_word' id='word_1_768' title='bbox 1981 4311 2112 4364; x_wconf 88' lang='lat' dir='ltr'><strong>ricte</strong></span> <span class='ocrx_word' id='word_1_769' title='bbox 2158 4317 2368 4373; x_wconf 86' lang='lat' dir='ltr'><strong>sancto,</strong></span> <span class='ocrx_word' id='word_1_770' title='bbox 2401 4307 2488 4379; x_wconf 88' lang='lat' dir='ltr'><strong>qtti</strong></span> <span class='ocrx_word' id='word_1_771' title='bbox 2518 4323 2580 4362; x_wconf 72' lang='lat' dir='ltr'><strong>ex</strong></span> <span class='ocrx_word' id='word_1_772' title='bbox 2619 4308 2695 4360; x_wconf 88' lang='lat' dir='ltr'><strong>eis</strong></span> <span class='ocrx_word' id='word_1_773' title='bbox 2739 4305 2803 4360; x_wconf 90' lang='lat' dir='ltr'><strong>ad</strong></span> <span class='ocrx_word' id='word_1_774' title='bbox 2852 4321 3030 4374; x_wconf 82' lang='lat' dir='ltr'><strong>pacem</strong></span> <span class='ocrx_word' id='word_1_775' title='bbox 3071 4305 3260 4376; x_wconf 89' lang='lat' dir='ltr'><strong>lapidis</strong></span> <span class='ocrx_word' id='word_1_776' title='bbox 3287 4306 3555 4376; x_wconf 79' lang='lat' dir='ltr'><strong>angularis</strong></span> 
     </span>
    </p>
   </div>
   <div class='ocr_carea' id='block_1_105' title="bbox 1981 4396 3555 4469">
    <p class='ocr_par' dir='ltr' id='par_1_105' title="bbox 1981 4396 3555 4469">
     <span class='ocr_line' id='line_1_105' title="bbox 1981 4396 3555 4469; baseline -0.003 -15"><span class='ocrx_word' id='word_1_777' title='bbox 1981 4401 2234 4464; x_wconf 65' lang='lat' dir='ltr'><strong>accessit,</strong></span> <span class='ocrx_word' id='word_1_778' title='bbox 2273 4400 2346 4454; x_wconf 89' lang='lat' dir='ltr'><strong>illi</strong></span> <span class='ocrx_word' id='word_1_779' title='bbox 2385 4400 2679 4469; x_wconf 64' lang='lat' dir='ltr'><strong>cogitentur</strong></span> <span class='ocrx_word' id='word_1_780' title='bbox 2707 4399 2756 4451; x_wconf 93' lang='lat' dir='ltr'><strong>in</strong></span> <span class='ocrx_word' id='word_1_781' title='bbox 2793 4399 2984 4469; x_wconf 91' lang='lat' dir='ltr'><strong>quibus</strong></span> <span class='ocrx_word' id='word_1_782' title='bbox 3023 4398 3332 4452; x_wconf 85' lang='lat' dir='ltr'><strong>benedictus</strong></span> <span class='ocrx_word' id='word_1_783' title='bbox 3360 4407 3439 4452; x_wconf 86' lang='lat' dir='ltr'><strong>est</strong></span> <span class='ocrx_word' id='word_1_784' title='bbox 3464 4396 3555 4452; x_wconf 78' lang='lat' dir='ltr'><strong>Ja-</strong></span> 
     </span>
    </p>
   </div>
   <div class='ocr_carea' id='block_1_106' title="bbox 1982 4489 3554 4564">
    <p class='ocr_par' dir='ltr' id='par_1_106' title="bbox 1982 4489 3554 4564">
     <span class='ocr_line' id='line_1_106' title="bbox 1982 4489 3554 4564; baseline -0.003 -19"><span class='ocrx_word' id='word_1_785' title='bbox 1982 4495 2101 4550; x_wconf 79' lang='lat' dir='ltr'><strong>cob.</strong></span> <span class='ocrx_word' id='word_1_786' title='bbox 2142 4495 2284 4549; x_wconf 88' lang='lat' dir='ltr'><strong>ldetn</strong></span> <span class='ocrx_word' id='word_1_787' title='bbox 2331 4493 2524 4564; x_wconf 84' lang='lat' dir='ltr'><strong>quippe</strong></span> <span class='ocrx_word' id='word_1_788' title='bbox 2571 4501 2623 4544; x_wconf 90' lang='lat' dir='ltr'><strong>ct</strong></span> <span class='ocrx_word' id='word_1_789' title='bbox 2649 4491 2956 4546; x_wconf 84' lang='lat' dir='ltr'><strong>benedictus</strong></span> <span class='ocrx_word' id='word_1_790' title='bbox 2999 4502 3052 4545; x_wconf 89' lang='lat' dir='ltr'><strong>et</strong></span> <span class='ocrx_word' id='word_1_791' title='bbox 3097 4489 3358 4544; x_wconf 86' lang='lat' dir='ltr'><strong>claudus:</strong></span> <span class='ocrx_word' id='word_1_792' title='bbox 3393 4489 3554 4542; x_wconf 85' lang='lat' dir='ltr'><strong>bene-</strong></span> 
     </span>
    </p>
   </div>
   <div class='ocr_carea' id='block_1_107' title="bbox 1981 4580 3556 4650">
    <p class='ocr_par' dir='ltr' id='par_1_107' title="bbox 1981 4580 3556 4650">
     <span class='ocr_line' id='line_1_107' title="bbox 1981 4580 3556 4650; baseline -0.004 -11"><span class='ocrx_word' id='word_1_793' title='bbox 1981 4587 2152 4640; x_wconf 86' lang='lat' dir='ltr'><strong>dictus</strong></span> <span class='ocrx_word' id='word_1_794' title='bbox 2181 4586 2230 4640; x_wconf 91' lang='lat' dir='ltr'><strong>in</strong></span> <span class='ocrx_word' id='word_1_795' title='bbox 2259 4583 2629 4649; x_wconf 83' lang='lat' dir='ltr'><strong>sanctificatis,</strong></span> <span class='ocrx_word' id='word_1_796' title='bbox 2661 4582 2883 4636; x_wconf 86' lang='lat' dir='ltr'><strong>claudus</strong></span> <span class='ocrx_word' id='word_1_797' title='bbox 2927 4581 2978 4634; x_wconf 94' lang='lat' dir='ltr'><strong>in</strong></span> <span class='ocrx_word' id='word_1_798' title='bbox 3021 4581 3335 4650; x_wconf 83' lang='lat' dir='ltr'><strong>reprobatis.</strong></span> <span class='ocrx_word' id='word_1_799' title='bbox 3386 4580 3460 4634; x_wconf 91' lang='lat' dir='ltr'><strong>llli</strong></span> <span class='ocrx_word' id='word_1_800' title='bbox 3507 4581 3556 4634; x_wconf 91' lang='lat' dir='ltr'><strong>in</strong></span> 
     </span>
    </p>
   </div>
   <div class='ocr_carea' id='block_1_108' title="bbox 1984 4670 3558 4750">
    <p class='ocr_par' dir='ltr' id='par_1_108' title="bbox 1984 4670 3558 4750">
     <span class='ocr_line' id='line_1_108' title="bbox 1984 4670 3558 4750; baseline -0.003 -20"><span class='ocrx_word' id='word_1_801' title='bbox 1984 4681 2084 4733; x_wconf 88' lang='lat' dir='ltr'><strong>isto</strong></span> <span class='ocrx_word' id='word_1_802' title='bbox 2111 4679 2312 4750; x_wconf 88' lang='lat' dir='ltr'><strong>pariete</strong></span> <span class='ocrx_word' id='word_1_803' title='bbox 2357 4677 2672 4746; x_wconf 82' lang='lat' dir='ltr'><strong>cegitcntur,</strong></span> <span class='ocrx_word' id='word_1_804' title='bbox 2726 4688 2949 4744; x_wconf 89' lang='lat' dir='ltr'><strong>quormn</strong></span> <span class='ocrx_word' id='word_1_805' title='bbox 2999 4670 3316 4726; x_wconf 82' lang='lat' dir='ltr'><strong>abundantia</strong></span> <span class='ocrx_word' id='word_1_806' title='bbox 3363 4687 3558 4741; x_wconf 69' lang='lat' dir='ltr'><strong>prame-</strong></span> 
     </span>
    </p>
   </div>
   <div class='ocr_carea' id='block_1_109' title="bbox 1983 4761 3558 4837">
    <p class='ocr_par' dir='ltr' id='par_1_109' title="bbox 1983 4761 3558 4837">
     <span class='ocr_line' id='line_1_109' title="bbox 1983 4761 3558 4837; baseline -0.001 -18"><span class='ocrx_word' id='word_1_807' title='bbox 1983 4770 2140 4823; x_wconf 86' lang='lat' dir='ltr'><strong>debat</strong></span> <span class='ocrx_word' id='word_1_808' title='bbox 2183 4778 2234 4823; x_wconf 90' lang='lat' dir='ltr'><strong>et</strong></span> <span class='ocrx_word' id='word_1_809' title='bbox 2277 4767 2596 4837; x_wconf 84' lang='lat' dir='ltr'><strong>sequebatur</strong></span> <span class='ocrx_word' id='word_1_810' title='bbox 2641 4764 2864 4819; x_wconf 86' lang='lat' dir='ltr'><strong>asellum</strong></span> <span class='ocrx_word' id='word_1_811' title='bbox 2911 4761 3230 4826; x_wconf 86' lang='lat' dir='ltr'><strong>Salvatoris,</strong></span> <span class='ocrx_word' id='word_1_812' title='bbox 3272 4761 3508 4815; x_wconf 86' lang='lat' dir='ltr'><strong>clamans</strong></span> <span class='ocrx_word' id='word_1_813' title='bbox 3542 4777 3558 4817; x_wconf 89' lang='lat'><strong>:</strong></span> 
     </span>
    </p>
   </div>
   <div class='ocr_carea' id='block_1_110' title="bbox 1984 4847 3558 4926">
    <p class='ocr_par' dir='ltr' id='par_1_110' title="bbox 1984 4847 3558 4926">
     <span class='ocr_line' id='line_1_110' title="bbox 1984 4847 3558 4926; baseline -0.006 -15"><span class='ocrx_word' id='word_1_814' title='bbox 1984 4858 2279 4912; x_wconf 75' lang='lat' dir='ltr'><strong>Benedictus</strong></span> <span class='ocrx_word' id='word_1_815' title='bbox 2307 4857 2393 4926; x_wconf 87' lang='lat' dir='ltr'><strong>qui</strong></span> <span class='ocrx_word' id='word_1_816' title='bbox 2413 4857 2538 4908; x_wconf 80' lang='lat' dir='ltr'><strong>venit</strong></span> <span class='ocrx_word' id='word_1_817' title='bbox 2566 4855 2614 4906; x_wconf 90' lang='lat' dir='ltr'><strong>in</strong></span> <span class='ocrx_word' id='word_1_818' title='bbox 2642 4853 2842 4906; x_wconf 85' lang='lat' dir='ltr'><strong>nomine</strong></span> <span class='ocrx_word' id='word_1_819' title='bbox 2863 4849 3065 4903; x_wconf 81' lang='lat' dir='ltr'><strong>Domini</strong></span> <span class='ocrx_word' id='word_1_820' title='bbox 3089 4849 3301 4919; x_wconf 70' lang='lat' dir='ltr'><strong>(Matth.</strong></span> <span class='ocrx_word' id='word_1_821' title='bbox 3329 4865 3421 4902; x_wconf 67' lang='lat' dir='ltr'><strong>XXI</strong></span> <span class='ocrx_word' id='word_1_822' title='bbox 3439 4890 3454 4913; x_wconf 88' lang='lat'><strong>,</strong></span> <span class='ocrx_word' id='word_1_823' title='bbox 3478 4847 3558 4920; x_wconf 87' lang='lat'><strong>9).</strong></span> 
     </span>
    </p>
   </div>
   <div class='ocr_carea' id='block_1_111' title="bbox 1984 4939 3558 5017">
    <p class='ocr_par' dir='ltr' id='par_1_111' title="bbox 1984 4939 3558 5017">
     <span class='ocr_line' id='line_1_111' title="bbox 1984 4939 3558 5017; baseline -0.008 -14"><span class='ocrx_word' id='word_1_824' title='bbox 1984 4949 2060 5003; x_wconf 85' lang='lat' dir='ltr'><strong>llli</strong></span> <span class='ocrx_word' id='word_1_825' title='bbox 2100 4948 2397 5017; x_wconf 80' lang='lat' dir='ltr'><strong>cogitentur</strong></span> <span class='ocrx_word' id='word_1_826' title='bbox 2439 4945 2526 5014; x_wconf 90' lang='lat' dir='ltr'><strong>qui</strong></span> <span class='ocrx_word' id='word_1_827' title='bbox 2557 4942 2800 5010; x_wconf 71' lang='lat' dir='ltr'><strong>discipuli</strong></span> <span class='ocrx_word' id='word_1_828' title='bbox 2835 4939 2956 4995; x_wconf 87' lang='lat' dir='ltr'><strong>inde</strong></span> <span class='ocrx_word' id='word_1_829' title='bbox 3001 4939 3189 5002; x_wconf 85' lang='lat' dir='ltr'><strong>electi,</strong></span> <span class='ocrx_word' id='word_1_830' title='bbox 3229 4949 3283 4992; x_wconf 89' lang='lat' dir='ltr'><strong>et</strong></span> <span class='ocrx_word' id='word_1_831' title='bbox 3331 4939 3558 5006; x_wconf 77' lang='lat' dir='ltr'><strong>apostoli</strong></span> 
     </span>
    </p>
   </div>
   <div class='ocr_carea' id='block_1_112' title="bbox 1986 5027 3560 5104">
    <p class='ocr_par' dir='ltr' id='par_1_112' title="bbox 1986 5027 3560 5104">
     <span class='ocr_line' id='line_1_112' title="bbox 1986 5027 3560 5104; baseline -0.01 -10"><span class='ocrx_word' id='word_1_832' title='bbox 1986 5041 2106 5094; x_wconf 84' lang='lat' dir='ltr'><strong>facti</strong></span> <span class='ocrx_word' id='word_1_833' title='bbox 2151 5047 2291 5091; x_wconf 93' lang='lat' dir='ltr'><strong>sunt.</strong></span> <span class='ocrx_word' id='word_1_834' title='bbox 2321 5036 2590 5104; x_wconf 79' lang='lat' dir='ltr'><strong>Cogitetur</strong></span> <span class='ocrx_word' id='word_1_835' title='bbox 2632 5031 2930 5099; x_wconf 69' lang='lat' dir='ltr'><strong>Stephanus</strong></span> <span class='ocrx_word' id='word_1_836' title='bbox 2958 5030 3008 5083; x_wconf 92' lang='lat' dir='ltr'><strong>in</strong></span> <span class='ocrx_word' id='word_1_837' title='bbox 3041 5043 3210 5099; x_wconf 69' lang='lat' dir='ltr'><strong>graeca</strong></span> <span class='ocrx_word' id='word_1_838' title='bbox 3256 5027 3430 5096; x_wconf 85' lang='lat' dir='ltr'><strong>lingua</strong></span> <span class='ocrx_word' id='word_1_839' title='bbox 3471 5042 3560 5082; x_wconf 91' lang='lat' dir='ltr'><strong>co-</strong></span> 
     </span>
    </p>
   </div>
   <div class='ocr_carea' id='block_1_113' title="bbox 1919 5121 3560 5199">
    <p class='ocr_par' dir='ltr' id='par_1_113' title="bbox 1919 5121 3560 5199">
     <span class='ocr_line' id='line_1_113' title="bbox 1919 5121 3560 5199; baseline -0.009 -11"><span class='ocrx_word' id='word_1_840' title='bbox 1919 5165 1921 5172; x_wconf 74' lang='grc' dir='ltr'>ι</span> <span class='ocrx_word' id='word_1_841' title='bbox 1986 5149 2129 5188; x_wconf 80' lang='lat' dir='ltr'><strong>reme</strong></span> <span class='ocrx_word' id='word_1_842' title='bbox 2157 5129 2369 5184; x_wconf 89' lang='lat' dir='ltr'><strong>nomine</strong></span> <span class='ocrx_word' id='word_1_843' title='bbox 2394 5127 2714 5199; x_wconf 82' lang='lat' dir='ltr'><strong>appellatus,</strong></span> <span class='ocrx_word' id='word_1_844' title='bbox 2743 5135 2794 5178; x_wconf 89' lang='lat' dir='ltr'><strong>et</strong></span> <span class='ocrx_word' id='word_1_845' title='bbox 2814 5123 2956 5193; x_wconf 86' lang='lat' dir='ltr'><strong>prior</strong></span> <span class='ocrx_word' id='word_1_846' title='bbox 2980 5132 3099 5193; x_wconf 90' lang='lat' dir='ltr'><strong>post</strong></span> <span class='ocrx_word' id='word_1_847' title='bbox 3117 5121 3560 5177; x_wconf 86' lang='lat' dir='ltr'><strong>resurrectionem</strong></span> 
     </span>
    </p>
   </div>
   <div class='ocr_carea' id='block_1_114' title="bbox 1989 5213 3562 5291">
    <p class='ocr_par' dir='ltr' id='par_1_114' title="bbox 1989 5213 3562 5291">
     <span class='ocr_line' id='line_1_114' title="bbox 1989 5213 3562 5291; baseline -0.01 -13"><span class='ocrx_word' id='word_1_848' title='bbox 1989 5223 2192 5278; x_wconf 82' lang='lat' dir='ltr'><strong>Doniini</strong></span> <span class='ocrx_word' id='word_1_849' title='bbox 2217 5223 2468 5291; x_wconf 64' lang='lat' dir='ltr'><strong>martyrio</strong></span> <span class='ocrx_word' id='word_1_850' title='bbox 2501 5228 2803 5273; x_wconf 87' lang='lat' dir='ltr'><strong>coronatus.</strong></span> <span class='ocrx_word' id='word_1_851' title='bbox 2827 5215 3136 5286; x_wconf 78' lang='lat' dir='ltr'><strong>Cogitentur</strong></span> <span class='ocrx_word' id='word_1_852' title='bbox 3156 5215 3316 5268; x_wconf 88' lang='lat' dir='ltr'><strong>etiam</strong></span> <span class='ocrx_word' id='word_1_853' title='bbox 3337 5229 3402 5268; x_wconf 81' lang='lat' dir='ltr'><strong>es</strong></span> <span class='ocrx_word' id='word_1_854' title='bbox 3435 5213 3562 5282; x_wconf 73' lang='lat' dir='ltr'><strong>ipsis</strong></span> 
     </span>
    </p>
   </div>
   <div class='ocr_carea' id='block_1_115' title="bbox 1986 5306 3564 5387">
    <p class='ocr_par' dir='ltr' id='par_1_115' title="bbox 1986 5306 3564 5387">
     <span class='ocr_line' id='line_1_115' title="bbox 1986 5306 3564 5387; baseline -0.008 -16"><span class='ocrx_word' id='word_1_855' title='bbox 1986 5313 2417 5387; x_wconf 86' lang='lat' dir='ltr'><strong>persecutoribus</strong></span> <span class='ocrx_word' id='word_1_856' title='bbox 2463 5321 2542 5366; x_wconf 89' lang='lat' dir='ltr'><strong>tot</strong></span> <span class='ocrx_word' id='word_1_857' title='bbox 2584 5311 2745 5364; x_wconf 88' lang='lat' dir='ltr'><strong>millia</strong></span> <span class='ocrx_word' id='word_1_858' title='bbox 2772 5307 3130 5375; x_wconf 86' lang='lat' dir='ltr'><strong>credentium,</strong></span> <span class='ocrx_word' id='word_1_859' title='bbox 3165 5306 3376 5376; x_wconf 87' lang='lat' dir='ltr'><strong>quando</strong></span> <span class='ocrx_word' id='word_1_860' title='bbox 3419 5306 3564 5360; x_wconf 84' lang='lat' dir='ltr'><strong>venit</strong></span> 
     </span>
    </p>
   </div>
   <div class='ocr_carea' id='block_1_116' title="bbox 1985 5395 3559 5476">
    <p class='ocr_par' dir='ltr' id='par_1_116' title="bbox 1985 5395 3559 5476">
     <span class='ocr_line' id='line_1_116' title="bbox 1985 5395 3559 5476; baseline -0.008 -16"><span class='ocrx_word' id='word_1_861' title='bbox 1985 5406 2212 5476; x_wconf 80' lang='lat' dir='ltr'><strong>Spiritus</strong></span> <span class='ocrx_word' id='word_1_862' title='bbox 2259 5411 2491 5457; x_wconf 87' lang='lat' dir='ltr'><strong>sanctus.</strong></span> <span class='ocrx_word' id='word_1_863' title='bbox 2544 5400 2854 5470; x_wconf 82' lang='lat' dir='ltr'><strong>Cogitentnr</strong></span> <span class='ocrx_word' id='word_1_864' title='bbox 2904 5397 3188 5462; x_wconf 61' lang='lat' dir='ltr'><strong>Ecclesia,</strong></span> <span class='ocrx_word' id='word_1_865' title='bbox 3240 5395 3310 5450; x_wconf 88' lang='lat' dir='ltr'><strong>de</strong></span> <span class='ocrx_word' id='word_1_866' title='bbox 3368 5395 3559 5465; x_wconf 86' lang='lat' dir='ltr'><strong>quibus</strong></span> 
     </span>
    </p>
   </div>
   <div class='ocr_carea' id='block_1_117' title="bbox 1986 5485 3559 5567">
    <p class='ocr_par' dir='ltr' id='par_1_117' title="bbox 1986 5485 3559 5567">
     <span class='ocr_line' id='line_1_117' title="bbox 1986 5485 3559 5567; baseline -0.007 -16"><span class='ocrx_word' id='word_1_867' title='bbox 1986 5496 2270 5567; x_wconf 72' lang='lat' dir='ltr'><strong>Apostolus</strong></span> <span class='ocrx_word' id='word_1_868' title='bbox 2314 5493 2444 5549; x_wconf 86' lang='lat' dir='ltr'><strong>dicit</strong></span> <span class='ocrx_word' id='word_1_869' title='bbox 2475 5511 2488 5546; x_wconf 89' lang='lat'>:</span> <span class='ocrx_word' id='word_1_870' title='bbox 2519 5493 2671 5545; x_wconf 78' lang='lat' dir='ltr'><strong>Erant</strong></span> <span class='ocrx_word' id='word_1_871' title='bbox 2718 5499 2884 5544; x_wconf 79' lang='lat' dir='ltr'><strong>autent</strong></span> <span class='ocrx_word' id='word_1_872' title='bbox 2924 5491 3125 5560; x_wconf 80' lang='lat' dir='ltr'><strong>ignotus</strong></span> <span class='ocrx_word' id='word_1_873' title='bbox 3163 5487 3294 5556; x_wconf 75' lang='lat' dir='ltr'><strong>facie</strong></span> <span class='ocrx_word' id='word_1_874' title='bbox 3322 5485 3559 5540; x_wconf 76' lang='lat' dir='ltr'><strong>Ecclesit&#39;s</strong></span> 
     </span>
    </p>
   </div>
   <div class='ocr_carea' id='block_1_118' title="bbox 1983 5576 3560 5656">
    <p class='ocr_par' dir='ltr' id='par_1_118' title="bbox 1983 5576 3560 5656">
     <span class='ocr_line' id='line_1_118' title="bbox 1983 5576 3560 5656; baseline -0.007 -16"><span class='ocrx_word' id='word_1_875' title='bbox 1983 5587 2208 5651; x_wconf 65' lang='lat' dir='ltr'><strong>ludatis,</strong></span> <span class='ocrx_word' id='word_1_876' title='bbox 2233 5600 2346 5656; x_wconf 72' lang='lat' dir='ltr'><strong>qua!</strong></span> <span class='ocrx_word' id='word_1_877' title='bbox 2367 5594 2509 5638; x_wconf 76' lang='lat' dir='ltr'><strong>erant</strong></span> <span class='ocrx_word' id='word_1_878' title='bbox 2535 5585 2587 5638; x_wconf 89' lang='lat' dir='ltr'><strong>in</strong></span> <span class='ocrx_word' id='word_1_879' title='bbox 2612 5582 2810 5637; x_wconf 82' lang='lat' dir='ltr'><strong>Christo</strong></span> <span class='ocrx_word' id='word_1_880' title='bbox 2832 5597 2850 5635; x_wconf 89' lang='lat'><strong><em>:</em></strong></span> <span class='ocrx_word' id='word_1_881' title='bbox 2879 5590 3073 5634; x_wconf 86' lang='lat' dir='ltr'><strong>tantum</strong></span> <span class='ocrx_word' id='word_1_882' title='bbox 3101 5585 3268 5631; x_wconf 75' lang='lat' dir='ltr'><strong>autem</strong></span> <span class='ocrx_word' id='word_1_883' title='bbox 3303 5576 3560 5630; x_wconf 77' lang='lat' dir='ltr'><strong>audientes</strong></span> 
     </span>
    </p>
   </div>
   <div class='ocr_carea' id='block_1_119' title="bbox 1987 5671 3561 5746">
    <p class='ocr_par' dir='ltr' id='par_1_119' title="bbox 1987 5671 3561 5746">
     <span class='ocr_line' id='line_1_119' title="bbox 1987 5671 3561 5746; baseline -0.01 -14"><span class='ocrx_word' id='word_1_884' title='bbox 1987 5691 2126 5732; x_wconf 73' lang='lat' dir='ltr'><strong>erant</strong></span> <span class='ocrx_word' id='word_1_885' title='bbox 2154 5678 2271 5746; x_wconf 80' lang='lat' dir='ltr'><strong>quin</strong></span> <span class='ocrx_word' id='word_1_886' title='bbox 2306 5676 2392 5746; x_wconf 81' lang='lat' dir='ltr'><strong>qui</strong></span> <span class='ocrx_word' id='word_1_887' title='bbox 2425 5673 2696 5744; x_wconf 74' lang='lat' dir='ltr'><strong>aliquando</strong></span> <span class='ocrx_word' id='word_1_888' title='bbox 2721 5689 2810 5727; x_wconf 90' lang='lat' dir='ltr'><strong>nos</strong></span> <span class='ocrx_word' id='word_1_889' title='bbox 2831 5671 3227 5742; x_wconf 69' lang='lat' dir='ltr'><strong>persequebatur,</strong></span> <span class='ocrx_word' id='word_1_890' title='bbox 3249 5683 3382 5723; x_wconf 81' lang='lat' dir='ltr'><strong>nunc</strong></span> <span class='ocrx_word' id='word_1_891' title='bbox 3407 5683 3561 5718; x_wconf 71' lang='lat' dir='ltr'><strong>cran-</strong></span> 
     </span>
    </p>
   </div>
   <div class='ocr_carea' id='block_1_120' title="bbox 1988 5758 3562 5842">
    <p class='ocr_par' dir='ltr' id='par_1_120' title="bbox 1988 5758 3562 5842">
     <span class='ocr_line' id='line_1_120' title="bbox 1988 5758 3562 5842; baseline -0.009 -20"><span class='ocrx_word' id='word_1_892' title='bbox 1988 5772 2164 5840; x_wconf 67' lang='lat' dir='ltr'><strong>gz&#39;lizat</strong></span> <span class='ocrx_word' id='word_1_893' title='bbox 2189 5773 2338 5842; x_wconf 64' lang='lat' dir='ltr'><strong>ﬁdem</strong></span> <span class='ocrx_word' id='word_1_894' title='bbox 2364 5786 2510 5840; x_wconf 71' lang='lat' dir='ltr'><strong>quam</strong></span> <span class='ocrx_word' id='word_1_895' title='bbox 2538 5766 2806 5835; x_wconf 77' lang='lat' dir='ltr'><strong>aliquant/0</strong></span> <span class='ocrx_word' id='word_1_896' title='bbox 2828 5765 3085 5827; x_wconf 73' lang='lat' dir='ltr'><strong>vastabat;</strong></span> <span class='ocrx_word' id='word_1_897' title='bbox 3119 5771 3165 5814; x_wconf 80' lang='lat' dir='ltr'><strong>et</strong></span> <span class='ocrx_word' id='word_1_898' title='bbox 3188 5763 3238 5814; x_wconf 84' lang='lat' dir='ltr'><strong>in</strong></span> <span class='ocrx_word' id='word_1_899' title='bbox 3265 5775 3340 5812; x_wconf 77' lang='lat' dir='ltr'><strong>me</strong></span> <span class='ocrx_word' id='word_1_900' title='bbox 3364 5758 3562 5828; x_wconf 71' lang='lat' dir='ltr'><strong>magnio</strong></span> 
     </span>
    </p>
   </div>
  </div>
