  <div class='ocr_page' id='page_1' title='image "/cluster/home/n/w/nwhite01/storage/ocr_20150623/38/hvd.32044096580600/525.png"; bbox 0 0 3886 6188; ppageno 0'>
   <div class='ocr_carea' id='block_1_1' title="bbox 433 438 2010 517">
    <p class='ocr_par' dir='ltr' id='par_1_1' title="bbox 433 438 2010 517">
     <span class='ocr_line' id='line_1_1' title="bbox 433 438 2010 517; baseline -0.006 -15"><span class='ocrx_word' id='word_1_1' title='bbox 433 446 653 515; x_wconf 74' lang='lat' dir='ltr'><strong>licebant</strong></span> <span class='ocrx_word' id='word_1_2' title='bbox 686 444 851 500; x_wconf 78' lang='lat' dir='ltr'><strong>Deum</strong></span> <span class='ocrx_word' id='word_1_3' title='bbox 881 441 1075 517; x_wconf 83' lang='lat' dir='ltr'><strong>(Galat.</strong></span> <span class='ocrx_word' id='word_1_4' title='bbox 1108 442 1157 506; x_wconf 83' lang='lat' dir='ltr'><strong>l,</strong></span> <span class='ocrx_word' id='word_1_5' title='bbox 1180 441 1395 511; x_wconf 61' lang='lat'><strong>22-24).</strong></span> <span class='ocrx_word' id='word_1_6' title='bbox 1439 440 1545 496; x_wconf 89' lang='lat' dir='ltr'><strong>isto</strong></span> <span class='ocrx_word' id='word_1_7' title='bbox 1573 438 1733 495; x_wconf 85' lang='lat' dir='ltr'><strong>modo</strong></span> <span class='ocrx_word' id='word_1_8' title='bbox 1758 438 2010 494; x_wconf 81' lang='lat' dir='ltr'><strong>Israeliti-</strong></span> 
     </span>
    </p>
   </div>
   <div class='ocr_carea' id='block_1_2' title="bbox 433 529 2007 607">
    <p class='ocr_par' dir='ltr' id='par_1_2' title="bbox 433 529 2007 607">
     <span class='ocr_line' id='line_1_2' title="bbox 433 529 2007 607; baseline -0.007 -14"><span class='ocrx_word' id='word_1_9' title='bbox 433 551 528 593; x_wconf 88' lang='lat' dir='ltr'><strong>cus</strong></span> <span class='ocrx_word' id='word_1_10' title='bbox 555 537 729 607; x_wconf 84' lang='lat' dir='ltr'><strong>paries</strong></span> <span class='ocrx_word' id='word_1_11' title='bbox 759 533 1043 605; x_wconf 86' lang='lat' dir='ltr'><strong>cogitetur,</strong></span> <span class='ocrx_word' id='word_1_12' title='bbox 1075 542 1130 588; x_wconf 88' lang='lat' dir='ltr'><strong>et</strong></span> <span class='ocrx_word' id='word_1_13' title='bbox 1157 532 1344 603; x_wconf 86' lang='lat' dir='ltr'><strong>pariett</strong></span> <span class='ocrx_word' id='word_1_14' title='bbox 1370 547 1433 586; x_wconf 76' lang='lat' dir='ltr'><strong>ex</strong></span> <span class='ocrx_word' id='word_1_15' title='bbox 1464 531 1722 587; x_wconf 76' lang='lat' dir='ltr'><strong>Gentibus</strong></span> <span class='ocrx_word' id='word_1_16' title='bbox 1740 529 2007 591; x_wconf 88' lang='lat' dir='ltr'><strong>venienti,</strong></span> 
     </span>
    </p>
   </div>
   <div class='ocr_carea' id='block_1_3' title="bbox 431 620 2014 699">
    <p class='ocr_par' dir='ltr' id='par_1_3' title="bbox 431 620 2014 699">
     <span class='ocr_line' id='line_1_3' title="bbox 431 620 2014 699; baseline -0.007 -15"><span class='ocrx_word' id='word_1_17' title='bbox 431 630 521 699; x_wconf 80' lang='lat' dir='ltr'><strong>qui</strong></span> <span class='ocrx_word' id='word_1_18' title='bbox 553 641 694 683; x_wconf 87' lang='lat' dir='ltr'><strong>nunc</strong></span> <span class='ocrx_word' id='word_1_19' title='bbox 727 634 811 682; x_wconf 86' lang='lat' dir='ltr'><strong>est</strong></span> <span class='ocrx_word' id='word_1_20' title='bbox 837 625 1187 696; x_wconf 84' lang='lat' dir='ltr'><strong>conspicuus,</strong></span> <span class='ocrx_word' id='word_1_21' title='bbox 1212 624 1529 694; x_wconf 87' lang='lat' dir='ltr'><strong>adjungatur</strong></span> <span class='ocrx_word' id='word_1_22' title='bbox 1556 639 1570 675; x_wconf 89' lang='lat'>:</span> <span class='ocrx_word' id='word_1_23' title='bbox 1597 631 1757 692; x_wconf 86' lang='lat' dir='ltr'><strong>atque</strong></span> <span class='ocrx_word' id='word_1_24' title='bbox 1782 622 1851 676; x_wconf 92' lang='lat' dir='ltr'><strong>ita</strong></span> <span class='ocrx_word' id='word_1_25' title='bbox 1881 620 2014 689; x_wconf 85' lang='lat' dir='ltr'><strong>lapis</strong></span> 
     </span>
    </p>
   </div>
   <div class='ocr_carea' id='block_1_4' title="bbox 431 713 2012 793">
    <p class='ocr_par' dir='ltr' id='par_1_4' title="bbox 431 713 2012 793">
     <span class='ocr_line' id='line_1_4' title="bbox 431 713 2012 793; baseline -0.006 -17"><span class='ocrx_word' id='word_1_26' title='bbox 431 721 699 793; x_wconf 75' lang='lat' dir='ltr'><strong>angularia</strong></span> <span class='ocrx_word' id='word_1_27' title='bbox 740 720 886 790; x_wconf 86' lang='lat' dir='ltr'><strong>prius</strong></span> <span class='ocrx_word' id='word_1_28' title='bbox 932 719 985 774; x_wconf 87' lang='lat' dir='ltr'><strong>in</strong></span> <span class='ocrx_word' id='word_1_29' title='bbox 1028 718 1289 789; x_wconf 75' lang='lat' dir='ltr'><strong>przesepio</strong></span> <span class='ocrx_word' id='word_1_30' title='bbox 1315 717 1548 787; x_wconf 88' lang='lat' dir='ltr'><strong>positus,</strong></span> <span class='ocrx_word' id='word_1_31' title='bbox 1581 730 1746 785; x_wconf 78' lang='lat' dir='ltr'><strong>usque</strong></span> <span class='ocrx_word' id='word_1_32' title='bbox 1784 713 1851 768; x_wconf 87' lang='lat' dir='ltr'><strong>ad</strong></span> <span class='ocrx_word' id='word_1_33' title='bbox 1889 714 2012 768; x_wconf 64' lang='lat' dir='ltr'><strong>caeli</strong></span> 
     </span>
    </p>
   </div>
   <div class='ocr_carea' id='block_1_5' title="bbox 429 804 2014 880">
    <p class='ocr_par' dir='ltr' id='par_1_5' title="bbox 429 804 2014 880">
     <span class='ocr_line' id='line_1_5' title="bbox 429 804 2014 880; baseline -0.008 -12"><span class='ocrx_word' id='word_1_34' title='bbox 429 814 640 868; x_wconf 78' lang='lat' dir='ltr'><strong>culmen</strong></span> <span class='ocrx_word' id='word_1_35' title='bbox 665 819 905 873; x_wconf 76' lang='lat' dir='ltr'><strong>erectus.</strong></span> <span class='ocrx_word' id='word_1_36' title='bbox 942 823 1049 867; x_wconf 86' lang='lat' dir='ltr'><strong>non</strong></span> <span class='ocrx_word' id='word_1_37' title='bbox 1080 807 1594 880; x_wconf 83' lang='lat' dir='ltr'><strong>frustra-praedictus</strong></span> <span class='ocrx_word' id='word_1_38' title='bbox 1630 804 1877 862; x_wconf 74' lang='lat' dir='ltr'><strong>Christus</strong></span> <span class='ocrx_word' id='word_1_39' title='bbox 1911 804 2014 859; x_wconf 86' lang='lat' dir='ltr'><strong>Du-</strong></span> 
     </span>
    </p>
   </div>
   <div class='ocr_carea' id='block_1_6' title="bbox 431 893 1821 961">
    <p class='ocr_par' dir='ltr' id='par_1_6' title="bbox 431 893 1821 961">
     <span class='ocr_line' id='line_1_6' title="bbox 431 893 1821 961; baseline -0.003 -1"><span class='ocrx_word' id='word_1_40' title='bbox 431 893 606 961; x_wconf 84' lang='lat' dir='ltr'><strong>miuus</strong></span> <span class='ocrx_word' id='word_1_41' title='bbox 626 903 913 960; x_wconf 80' lang='lat' dir='ltr'><strong>invenitur.</strong></span> <span class='ocrx_word' id='word_1_42' title='bbox 1814 932 1821 939; x_wconf 71' lang='grc' dir='ltr'><strong>ο</strong></span> 
     </span>
    </p>
   </div>
   <div class='ocr_carea' id='block_1_7' title="bbox 954 1010 1501 1086">
    <p class='ocr_par' dir='ltr' id='par_1_7' title="bbox 954 1010 1501 1086">
     <span class='ocr_line' id='line_1_7' title="bbox 954 1010 1501 1086; baseline -0.011 -13"><span class='ocrx_word' id='word_1_43' title='bbox 954 1015 1184 1074; x_wconf 75' lang='lat' dir='ltr'><strong>SERMO</strong></span> <span class='ocrx_word' id='word_1_44' title='bbox 1208 1010 1337 1072; x_wconf 77' lang='lat' dir='ltr'><strong>cev</strong></span> <span class='ocrx_word' id='word_1_45' title='bbox 1361 1019 1379 1039; x_wconf 87' lang='grc'><strong>·</strong></span> <span class='ocrx_word' id='word_1_46' title='bbox 1403 1012 1501 1086; x_wconf 83' lang='grc' dir='ltr'><strong>(α).</strong></span> 
     </span>
    </p>
   </div>
   <div class='ocr_carea' id='block_1_8' title="bbox 918 1129 1519 1196">
    <p class='ocr_par' dir='ltr' id='par_1_8' title="bbox 918 1129 1519 1196">
     <span class='ocr_line' id='line_1_8' title="bbox 918 1129 1519 1196; baseline -0.003 -15"><span class='ocrx_word' id='word_1_47' title='bbox 918 1134 972 1183; x_wconf 77' lang='grc' dir='ltr'><strong>ιιι</strong></span> <span class='ocrx_word' id='word_1_48' title='bbox 988 1132 1374 1196; x_wconf 84' lang='lat' dir='ltr'><strong>Quadragesima,</strong></span> <span class='ocrx_word' id='word_1_49' title='bbox 1397 1147 1412 1180; x_wconf 85' lang='grc' dir='ltr'><strong>ι</strong></span> <span class='ocrx_word' id='word_1_50' title='bbox 1428 1129 1519 1195; x_wconf 89' lang='lat' dir='ltr'><strong>(b).</strong></span> 
     </span>
    </p>
   </div>
   <div class='ocr_carea' id='block_1_9' title="bbox 503 1231 2012 1308">
    <p class='ocr_par' dir='ltr' id='par_1_9' title="bbox 503 1231 2012 1308">
     <span class='ocr_line' id='line_1_9' title="bbox 503 1231 2012 1308; baseline -0.007 -14"><span class='ocrx_word' id='word_1_51' title='bbox 503 1239 554 1295; x_wconf 72' lang='grc' dir='ltr'><strong>Ι.</strong></span> <span class='ocrx_word' id='word_1_52' title='bbox 599 1235 1014 1308; x_wconf 73' lang='lat' dir='ltr'><strong>Quadragesima:</strong></span> <span class='ocrx_word' id='word_1_53' title='bbox 1040 1244 1260 1308; x_wconf 84' lang='lat' dir='ltr'><strong>tempore</strong></span> <span class='ocrx_word' id='word_1_54' title='bbox 1306 1250 1431 1289; x_wconf 74' lang='lat' dir='ltr'><strong>crus:</strong></span> <span class='ocrx_word' id='word_1_55' title='bbox 1478 1232 1758 1303; x_wconf 73' lang='lat' dir='ltr'><strong>castigandi</strong></span> <span class='ocrx_word' id='word_1_56' title='bbox 1786 1231 2012 1300; x_wconf 84' lang='lat' dir='ltr'><strong>corporis</strong></span> 
     </span>
    </p>
   </div>
   <div class='ocr_carea' id='block_1_10' title="bbox 428 1320 2012 1398">
    <p class='ocr_par' dir='ltr' id='par_1_10' title="bbox 428 1320 2012 1398">
     <span class='ocr_line' id='line_1_10' title="bbox 428 1320 2012 1398; baseline -0.007 -9"><span class='ocrx_word' id='word_1_57' title='bbox 428 1330 752 1389; x_wconf 82' lang='lat' dir='ltr'><strong>assumenda.</strong></span> <span class='ocrx_word' id='word_1_58' title='bbox 820 1329 1132 1384; x_wconf 85' lang='lat' dir='ltr'><strong>Christianus</strong></span> <span class='ocrx_word' id='word_1_59' title='bbox 1192 1337 1430 1398; x_wconf 82' lang='lat' dir='ltr'><strong>perpetuo</strong></span> <span class='ocrx_word' id='word_1_60' title='bbox 1495 1324 1634 1380; x_wconf 84' lang='lat' dir='ltr'><strong>debet</strong></span> <span class='ocrx_word' id='word_1_61' title='bbox 1690 1320 1905 1396; x_wconf 72' lang='lat' dir='ltr'><strong>pendere</strong></span> <span class='ocrx_word' id='word_1_62' title='bbox 1961 1324 2012 1378; x_wconf 85' lang='lat' dir='ltr'><strong>in</strong></span> 
     </span>
    </p>
   </div>
   <div class='ocr_carea' id='block_1_11' title="bbox 428 1416 2011 1483">
    <p class='ocr_par' dir='ltr' id='par_1_11' title="bbox 428 1416 2011 1483">
     <span class='ocr_line' id='line_1_11' title="bbox 428 1416 2011 1483; baseline -0.005 -6"><span class='ocrx_word' id='word_1_63' title='bbox 428 1439 595 1477; x_wconf 79' lang='lat' dir='ltr'><strong>cruce.</strong></span> <span class='ocrx_word' id='word_1_64' title='bbox 628 1420 767 1476; x_wconf 73' lang='lat' dir='ltr'><strong>Crux</strong></span> <span class='ocrx_word' id='word_1_65' title='bbox 804 1420 957 1475; x_wconf 87' lang='lat' dir='ltr'><strong>totius</strong></span> <span class='ocrx_word' id='word_1_66' title='bbox 990 1421 1105 1475; x_wconf 68' lang='lat' dir='ltr'><strong>vitae</strong></span> <span class='ocrx_word' id='word_1_67' title='bbox 1144 1428 1345 1473; x_wconf 69' lang='lat' dir='ltr'><strong>nostrae.</strong></span> <span class='ocrx_word' id='word_1_68' title='bbox 1388 1416 1826 1475; x_wconf 85' lang='lat' dir='ltr'><strong>Observationem</strong></span> <span class='ocrx_word' id='word_1_69' title='bbox 1868 1416 2011 1483; x_wconf 86' lang='lat' dir='ltr'><strong>Qua-</strong></span> 
     </span>
    </p>
   </div>
   <div class='ocr_carea' id='block_1_12' title="bbox 428 1510 2013 1586">
    <p class='ocr_par' dir='ltr' id='par_1_12' title="bbox 428 1510 2013 1586">
     <span class='ocr_line' id='line_1_12' title="bbox 428 1510 2013 1586; baseline -0.003 -16"><span class='ocrx_word' id='word_1_70' title='bbox 428 1515 775 1586; x_wconf 75' lang='lat' dir='ltr'><strong>d&#39;ragesinue,</strong></span> <span class='ocrx_word' id='word_1_71' title='bbox 818 1512 1042 1569; x_wconf 76' lang='lat' dir='ltr'><strong>solemni</strong></span> <span class='ocrx_word' id='word_1_72' title='bbox 1085 1512 1261 1567; x_wconf 84' lang='lat' dir='ltr'><strong>reditu</strong></span> <span class='ocrx_word' id='word_1_73' title='bbox 1299 1519 1700 1581; x_wconf 69' lang='lat' dir='ltr'><strong>prmsentatam,</strong></span> <span class='ocrx_word' id='word_1_74' title='bbox 1755 1510 2013 1565; x_wconf 88' lang='lat' dir='ltr'><strong>hodierno</strong></span> 
     </span>
    </p>
   </div>
   <div class='ocr_carea' id='block_1_13' title="bbox 427 1603 2013 1680">
    <p class='ocr_par' dir='ltr' id='par_1_13' title="bbox 427 1603 2013 1680">
     <span class='ocr_line' id='line_1_13' title="bbox 427 1603 2013 1680; baseline -0.003 -19"><span class='ocrx_word' id='word_1_75' title='bbox 427 1609 514 1664; x_wconf 89' lang='lat' dir='ltr'><strong>die</strong></span> <span class='ocrx_word' id='word_1_76' title='bbox 545 1607 871 1680; x_wconf 88' lang='lat' dir='ltr'><strong>ingredimur</strong></span> <span class='ocrx_word' id='word_1_77' title='bbox 896 1622 910 1659; x_wconf 91' lang='lat'><strong>:</strong></span> <span class='ocrx_word' id='word_1_78' title='bbox 941 1620 1046 1676; x_wconf 88' lang='lat' dir='ltr'><strong>quo</strong></span> <span class='ocrx_word' id='word_1_79' title='bbox 1086 1605 1239 1660; x_wconf 87' lang='lat' dir='ltr'><strong>vobis</strong></span> <span class='ocrx_word' id='word_1_80' title='bbox 1265 1603 1576 1660; x_wconf 86' lang='lat' dir='ltr'><strong>solemniter</strong></span> <span class='ocrx_word' id='word_1_81' title='bbox 1616 1604 1777 1660; x_wconf 90' lang='lat' dir='ltr'><strong>etiam</strong></span> <span class='ocrx_word' id='word_1_82' title='bbox 1808 1603 2013 1657; x_wconf 78' lang='lat' dir='ltr'><strong>exhor-</strong></span> 
     </span>
    </p>
   </div>
   <div class='ocr_carea' id='block_1_14' title="bbox 428 1698 2009 1768">
    <p class='ocr_par' dir='ltr' id='par_1_14' title="bbox 428 1698 2009 1768">
     <span class='ocr_line' id='line_1_14' title="bbox 428 1698 2009 1768; baseline -0.004 -11"><span class='ocrx_word' id='word_1_83' title='bbox 428 1704 559 1758; x_wconf 85' lang='lat' dir='ltr'><strong>tatio</strong></span> <span class='ocrx_word' id='word_1_84' title='bbox 596 1711 774 1757; x_wconf 88' lang='lat' dir='ltr'><strong>nostra</strong></span> <span class='ocrx_word' id='word_1_85' title='bbox 803 1700 1061 1767; x_wconf 88' lang='lat' dir='ltr'><strong>debetur;</strong></span> <span class='ocrx_word' id='word_1_86' title='bbox 1100 1709 1159 1755; x_wconf 91' lang='lat' dir='ltr'><strong>ut</strong></span> <span class='ocrx_word' id='word_1_87' title='bbox 1186 1699 1280 1755; x_wconf 85' lang='lat' dir='ltr'><strong>Dei</strong></span> <span class='ocrx_word' id='word_1_88' title='bbox 1306 1713 1485 1755; x_wconf 81' lang='lat' dir='ltr'><strong>sermo</strong></span> <span class='ocrx_word' id='word_1_89' title='bbox 1510 1712 1605 1768; x_wconf 86' lang='lat' dir='ltr'><strong>per</strong></span> <span class='ocrx_word' id='word_1_90' title='bbox 1634 1706 1872 1752; x_wconf 87' lang='lat' dir='ltr'><strong>nostrum</strong></span> <span class='ocrx_word' id='word_1_91' title='bbox 1894 1698 2009 1752; x_wconf 89' lang='lat' dir='ltr'><strong>ofﬁ-</strong></span> 
     </span>
    </p>
   </div>
   <div class='ocr_carea' id='block_1_15' title="bbox 428 1790 2009 1863">
    <p class='ocr_par' dir='ltr' id='par_1_15' title="bbox 428 1790 2009 1863">
     <span class='ocr_line' id='line_1_15' title="bbox 428 1790 2009 1863; baseline -0.004 -12"><span class='ocrx_word' id='word_1_92' title='bbox 428 1797 570 1851; x_wconf 81' lang='lat' dir='ltr'><strong>cium</strong></span> <span class='ocrx_word' id='word_1_93' title='bbox 625 1794 985 1861; x_wconf 79' lang='lat' dir='ltr'><strong>ministratus,</strong></span> <span class='ocrx_word' id='word_1_94' title='bbox 1030 1793 1363 1863; x_wconf 83' lang='lat' dir='ltr'><strong>jejunaturos</strong></span> <span class='ocrx_word' id='word_1_95' title='bbox 1416 1804 1669 1862; x_wconf 84' lang='lat' dir='ltr'><strong>corpore,</strong></span> <span class='ocrx_word' id='word_1_96' title='bbox 1724 1800 1905 1861; x_wconf 78' lang='lat' dir='ltr'><strong>pascat</strong></span> <span class='ocrx_word' id='word_1_97' title='bbox 1957 1790 2009 1845; x_wconf 82' lang='lat' dir='ltr'><strong>in</strong></span> 
     </span>
    </p>
   </div>
   <div class='ocr_carea' id='block_1_16' title="bbox 428 1882 2008 1949">
    <p class='ocr_par' dir='ltr' id='par_1_16' title="bbox 428 1882 2008 1949">
     <span class='ocr_line' id='line_1_16' title="bbox 428 1882 2008 1949; baseline -0.001 -10"><span class='ocrx_word' id='word_1_98' title='bbox 428 1884 626 1949; x_wconf 88' lang='lat' dir='ltr'><strong>corde;</strong></span> <span class='ocrx_word' id='word_1_99' title='bbox 658 1899 721 1938; x_wconf 89' lang='lat' dir='ltr'><strong>ac</strong></span> <span class='ocrx_word' id='word_1_100' title='bbox 750 1884 827 1938; x_wconf 89' lang='lat' dir='ltr'><strong>sic</strong></span> <span class='ocrx_word' id='word_1_101' title='bbox 862 1883 1083 1938; x_wconf 88' lang='lat' dir='ltr'><strong>interior</strong></span> <span class='ocrx_word' id='word_1_102' title='bbox 1121 1883 1282 1937; x_wconf 92' lang='lat' dir='ltr'><strong>homo</strong></span> <span class='ocrx_word' id='word_1_103' title='bbox 1311 1883 1431 1939; x_wconf 87' lang='lat' dir='ltr'><strong>cibo</strong></span> <span class='ocrx_word' id='word_1_104' title='bbox 1456 1898 1554 1937; x_wconf 90' lang='lat' dir='ltr'><strong>suo</strong></span> <span class='ocrx_word' id='word_1_105' title='bbox 1575 1882 1833 1946; x_wconf 86' lang='lat' dir='ltr'><strong>refectus,</strong></span> <span class='ocrx_word' id='word_1_106' title='bbox 1855 1891 2008 1937; x_wconf 77' lang='lat' dir='ltr'><strong>exte-</strong></span> 
     </span>
    </p>
   </div>
   <div class='ocr_carea' id='block_1_17' title="bbox 430 1967 2008 2038">
    <p class='ocr_par' dir='ltr' id='par_1_17' title="bbox 430 1967 2008 2038">
     <span class='ocr_line' id='line_1_17' title="bbox 430 1967 2008 2038; baseline -0.001 -16"><span class='ocrx_word' id='word_1_107' title='bbox 430 1967 587 2022; x_wconf 91' lang='lat' dir='ltr'><strong>rioris</strong></span> <span class='ocrx_word' id='word_1_108' title='bbox 614 1967 1012 2038; x_wconf 79' lang='lat' dir='ltr'><strong>castigationem</strong></span> <span class='ocrx_word' id='word_1_109' title='bbox 1041 1967 1206 2036; x_wconf 81' lang='lat' dir='ltr'><strong>possit</strong></span> <span class='ocrx_word' id='word_1_110' title='bbox 1229 1982 1419 2037; x_wconf 87' lang='lat' dir='ltr'><strong>agere,</strong></span> <span class='ocrx_word' id='word_1_111' title='bbox 1449 1974 1506 2022; x_wconf 86' lang='lat' dir='ltr'><strong>et</strong></span> <span class='ocrx_word' id='word_1_112' title='bbox 1539 1967 1808 2023; x_wconf 88' lang='lat' dir='ltr'><strong>robustius</strong></span> <span class='ocrx_word' id='word_1_113' title='bbox 1846 1968 2008 2022; x_wconf 84' lang='lat' dir='ltr'><strong>susti-</strong></span> 
     </span>
    </p>
   </div>
   <div class='ocr_carea' id='block_1_18' title="bbox 429 2056 2007 2129">
    <p class='ocr_par' dir='ltr' id='par_1_18' title="bbox 429 2056 2007 2129">
     <span class='ocr_line' id='line_1_18' title="bbox 429 2056 2007 2129; baseline 0 -15"><span class='ocrx_word' id='word_1_114' title='bbox 429 2074 580 2114; x_wconf 87' lang='lat' dir='ltr'><strong>nere.</strong></span> <span class='ocrx_word' id='word_1_115' title='bbox 608 2056 866 2128; x_wconf 84' lang='lat' dir='ltr'><strong>Cougruit</strong></span> <span class='ocrx_word' id='word_1_116' title='bbox 890 2058 1031 2111; x_wconf 90' lang='lat' dir='ltr'><strong>enim</strong></span> <span class='ocrx_word' id='word_1_117' title='bbox 1058 2066 1252 2112; x_wconf 68' lang='lat' dir='ltr'><strong>nostra:</strong></span> <span class='ocrx_word' id='word_1_118' title='bbox 1276 2057 1574 2124; x_wconf 89' lang='lat' dir='ltr'><strong>devotioni,</strong></span> <span class='ocrx_word' id='word_1_119' title='bbox 1607 2068 1663 2113; x_wconf 89' lang='lat' dir='ltr'><strong>ut</strong></span> <span class='ocrx_word' id='word_1_120' title='bbox 1689 2059 1776 2129; x_wconf 88' lang='lat' dir='ltr'><strong>qui</strong></span> <span class='ocrx_word' id='word_1_121' title='bbox 1800 2058 2007 2114; x_wconf 86' lang='lat' dir='ltr'><strong>Domini</strong></span> 
     </span>
    </p>
   </div>
   <div class='ocr_carea' id='block_1_19' title="bbox 428 2146 2008 2218">
    <p class='ocr_par' dir='ltr' id='par_1_19' title="bbox 428 2146 2008 2218">
     <span class='ocr_line' id='line_1_19' title="bbox 428 2146 2008 2218; baseline 0.001 -15"><span class='ocrx_word' id='word_1_122' title='bbox 428 2148 667 2203; x_wconf 81' lang='lat' dir='ltr'><strong>cruciﬁxi</strong></span> <span class='ocrx_word' id='word_1_123' title='bbox 711 2147 1011 2218; x_wconf 88' lang='lat' dir='ltr'><strong>passionem</strong></span> <span class='ocrx_word' id='word_1_124' title='bbox 1046 2146 1156 2217; x_wconf 88' lang='lat' dir='ltr'><strong>jam</strong></span> <span class='ocrx_word' id='word_1_125' title='bbox 1197 2147 1640 2218; x_wconf 89' lang='lat' dir='ltr'><strong>propinquantem</strong></span> <span class='ocrx_word' id='word_1_126' title='bbox 1691 2149 2008 2205; x_wconf 79' lang='lat' dir='ltr'><strong>celebraturi</strong></span> 
     </span>
    </p>
   </div>
   <div class='ocr_carea' id='block_1_20' title="bbox 428 2236 2007 2308">
    <p class='ocr_par' dir='ltr' id='par_1_20' title="bbox 428 2236 2007 2308">
     <span class='ocr_line' id='line_1_20' title="bbox 428 2236 2007 2308; baseline 0.002 -15"><span class='ocrx_word' id='word_1_127' title='bbox 428 2248 642 2301; x_wconf 89' lang='lat' dir='ltr'><strong>sumus,</strong></span> <span class='ocrx_word' id='word_1_128' title='bbox 688 2236 1139 2307; x_wconf 86' lang='lat' dir='ltr'><strong>reprimendarum</strong></span> <span class='ocrx_word' id='word_1_129' title='bbox 1180 2239 1470 2292; x_wconf 88' lang='lat' dir='ltr'><strong>carnalium</strong></span> <span class='ocrx_word' id='word_1_130' title='bbox 1512 2239 1839 2308; x_wconf 88' lang='lat' dir='ltr'><strong>voluptatum</strong></span> <span class='ocrx_word' id='word_1_131' title='bbox 1881 2257 2007 2296; x_wconf 84' lang='lat' dir='ltr'><strong>cru-</strong></span> 
     </span>
    </p>
   </div>
   <div class='ocr_carea' id='block_1_21' title="bbox 428 2327 2005 2401">
    <p class='ocr_par' dir='ltr' id='par_1_21' title="bbox 428 2327 2005 2401">
     <span class='ocr_line' id='line_1_21' title="bbox 428 2327 2005 2401; baseline 0.002 -17"><span class='ocrx_word' id='word_1_132' title='bbox 428 2344 545 2385; x_wconf 88' lang='lat' dir='ltr'><strong>cem</strong></span> <span class='ocrx_word' id='word_1_133' title='bbox 580 2327 733 2383; x_wconf 88' lang='lat' dir='ltr'><strong>nobis</strong></span> <span class='ocrx_word' id='word_1_134' title='bbox 759 2327 857 2398; x_wconf 86' lang='lat' dir='ltr'><strong>ipsi</strong></span> <span class='ocrx_word' id='word_1_135' title='bbox 885 2327 1042 2382; x_wconf 85' lang='lat' dir='ltr'><strong>etiam</strong></span> <span class='ocrx_word' id='word_1_136' title='bbox 1071 2327 1356 2397; x_wconf 82' lang='lat' dir='ltr'><strong>faciamus,</strong></span> <span class='ocrx_word' id='word_1_137' title='bbox 1384 2328 1665 2385; x_wconf 89' lang='lat' dir='ltr'><strong>sicutdicit</strong></span> <span class='ocrx_word' id='word_1_138' title='bbox 1685 2331 2005 2401; x_wconf 88' lang='lat' dir='ltr'><strong>Apostolus:</strong></span> 
     </span>
    </p>
   </div>
   <div class='ocr_carea' id='block_1_22' title="bbox 432 2416 2010 2491">
    <p class='ocr_par' dir='ltr' id='par_1_22' title="bbox 432 2416 2010 2491">
     <span class='ocr_line' id='line_1_22' title="bbox 432 2416 2010 2491; baseline 0.003 -18"><span class='ocrx_word' id='word_1_139' title='bbox 432 2419 535 2488; x_wconf 85' lang='lat' dir='ltr'><strong>Qui</strong></span> <span class='ocrx_word' id='word_1_140' title='bbox 551 2429 715 2474; x_wconf 88' lang='lat' dir='ltr'><strong>autem</strong></span> <span class='ocrx_word' id='word_1_141' title='bbox 736 2418 863 2474; x_wconf 63' lang='lat' dir='ltr'><strong>Iesu</strong></span> <span class='ocrx_word' id='word_1_142' title='bbox 884 2416 1069 2475; x_wconf 81' lang='lat' dir='ltr'><strong>Citriin</strong></span> <span class='ocrx_word' id='word_1_143' title='bbox 1088 2429 1238 2486; x_wconf 84' lang='lat' dir='ltr'><strong>sunt,</strong></span> <span class='ocrx_word' id='word_1_144' title='bbox 1257 2436 1458 2473; x_wconf 83' lang='lat' dir='ltr'><strong>carnem</strong></span> <span class='ocrx_word' id='word_1_145' title='bbox 1480 2437 1624 2475; x_wconf 82' lang='lat' dir='ltr'><strong>suam</strong></span> <span class='ocrx_word' id='word_1_146' title='bbox 1650 2423 2010 2491; x_wconf 67' lang='lat' dir='ltr'><strong>cruci/iurarunt</strong></span> 
     </span>
    </p>
   </div>
   <div class='ocr_carea' id='block_1_23' title="bbox 428 2513 2006 2591">
    <p class='ocr_par' dir='ltr' id='par_1_23' title="bbox 428 2513 2006 2591">
     <span class='ocr_line' id='line_1_23' title="bbox 428 2513 2006 2591; baseline 0.006 -25"><span class='ocrx_word' id='word_1_147' title='bbox 428 2528 544 2566; x_wconf 85' lang='lat' dir='ltr'><strong>cum</strong></span> <span class='ocrx_word' id='word_1_148' title='bbox 571 2513 886 2584; x_wconf 82' lang='lat' dir='ltr'><strong>passionibus</strong></span> <span class='ocrx_word' id='word_1_149' title='bbox 926 2522 973 2566; x_wconf 87' lang='lat' dir='ltr'><strong>et</strong></span> <span class='ocrx_word' id='word_1_150' title='bbox 1001 2516 1416 2585; x_wconf 75' lang='lat' dir='ltr'><strong>concupiscentiis</strong></span> <span class='ocrx_word' id='word_1_151' title='bbox 1455 2514 1651 2586; x_wconf 84' lang='lat' dir='ltr'><strong>(Galat.</strong></span> <span class='ocrx_word' id='word_1_152' title='bbox 1699 2534 1763 2584; x_wconf 88' lang='lat' dir='ltr'><strong>v,</strong></span> <span class='ocrx_word' id='word_1_153' title='bbox 1804 2519 1917 2591; x_wconf 64' lang='grc'><strong>24).</strong></span> <span class='ocrx_word' id='word_1_154' title='bbox 1950 2519 2006 2576; x_wconf 71' lang='lat' dir='ltr'><strong>In</strong></span> 
     </span>
    </p>
   </div>
   <div class='ocr_carea' id='block_1_24' title="bbox 431 2601 2004 2681">
    <p class='ocr_par' dir='ltr' id='par_1_24' title="bbox 431 2601 2004 2681">
     <span class='ocr_line' id='line_1_24' title="bbox 431 2601 2004 2681; baseline 0.008 -27"><span class='ocrx_word' id='word_1_155' title='bbox 431 2604 529 2656; x_wconf 87' lang='lat' dir='ltr'><strong>hac</strong></span> <span class='ocrx_word' id='word_1_156' title='bbox 556 2601 769 2671; x_wconf 84' lang='lat' dir='ltr'><strong>quidem</strong></span> <span class='ocrx_word' id='word_1_157' title='bbox 811 2617 1000 2667; x_wconf 85' lang='lat' dir='ltr'><strong>cruce,</strong></span> <span class='ocrx_word' id='word_1_158' title='bbox 1042 2617 1139 2672; x_wconf 88' lang='lat' dir='ltr'><strong>per</strong></span> <span class='ocrx_word' id='word_1_159' title='bbox 1164 2613 1325 2660; x_wconf 90' lang='lat' dir='ltr'><strong>totam</strong></span> <span class='ocrx_word' id='word_1_160' title='bbox 1370 2605 1521 2661; x_wconf 91' lang='lat' dir='ltr'><strong>istam</strong></span> <span class='ocrx_word' id='word_1_161' title='bbox 1567 2608 1757 2675; x_wconf 86' lang='lat' dir='ltr'><strong>vitam,</strong></span> <span class='ocrx_word' id='word_1_162' title='bbox 1802 2627 1920 2681; x_wconf 70' lang='lat' dir='ltr'><strong>qum</strong></span> <span class='ocrx_word' id='word_1_163' title='bbox 1954 2613 2004 2666; x_wconf 86' lang='lat' dir='ltr'><strong>in</strong></span> 
     </span>
    </p>
   </div>
   <div class='ocr_carea' id='block_1_25' title="bbox 430 2693 2006 2773">
    <p class='ocr_par' dir='ltr' id='par_1_25' title="bbox 430 2693 2006 2773">
     <span class='ocr_line' id='line_1_25' title="bbox 430 2693 2006 2773; baseline 0.008 -25"><span class='ocrx_word' id='word_1_164' title='bbox 430 2693 621 2748; x_wconf 87' lang='lat' dir='ltr'><strong>mediis</strong></span> <span class='ocrx_word' id='word_1_165' title='bbox 649 2693 1032 2750; x_wconf 87' lang='lat' dir='ltr'><strong>teutationibus‘</strong></span> <span class='ocrx_word' id='word_1_166' title='bbox 1049 2694 1275 2763; x_wconf 89' lang='lat' dir='ltr'><strong>ducitur,</strong></span> <span class='ocrx_word' id='word_1_167' title='bbox 1308 2707 1563 2769; x_wconf 78' lang='lat' dir='ltr'><strong>perpetuo</strong></span> <span class='ocrx_word' id='word_1_168' title='bbox 1588 2700 1745 2757; x_wconf 80' lang='lat' dir='ltr'><strong>debet</strong></span> <span class='ocrx_word' id='word_1_169' title='bbox 1777 2706 2006 2773; x_wconf 84' lang='lat' dir='ltr'><strong>pendere</strong></span> 
     </span>
    </p>
   </div>
   <div class='ocr_carea' id='block_1_26' title="bbox 430 2783 2001 2867">
    <p class='ocr_par' dir='ltr' id='par_1_26' title="bbox 430 2783 2001 2867">
     <span class='ocr_line' id='line_1_26' title="bbox 430 2783 2001 2867; baseline 0.01 -28"><span class='ocrx_word' id='word_1_170' title='bbox 430 2785 769 2840; x_wconf 84' lang='lat' dir='ltr'><strong>christianus.</strong></span> <span class='ocrx_word' id='word_1_171' title='bbox 801 2783 915 2840; x_wconf 83' lang='lat' dir='ltr'><strong>Non</strong></span> <span class='ocrx_word' id='word_1_172' title='bbox 960 2788 1102 2843; x_wconf 90' lang='lat' dir='ltr'><strong>enim</strong></span> <span class='ocrx_word' id='word_1_173' title='bbox 1143 2790 1300 2845; x_wconf 79' lang='lat' dir='ltr'><strong>estin</strong></span> <span class='ocrx_word' id='word_1_174' title='bbox 1329 2790 1429 2847; x_wconf 57' lang='lat' dir='ltr'><strong>hic</strong></span> <span class='ocrx_word' id='word_1_175' title='bbox 1473 2794 1575 2847; x_wconf 88' lang='lat' dir='ltr'><strong>vita</strong></span> <span class='ocrx_word' id='word_1_176' title='bbox 1614 2806 1821 2867; x_wconf 87' lang='lat' dir='ltr'><strong>tempus</strong></span> <span class='ocrx_word' id='word_1_177' title='bbox 1855 2800 2001 2854; x_wconf 86' lang='lat' dir='ltr'><strong>evel-</strong></span> 
     </span>
    </p>
   </div>
   <div class='ocr_carea' id='block_1_27' title="bbox 430 2874 2006 2960">
    <p class='ocr_par' dir='ltr' id='par_1_27' title="bbox 430 2874 2006 2960">
     <span class='ocr_line' id='line_1_27' title="bbox 430 2874 2006 2960; baseline 0.009 -31"><span class='ocrx_word' id='word_1_178' title='bbox 430 2874 571 2930; x_wconf 90' lang='lat' dir='ltr'><strong>lendi</strong></span> <span class='ocrx_word' id='word_1_179' title='bbox 591 2876 800 2942; x_wconf 88' lang='lat' dir='ltr'><strong>clavos,</strong></span> <span class='ocrx_word' id='word_1_180' title='bbox 842 2875 908 2932; x_wconf 90' lang='lat' dir='ltr'><strong>de</strong></span> <span class='ocrx_word' id='word_1_181' title='bbox 952 2878 1143 2948; x_wconf 89' lang='lat' dir='ltr'><strong>quibus</strong></span> <span class='ocrx_word' id='word_1_182' title='bbox 1186 2881 1237 2937; x_wconf 89' lang='lat' dir='ltr'><strong>in</strong></span> <span class='ocrx_word' id='word_1_183' title='bbox 1280 2881 1492 2939; x_wconf 86' lang='lat' dir='ltr'><strong>Psalmo</strong></span> <span class='ocrx_word' id='word_1_184' title='bbox 1529 2885 1724 2941; x_wconf 87' lang='lat' dir='ltr'><strong>dicitur</strong></span> <span class='ocrx_word' id='word_1_185' title='bbox 1757 2907 1768 2942; x_wconf 93' lang='lat'><strong>:</strong></span> <span class='ocrx_word' id='word_1_186' title='bbox 1799 2885 2006 2960; x_wconf 82' lang='lat' dir='ltr'><strong>Conﬁge</strong></span> 
     </span>
    </p>
   </div>
   <div class='ocr_carea' id='block_1_28' title="bbox 429 2968 2002 3055">
    <p class='ocr_par' dir='ltr' id='par_1_28' title="bbox 429 2968 2002 3055">
     <span class='ocr_line' id='line_1_28' title="bbox 429 2968 2002 3055; baseline 0.009 -32"><span class='ocrx_word' id='word_1_187' title='bbox 429 2968 823 3023; x_wconf 78' lang='lat' dir='ltr'><strong>clavisatimore</strong></span> <span class='ocrx_word' id='word_1_188' title='bbox 863 2979 948 3025; x_wconf 90' lang='lat' dir='ltr'><strong>tuo</strong></span> <span class='ocrx_word' id='word_1_189' title='bbox 993 2987 1170 3028; x_wconf 86' lang='lat' dir='ltr'><strong>carnes</strong></span> <span class='ocrx_word' id='word_1_190' title='bbox 1208 2991 1343 3030; x_wconf 82' lang='lat' dir='ltr'><strong>meas</strong></span> <span class='ocrx_word' id='word_1_191' title='bbox 1384 2976 1553 3051; x_wconf 79' lang='lat' dir='ltr'><strong>(Psal.</strong></span> <span class='ocrx_word' id='word_1_192' title='bbox 1600 2995 1801 3044; x_wconf 83' lang='lat' dir='ltr'><strong>cxvttt,</strong></span> <span class='ocrx_word' id='word_1_193' title='bbox 1858 2983 2002 3055; x_wconf 71' lang='lat'><strong>19.0).</strong></span> 
     </span>
    </p>
   </div>
   <div class='ocr_carea' id='block_1_29' title="bbox 429 3055 2005 3141">
    <p class='ocr_par' dir='ltr' id='par_1_29' title="bbox 429 3055 2005 3141">
     <span class='ocr_line' id='line_1_29' title="bbox 429 3055 2005 3141; baseline 0.011 -30"><span class='ocrx_word' id='word_1_194' title='bbox 429 3055 661 3125; x_wconf 84' lang='lat' dir='ltr'><strong>Carncs,</strong></span> <span class='ocrx_word' id='word_1_195' title='bbox 709 3068 834 3115; x_wconf 86' lang='lat' dir='ltr'><strong>sunt</strong></span> <span class='ocrx_word' id='word_1_196' title='bbox 879 3062 1123 3118; x_wconf 82' lang='lat' dir='ltr'><strong>carnales</strong></span> <span class='ocrx_word' id='word_1_197' title='bbox 1156 3067 1632 3136; x_wconf 67' lang='lat' dir='ltr'><strong>concupiscentiae;</strong></span> <span class='ocrx_word' id='word_1_198' title='bbox 1672 3072 1838 3141; x_wconf 84' lang='lat' dir='ltr'><strong>clavi,</strong></span> <span class='ocrx_word' id='word_1_199' title='bbox 1882 3084 2005 3129; x_wconf 90' lang='lat' dir='ltr'><strong>sunt</strong></span> 
     </span>
    </p>
   </div>
   <div class='ocr_carea' id='block_1_30' title="bbox 426 3153 1999 3238">
    <p class='ocr_par' dir='ltr' id='par_1_30' title="bbox 426 3153 1999 3238">
     <span class='ocr_line' id='line_1_30' title="bbox 426 3153 1999 3238; baseline 0.011 -32"><span class='ocrx_word' id='word_1_200' title='bbox 426 3160 692 3224; x_wconf 71' lang='lat' dir='ltr'><strong>prmeepta</strong></span> <span class='ocrx_word' id='word_1_201' title='bbox 731 3153 950 3223; x_wconf 70' lang='lat' dir='ltr'><strong>iustitia:</strong></span> <span class='ocrx_word' id='word_1_202' title='bbox 982 3172 997 3210; x_wconf 89' lang='lat'>:</span> <span class='ocrx_word' id='word_1_203' title='bbox 1026 3155 1111 3212; x_wconf 89' lang='lat' dir='ltr'><strong>bis</strong></span> <span class='ocrx_word' id='word_1_204' title='bbox 1149 3157 1265 3213; x_wconf 84' lang='lat' dir='ltr'><strong>illas</strong></span> <span class='ocrx_word' id='word_1_205' title='bbox 1308 3161 1467 3217; x_wconf 90' lang='lat' dir='ltr'><strong>timor</strong></span> <span class='ocrx_word' id='word_1_206' title='bbox 1493 3163 1702 3220; x_wconf 77' lang='lat' dir='ltr'><strong>Domini</strong></span> <span class='ocrx_word' id='word_1_207' title='bbox 1751 3167 1999 3238; x_wconf 84' lang='lat' dir='ltr'><strong>conﬁgit,</strong></span> 
     </span>
    </p>
   </div>
   <div class='ocr_carea' id='block_1_31' title="bbox 425 3243 2007 3330">
    <p class='ocr_par' dir='ltr' id='par_1_31' title="bbox 425 3243 2007 3330">
     <span class='ocr_line' id='line_1_31' title="bbox 425 3243 2007 3330; baseline 0.012 -32"><span class='ocrx_word' id='word_1_208' title='bbox 425 3243 518 3313; x_wconf 87' lang='lat' dir='ltr'><strong>qui</strong></span> <span class='ocrx_word' id='word_1_209' title='bbox 563 3257 662 3300; x_wconf 83' lang='lat' dir='ltr'><strong>nos</strong></span> <span class='ocrx_word' id='word_1_210' title='bbox 701 3245 774 3300; x_wconf 86' lang='lat' dir='ltr'><strong>illi</strong></span> <span class='ocrx_word' id='word_1_211' title='bbox 819 3246 1197 3317; x_wconf 76' lang='lat' dir='ltr'><strong>acceptabilem</strong></span> <span class='ocrx_word' id='word_1_212' title='bbox 1248 3250 1474 3309; x_wconf 81' lang='lat' dir='ltr'><strong>hostiam</strong></span> <span class='ocrx_word' id='word_1_213' title='bbox 1521 3258 1797 3330; x_wconf 82' lang='lat' dir='ltr'><strong>cruciﬁgit.</strong></span> <span class='ocrx_word' id='word_1_214' title='bbox 1855 3260 2007 3317; x_wconf 84' lang='lat' dir='ltr'><strong>Unde</strong></span> 
     </span>
    </p>
   </div>
   <div class='ocr_carea' id='block_1_32' title="bbox 428 3334 2004 3423">
    <p class='ocr_par' dir='ltr' id='par_1_32' title="bbox 428 3334 2004 3423">
     <span class='ocr_line' id='line_1_32' title="bbox 428 3334 2004 3423; baseline 0.013 -36"><span class='ocrx_word' id='word_1_215' title='bbox 428 3335 553 3390; x_wconf 82' lang='lat' dir='ltr'><strong>item</strong></span> <span class='ocrx_word' id='word_1_216' title='bbox 576 3334 701 3391; x_wconf 80' lang='lat' dir='ltr'><strong>dicit</strong></span> <span class='ocrx_word' id='word_1_217' title='bbox 732 3338 1055 3416; x_wconf 71' lang='lat' dir='ltr'><strong>Apostolus:</strong></span> <span class='ocrx_word' id='word_1_218' title='bbox 1090 3339 1304 3398; x_wconf 73' lang='lat' dir='ltr'><strong>Obsecro</strong></span> <span class='ocrx_word' id='word_1_219' title='bbox 1329 3344 1496 3417; x_wconf 78' lang='lat' dir='ltr'><strong>itaque</strong></span> <span class='ocrx_word' id='word_1_220' title='bbox 1523 3365 1607 3403; x_wconf 86' lang='lat' dir='ltr'><strong>vos</strong></span> <span class='ocrx_word' id='word_1_221' title='bbox 1626 3390 1642 3415; x_wconf 88' lang='lat'><strong>,</strong></span> <span class='ocrx_word' id='word_1_222' title='bbox 1675 3355 1883 3422; x_wconf 76' lang='lat' dir='ltr'><strong>fratres,</strong></span> <span class='ocrx_word' id='word_1_223' title='bbox 1916 3368 2004 3423; x_wconf 81' lang='lat' dir='ltr'><strong>per</strong></span> 
     </span>
    </p>
   </div>
   <div class='ocr_carea' id='block_1_33' title="bbox 426 3426 2005 3509">
    <p class='ocr_par' dir='ltr' id='par_1_33' title="bbox 426 3426 2005 3509">
     <span class='ocr_line' id='line_1_33' title="bbox 426 3426 2005 3509; baseline 0.013 -30"><span class='ocrx_word' id='word_1_224' title='bbox 426 3428 792 3484; x_wconf 70' lang='lat' dir='ltr'><strong>miserationem</strong></span> <span class='ocrx_word' id='word_1_225' title='bbox 821 3426 949 3495; x_wconf 91' lang='lat' dir='ltr'><strong>Dei,</strong></span> <span class='ocrx_word' id='word_1_226' title='bbox 994 3442 1050 3487; x_wconf 83' lang='lat' dir='ltr'><strong>ut</strong></span> <span class='ocrx_word' id='word_1_227' title='bbox 1077 3434 1348 3490; x_wconf 63' lang='lat' dir='ltr'><strong>allibeatis</strong></span> <span class='ocrx_word' id='word_1_228' title='bbox 1363 3454 1574 3509; x_wconf 75' lang='lat' dir='ltr'><strong>corpora</strong></span> <span class='ocrx_word' id='word_1_229' title='bbox 1602 3450 1762 3496; x_wconf 74' lang='lat' dir='ltr'><strong>vestra</strong></span> <span class='ocrx_word' id='word_1_230' title='bbox 1788 3444 2005 3500; x_wconf 75' lang='lat' dir='ltr'><strong>hostium</strong></span> 
     </span>
    </p>
   </div>
   <div class='ocr_carea' id='block_1_34' title="bbox 425 3518 2001 3603">
    <p class='ocr_par' dir='ltr' id='par_1_34' title="bbox 425 3518 2001 3603">
     <span class='ocr_line' id='line_1_34' title="bbox 425 3518 2001 3603; baseline 0.013 -30"><span class='ocrx_word' id='word_1_231' title='bbox 425 3518 621 3585; x_wconf 77' lang='lat' dir='ltr'><strong>vivam,</strong></span> <span class='ocrx_word' id='word_1_232' title='bbox 649 3530 903 3586; x_wconf 86' lang='lat' dir='ltr'><strong>sanctam,</strong></span> <span class='ocrx_word' id='word_1_233' title='bbox 943 3520 1051 3579; x_wconf 86' lang='lat' dir='ltr'><strong>Deo</strong></span> <span class='ocrx_word' id='word_1_234' title='bbox 1087 3525 1363 3599; x_wconf 78' lang='lat' dir='ltr'><strong>placentem</strong></span> <span class='ocrx_word' id='word_1_235' title='bbox 1403 3528 1575 3601; x_wconf 83' lang='lat' dir='ltr'><strong>(Rom.</strong></span> <span class='ocrx_word' id='word_1_236' title='bbox 1605 3546 1708 3600; x_wconf 75' lang='grc' dir='ltr'>ιιι,</span> <span class='ocrx_word' id='word_1_237' title='bbox 1735 3535 1810 3603; x_wconf 75' lang='lat' dir='ltr'><strong>i).</strong></span> <span class='ocrx_word' id='word_1_238' title='bbox 1857 3535 2001 3593; x_wconf 74' lang='lat' dir='ltr'><strong>Crux</strong></span> 
     </span>
    </p>
   </div>
   <div class='ocr_carea' id='block_1_35' title="bbox 425 3608 1998 3685">
    <p class='ocr_par' dir='ltr' id='par_1_35' title="bbox 425 3608 1998 3685">
     <span class='ocr_line' id='line_1_35' title="bbox 425 3608 1998 3685; baseline 0.013 -21"><span class='ocrx_word' id='word_1_239' title='bbox 425 3623 554 3680; x_wconf 85' lang='lat' dir='ltr'><strong>ergo</strong></span> <span class='ocrx_word' id='word_1_240' title='bbox 581 3608 709 3677; x_wconf 90' lang='lat' dir='ltr'><strong>ista,</strong></span> <span class='ocrx_word' id='word_1_241' title='bbox 745 3612 795 3665; x_wconf 91' lang='lat' dir='ltr'><strong>in</strong></span> <span class='ocrx_word' id='word_1_242' title='bbox 826 3627 929 3684; x_wconf 80' lang='lat' dir='ltr'><strong>qua</strong></span> <span class='ocrx_word' id='word_1_243' title='bbox 953 3614 1043 3669; x_wconf 89' lang='lat' dir='ltr'><strong>Dei</strong></span> <span class='ocrx_word' id='word_1_244' title='bbox 1070 3630 1255 3672; x_wconf 86' lang='lat' dir='ltr'><strong>servus</strong></span> <span class='ocrx_word' id='word_1_245' title='bbox 1295 3634 1398 3674; x_wconf 91' lang='lat' dir='ltr'><strong>non</strong></span> <span class='ocrx_word' id='word_1_246' title='bbox 1440 3621 1610 3677; x_wconf 89' lang='lat' dir='ltr'><strong>solum</strong></span> <span class='ocrx_word' id='word_1_247' title='bbox 1646 3640 1750 3681; x_wconf 90' lang='lat' dir='ltr'><strong>non</strong></span> <span class='ocrx_word' id='word_1_248' title='bbox 1779 3627 1998 3685; x_wconf 87' lang='lat' dir='ltr'><strong>conﬁm-</strong></span> 
     </span>
    </p>
   </div>
   <div class='ocr_carea' id='block_1_36' title="bbox 424 3691 1999 3781">
    <p class='ocr_par' dir='ltr' id='par_1_36' title="bbox 424 3691 1999 3781">
     <span class='ocr_line' id='line_1_36' title="bbox 424 3691 1999 3781; baseline 0.016 -28"><span class='ocrx_word' id='word_1_249' title='bbox 424 3699 587 3768; x_wconf 90' lang='lat' dir='ltr'><strong>ditur,</strong></span> <span class='ocrx_word' id='word_1_250' title='bbox 617 3701 710 3756; x_wconf 91' lang='lat' dir='ltr'><strong>sed</strong></span> <span class='ocrx_word' id='word_1_251' title='bbox 743 3691 901 3759; x_wconf 77' lang='lat' dir='ltr'><strong>etiam</strong></span> <span class='ocrx_word' id='word_1_252' title='bbox 945 3706 1202 3777; x_wconf 76' lang='lat' dir='ltr'><strong>gloriatur</strong></span> <span class='ocrx_word' id='word_1_253' title='bbox 1243 3708 1455 3781; x_wconf 91' lang='lat' dir='ltr'><strong>dicens,</strong></span> <span class='ocrx_word' id='word_1_254' title='bbox 1498 3712 1630 3770; x_wconf 80' lang='lat' dir='ltr'><strong>Mihi</strong></span> <span class='ocrx_word' id='word_1_255' title='bbox 1668 3728 1835 3774; x_wconf 85' lang='lat' dir='ltr'><strong>autem</strong></span> <span class='ocrx_word' id='word_1_256' title='bbox 1869 3722 1999 3778; x_wconf 76' lang='lat' dir='ltr'><strong>absit</strong></span> 
     </span>
    </p>
   </div>
   <div class='ocr_carea' id='block_1_37' title="bbox 424 3788 2000 3882">
    <p class='ocr_par' dir='ltr' id='par_1_37' title="bbox 424 3788 2000 3882">
     <span class='ocr_line' id='line_1_37' title="bbox 424 3788 2000 3882; baseline 0.018 -40"><span class='ocrx_word' id='word_1_257' title='bbox 424 3788 634 3882; x_wconf 63' lang='lat' dir='ltr'><strong>gloriari</strong></span> <span class='ocrx_word' id='word_1_258' title='bbox 655 3831 669 3859; x_wconf 92' lang='lat'><strong>,</strong></span> <span class='ocrx_word' id='word_1_259' title='bbox 693 3792 792 3847; x_wconf 84' lang='lat' dir='ltr'><strong>nisi</strong></span> <span class='ocrx_word' id='word_1_260' title='bbox 815 3793 868 3849; x_wconf 90' lang='lat' dir='ltr'><strong>in</strong></span> <span class='ocrx_word' id='word_1_261' title='bbox 890 3811 1035 3851; x_wconf 87' lang='lat' dir='ltr'><strong>cruce</strong></span> <span class='ocrx_word' id='word_1_262' title='bbox 1062 3794 1270 3853; x_wconf 84' lang='lat' dir='ltr'><strong>Domini</strong></span> <span class='ocrx_word' id='word_1_263' title='bbox 1294 3803 1454 3858; x_wconf 81' lang='lat' dir='ltr'><strong>nastri</strong></span> <span class='ocrx_word' id='word_1_264' title='bbox 1493 3804 1617 3860; x_wconf 84' lang='lat' dir='ltr'><strong>Jesu</strong></span> <span class='ocrx_word' id='word_1_265' title='bbox 1664 3809 1885 3880; x_wconf 77' lang='lat' dir='ltr'><strong>Christi,</strong></span> <span class='ocrx_word' id='word_1_266' title='bbox 1910 3830 2000 3882; x_wconf 82' lang='lat' dir='ltr'><strong>per</strong></span> 
     </span>
    </p>
   </div>
   <div class='ocr_carea' id='block_1_38' title="bbox 421 3870 2000 3979">
    <p class='ocr_par' dir='ltr' id='par_1_38' title="bbox 421 3870 2000 3979">
     <span class='ocr_line' id='line_1_38' title="bbox 421 3870 2000 3979; baseline 0.019 -43"><span class='ocrx_word' id='word_1_267' title='bbox 421 3898 569 3979; x_wconf 65' lang='lat' dir='ltr'><strong>quem</strong></span> <span class='ocrx_word' id='word_1_268' title='bbox 596 3870 972 3979; x_wconf 30' lang='lat' dir='ltr'><strong>inihi/mundus</strong></span> <span class='ocrx_word' id='word_1_269' title='bbox 1004 3891 1274 3961; x_wconf 70' lang='lat' dir='ltr'><strong>cruciﬁxus</strong></span> <span class='ocrx_word' id='word_1_270' title='bbox 1316 3905 1419 3960; x_wconf 80' lang='lat' dir='ltr'><strong>est,</strong></span> <span class='ocrx_word' id='word_1_271' title='bbox 1461 3906 1507 3952; x_wconf 87' lang='lat' dir='ltr'><strong>et</strong></span> <span class='ocrx_word' id='word_1_272' title='bbox 1535 3916 1625 3969; x_wconf 81' lang='lat' dir='ltr'><strong>ego</strong></span> <span class='ocrx_word' id='word_1_273' title='bbox 1658 3907 1845 3962; x_wconf 82' lang='lat' dir='ltr'><strong>mundo</strong></span> <span class='ocrx_word' id='word_1_274' title='bbox 1869 3870 2000 3979; x_wconf 47' lang='lat' dir='ltr'><strong>lliu-</strong></span> 
     </span>
    </p>
   </div>
   <div class='ocr_carea' id='block_1_39' title="bbox 422 3972 1994 4070">
    <p class='ocr_par' dir='ltr' id='par_1_39' title="bbox 422 3972 1994 4070">
     <span class='ocr_line' id='line_1_39' title="bbox 422 3972 1994 4070; baseline 0.02 -44"><span class='ocrx_word' id='word_1_275' title='bbox 422 3972 513 4070; x_wconf 43' lang='grc' dir='ltr'>ιρι.</span> <span class='ocrx_word' id='word_1_276' title='bbox 563 3991 649 4042; x_wconf 85' lang='lat' dir='ltr'><strong>vt,</strong></span> <span class='ocrx_word' id='word_1_277' title='bbox 701 3975 1023 4070; x_wconf 69' lang='lat' dir='ltr'><strong>li):crux,</strong></span> <span class='ocrx_word' id='word_1_278' title='bbox 1068 3981 1310 4053; x_wconf 86' lang='lat' dir='ltr'><strong>inquam,</strong></span> <span class='ocrx_word' id='word_1_279' title='bbox 1358 3986 1456 4042; x_wconf 89' lang='lat' dir='ltr'><strong>ista</strong></span> <span class='ocrx_word' id='word_1_280' title='bbox 1500 4007 1604 4047; x_wconf 89' lang='lat' dir='ltr'><strong>non</strong></span> <span class='ocrx_word' id='word_1_281' title='bbox 1652 3972 1994 4070; x_wconf 75' lang='lat' dir='ltr'><strong>quadraginta</strong></span> 
     </span>
    </p>
   </div>
   <div class='ocr_carea' id='block_1_40' title="bbox 420 4063 1992 4157">
    <p class='ocr_par' dir='ltr' id='par_1_40' title="bbox 420 4063 1992 4157">
     <span class='ocr_line' id='line_1_40' title="bbox 420 4063 1992 4157; baseline 0.019 -39"><span class='ocrx_word' id='word_1_282' title='bbox 420 4063 627 4120; x_wconf 78' lang='lat' dir='ltr'><strong>dierum</strong></span> <span class='ocrx_word' id='word_1_283' title='bbox 658 4075 769 4132; x_wconf 77' lang='lat' dir='ltr'><strong>est,</strong></span> <span class='ocrx_word' id='word_1_284' title='bbox 809 4069 902 4124; x_wconf 86' lang='lat' dir='ltr'><strong>sed</strong></span> <span class='ocrx_word' id='word_1_285' title='bbox 937 4070 1099 4126; x_wconf 81' lang='lat' dir='ltr'><strong>totius</strong></span> <span class='ocrx_word' id='word_1_286' title='bbox 1124 4072 1283 4145; x_wconf 86' lang='lat' dir='ltr'><strong>hujus</strong></span> <span class='ocrx_word' id='word_1_287' title='bbox 1306 4075 1458 4145; x_wconf 66' lang='lat' dir='ltr'><strong>vitaz,</strong></span> <span class='ocrx_word' id='word_1_288' title='bbox 1488 4095 1605 4151; x_wconf 69' lang='lat' dir='ltr'><strong>qua:</strong></span> <span class='ocrx_word' id='word_1_289' title='bbox 1643 4063 1992 4157; x_wconf 45' lang='lat' dir='ltr'><strong>mystico-nm</strong></span> 
     </span>
    </p>
   </div>
   <div class='ocr_carea' id='block_1_41' title="bbox 420 4158 1995 4244">
    <p class='ocr_par' dir='ltr' id='par_1_41' title="bbox 420 4158 1995 4244">
     <span class='ocr_line' id='line_1_41' title="bbox 420 4158 1995 4244; baseline 0.018 -35"><span class='ocrx_word' id='word_1_290' title='bbox 420 4170 571 4212; x_wconf 69' lang='lat' dir='ltr'><strong>mtuo</strong></span> <span class='ocrx_word' id='word_1_291' title='bbox 616 4158 960 4232; x_wconf 76' lang='lat' dir='ltr'><strong>quadraginta</strong></span> <span class='ocrx_word' id='word_1_292' title='bbox 997 4163 1214 4221; x_wconf 87' lang='lat' dir='ltr'><strong>istorum</strong></span> <span class='ocrx_word' id='word_1_293' title='bbox 1253 4168 1580 4239; x_wconf 88' lang='lat' dir='ltr'><strong>signiﬁcatur</strong></span> <span class='ocrx_word' id='word_1_294' title='bbox 1605 4175 1840 4244; x_wconf 86' lang='lat' dir='ltr'><strong>dierum;</strong></span> <span class='ocrx_word' id='word_1_295' title='bbox 1876 4184 1995 4239; x_wconf 83' lang='lat' dir='ltr'><strong>sive</strong></span> 
     </span>
    </p>
   </div>
   <div class='ocr_carea' id='block_1_42' title="bbox 418 4244 2000 4329">
    <p class='ocr_par' dir='ltr' id='par_1_42' title="bbox 418 4244 2000 4329">
     <span class='ocr_line' id='line_1_42' title="bbox 418 4244 2000 4329; baseline 0.02 -30"><span class='ocrx_word' id='word_1_296' title='bbox 418 4247 557 4315; x_wconf 87' lang='lat' dir='ltr'><strong>quod</strong></span> <span class='ocrx_word' id='word_1_297' title='bbox 587 4246 748 4305; x_wconf 91' lang='lat' dir='ltr'><strong>homo</strong></span> <span class='ocrx_word' id='word_1_298' title='bbox 773 4250 1026 4309; x_wconf 87' lang='lat' dir='ltr'><strong>ducturus</strong></span> <span class='ocrx_word' id='word_1_299' title='bbox 1054 4255 1189 4312; x_wconf 90' lang='lat' dir='ltr'><strong>hanc</strong></span> <span class='ocrx_word' id='word_1_300' title='bbox 1212 4244 1401 4327; x_wconf 76' lang='lat' dir='ltr'><strong>vitam,</strong></span> <span class='ocrx_word' id='word_1_301' title='bbox 1426 4262 1563 4319; x_wconf 85' lang='lat' dir='ltr'><strong>sicut</strong></span> <span class='ocrx_word' id='word_1_302' title='bbox 1587 4270 1823 4326; x_wconf 88' lang='lat' dir='ltr'><strong>nonnulli</strong></span> <span class='ocrx_word' id='word_1_303' title='bbox 1848 4288 2000 4329; x_wconf 43' lang='lat' dir='ltr'><strong>asses</strong></span> 
     </span>
    </p>
   </div>
   <div class='ocr_carea' id='block_1_43' title="bbox 419 4340 1992 4425">
    <p class='ocr_par' dir='ltr' id='par_1_43' title="bbox 419 4340 1992 4425">
     <span class='ocr_line' id='line_1_43' title="bbox 419 4340 1992 4425; baseline 0.018 -32"><span class='ocrx_word' id='word_1_304' title='bbox 419 4348 574 4404; x_wconf 88' lang='lat' dir='ltr'><strong>runt,</strong></span> <span class='ocrx_word' id='word_1_305' title='bbox 634 4340 821 4397; x_wconf 88' lang='lat' dir='ltr'><strong>diebus</strong></span> <span class='ocrx_word' id='word_1_306' title='bbox 867 4344 1210 4418; x_wconf 68' lang='lat' dir='ltr'><strong>quadraginta</strong></span> <span class='ocrx_word' id='word_1_307' title='bbox 1257 4348 1514 4408; x_wconf 76' lang='lat' dir='ltr'><strong>formatur</strong></span> <span class='ocrx_word' id='word_1_308' title='bbox 1560 4356 1611 4411; x_wconf 92' lang='lat' dir='ltr'><strong>in</strong></span> <span class='ocrx_word' id='word_1_309' title='bbox 1656 4370 1833 4425; x_wconf 87' lang='lat' dir='ltr'><strong>utero;</strong></span> <span class='ocrx_word' id='word_1_310' title='bbox 1879 4365 1992 4423; x_wconf 68' lang='lat' dir='ltr'><strong>sive</strong></span> 
     </span>
    </p>
   </div>
   <div class='ocr_carea' id='block_1_44' title="bbox 418 4432 1988 4522">
    <p class='ocr_par' dir='ltr' id='par_1_44' title="bbox 418 4432 1988 4522">
     <span class='ocr_line' id='line_1_44' title="bbox 418 4432 1988 4522; baseline 0.018 -37"><span class='ocrx_word' id='word_1_311' title='bbox 418 4432 558 4522; x_wconf 86' lang='lat' dir='ltr'><strong>quod</strong></span> <span class='ocrx_word' id='word_1_312' title='bbox 601 4432 886 4505; x_wconf 80' lang='lat' dir='ltr'><strong>Evangelia</strong></span> <span class='ocrx_word' id='word_1_313' title='bbox 915 4444 1142 4506; x_wconf 84' lang='lat' dir='ltr'><strong>quatuor</strong></span> <span class='ocrx_word' id='word_1_314' title='bbox 1177 4454 1300 4497; x_wconf 87' lang='lat' dir='ltr'><strong>cum</strong></span> <span class='ocrx_word' id='word_1_315' title='bbox 1344 4442 1562 4502; x_wconf 78' lang='lat' dir='ltr'><strong>denaria</strong></span> <span class='ocrx_word' id='word_1_316' title='bbox 1592 4449 1731 4522; x_wconf 88' lang='lat' dir='ltr'><strong>Lege</strong></span> <span class='ocrx_word' id='word_1_317' title='bbox 1767 4469 1988 4512; x_wconf 83' lang='lat' dir='ltr'><strong>concor-</strong></span> 
     </span>
    </p>
   </div>
   <div class='ocr_carea' id='block_1_45' title="bbox 417 4520 1989 4609">
    <p class='ocr_par' dir='ltr' id='par_1_45' title="bbox 417 4520 1989 4609">
     <span class='ocr_line' id='line_1_45' title="bbox 417 4520 1989 4609; baseline 0.018 -36"><span class='ocrx_word' id='word_1_318' title='bbox 417 4520 543 4575; x_wconf 83' lang='lat' dir='ltr'><strong>dant</strong></span> <span class='ocrx_word' id='word_1_319' title='bbox 563 4561 579 4587; x_wconf 93' lang='lat'><strong>,</strong></span> <span class='ocrx_word' id='word_1_320' title='bbox 601 4530 652 4575; x_wconf 90' lang='lat' dir='ltr'><strong>et</strong></span> <span class='ocrx_word' id='word_1_321' title='bbox 681 4531 869 4591; x_wconf 88' lang='lat' dir='ltr'><strong>quater</strong></span> <span class='ocrx_word' id='word_1_322' title='bbox 896 4525 1020 4580; x_wconf 91' lang='lat' dir='ltr'><strong>deni</strong></span> <span class='ocrx_word' id='word_1_323' title='bbox 1048 4526 1203 4582; x_wconf 91' lang='lat' dir='ltr'><strong>istum</strong></span> <span class='ocrx_word' id='word_1_324' title='bbox 1228 4546 1503 4589; x_wconf 86' lang='lat' dir='ltr'><strong>numerum</strong></span> <span class='ocrx_word' id='word_1_325' title='bbox 1544 4520 1783 4609; x_wconf 79' lang='lat' dir='ltr'><strong>signant,</strong></span> <span class='ocrx_word' id='word_1_326' title='bbox 1809 4544 1989 4601; x_wconf 85' lang='lat' dir='ltr'><strong>nobis-</strong></span> 
     </span>
    </p>
   </div>
   <div class='ocr_carea' id='block_1_46' title="bbox 415 4611 1991 4695">
    <p class='ocr_par' dir='ltr' id='par_1_46' title="bbox 415 4611 1991 4695">
     <span class='ocr_line' id='line_1_46' title="bbox 415 4611 1991 4695; baseline 0.021 -33"><span class='ocrx_word' id='word_1_327' title='bbox 415 4627 519 4682; x_wconf 85' lang='lat' dir='ltr'><strong>que</strong></span> <span class='ocrx_word' id='word_1_328' title='bbox 540 4613 593 4667; x_wconf 87' lang='lat' dir='ltr'><strong>in</strong></span> <span class='ocrx_word' id='word_1_329' title='bbox 620 4611 718 4668; x_wconf 89' lang='lat' dir='ltr'><strong>hac</strong></span> <span class='ocrx_word' id='word_1_330' title='bbox 747 4615 853 4670; x_wconf 87' lang='lat' dir='ltr'><strong>vita</strong></span> <span class='ocrx_word' id='word_1_331' title='bbox 884 4617 1184 4687; x_wconf 86' lang='lat' dir='ltr'><strong>Scripturas</strong></span> <span class='ocrx_word' id='word_1_332' title='bbox 1215 4629 1464 4694; x_wconf 68' lang='lat' dir='ltr'><strong>utrascpte</strong></span> <span class='ocrx_word' id='word_1_333' title='bbox 1504 4635 1830 4690; x_wconf 85' lang='lat' dir='ltr'><strong>necessarias</strong></span> <span class='ocrx_word' id='word_1_334' title='bbox 1869 4652 1991 4695; x_wconf 88' lang='lat' dir='ltr'><strong>esse</strong></span> 
     </span>
    </p>
   </div>
   <div class='ocr_carea' id='block_1_47' title="bbox 414 4702 1985 4792">
    <p class='ocr_par' dir='ltr' id='par_1_47' title="bbox 414 4702 1985 4792">
     <span class='ocr_line' id='line_1_47' title="bbox 414 4702 1985 4792; baseline 0.018 -36"><span class='ocrx_word' id='word_1_335' title='bbox 414 4702 812 4771; x_wconf 83' lang='lat' dir='ltr'><strong>demonstrant;</strong></span> <span class='ocrx_word' id='word_1_336' title='bbox 852 4707 979 4792; x_wconf 79' lang='lat' dir='ltr'><strong>sive</strong></span> <span class='ocrx_word' id='word_1_337' title='bbox 1014 4708 1112 4764; x_wconf 87' lang='lat' dir='ltr'><strong>alia</strong></span> <span class='ocrx_word' id='word_1_338' title='bbox 1149 4712 1381 4783; x_wconf 85' lang='lat' dir='ltr'><strong>qualibet</strong></span> <span class='ocrx_word' id='word_1_339' title='bbox 1410 4718 1763 4786; x_wconf 77' lang='lat' dir='ltr'><strong>probabiliora</strong></span> <span class='ocrx_word' id='word_1_340' title='bbox 1795 4741 1951 4783; x_wconf 81' lang='lat' dir='ltr'><strong>causa</strong></span> <span class='ocrx_word' id='word_1_341' title='bbox 1971 4771 1985 4792; x_wconf 88' lang='lat'><strong>,</strong></span> 
     </span>
    </p>
   </div>
   <div class='ocr_carea' id='block_1_48' title="bbox 412 4789 1984 4875">
    <p class='ocr_par' dir='ltr' id='par_1_48' title="bbox 412 4789 1984 4875">
     <span class='ocr_line' id='line_1_48' title="bbox 412 4789 1984 4875; baseline 0.018 -31"><span class='ocrx_word' id='word_1_342' title='bbox 412 4808 570 4862; x_wconf 89' lang='lat' dir='ltr'><strong>quam</strong></span> <span class='ocrx_word' id='word_1_343' title='bbox 602 4804 775 4864; x_wconf 85' lang='lat' dir='ltr'><strong>potest</strong></span> <span class='ocrx_word' id='word_1_344' title='bbox 797 4789 1093 4854; x_wconf 73' lang='lat' dir='ltr'><strong>ittiellectus</strong></span> <span class='ocrx_word' id='word_1_345' title='bbox 1121 4802 1312 4858; x_wconf 79' lang='lat' dir='ltr'><strong>melior</strong></span> <span class='ocrx_word' id='word_1_346' title='bbox 1329 4789 1984 4875; x_wconf 49' lang='lat' dir='ltr'><strong>etluculentiorinvenire;</strong></span> 
     </span>
    </p>
   </div>
   <div class='ocr_carea' id='block_1_49' title="bbox 416 4883 1985 4975">
    <p class='ocr_par' dir='ltr' id='par_1_49' title="bbox 416 4883 1985 4975">
     <span class='ocr_line' id='line_1_49' title="bbox 416 4883 1985 4975; baseline 0.017 -40"><span class='ocrx_word' id='word_1_347' title='bbox 416 4883 564 4975; x_wconf 80' lang='lat' dir='ltr'><strong>[huic</strong></span> <span class='ocrx_word' id='word_1_348' title='bbox 592 4895 643 4941; x_wconf 89' lang='lat' dir='ltr'><strong>et</strong></span> <span class='ocrx_word' id='word_1_349' title='bbox 669 4884 874 4957; x_wconf 81' lang='lat' dir='ltr'><strong>Moyses</strong></span> <span class='ocrx_word' id='word_1_350' title='bbox 902 4899 957 4945; x_wconf 90' lang='lat' dir='ltr'><strong>et</strong></span> <span class='ocrx_word' id='word_1_351' title='bbox 986 4887 1128 4947; x_wconf 83' lang='lat' dir='ltr'><strong>Elias</strong></span> <span class='ocrx_word' id='word_1_352' title='bbox 1148 4901 1201 4947; x_wconf 89' lang='lat' dir='ltr'><strong>et</strong></span> <span class='ocrx_word' id='word_1_353' title='bbox 1237 4894 1348 4964; x_wconf 88' lang='lat' dir='ltr'><strong>ipse</strong></span> <span class='ocrx_word' id='word_1_354' title='bbox 1369 4894 1622 4954; x_wconf 87' lang='lat' dir='ltr'><strong>Dominus</strong></span> <span class='ocrx_word' id='word_1_355' title='bbox 1643 4903 1985 4975; x_wconf 74' lang='lat' dir='ltr'><strong>quadraginta</strong></span> 
     </span>
    </p>
   </div>
   <div class='ocr_carea' id='block_1_50' title="bbox 409 4974 1984 5055">
    <p class='ocr_par' dir='ltr' id='par_1_50' title="bbox 409 4974 1984 5055">
     <span class='ocr_line' id='line_1_50' title="bbox 409 4974 1984 5055; baseline 0.017 -29"><span class='ocrx_word' id='word_1_356' title='bbox 409 4974 599 5031; x_wconf 81' lang='lat' dir='ltr'><strong>diebus</strong></span> <span class='ocrx_word' id='word_1_357' title='bbox 646 4976 1023 5047; x_wconf 74' lang='lat' dir='ltr'><strong>jejunaverunt</strong></span> <span class='ocrx_word' id='word_1_358' title='bbox 1073 4998 1087 5035; x_wconf 89' lang='lat'><strong>:</strong></span> <span class='ocrx_word' id='word_1_359' title='bbox 1137 4994 1192 5037; x_wconf 90' lang='lat' dir='ltr'><strong>ut</strong></span> <span class='ocrx_word' id='word_1_360' title='bbox 1233 4984 1588 5045; x_wconf 87' lang='lat' dir='ltr'><strong>insinuaretur</strong></span> <span class='ocrx_word' id='word_1_361' title='bbox 1633 4993 1786 5050; x_wconf 89' lang='lat' dir='ltr'><strong>nobis</strong></span> <span class='ocrx_word' id='word_1_362' title='bbox 1830 4974 1885 5051; x_wconf 81' lang='lat' dir='ltr'><strong>et</strong></span> <span class='ocrx_word' id='word_1_363' title='bbox 1933 4997 1984 5055; x_wconf 90' lang='lat' dir='ltr'><strong>in</strong></span> 
     </span>
    </p>
   </div>
   <div class='ocr_carea' id='block_1_51' title="bbox 410 5066 1988 5159">
    <p class='ocr_par' dir='ltr' id='par_1_51' title="bbox 410 5066 1988 5159">
     <span class='ocr_line' id='line_1_51' title="bbox 410 5066 1988 5159; baseline 0.016 -40"><span class='ocrx_word' id='word_1_364' title='bbox 410 5066 590 5159; x_wconf 47' lang='lat' dir='ltr'><strong>Mojse</strong></span> <span class='ocrx_word' id='word_1_365' title='bbox 619 5076 676 5159; x_wconf 79' lang='lat' dir='ltr'><strong>et</strong></span> <span class='ocrx_word' id='word_1_366' title='bbox 703 5069 753 5159; x_wconf 79' lang='lat' dir='ltr'><strong>in</strong></span> <span class='ocrx_word' id='word_1_367' title='bbox 785 5070 893 5159; x_wconf 83' lang='lat' dir='ltr'><strong>Elia</strong></span> <span class='ocrx_word' id='word_1_368' title='bbox 923 5082 975 5159; x_wconf 81' lang='lat' dir='ltr'><strong>et</strong></span> <span class='ocrx_word' id='word_1_369' title='bbox 1004 5072 1055 5127; x_wconf 90' lang='lat' dir='ltr'><strong>ln</strong></span> <span class='ocrx_word' id='word_1_370' title='bbox 1089 5072 1204 5159; x_wconf 83' lang='lat' dir='ltr'><strong>ipso</strong></span> <span class='ocrx_word' id='word_1_371' title='bbox 1228 5074 1472 5145; x_wconf 89' lang='lat' dir='ltr'><strong>Christo,</strong></span> <span class='ocrx_word' id='word_1_372' title='bbox 1503 5080 1604 5137; x_wconf 89' lang='lat' dir='ltr'><strong>hoc</strong></span> <span class='ocrx_word' id='word_1_373' title='bbox 1628 5092 1745 5153; x_wconf 87' lang='lat' dir='ltr'><strong>est,</strong></span> <span class='ocrx_word' id='word_1_374' title='bbox 1774 5086 1825 5142; x_wconf 90' lang='lat' dir='ltr'><strong>in</strong></span> <span class='ocrx_word' id='word_1_375' title='bbox 1847 5087 1988 5159; x_wconf 78' lang='lat' dir='ltr'><strong>Lege</strong></span> 
     </span>
    </p>
   </div>
   <div class='ocr_carea' id='block_1_52' title="bbox 407 5151 1981 5244">
    <p class='ocr_par' dir='ltr' id='par_1_52' title="bbox 407 5151 1981 5244">
     <span class='ocr_line' id='line_1_52' title="bbox 407 5151 1981 5244; baseline 0.018 -43"><span class='ocrx_word' id='word_1_376' title='bbox 407 5159 460 5202; x_wconf 77' lang='lat' dir='ltr'><strong>et</strong></span> <span class='ocrx_word' id='word_1_377' title='bbox 488 5151 766 5244; x_wconf 79' lang='lat' dir='ltr'><strong>Prophetis</strong></span> <span class='ocrx_word' id='word_1_378' title='bbox 796 5167 850 5210; x_wconf 86' lang='lat' dir='ltr'><strong>et</strong></span> <span class='ocrx_word' id='word_1_379' title='bbox 879 5154 931 5209; x_wconf 90' lang='lat' dir='ltr'><strong>in</strong></span> <span class='ocrx_word' id='word_1_380' title='bbox 956 5155 1072 5225; x_wconf 76' lang='lat' dir='ltr'><strong>ipso</strong></span> <span class='ocrx_word' id='word_1_381' title='bbox 1102 5158 1420 5231; x_wconf 81' lang='lat' dir='ltr'><strong>Evangelio,</strong></span> <span class='ocrx_word' id='word_1_382' title='bbox 1454 5164 1503 5219; x_wconf 89' lang='lat' dir='ltr'><strong>id</strong></span> <span class='ocrx_word' id='word_1_383' title='bbox 1546 5151 1819 5226; x_wconf 83' lang='lat' dir='ltr'><strong>nobiscum</strong></span> <span class='ocrx_word' id='word_1_384' title='bbox 1862 5151 1981 5244; x_wconf 70' lang='lat' dir='ltr'><strong>agi,</strong></span> 
     </span>
    </p>
   </div>
   <div class='ocr_carea' id='block_1_53' title="bbox 408 5242 1983 5327">
    <p class='ocr_par' dir='ltr' id='par_1_53' title="bbox 408 5242 1983 5327">
     <span class='ocr_line' id='line_1_53' title="bbox 408 5242 1983 5327; baseline 0.018 -36"><span class='ocrx_word' id='word_1_385' title='bbox 408 5256 471 5294; x_wconf 83' lang='lat' dir='ltr'><strong>uc</strong></span> <span class='ocrx_word' id='word_1_386' title='bbox 498 5242 895 5299; x_wconf 84' lang='lat' dir='ltr'><strong>conformemur</strong></span> <span class='ocrx_word' id='word_1_387' title='bbox 921 5253 973 5300; x_wconf 91' lang='lat' dir='ltr'><strong>et</strong></span> <span class='ocrx_word' id='word_1_388' title='bbox 1000 5247 1298 5305; x_wconf 81' lang='lat' dir='ltr'><strong>ita-reamus</strong></span> <span class='ocrx_word' id='word_1_389' title='bbox 1337 5251 1458 5308; x_wconf 91' lang='lat' dir='ltr'><strong>huic</strong></span> <span class='ocrx_word' id='word_1_390' title='bbox 1487 5259 1711 5327; x_wconf 62' lang='lat' dir='ltr'><strong>sarculo,</strong></span> <span class='ocrx_word' id='word_1_391' title='bbox 1736 5262 1830 5317; x_wconf 88' lang='lat' dir='ltr'><strong>sed</strong></span> <span class='ocrx_word' id='word_1_392' title='bbox 1863 5242 1983 5319; x_wconf 54' lang='lat' dir='ltr'><strong>cru-</strong></span> 
     </span>
    </p>
   </div>
   <div class='ocr_carea' id='block_1_54' title="bbox 465 5414 1452 5479">
    <p class='ocr_par' dir='ltr' id='par_1_54' title="bbox 465 5414 1452 5479">
     <span class='ocr_line' id='line_1_54' title="bbox 465 5414 1452 5479; baseline 0.014 -14"><span class='ocrx_word' id='word_1_393' title='bbox 465 5414 483 5479; x_wconf 62' lang='grc' dir='ltr'>ἶ</span> <span class='ocrx_word' id='word_1_394' title='bbox 509 5414 717 5479; x_wconf 73' lang='lat' dir='ltr'><strong>Collatus</strong></span> <span class='ocrx_word' id='word_1_395' title='bbox 739 5426 816 5469; x_wconf 86' lang='lat' dir='ltr'><strong>est</strong></span> <span class='ocrx_word' id='word_1_396' title='bbox 836 5419 897 5470; x_wconf 85' lang='lat' dir='ltr'><strong>ad</strong></span> <span class='ocrx_word' id='word_1_397' title='bbox 932 5420 992 5472; x_wconf 91' lang='lat' dir='ltr'><strong>cl&#39;.</strong></span> <span class='ocrx_word' id='word_1_398' title='bbox 1034 5437 1074 5473; x_wconf 88' lang='lat' dir='ltr'><strong>r.</strong></span> <span class='ocrx_word' id='word_1_399' title='bbox 1114 5438 1160 5474; x_wconf 78' lang='grc' dir='ltr'><strong>ν.</strong></span> <span class='ocrx_word' id='word_1_400' title='bbox 1187 5432 1239 5476; x_wconf 91' lang='lat' dir='ltr'><strong>et</strong></span> <span class='ocrx_word' id='word_1_401' title='bbox 1264 5427 1322 5477; x_wconf 89' lang='lat' dir='ltr'><strong>ad</strong></span> <span class='ocrx_word' id='word_1_402' title='bbox 1344 5434 1452 5479; x_wconf 79' lang='lat' dir='ltr'><strong>Iov.</strong></span> 
     </span>
    </p>
   </div>
   <div class='ocr_carea' id='block_1_55' title="bbox 462 5475 1118 5599">
    <p class='ocr_par' dir='ltr' id='par_1_55' title="bbox 462 5475 1118 5599">
     <span class='ocr_line' id='line_1_55' title="bbox 462 5475 1118 5599; baseline 0 0"><span class='ocrx_word' id='word_1_403' title='bbox 814 5483 1118 5599; x_wconf 44' lang='lat' dir='ltr'><strong>ima?</strong></span> 
     </span>
    </p>
   </div>
   <div class='ocr_carea' id='block_1_56' title="bbox 559 5541 1981 5621">
    <p class='ocr_par' dir='ltr' id='par_1_56' title="bbox 559 5541 1981 5621">
     <span class='ocr_line' id='line_1_56' title="bbox 559 5541 1981 5621; baseline 0.017 -32"><span class='ocrx_word' id='word_1_404' title='bbox 559 5541 1112 5621; x_wconf 54' lang='lat' dir='ltr'><strong>tepidique,</strong></span> <span class='ocrx_word' id='word_1_405' title='bbox 1127 5560 1249 5621; x_wconf 76' lang='lat' dir='ltr'><strong>cap.</strong></span> <span class='ocrx_word' id='word_1_406' title='bbox 1276 5551 1334 5621; x_wconf 64' lang='lat' dir='ltr'><strong>to</strong></span> <span class='ocrx_word' id='word_1_407' title='bbox 1367 5563 1614 5616; x_wconf 86' lang='lat' dir='ltr'><strong>recenset,</strong></span> <span class='ocrx_word' id='word_1_408' title='bbox 1639 5576 1662 5604; x_wconf 73' lang='grc' dir='ltr'>α</span> <span class='ocrx_word' id='word_1_409' title='bbox 1683 5558 1749 5611; x_wconf 85' lang='lat' dir='ltr'><strong>de</strong></span> <span class='ocrx_word' id='word_1_410' title='bbox 1768 5560 1981 5621; x_wconf 78' lang='lat' dir='ltr'><strong>Quadra-</strong></span> 
     </span>
    </p>
   </div>
   <div class='ocr_carea' id='block_1_57' title="bbox 398 5604 1979 5677">
    <p class='ocr_par' dir='ltr' id='par_1_57' title="bbox 398 5604 1979 5677">
     <span class='ocr_line' id='line_1_57' title="bbox 398 5604 1979 5677; baseline 0.018 -31"><span class='ocrx_word' id='word_1_411' title='bbox 614 5609 740 5677; x_wconf 53' lang='grc' dir='ltr'><strong>ἔρις</strong></span> <span class='ocrx_word' id='word_1_412' title='bbox 772 5604 943 5677; x_wconf 65' lang='lat' dir='ltr'><strong>f’ascha</strong></span> <span class='ocrx_word' id='word_1_413' title='bbox 976 5604 1466 5677; x_wconf 64' lang='lat' dir='ltr'><strong>tractatus&#39;quinque.</strong></span> <span class='ocrx_word' id='word_1_414' title='bbox 1503 5633 1525 5660; x_wconf 69' lang='grc' dir='ltr'><strong>ι</strong></span> <span class='ocrx_word' id='word_1_415' title='bbox 1555 5604 1656 5669; x_wconf 69' lang='lat' dir='ltr'><strong>&#39;séx</strong></span> <span class='ocrx_word' id='word_1_416' title='bbox 1689 5604 1979 5674; x_wconf 55' lang='lat' dir='ltr'><strong>ialﬁSHEBt</strong></span> 
     </span>
    </p>
   </div>
   <div class='ocr_carea' id='block_1_58' title="bbox 397 5659 1975 5774">
    <p class='ocr_par' dir='ltr' id='par_1_58' title="bbox 397 5659 1975 5774">
     <span class='ocr_line' id='line_1_58' title="bbox 397 5659 1975 5774; baseline 0.016 -65"><span class='ocrx_word' id='word_1_417' title='bbox 397 5659 892 5774; x_wconf 43' lang='lat' dir='ltr'><strong>auxcgligthtbes;</strong></span> <span class='ocrx_word' id='word_1_418' title='bbox 915 5681 946 5717; x_wconf 87' lang='lat' dir='ltr'><strong>e</strong></span> <span class='ocrx_word' id='word_1_419' title='bbox 968 5659 1310 5730; x_wconf 65' lang='lat' dir='ltr'><strong>qmbusumim</strong></span> <span class='ocrx_word' id='word_1_420' title='bbox 1318 5659 1466 5727; x_wconf 49' lang='lat' dir='ltr'><strong>illius</strong></span> <span class='ocrx_word' id='word_1_421' title='bbox 1483 5659 1975 5735; x_wconf 53' lang='grc' dir='ltr'><strong>οὶιθῖιῖθέᾶξίῖἰίτῖδῖ</strong></span> 
     </span>
    </p>
   </div>
   <div class='ocr_carea' id='block_1_59' title="bbox 1655 311 2456 381">
    <p class='ocr_par' dir='ltr' id='par_1_59' title="bbox 1655 311 2456 381">
     <span class='ocr_line' id='line_1_59' title="bbox 1655 311 2456 381; baseline -0.004 0"><span class='ocrx_word' id='word_1_422' title='bbox 1655 316 1713 381; x_wconf 78' lang='lat' dir='ltr'><strong>S.</strong></span> <span class='ocrx_word' id='word_1_423' title='bbox 1756 322 1892 381; x_wconf 74' lang='lat' dir='ltr'><strong>AUC</strong></span> <span class='ocrx_word' id='word_1_424' title='bbox 1900 311 2119 380; x_wconf 70' lang='grc' dir='ltr'>υετιΝι</span> <span class='ocrx_word' id='word_1_425' title='bbox 2156 311 2456 378; x_wconf 74' lang='lat' dir='ltr'><strong>EPISCOPl</strong></span> 
     </span>
    </p>
   </div>
   <div class='ocr_carea' id='block_1_60' title="bbox 3514 319 3629 392">
    <p class='ocr_par' dir='ltr' id='par_1_60' title="bbox 3514 319 3629 392">
     <span class='ocr_line' id='line_1_60' title="bbox 3514 319 3629 392; baseline 0.035 -4"><span class='ocrx_word' id='word_1_426' title='bbox 3514 319 3629 392; x_wconf 66' lang='grc' dir='ltr'>ιοιι</span> 
     </span>
    </p>
   </div>
   <div class='ocr_carea' id='block_1_61' title="bbox 2125 437 3633 510">
    <p class='ocr_par' dir='ltr' id='par_1_61' title="bbox 2125 437 3633 510">
     <span class='ocr_line' id='line_1_61' title="bbox 2125 437 3633 510; baseline 0.01 -17"><span class='ocrx_word' id='word_1_427' title='bbox 2125 437 2397 510; x_wconf 80' lang='lat' dir='ltr'><strong>ciﬁgautus</strong></span> <span class='ocrx_word' id='word_1_428' title='bbox 2423 439 2694 497; x_wconf 87' lang='lat' dir='ltr'><strong>hominem</strong></span> <span class='ocrx_word' id='word_1_429' title='bbox 2722 450 2957 500; x_wconf 83' lang='lat' dir='ltr'><strong>veterem</strong></span> <span class='ocrx_word' id='word_1_430' title='bbox 2976 484 2991 508; x_wconf 88' lang='lat'><strong>,</strong></span> <span class='ocrx_word' id='word_1_431' title='bbox 3016 447 3124 500; x_wconf 78' lang='lat' dir='ltr'><strong>una</strong></span> <span class='ocrx_word' id='word_1_432' title='bbox 3144 444 3200 501; x_wconf 86' lang='lat' dir='ltr'><strong>in</strong></span> 
     </span>
    </p>
   </div>
   <div class='ocr_carea' id='block_1_62' title="bbox 2120 527 3634 610">
    <p class='ocr_par' dir='ltr' id='par_1_62' title="bbox 2120 527 3634 610">
     <span class='ocr_line' id='line_1_62' title="bbox 2120 527 3634 610; baseline 0.009 -25"><span class='ocrx_word' id='word_1_433' title='bbox 2120 540 2171 585; x_wconf 91' lang='lat' dir='ltr'><strong>et</strong></span> <span class='ocrx_word' id='word_1_434' title='bbox 2192 531 2578 599; x_wconf 81' lang='lat' dir='ltr'><strong>ebrietatibus,</strong></span> <span class='ocrx_word' id='word_1_435' title='bbox 2610 548 2717 588; x_wconf 91' lang='lat' dir='ltr'><strong>non</strong></span> <span class='ocrx_word' id='word_1_436' title='bbox 2744 534 2797 588; x_wconf 91' lang='lat' dir='ltr'><strong>in</strong></span> <span class='ocrx_word' id='word_1_437' title='bbox 2823 534 3086 591; x_wconf 84' lang='lat' dir='ltr'><strong>cubilibus</strong></span> <span class='ocrx_word' id='word_1_438' title='bbox 3122 546 3175 593; x_wconf 86' lang='lat' dir='ltr'><strong>et</strong></span> <span class='ocrx_word' id='word_1_439' title='bbox 3191 527 3634 610; x_wconf 80' lang='lat' dir='ltr'><strong>impudicitiis,nou</strong></span> 
     </span>
    </p>
   </div>
   <div class='ocr_carea' id='block_1_63' title="bbox 2124 620 3637 696">
    <p class='ocr_par' dir='ltr' id='par_1_63' title="bbox 2124 620 3637 696">
     <span class='ocr_line' id='line_1_63' title="bbox 2124 620 3637 696; baseline 0.01 -23"><span class='ocrx_word' id='word_1_440' title='bbox 2124 620 2175 675; x_wconf 91' lang='lat' dir='ltr'><strong>in</strong></span> <span class='ocrx_word' id='word_1_441' title='bbox 2200 622 2541 678; x_wconf 88' lang='lat' dir='ltr'><strong>contentione</strong></span> <span class='ocrx_word' id='word_1_442' title='bbox 2565 630 2620 677; x_wconf 90' lang='lat' dir='ltr'><strong>et</strong></span> <span class='ocrx_word' id='word_1_443' title='bbox 2647 622 2987 679; x_wconf 67' lang='lat' dir='ltr'><strong>aemulatione</strong></span> <span class='ocrx_word' id='word_1_444' title='bbox 3014 634 3254 696; x_wconf 86' lang='lat' dir='ltr'><strong>agentes;</strong></span> <span class='ocrx_word' id='word_1_445' title='bbox 3285 629 3375 684; x_wconf 86' lang='lat' dir='ltr'><strong>sed</strong></span> <span class='ocrx_word' id='word_1_446' title='bbox 3399 629 3637 689; x_wconf 70' lang='lat' dir='ltr'><strong>industrius</strong></span> 
     </span>
    </p>
   </div>
   <div class='ocr_carea' id='block_1_64' title="bbox 2121 710 3634 777">
    <p class='ocr_par' dir='ltr' id='par_1_64' title="bbox 2121 710 3634 777">
     <span class='ocr_line' id='line_1_64' title="bbox 2121 710 3634 777; baseline 0.008 -12"><span class='ocrx_word' id='word_1_447' title='bbox 2121 710 2402 765; x_wconf 87' lang='lat' dir='ltr'><strong>Dominum</strong></span> <span class='ocrx_word' id='word_1_448' title='bbox 2445 712 2659 775; x_wconf 79' lang='lat' dir='ltr'><strong>Jesum;</strong></span> <span class='ocrx_word' id='word_1_449' title='bbox 2704 722 2761 769; x_wconf 86' lang='lat' dir='ltr'><strong>et</strong></span> <span class='ocrx_word' id='word_1_450' title='bbox 2798 715 2977 771; x_wconf 84' lang='lat' dir='ltr'><strong>carnis</strong></span> <span class='ocrx_word' id='word_1_451' title='bbox 3015 730 3196 771; x_wconf 82' lang='lat' dir='ltr'><strong>curam</strong></span> <span class='ocrx_word' id='word_1_452' title='bbox 3230 732 3294 772; x_wconf 89' lang='lat' dir='ltr'><strong>ne</strong></span> <span class='ocrx_word' id='word_1_453' title='bbox 3322 717 3634 777; x_wconf 82' lang='lat' dir='ltr'><strong>feeerimusiu</strong></span> 
     </span>
    </p>
   </div>
   <div class='ocr_carea' id='block_1_65' title="bbox 2118 804 3633 882">
    <p class='ocr_par' dir='ltr' id='par_1_65' title="bbox 2118 804 3633 882">
     <span class='ocr_line' id='line_1_65' title="bbox 2118 804 3633 882; baseline 0.007 -24"><span class='ocrx_word' id='word_1_454' title='bbox 2118 804 2565 873; x_wconf 86' lang='lat' dir='ltr'><strong>concupiscentiis</strong></span> <span class='ocrx_word' id='word_1_455' title='bbox 2592 804 2767 876; x_wconf 86' lang='lat' dir='ltr'><strong>(Rom.</strong></span> <span class='ocrx_word' id='word_1_456' title='bbox 2800 822 2924 873; x_wconf 71' lang='lat' dir='ltr'><strong>snt,</strong></span> <span class='ocrx_word' id='word_1_457' title='bbox 2955 808 3023 862; x_wconf 78' lang='grc'><strong>15</strong></span> <span class='ocrx_word' id='word_1_458' title='bbox 3043 816 3089 861; x_wconf 86' lang='lat' dir='ltr'><strong>et</strong></span> <span class='ocrx_word' id='word_1_459' title='bbox 3111 808 3217 881; x_wconf 69' lang='lat' dir='ltr'><strong>l4).</strong></span> <span class='ocrx_word' id='word_1_460' title='bbox 3245 809 3330 865; x_wconf 87' lang='lat' dir='ltr'><strong>Sic</strong></span> <span class='ocrx_word' id='word_1_461' title='bbox 3353 825 3541 882; x_wconf 87' lang='lat' dir='ltr'><strong>semper</strong></span> <span class='ocrx_word' id='word_1_462' title='bbox 3565 816 3633 870; x_wconf 79' lang='lat' dir='ltr'><strong>hie</strong></span> 
     </span>
    </p>
   </div>
   <div class='ocr_carea' id='block_1_66' title="bbox 2121 896 3638 972">
    <p class='ocr_par' dir='ltr' id='par_1_66' title="bbox 2121 896 3638 972">
     <span class='ocr_line' id='line_1_66' title="bbox 2121 896 3638 972; baseline 0.008 -21"><span class='ocrx_word' id='word_1_463' title='bbox 2121 898 2277 965; x_wconf 82' lang='lat' dir='ltr'><strong>vive,</strong></span> <span class='ocrx_word' id='word_1_464' title='bbox 2322 896 2664 954; x_wconf 90' lang='lat' dir='ltr'><strong>Christiane:</strong></span> <span class='ocrx_word' id='word_1_465' title='bbox 2694 899 2737 953; x_wconf 92' lang='lat' dir='ltr'><strong>si</strong></span> <span class='ocrx_word' id='word_1_466' title='bbox 2789 908 3001 955; x_wconf 90' lang='lat' dir='ltr'><strong>terreno</strong></span> <span class='ocrx_word' id='word_1_467' title='bbox 3047 900 3173 957; x_wconf 91' lang='lat' dir='ltr'><strong>limo</strong></span> <span class='ocrx_word' id='word_1_468' title='bbox 3211 917 3413 972; x_wconf 87' lang='lat' dir='ltr'><strong>gressus</strong></span> <span class='ocrx_word' id='word_1_469' title='bbox 3460 921 3551 960; x_wconf 91' lang='lat' dir='ltr'><strong>non</strong></span> <span class='ocrx_word' id='word_1_470' title='bbox 3572 908 3638 964; x_wconf 73' lang='lat' dir='ltr'><strong>vis</strong></span> 
     </span>
    </p>
   </div>
   <div class='ocr_carea' id='block_1_67' title="bbox 2120 978 3635 1061">
    <p class='ocr_par' dir='ltr' id='par_1_67' title="bbox 2120 978 3635 1061">
     <span class='ocr_line' id='line_1_67' title="bbox 2120 978 3635 1061; baseline 0.005 -16"><span class='ocrx_word' id='word_1_471' title='bbox 2120 991 2435 1061; x_wconf 83' lang='lat' dir='ltr'><strong>immergere</strong></span> <span class='ocrx_word' id='word_1_472' title='bbox 2453 1033 2471 1058; x_wconf 94' lang='lat'><strong>,</strong></span> <span class='ocrx_word' id='word_1_473' title='bbox 2497 990 2607 1047; x_wconf 88' lang='lat' dir='ltr'><strong>noli</strong></span> <span class='ocrx_word' id='word_1_474' title='bbox 2633 992 2701 1046; x_wconf 88' lang='lat' dir='ltr'><strong>de</strong></span> <span class='ocrx_word' id='word_1_475' title='bbox 2727 991 2826 1046; x_wconf 86' lang='lat' dir='ltr'><strong>ista</strong></span> <span class='ocrx_word' id='word_1_476' title='bbox 2852 1007 3014 1047; x_wconf 89' lang='lat' dir='ltr'><strong>cruce</strong></span> <span class='ocrx_word' id='word_1_477' title='bbox 3039 990 3374 1049; x_wconf 81' lang='lat' dir='ltr'><strong>descendere.</strong></span> <span class='ocrx_word' id='word_1_478' title='bbox 3399 978 3467 1051; x_wconf 58' lang='grc' dir='ltr'>ἐἰ</span> <span class='ocrx_word' id='word_1_479' title='bbox 3491 1004 3635 1052; x_wconf 80' lang='lat' dir='ltr'><strong>autem</strong></span> 
     </span>
    </p>
   </div>
   <div class='ocr_carea' id='block_1_68' title="bbox 2120 1080 3639 1158">
    <p class='ocr_par' dir='ltr' id='par_1_68' title="bbox 2120 1080 3639 1158">
     <span class='ocr_line' id='line_1_68' title="bbox 2120 1080 3639 1158; baseline 0.005 -23"><span class='ocrx_word' id='word_1_480' title='bbox 2120 1080 2223 1136; x_wconf 85' lang='lat' dir='ltr'><strong>hoc</strong></span> <span class='ocrx_word' id='word_1_481' title='bbox 2269 1081 2569 1137; x_wconf 72' lang='lat' dir='ltr'><strong>faciendum</strong></span> <span class='ocrx_word' id='word_1_482' title='bbox 2617 1091 2703 1138; x_wconf 84' lang='lat' dir='ltr'><strong>est</strong></span> <span class='ocrx_word' id='word_1_483' title='bbox 2742 1098 2835 1152; x_wconf 86' lang='lat' dir='ltr'><strong>per</strong></span> <span class='ocrx_word' id='word_1_484' title='bbox 2863 1083 3001 1139; x_wconf 76' lang='lat' dir='ltr'><strong>hanc</strong></span> <span class='ocrx_word' id='word_1_485' title='bbox 3049 1091 3210 1138; x_wconf 80' lang='lat' dir='ltr'><strong>tatam</strong></span> <span class='ocrx_word' id='word_1_486' title='bbox 3253 1083 3437 1154; x_wconf 84' lang='lat' dir='ltr'><strong>vitam,</strong></span> <span class='ocrx_word' id='word_1_487' title='bbox 3476 1093 3639 1158; x_wconf 75' lang='lat' dir='ltr'><strong>quanto</strong></span> 
     </span>
    </p>
   </div>
   <div class='ocr_carea' id='block_1_69' title="bbox 2118 1168 3637 1248">
    <p class='ocr_par' dir='ltr' id='par_1_69' title="bbox 2118 1168 3637 1248">
     <span class='ocr_line' id='line_1_69' title="bbox 2118 1168 3637 1248; baseline 0.005 -22"><span class='ocrx_word' id='word_1_488' title='bbox 2118 1168 2286 1244; x_wconf 83' lang='lat' dir='ltr'><strong>magis</strong></span> <span class='ocrx_word' id='word_1_489' title='bbox 2314 1188 2410 1242; x_wconf 88' lang='lat' dir='ltr'><strong>per</strong></span> <span class='ocrx_word' id='word_1_490' title='bbox 2437 1173 2569 1230; x_wconf 89' lang='lat' dir='ltr'><strong>istos</strong></span> <span class='ocrx_word' id='word_1_491' title='bbox 2582 1172 3020 1246; x_wconf 68' lang='lat' dir='ltr'><strong>Quadragesimaa</strong></span> <span class='ocrx_word' id='word_1_492' title='bbox 3057 1176 3204 1242; x_wconf 76' lang='lat' dir='ltr'><strong>dies,</strong></span> <span class='ocrx_word' id='word_1_493' title='bbox 3235 1177 3417 1248; x_wconf 86' lang='lat' dir='ltr'><strong>quibus</strong></span> <span class='ocrx_word' id='word_1_494' title='bbox 3432 1195 3530 1236; x_wconf 87' lang='lat' dir='ltr'><strong>non</strong></span> <span class='ocrx_word' id='word_1_495' title='bbox 3564 1196 3637 1237; x_wconf 82' lang='lat' dir='ltr'><strong>su.</strong></span> 
     </span>
    </p>
   </div>
   <div class='ocr_carea' id='block_1_70' title="bbox 2118 1264 3495 1338">
    <p class='ocr_par' dir='ltr' id='par_1_70' title="bbox 2118 1264 3495 1338">
     <span class='ocr_line' id='line_1_70' title="bbox 2118 1264 3495 1338; baseline 0.004 -20"><span class='ocrx_word' id='word_1_496' title='bbox 2118 1264 2225 1319; x_wconf 91' lang='lat' dir='ltr'><strong>lum</strong></span> <span class='ocrx_word' id='word_1_497' title='bbox 2253 1265 2446 1333; x_wconf 88' lang='lat' dir='ltr'><strong>agitur,</strong></span> <span class='ocrx_word' id='word_1_498' title='bbox 2475 1280 2663 1321; x_wconf 84' lang='lat' dir='ltr'><strong>verum</strong></span> <span class='ocrx_word' id='word_1_499' title='bbox 2692 1266 2853 1321; x_wconf 84' lang='lat' dir='ltr'><strong>etiam</strong></span> <span class='ocrx_word' id='word_1_500' title='bbox 2880 1266 3209 1338; x_wconf 81' lang='lat' dir='ltr'><strong>signiﬁcatur</strong></span> <span class='ocrx_word' id='word_1_501' title='bbox 3231 1267 3340 1323; x_wconf 63' lang='lat' dir='ltr'><strong>bare</strong></span> <span class='ocrx_word' id='word_1_502' title='bbox 3364 1269 3495 1323; x_wconf 79' lang='lat' dir='ltr'><strong>vita?</strong></span> 
     </span>
    </p>
   </div>
   <div class='ocr_carea' id='block_1_71' title="bbox 2185 1352 3638 1430">
    <p class='ocr_par' dir='ltr' id='par_1_71' title="bbox 2185 1352 3638 1430">
     <span class='ocr_line' id='line_1_71' title="bbox 2185 1352 3638 1430; baseline -0.003 -21"><span class='ocrx_word' id='word_1_503' title='bbox 2185 1355 2243 1410; x_wconf 74' lang='lat'><strong>2.</strong></span> <span class='ocrx_word' id='word_1_504' title='bbox 2286 1352 2385 1410; x_wconf 83' lang='lat' dir='ltr'><strong>Pia</strong></span> <span class='ocrx_word' id='word_1_505' title='bbox 2426 1372 2582 1428; x_wconf 82' lang='lat' dir='ltr'><strong>opera</strong></span> <span class='ocrx_word' id='word_1_506' title='bbox 2624 1356 2899 1427; x_wconf 71' lang='lat' dir='ltr'><strong>ferventius</strong></span> <span class='ocrx_word' id='word_1_507' title='bbox 2943 1358 3220 1412; x_wconf 72' lang='lat' dir='ltr'><strong>exercenda</strong></span> <span class='ocrx_word' id='word_1_508' title='bbox 3260 1375 3346 1428; x_wconf 82' lang='lat' dir='ltr'><strong>per</strong></span> <span class='ocrx_word' id='word_1_509' title='bbox 3391 1358 3638 1430; x_wconf 67' lang='grc' dir='ltr'><strong>ρασάνσθί.</strong></span> 
     </span>
    </p>
   </div>
   <div class='ocr_carea' id='block_1_72' title="bbox 2116 1446 3637 1519">
    <p class='ocr_par' dir='ltr' id='par_1_72' title="bbox 2116 1446 3637 1519">
     <span class='ocr_line' id='line_1_72' title="bbox 2116 1446 3637 1519; baseline 0.001 -19"><span class='ocrx_word' id='word_1_510' title='bbox 2116 1446 2259 1501; x_wconf 69' lang='lat' dir='ltr'><strong>sima!</strong></span> <span class='ocrx_word' id='word_1_511' title='bbox 2281 1455 2495 1517; x_wconf 79' lang='lat' dir='ltr'><strong>tempus.</strong></span> <span class='ocrx_word' id='word_1_512' title='bbox 2524 1447 2628 1503; x_wconf 89' lang='lat' dir='ltr'><strong>Per</strong></span> <span class='ocrx_word' id='word_1_513' title='bbox 2650 1447 2784 1503; x_wconf 90' lang='lat' dir='ltr'><strong>alios</strong></span> <span class='ocrx_word' id='word_1_514' title='bbox 2809 1458 2940 1519; x_wconf 78' lang='lat' dir='ltr'><strong>ergo</strong></span> <span class='ocrx_word' id='word_1_515' title='bbox 2964 1448 3082 1503; x_wconf 83' lang='lat' dir='ltr'><strong>dies</strong></span> <span class='ocrx_word' id='word_1_516' title='bbox 3112 1463 3215 1503; x_wconf 91' lang='lat' dir='ltr'><strong>non</strong></span> <span class='ocrx_word' id='word_1_517' title='bbox 3237 1450 3637 1519; x_wconf 70' lang='lat' dir='ltr'><strong>graventureorda</strong></span> 
     </span>
    </p>
   </div>
   <div class='ocr_carea' id='block_1_73' title="bbox 2115 1537 3641 1611">
    <p class='ocr_par' dir='ltr' id='par_1_73' title="bbox 2115 1537 3641 1611">
     <span class='ocr_line' id='line_1_73' title="bbox 2115 1537 3641 1611; baseline 0.001 -18"><span class='ocrx_word' id='word_1_518' title='bbox 2115 1548 2291 1594; x_wconf 85' lang='lat' dir='ltr'><strong>vestra</strong></span> <span class='ocrx_word' id='word_1_519' title='bbox 2321 1538 2374 1594; x_wconf 89' lang='lat' dir='ltr'><strong>in</strong></span> <span class='ocrx_word' id='word_1_520' title='bbox 2394 1539 2608 1609; x_wconf 86' lang='lat' dir='ltr'><strong>crapula</strong></span> <span class='ocrx_word' id='word_1_521' title='bbox 2629 1547 2685 1595; x_wconf 88' lang='lat' dir='ltr'><strong>et</strong></span> <span class='ocrx_word' id='word_1_522' title='bbox 2708 1537 2966 1595; x_wconf 62' lang='lat' dir='ltr'><strong>dirietate</strong></span> <span class='ocrx_word' id='word_1_523' title='bbox 2990 1538 3144 1609; x_wconf 86' lang='lat' dir='ltr'><strong>(Luc.</strong></span> <span class='ocrx_word' id='word_1_524' title='bbox 3165 1554 3255 1595; x_wconf 70' lang='grc' dir='ltr'><strong>χιι</strong></span> <span class='ocrx_word' id='word_1_525' title='bbox 3269 1582 3284 1605; x_wconf 83' lang='grc'>,</span> <span class='ocrx_word' id='word_1_526' title='bbox 3305 1537 3393 1611; x_wconf 68' lang='grc'><strong>54)</strong></span> <span class='ocrx_word' id='word_1_527' title='bbox 3425 1557 3437 1593; x_wconf 93' lang='lat'><strong>:</strong></span> <span class='ocrx_word' id='word_1_528' title='bbox 3462 1548 3545 1609; x_wconf 84' lang='lat' dir='ltr'><strong>per</strong></span> <span class='ocrx_word' id='word_1_529' title='bbox 3562 1539 3641 1594; x_wconf 82' lang='lat' dir='ltr'><strong>hos</strong></span> 
     </span>
    </p>
   </div>
   <div class='ocr_carea' id='block_1_74' title="bbox 2115 1629 3641 1701">
    <p class='ocr_par' dir='ltr' id='par_1_74' title="bbox 2115 1629 3641 1701">
     <span class='ocr_line' id='line_1_74' title="bbox 2115 1629 3641 1701; baseline 0 -16"><span class='ocrx_word' id='word_1_530' title='bbox 2115 1637 2292 1685; x_wconf 87' lang='lat' dir='ltr'><strong>autem</strong></span> <span class='ocrx_word' id='word_1_531' title='bbox 2314 1631 2475 1686; x_wconf 88' lang='lat' dir='ltr'><strong>etiam</strong></span> <span class='ocrx_word' id='word_1_532' title='bbox 2498 1631 2758 1701; x_wconf 86' lang='lat' dir='ltr'><strong>jejunate.</strong></span> <span class='ocrx_word' id='word_1_533' title='bbox 2786 1630 2893 1686; x_wconf 89' lang='lat' dir='ltr'><strong>Per</strong></span> <span class='ocrx_word' id='word_1_534' title='bbox 2913 1631 3047 1686; x_wconf 89' lang='lat' dir='ltr'><strong>alios</strong></span> <span class='ocrx_word' id='word_1_535' title='bbox 3072 1630 3217 1697; x_wconf 82' lang='lat' dir='ltr'><strong>dies,</strong></span> <span class='ocrx_word' id='word_1_536' title='bbox 3257 1629 3525 1695; x_wconf 80' lang='lat' dir='ltr'><strong>adulteria,</strong></span> <span class='ocrx_word' id='word_1_537' title='bbox 3557 1630 3641 1685; x_wconf 56' lang='lat' dir='ltr'><strong>fore</strong></span> 
     </span>
    </p>
   </div>
   <div class='ocr_carea' id='block_1_75' title="bbox 2118 1722 3639 1797">
    <p class='ocr_par' dir='ltr' id='par_1_75' title="bbox 2118 1722 3639 1797">
     <span class='ocr_line' id='line_1_75' title="bbox 2118 1722 3639 1797; baseline -0.001 -19"><span class='ocrx_word' id='word_1_538' title='bbox 2118 1724 2413 1780; x_wconf 86' lang='lat' dir='ltr'><strong>uicationes</strong></span> <span class='ocrx_word' id='word_1_539' title='bbox 2435 1765 2450 1789; x_wconf 90' lang='lat'><strong>,</strong></span> <span class='ocrx_word' id='word_1_540' title='bbox 2472 1738 2767 1796; x_wconf 88' lang='lat' dir='ltr'><strong>omnesque</strong></span> <span class='ocrx_word' id='word_1_541' title='bbox 2796 1724 3006 1797; x_wconf 83' lang='lat' dir='ltr'><strong>illicitas</strong></span> <span class='ocrx_word' id='word_1_542' title='bbox 3029 1722 3356 1792; x_wconf 79' lang='lat' dir='ltr'><strong>corruptelas</strong></span> <span class='ocrx_word' id='word_1_543' title='bbox 3380 1722 3525 1777; x_wconf 89' lang='lat' dir='ltr'><strong>nolite</strong></span> <span class='ocrx_word' id='word_1_544' title='bbox 3536 1734 3639 1777; x_wconf 85' lang='lat' dir='ltr'><strong>con-</strong></span> 
     </span>
    </p>
   </div>
   <div class='ocr_carea' id='block_1_76' title="bbox 2117 1812 3638 1886">
    <p class='ocr_par' dir='ltr' id='par_1_76' title="bbox 2117 1812 3638 1886">
     <span class='ocr_line' id='line_1_76' title="bbox 2117 1812 3638 1886; baseline -0.003 -16"><span class='ocrx_word' id='word_1_545' title='bbox 2117 1814 2357 1886; x_wconf 77' lang='lat' dir='ltr'><strong>tingere:</strong></span> <span class='ocrx_word' id='word_1_546' title='bbox 2381 1830 2477 1885; x_wconf 88' lang='lat' dir='ltr'><strong>per</strong></span> <span class='ocrx_word' id='word_1_547' title='bbox 2498 1815 2596 1872; x_wconf 86' lang='lat' dir='ltr'><strong>hos</strong></span> <span class='ocrx_word' id='word_1_548' title='bbox 2621 1825 2798 1870; x_wconf 89' lang='lat' dir='ltr'><strong>autem</strong></span> <span class='ocrx_word' id='word_1_549' title='bbox 2827 1816 2987 1870; x_wconf 89' lang='lat' dir='ltr'><strong>etiam</strong></span> <span class='ocrx_word' id='word_1_550' title='bbox 3017 1829 3047 1869; x_wconf 87' lang='lat' dir='ltr'><strong>a</strong></span> <span class='ocrx_word' id='word_1_551' title='bbox 3073 1814 3381 1885; x_wconf 71' lang='lat' dir='ltr'><strong>coniugibus</strong></span> <span class='ocrx_word' id='word_1_552' title='bbox 3402 1812 3638 1868; x_wconf 67' lang='lat' dir='ltr'><strong>alutinete.</strong></span> 
     </span>
    </p>
   </div>
   <div class='ocr_carea' id='block_1_77' title="bbox 2115 1902 3641 1978">
    <p class='ocr_par' dir='ltr' id='par_1_77' title="bbox 2115 1902 3641 1978">
     <span class='ocr_line' id='line_1_77' title="bbox 2115 1902 3641 1978; baseline -0.002 -19"><span class='ocrx_word' id='word_1_553' title='bbox 2115 1904 2274 1973; x_wconf 78' lang='lat' dir='ltr'><strong>Quod</strong></span> <span class='ocrx_word' id='word_1_554' title='bbox 2314 1906 2465 1961; x_wconf 86' lang='lat' dir='ltr'><strong>vobis</strong></span> <span class='ocrx_word' id='word_1_555' title='bbox 2505 1904 2719 1961; x_wconf 78' lang='lat' dir='ltr'><strong>domitis</strong></span> <span class='ocrx_word' id='word_1_556' title='bbox 2764 1905 3086 1978; x_wconf 70' lang='lat' dir='ltr'><strong>jejunando,</strong></span> <span class='ocrx_word' id='word_1_557' title='bbox 3119 1905 3457 1976; x_wconf 77' lang='lat' dir='ltr'><strong>eleentosynis</strong></span> <span class='ocrx_word' id='word_1_558' title='bbox 3496 1902 3641 1958; x_wconf 79' lang='lat' dir='ltr'><strong>addite</strong></span> 
     </span>
    </p>
   </div>
   <div class='ocr_carea' id='block_1_78' title="bbox 2116 1986 3645 2068">
    <p class='ocr_par' dir='ltr' id='par_1_78' title="bbox 2116 1986 3645 2068">
     <span class='ocr_line' id='line_1_78' title="bbox 2116 1986 3645 2068; baseline -0.003 -16"><span class='ocrx_word' id='word_1_559' title='bbox 2116 1997 2483 2068; x_wconf 66' lang='lat' dir='ltr'><strong>prserogando.</strong></span> <span class='ocrx_word' id='word_1_560' title='bbox 2515 1986 2745 2068; x_wconf 72' lang='lat' dir='ltr'><strong>Tempus</strong></span> <span class='ocrx_word' id='word_1_561' title='bbox 2759 1997 2900 2068; x_wconf 91' lang='lat' dir='ltr'><strong>quod</strong></span> <span class='ocrx_word' id='word_1_562' title='bbox 2929 1997 3208 2053; x_wconf 86' lang='lat' dir='ltr'><strong>reddendo</strong></span> <span class='ocrx_word' id='word_1_563' title='bbox 3226 1996 3470 2066; x_wconf 72' lang='lat' dir='ltr'><strong>cuuju‘gali</strong></span> <span class='ocrx_word' id='word_1_564' title='bbox 3494 1995 3645 2050; x_wconf 81' lang='lat' dir='ltr'><strong>debito</strong></span> 
     </span>
    </p>
   </div>
   <div class='ocr_carea' id='block_1_79' title="bbox 2113 2088 3641 2161">
    <p class='ocr_par' dir='ltr' id='par_1_79' title="bbox 2113 2088 3641 2161">
     <span class='ocr_line' id='line_1_79' title="bbox 2113 2088 3641 2161; baseline -0.005 -15"><span class='ocrx_word' id='word_1_565' title='bbox 2113 2090 2495 2160; x_wconf 78' lang='lat' dir='ltr'><strong>occupabatur,</strong></span> <span class='ocrx_word' id='word_1_566' title='bbox 2554 2089 3032 2161; x_wconf 86' lang='lat' dir='ltr'><strong>supplicationibus</strong></span> <span class='ocrx_word' id='word_1_567' title='bbox 3079 2089 3425 2161; x_wconf 85' lang='lat' dir='ltr'><strong>impendatur.</strong></span> <span class='ocrx_word' id='word_1_568' title='bbox 3475 2088 3641 2157; x_wconf 86' lang='lat' dir='ltr'><strong>Corpus</strong></span> 
     </span>
    </p>
   </div>
   <div class='ocr_carea' id='block_1_80' title="bbox 2112 2178 3641 2251">
    <p class='ocr_par' dir='ltr' id='par_1_80' title="bbox 2112 2178 3641 2251">
     <span class='ocr_line' id='line_1_80' title="bbox 2112 2178 3641 2251; baseline -0.005 -14"><span class='ocrx_word' id='word_1_569' title='bbox 2112 2181 2253 2251; x_wconf 90' lang='lat' dir='ltr'><strong>quod</strong></span> <span class='ocrx_word' id='word_1_570' title='bbox 2285 2181 2589 2238; x_wconf 83' lang='lat' dir='ltr'><strong>carnalibus</strong></span> <span class='ocrx_word' id='word_1_571' title='bbox 2616 2180 2894 2237; x_wconf 75' lang='lat' dir='ltr'><strong>affectibus</strong></span> <span class='ocrx_word' id='word_1_572' title='bbox 2917 2181 3247 2246; x_wconf 85' lang='lat' dir='ltr'><strong>solvebatur,</strong></span> <span class='ocrx_word' id='word_1_573' title='bbox 3270 2180 3409 2250; x_wconf 88' lang='lat' dir='ltr'><strong>puris</strong></span> <span class='ocrx_word' id='word_1_574' title='bbox 3437 2178 3641 2248; x_wconf 85' lang='lat' dir='ltr'><strong>precibus</strong></span> 
     </span>
    </p>
   </div>
   <div class='ocr_carea' id='block_1_81' title="bbox 2116 2270 3638 2342">
    <p class='ocr_par' dir='ltr' id='par_1_81' title="bbox 2116 2270 3638 2342">
     <span class='ocr_line' id='line_1_81' title="bbox 2116 2270 3638 2342; baseline -0.005 -15"><span class='ocrx_word' id='word_1_575' title='bbox 2116 2280 2501 2342; x_wconf 85' lang='lat' dir='ltr'><strong>prosternatur.</strong></span> <span class='ocrx_word' id='word_1_576' title='bbox 2548 2272 2733 2327; x_wconf 78' lang='lat' dir='ltr'><strong>Manus</strong></span> <span class='ocrx_word' id='word_1_577' title='bbox 2759 2287 2878 2342; x_wconf 70' lang='lat' dir='ltr'><strong>quae</strong></span> <span class='ocrx_word' id='word_1_578' title='bbox 2904 2271 3243 2342; x_wconf 73' lang='lat' dir='ltr'><strong>amplexibus</strong></span> <span class='ocrx_word' id='word_1_579' title='bbox 3268 2270 3638 2339; x_wconf 79' lang='lat' dir='ltr'><strong>implicabantur,</strong></span> 
     </span>
    </p>
   </div>
   <div class='ocr_carea' id='block_1_82' title="bbox 2113 2363 3641 2434">
    <p class='ocr_par' dir='ltr' id='par_1_82' title="bbox 2113 2363 3641 2434">
     <span class='ocr_line' id='line_1_82' title="bbox 2113 2363 3641 2434; baseline -0.003 -15"><span class='ocrx_word' id='word_1_580' title='bbox 2113 2365 2440 2420; x_wconf 82' lang='lat' dir='ltr'><strong>orationibus</strong></span> <span class='ocrx_word' id='word_1_581' title='bbox 2491 2365 2861 2420; x_wconf 71' lang='lat' dir='ltr'><strong>extendantur.</strong></span> <span class='ocrx_word' id='word_1_582' title='bbox 2912 2363 3017 2419; x_wconf 78' lang='lat' dir='ltr'><strong>Vos</strong></span> <span class='ocrx_word' id='word_1_583' title='bbox 3072 2372 3253 2419; x_wconf 78' lang='lat' dir='ltr'><strong>autem</strong></span> <span class='ocrx_word' id='word_1_584' title='bbox 3283 2363 3367 2434; x_wconf 89' lang='lat' dir='ltr'><strong>qui</strong></span> <span class='ocrx_word' id='word_1_585' title='bbox 3407 2364 3641 2429; x_wconf 79' lang='lat' dir='ltr'><strong>etiautpet‘</strong></span> 
     </span>
    </p>
   </div>
   <div class='ocr_carea' id='block_1_83' title="bbox 2110 2452 3641 2527">
    <p class='ocr_par' dir='ltr' id='par_1_83' title="bbox 2110 2452 3641 2527">
     <span class='ocr_line' id='line_1_83' title="bbox 2110 2452 3641 2527; baseline -0.001 -19"><span class='ocrx_word' id='word_1_586' title='bbox 2110 2454 2252 2511; x_wconf 84' lang='lat' dir='ltr'><strong>alios</strong></span> <span class='ocrx_word' id='word_1_587' title='bbox 2266 2454 2383 2511; x_wconf 88' lang='lat' dir='ltr'><strong>dies</strong></span> <span class='ocrx_word' id='word_1_588' title='bbox 2405 2456 2686 2526; x_wconf 86' lang='lat' dir='ltr'><strong>jejunatis,</strong></span> <span class='ocrx_word' id='word_1_589' title='bbox 2712 2470 2807 2527; x_wconf 89' lang='lat' dir='ltr'><strong>per</strong></span> <span class='ocrx_word' id='word_1_590' title='bbox 2834 2457 2935 2512; x_wconf 80' lang='lat' dir='ltr'><strong>hos</strong></span> <span class='ocrx_word' id='word_1_591' title='bbox 2959 2465 3158 2527; x_wconf 78' lang='lat' dir='ltr'><strong>augete</strong></span> <span class='ocrx_word' id='word_1_592' title='bbox 3203 2454 3344 2525; x_wconf 75' lang='lat' dir='ltr'><strong>quod</strong></span> <span class='ocrx_word' id='word_1_593' title='bbox 3366 2454 3535 2509; x_wconf 83' lang='lat' dir='ltr'><strong>facitis.</strong></span> <span class='ocrx_word' id='word_1_594' title='bbox 3559 2452 3641 2519; x_wconf 80' lang='lat' dir='ltr'><strong>Qui</strong></span> 
     </span>
    </p>
   </div>
   <div class='ocr_carea' id='block_1_84' title="bbox 2111 2548 3639 2621">
    <p class='ocr_par' dir='ltr' id='par_1_84' title="bbox 2111 2548 3639 2621">
     <span class='ocr_line' id='line_1_84' title="bbox 2111 2548 3639 2621; baseline 0.001 -21"><span class='ocrx_word' id='word_1_595' title='bbox 2111 2563 2209 2619; x_wconf 85' lang='lat' dir='ltr'><strong>per</strong></span> <span class='ocrx_word' id='word_1_596' title='bbox 2224 2550 2363 2605; x_wconf 82' lang='lat' dir='ltr'><strong>alios</strong></span> <span class='ocrx_word' id='word_1_597' title='bbox 2378 2548 2496 2605; x_wconf 87' lang='lat' dir='ltr'><strong>dies</strong></span> <span class='ocrx_word' id='word_1_598' title='bbox 2520 2559 2769 2621; x_wconf 82' lang='lat' dir='ltr'><strong>perpetua</strong></span> <span class='ocrx_word' id='word_1_599' title='bbox 2794 2550 3126 2606; x_wconf 86' lang='lat' dir='ltr'><strong>continentia</strong></span> <span class='ocrx_word' id='word_1_600' title='bbox 3152 2550 3443 2620; x_wconf 75' lang='lat' dir='ltr'><strong>erueiﬁgitis</strong></span> <span class='ocrx_word' id='word_1_601' title='bbox 3464 2561 3639 2618; x_wconf 85' lang='lat' dir='ltr'><strong>corpus,</strong></span> 
     </span>
    </p>
   </div>
   <div class='ocr_carea' id='block_1_85' title="bbox 2113 2638 3639 2708">
    <p class='ocr_par' dir='ltr' id='par_1_85' title="bbox 2113 2638 3639 2708">
     <span class='ocr_line' id='line_1_85' title="bbox 2113 2638 3639 2708; baseline -0.003 -14"><span class='ocrx_word' id='word_1_602' title='bbox 2113 2654 2208 2708; x_wconf 89' lang='lat' dir='ltr'><strong>per</strong></span> <span class='ocrx_word' id='word_1_603' title='bbox 2230 2638 2328 2694; x_wconf 90' lang='lat' dir='ltr'><strong>hos</strong></span> <span class='ocrx_word' id='word_1_604' title='bbox 2354 2639 2466 2696; x_wconf 88' lang='lat' dir='ltr'><strong>Deo</strong></span> <span class='ocrx_word' id='word_1_605' title='bbox 2508 2652 2691 2696; x_wconf 83' lang='lat' dir='ltr'><strong>veSIro</strong></span> <span class='ocrx_word' id='word_1_606' title='bbox 2733 2642 3098 2697; x_wconf 89' lang='lat' dir='ltr'><strong>crebrioribus</strong></span> <span class='ocrx_word' id='word_1_607' title='bbox 3126 2652 3179 2696; x_wconf 89' lang='lat' dir='ltr'><strong>et</strong></span> <span class='ocrx_word' id='word_1_608' title='bbox 3206 2641 3545 2697; x_wconf 80' lang='lat' dir='ltr'><strong>intentioribus</strong></span> <span class='ocrx_word' id='word_1_609' title='bbox 3574 2640 3639 2691; x_wconf 83' lang='lat' dir='ltr'><strong>in-</strong></span> 
     </span>
    </p>
   </div>
   <div class='ocr_carea' id='block_1_86' title="bbox 2113 2729 3639 2801">
    <p class='ocr_par' dir='ltr' id='par_1_86' title="bbox 2113 2729 3639 2801">
     <span class='ocr_line' id='line_1_86' title="bbox 2113 2729 3639 2801; baseline -0.001 -17"><span class='ocrx_word' id='word_1_610' title='bbox 2113 2729 2309 2786; x_wconf 76' lang='lat' dir='ltr'><strong>hzerete</strong></span> <span class='ocrx_word' id='word_1_611' title='bbox 2337 2731 2687 2787; x_wconf 88' lang='lat' dir='ltr'><strong>orationibus.</strong></span> <span class='ocrx_word' id='word_1_612' title='bbox 2717 2730 2915 2788; x_wconf 82' lang='lat' dir='ltr'><strong>Omnes</strong></span> <span class='ocrx_word' id='word_1_613' title='bbox 2945 2734 3255 2801; x_wconf 75' lang='lat' dir='ltr'><strong>unanimes,</strong></span> <span class='ocrx_word' id='word_1_614' title='bbox 3297 2739 3469 2788; x_wconf 83' lang='lat' dir='ltr'><strong>omnes</strong></span> <span class='ocrx_word' id='word_1_615' title='bbox 3493 2729 3639 2785; x_wconf 80' lang='lat' dir='ltr'><strong>ﬁdeles</strong></span> 
     </span>
    </p>
   </div>
   <div class='ocr_carea' id='block_1_87' title="bbox 2110 2820 3638 2895">
    <p class='ocr_par' dir='ltr' id='par_1_87' title="bbox 2110 2820 3638 2895">
     <span class='ocr_line' id='line_1_87' title="bbox 2110 2820 3638 2895; baseline -0.003 -19"><span class='ocrx_word' id='word_1_616' title='bbox 2110 2821 2357 2887; x_wconf 82' lang='lat' dir='ltr'><strong>ﬁdeliter,</strong></span> <span class='ocrx_word' id='word_1_617' title='bbox 2405 2838 2591 2879; x_wconf 90' lang='lat' dir='ltr'><strong>omnes</strong></span> <span class='ocrx_word' id='word_1_618' title='bbox 2618 2824 2668 2878; x_wconf 90' lang='lat' dir='ltr'><strong>in</strong></span> <span class='ocrx_word' id='word_1_619' title='bbox 2705 2823 2804 2881; x_wconf 85' lang='lat' dir='ltr'><strong>hac</strong></span> <span class='ocrx_word' id='word_1_620' title='bbox 2847 2826 3279 2895; x_wconf 80' lang='lat' dir='ltr'><strong>peregrinatione</strong></span> <span class='ocrx_word' id='word_1_621' title='bbox 3323 2825 3468 2879; x_wconf 91' lang='lat' dir='ltr'><strong>unius</strong></span> <span class='ocrx_word' id='word_1_622' title='bbox 3492 2820 3638 2890; x_wconf 68' lang='lat' dir='ltr'><strong>patriae</strong></span> 
     </span>
    </p>
   </div>
   <div class='ocr_carea' id='block_1_88' title="bbox 2105 2915 3639 2986">
    <p class='ocr_par' dir='ltr' id='par_1_88' title="bbox 2105 2915 3639 2986">
     <span class='ocr_line' id='line_1_88' title="bbox 2105 2915 3639 2986; baseline -0.003 -16"><span class='ocrx_word' id='word_1_623' title='bbox 2105 2915 2375 2970; x_wconf 84' lang='lat' dir='ltr'><strong>desiderio</strong></span> <span class='ocrx_word' id='word_1_624' title='bbox 2424 2918 2785 2986; x_wconf 87' lang='lat' dir='ltr'><strong>suspirantcs,</strong></span> <span class='ocrx_word' id='word_1_625' title='bbox 2834 2928 2890 2973; x_wconf 88' lang='lat' dir='ltr'><strong>et</strong></span> <span class='ocrx_word' id='word_1_626' title='bbox 2926 2933 3122 2974; x_wconf 87' lang='lat' dir='ltr'><strong>amore</strong></span> <span class='ocrx_word' id='word_1_627' title='bbox 3152 2917 3426 2973; x_wconf 81' lang='lat' dir='ltr'><strong>ferventes.</strong></span> <span class='ocrx_word' id='word_1_628' title='bbox 3471 2915 3639 2969; x_wconf 78' lang='lat' dir='ltr'><strong>bonum</strong></span> 
     </span>
    </p>
   </div>
   <div class='ocr_carea' id='block_1_89' title="bbox 2108 3005 3642 3077">
    <p class='ocr_par' dir='ltr' id='par_1_89' title="bbox 2108 3005 3642 3077">
     <span class='ocr_line' id='line_1_89' title="bbox 2108 3005 3642 3077; baseline -0.003 -16"><span class='ocrx_word' id='word_1_629' title='bbox 2108 3006 2200 3061; x_wconf 87' lang='lat' dir='ltr'><strong>Dei</strong></span> <span class='ocrx_word' id='word_1_630' title='bbox 2220 3047 2236 3069; x_wconf 88' lang='lat'><strong>,</strong></span> <span class='ocrx_word' id='word_1_631' title='bbox 2262 3006 2404 3077; x_wconf 87' lang='lat' dir='ltr'><strong>quod</strong></span> <span class='ocrx_word' id='word_1_632' title='bbox 2430 3007 2543 3077; x_wconf 89' lang='lat' dir='ltr'><strong>ipse</strong></span> <span class='ocrx_word' id='word_1_633' title='bbox 2572 3023 2675 3063; x_wconf 91' lang='lat' dir='ltr'><strong>non</strong></span> <span class='ocrx_word' id='word_1_634' title='bbox 2710 3007 2902 3074; x_wconf 87' lang='lat' dir='ltr'><strong>habet,</strong></span> <span class='ocrx_word' id='word_1_635' title='bbox 2934 3009 3123 3065; x_wconf 83' lang='lat' dir='ltr'><strong>nullus</strong></span> <span class='ocrx_word' id='word_1_636' title='bbox 3153 3010 3204 3064; x_wconf 92' lang='lat' dir='ltr'><strong>in</strong></span> <span class='ocrx_word' id='word_1_637' title='bbox 3233 3010 3397 3064; x_wconf 90' lang='lat' dir='ltr'><strong>altero</strong></span> <span class='ocrx_word' id='word_1_638' title='bbox 3428 3005 3642 3070; x_wconf 67' lang='lat' dir='ltr'><strong>invideat,</strong></span> 
     </span>
    </p>
   </div>
   <div class='ocr_carea' id='block_1_90' title="bbox 2108 3097 3637 3170">
    <p class='ocr_par' dir='ltr' id='par_1_90' title="bbox 2108 3097 3637 3170">
     <span class='ocr_line' id='line_1_90' title="bbox 2108 3097 3637 3170; baseline 0.003 -18"><span class='ocrx_word' id='word_1_639' title='bbox 2108 3097 2283 3152; x_wconf 87' lang='lat' dir='ltr'><strong>nullus</strong></span> <span class='ocrx_word' id='word_1_640' title='bbox 2310 3098 2455 3153; x_wconf 71' lang='lat' dir='ltr'><strong>irridt</strong></span> <span class='ocrx_word' id='word_1_641' title='bbox 2470 3107 2545 3154; x_wconf 83' lang='lat' dir='ltr'><strong>at.</strong></span> <span class='ocrx_word' id='word_1_642' title='bbox 2577 3097 2632 3153; x_wconf 85' lang='lat' dir='ltr'><strong>In</strong></span> <span class='ocrx_word' id='word_1_643' title='bbox 2664 3099 3029 3170; x_wconf 87' lang='lat' dir='ltr'><strong>spiritualibus</strong></span> <span class='ocrx_word' id='word_1_644' title='bbox 3056 3100 3250 3165; x_wconf 86' lang='lat' dir='ltr'><strong>bonis,</strong></span> <span class='ocrx_word' id='word_1_645' title='bbox 3279 3109 3416 3155; x_wconf 87' lang='lat' dir='ltr'><strong>tuum</strong></span> <span class='ocrx_word' id='word_1_646' title='bbox 3448 3097 3637 3167; x_wconf 64' lang='lat' dir='ltr'><strong>depulit.</strong></span> 
     </span>
    </p>
   </div>
   <div class='ocr_carea' id='block_1_91' title="bbox 2106 3188 3644 3264">
    <p class='ocr_par' dir='ltr' id='par_1_91' title="bbox 2106 3188 3644 3264">
     <span class='ocr_line' id='line_1_91' title="bbox 2106 3188 3644 3264; baseline -0.001 -19"><span class='ocrx_word' id='word_1_647' title='bbox 2106 3190 2246 3260; x_wconf 90' lang='lat' dir='ltr'><strong>quod</strong></span> <span class='ocrx_word' id='word_1_648' title='bbox 2276 3205 2424 3246; x_wconf 83' lang='lat' dir='ltr'><strong>amas</strong></span> <span class='ocrx_word' id='word_1_649' title='bbox 2469 3192 2520 3246; x_wconf 90' lang='lat' dir='ltr'><strong>in</strong></span> <span class='ocrx_word' id='word_1_650' title='bbox 2548 3191 2710 3247; x_wconf 90' lang='lat' dir='ltr'><strong>fratre</strong></span> <span class='ocrx_word' id='word_1_651' title='bbox 2742 3210 2755 3245; x_wconf 92' lang='lat'><strong>:</strong></span> <span class='ocrx_word' id='word_1_652' title='bbox 2788 3207 2941 3248; x_wconf 91' lang='lat' dir='ltr'><strong>suum</strong></span> <span class='ocrx_word' id='word_1_653' title='bbox 2982 3192 3241 3262; x_wconf 83' lang='lat' dir='ltr'><strong>deputet,</strong></span> <span class='ocrx_word' id='word_1_654' title='bbox 3270 3192 3405 3264; x_wconf 83' lang='lat' dir='ltr'><strong>quod</strong></span> <span class='ocrx_word' id='word_1_655' title='bbox 3443 3197 3565 3246; x_wconf 81' lang='lat' dir='ltr'><strong>amat</strong></span> <span class='ocrx_word' id='word_1_656' title='bbox 3598 3188 3644 3240; x_wconf 75' lang='lat' dir='ltr'><strong>it!</strong></span> 
     </span>
    </p>
   </div>
   <div class='ocr_carea' id='block_1_92' title="bbox 2108 3282 3645 3356">
    <p class='ocr_par' dir='ltr' id='par_1_92' title="bbox 2108 3282 3645 3356">
     <span class='ocr_line' id='line_1_92' title="bbox 2108 3282 3645 3356; baseline -0.003 -18"><span class='ocrx_word' id='word_1_657' title='bbox 2108 3290 2177 3338; x_wconf 75' lang='lat' dir='ltr'><strong>te.</strong></span> <span class='ocrx_word' id='word_1_658' title='bbox 2229 3282 2396 3339; x_wconf 86' lang='lat' dir='ltr'><strong>Nemo</strong></span> <span class='ocrx_word' id='word_1_659' title='bbox 2442 3284 2543 3339; x_wconf 84' lang='lat' dir='ltr'><strong>sub</strong></span> <span class='ocrx_word' id='word_1_660' title='bbox 2583 3285 2917 3340; x_wconf 68' lang='lat' dir='ltr'><strong>abstinentiae</strong></span> <span class='ocrx_word' id='word_1_661' title='bbox 2960 3288 3182 3356; x_wconf 86' lang='lat' dir='ltr'><strong>specie,</strong></span> <span class='ocrx_word' id='word_1_662' title='bbox 3230 3296 3425 3342; x_wconf 84' lang='lat' dir='ltr'><strong>mutare</strong></span> <span class='ocrx_word' id='word_1_663' title='bbox 3468 3283 3645 3338; x_wconf 82' lang='lat' dir='ltr'><strong>aﬁ&#39;ectet</strong></span> 
     </span>
    </p>
   </div>
   <div class='ocr_carea' id='block_1_93' title="bbox 2106 3377 3644 3452">
    <p class='ocr_par' dir='ltr' id='par_1_93' title="bbox 2106 3377 3644 3452">
     <span class='ocr_line' id='line_1_93' title="bbox 2106 3377 3644 3452; baseline -0.003 -18"><span class='ocrx_word' id='word_1_664' title='bbox 2106 3379 2312 3448; x_wconf 79' lang='lat' dir='ltr'><strong>potius,</strong></span> <span class='ocrx_word' id='word_1_665' title='bbox 2344 3394 2501 3450; x_wconf 83' lang='lat' dir='ltr'><strong>quam</strong></span> <span class='ocrx_word' id='word_1_666' title='bbox 2552 3395 2797 3436; x_wconf 50' lang='lat' dir='ltr'><strong>resecare</strong></span> <span class='ocrx_word' id='word_1_667' title='bbox 2822 3380 3076 3447; x_wconf 80' lang='lat' dir='ltr'><strong>delicias;</strong></span> <span class='ocrx_word' id='word_1_668' title='bbox 3138 3393 3195 3437; x_wconf 90' lang='lat' dir='ltr'><strong>ut</strong></span> <span class='ocrx_word' id='word_1_669' title='bbox 3238 3382 3483 3452; x_wconf 84' lang='lat' dir='ltr'><strong>pretiosos</strong></span> <span class='ocrx_word' id='word_1_670' title='bbox 3523 3377 3644 3431; x_wconf 85' lang='lat' dir='ltr'><strong>cibos</strong></span> 
     </span>
    </p>
   </div>
   <div class='ocr_carea' id='block_1_94' title="bbox 2104 3468 3638 3541">
    <p class='ocr_par' dir='ltr' id='par_1_94' title="bbox 2104 3468 3638 3541">
     <span class='ocr_line' id='line_1_94' title="bbox 2104 3468 3638 3541; baseline -0.004 -16"><span class='ocrx_word' id='word_1_671' title='bbox 2104 3479 2339 3540; x_wconf 73' lang='lat' dir='ltr'><strong>qumrat,</strong></span> <span class='ocrx_word' id='word_1_672' title='bbox 2369 3472 2492 3541; x_wconf 83' lang='lat' dir='ltr'><strong>tptia</strong></span> <span class='ocrx_word' id='word_1_673' title='bbox 2522 3486 2683 3526; x_wconf 89' lang='lat' dir='ltr'><strong>carne</strong></span> <span class='ocrx_word' id='word_1_674' title='bbox 2699 3484 2812 3525; x_wconf 73' lang='lat' dir='ltr'><strong>non</strong></span> <span class='ocrx_word' id='word_1_675' title='bbox 2834 3472 3089 3535; x_wconf 87' lang='lat' dir='ltr'><strong>vescitur,</strong></span> <span class='ocrx_word' id='word_1_676' title='bbox 3125 3485 3178 3528; x_wconf 90' lang='lat' dir='ltr'><strong>et</strong></span> <span class='ocrx_word' id='word_1_677' title='bbox 3207 3472 3473 3526; x_wconf 82' lang='lat' dir='ltr'><strong>inusitatos</strong></span> <span class='ocrx_word' id='word_1_678' title='bbox 3497 3468 3638 3536; x_wconf 83' lang='lat' dir='ltr'><strong>liquo-</strong></span> 
     </span>
    </p>
   </div>
   <div class='ocr_carea' id='block_1_95' title="bbox 2102 3556 3639 3635">
    <p class='ocr_par' dir='ltr' id='par_1_95' title="bbox 2102 3556 3639 3635">
     <span class='ocr_line' id='line_1_95' title="bbox 2102 3556 3639 3635; baseline -0.005 -19"><span class='ocrx_word' id='word_1_679' title='bbox 2102 3575 2191 3616; x_wconf 79' lang='lat' dir='ltr'><strong>res</strong></span> <span class='ocrx_word' id='word_1_680' title='bbox 2210 3603 2226 3624; x_wconf 85' lang='lat'><strong>,</strong></span> <span class='ocrx_word' id='word_1_681' title='bbox 2251 3561 2371 3632; x_wconf 91' lang='lat' dir='ltr'><strong>quia</strong></span> <span class='ocrx_word' id='word_1_682' title='bbox 2400 3562 2578 3616; x_wconf 87' lang='lat' dir='ltr'><strong>vinum</strong></span> <span class='ocrx_word' id='word_1_683' title='bbox 2608 3578 2714 3617; x_wconf 88' lang='lat' dir='ltr'><strong>non</strong></span> <span class='ocrx_word' id='word_1_684' title='bbox 2741 3563 2874 3618; x_wconf 85' lang='lat' dir='ltr'><strong>bibit</strong></span> <span class='ocrx_word' id='word_1_685' title='bbox 2903 3580 2917 3615; x_wconf 73' lang='grc' dir='ltr'><strong>ε</strong></span> <span class='ocrx_word' id='word_1_686' title='bbox 2953 3577 3019 3618; x_wconf 87' lang='lat' dir='ltr'><strong>ne</strong></span> <span class='ocrx_word' id='word_1_687' title='bbox 3039 3574 3145 3635; x_wconf 84' lang='lat' dir='ltr'><strong>per</strong></span> <span class='ocrx_word' id='word_1_688' title='bbox 3169 3565 3487 3619; x_wconf 70' lang='lat' dir='ltr'><strong>occasionem</strong></span> <span class='ocrx_word' id='word_1_689' title='bbox 3520 3556 3639 3629; x_wconf 80' lang='lat' dir='ltr'><strong>quasi</strong></span> 
     </span>
    </p>
   </div>
   <div class='ocr_carea' id='block_1_96' title="bbox 2101 3648 3638 3726">
    <p class='ocr_par' dir='ltr' id='par_1_96' title="bbox 2101 3648 3638 3726">
     <span class='ocr_line' id='line_1_96' title="bbox 2101 3648 3638 3726; baseline -0.004 -19"><span class='ocrx_word' id='word_1_690' title='bbox 2101 3652 2380 3708; x_wconf 75' lang='lat' dir='ltr'><strong>domanda:</strong></span> <span class='ocrx_word' id='word_1_691' title='bbox 2426 3653 2637 3717; x_wconf 83' lang='lat' dir='ltr'><strong>carnis,</strong></span> <span class='ocrx_word' id='word_1_692' title='bbox 2679 3654 2846 3726; x_wconf 81' lang='lat' dir='ltr'><strong>magis</strong></span> <span class='ocrx_word' id='word_1_693' title='bbox 2886 3662 3009 3725; x_wconf 87' lang='lat' dir='ltr'><strong>agat</strong></span> <span class='ocrx_word' id='word_1_694' title='bbox 3052 3655 3328 3726; x_wconf 79' lang='lat' dir='ltr'><strong>negotium</strong></span> <span class='ocrx_word' id='word_1_695' title='bbox 3378 3648 3638 3722; x_wconf 83' lang='lat' dir='ltr'><strong>voluptatis.</strong></span> 
     </span>
    </p>
   </div>
   <div class='ocr_carea' id='block_1_97' title="bbox 2099 3737 3645 3813">
    <p class='ocr_par' dir='ltr' id='par_1_97' title="bbox 2099 3737 3645 3813">
     <span class='ocr_line' id='line_1_97' title="bbox 2099 3737 3645 3813; baseline -0.002 -16"><span class='ocrx_word' id='word_1_696' title='bbox 2099 3742 2365 3797; x_wconf 75' lang='lat' dir='ltr'><strong>Alimenta</strong></span> <span class='ocrx_word' id='word_1_697' title='bbox 2408 3742 2619 3813; x_wconf 88' lang='lat' dir='ltr'><strong>quidem</strong></span> <span class='ocrx_word' id='word_1_698' title='bbox 2647 3743 2858 3799; x_wconf 88' lang='lat' dir='ltr'><strong>mundis</strong></span> <span class='ocrx_word' id='word_1_699' title='bbox 2887 3742 3083 3799; x_wconf 87' lang='lat' dir='ltr'><strong>tnunda</strong></span> <span class='ocrx_word' id='word_1_700' title='bbox 3114 3754 3239 3800; x_wconf 88' lang='lat' dir='ltr'><strong>sunt</strong></span> <span class='ocrx_word' id='word_1_701' title='bbox 3260 3742 3431 3799; x_wconf 86' lang='lat' dir='ltr'><strong>omnia</strong></span> <span class='ocrx_word' id='word_1_702' title='bbox 3459 3760 3471 3795; x_wconf 94' lang='lat'><strong>:</strong></span> <span class='ocrx_word' id='word_1_703' title='bbox 3500 3737 3578 3795; x_wconf 86' lang='lat' dir='ltr'><strong>sed</strong></span> <span class='ocrx_word' id='word_1_704' title='bbox 3600 3737 3645 3789; x_wconf 79' lang='lat' dir='ltr'><strong>in</strong></span> 
     </span>
    </p>
   </div>
   <div class='ocr_carea' id='block_1_98' title="bbox 2101 3829 2833 3890">
    <p class='ocr_par' dir='ltr' id='par_1_98' title="bbox 2101 3829 2833 3890">
     <span class='ocr_line' id='line_1_98' title="bbox 2101 3829 2833 3890; baseline 0.003 -4"><span class='ocrx_word' id='word_1_705' title='bbox 2101 3829 2251 3888; x_wconf 73' lang='lat' dir='ltr'><strong>nullo</strong></span> <span class='ocrx_word' id='word_1_706' title='bbox 2274 3843 2356 3888; x_wconf 84' lang='lat' dir='ltr'><strong>est</strong></span> <span class='ocrx_word' id='word_1_707' title='bbox 2385 3832 2579 3888; x_wconf 87' lang='lat' dir='ltr'><strong>munda</strong></span> <span class='ocrx_word' id='word_1_708' title='bbox 2609 3834 2833 3890; x_wconf 65' lang='lat' dir='ltr'><strong>luxuria.</strong></span> 
     </span>
    </p>
   </div>
   <div class='ocr_carea' id='block_1_99' title="bbox 2170 3919 3641 3999">
    <p class='ocr_par' dir='ltr' id='par_1_99' title="bbox 2170 3919 3641 3999">
     <span class='ocr_line' id='line_1_99' title="bbox 2170 3919 3641 3999; baseline 0.002 -19"><span class='ocrx_word' id='word_1_709' title='bbox 2170 3920 2224 3980; x_wconf 73' lang='lat'><strong>3.</strong></span> <span class='ocrx_word' id='word_1_710' title='bbox 2263 3923 2307 3978; x_wconf 86' lang='grc' dir='ltr'><em>Α</em></span> <span class='ocrx_word' id='word_1_711' title='bbox 2348 3923 2518 3980; x_wconf 67' lang='lat' dir='ltr'><strong>litibus</strong></span> <span class='ocrx_word' id='word_1_712' title='bbox 2562 3924 2617 3979; x_wconf 89' lang='lat' dir='ltr'><strong>in</strong></span> <span class='ocrx_word' id='word_1_713' title='bbox 2646 3926 2821 3995; x_wconf 76' lang='lat' dir='ltr'><strong>primis</strong></span> <span class='ocrx_word' id='word_1_714' title='bbox 2861 3926 3223 3999; x_wconf 69' lang='lat' dir='ltr'><strong>ieiunandum.</strong></span> <span class='ocrx_word' id='word_1_715' title='bbox 3269 3926 3385 3983; x_wconf 64' lang='lat' dir='ltr'><strong>Prae</strong></span> <span class='ocrx_word' id='word_1_716' title='bbox 3431 3919 3641 3983; x_wconf 55' lang='lat' dir='ltr'><strong>caeteris;</strong></span> 
     </span>
    </p>
   </div>
   <div class='ocr_carea' id='block_1_100' title="bbox 2097 4013 3641 4088">
    <p class='ocr_par' dir='ltr' id='par_1_100' title="bbox 2097 4013 3641 4088">
     <span class='ocr_line' id='line_1_100' title="bbox 2097 4013 3641 4088; baseline -0.005 -19"><span class='ocrx_word' id='word_1_717' title='bbox 2097 4013 2322 4075; x_wconf 84' lang='lat' dir='ltr'><strong>fratres.</strong></span> <span class='ocrx_word' id='word_1_718' title='bbox 2352 4015 2591 4070; x_wconf 84' lang='lat' dir='ltr'><strong>alitibus</strong></span> <span class='ocrx_word' id='word_1_719' title='bbox 2624 4023 2679 4071; x_wconf 89' lang='lat' dir='ltr'><strong>et</strong></span> <span class='ocrx_word' id='word_1_720' title='bbox 2725 4014 3005 4071; x_wconf 88' lang='lat' dir='ltr'><strong>discordiis</strong></span> <span class='ocrx_word' id='word_1_721' title='bbox 3041 4016 3308 4088; x_wconf 74' lang='lat' dir='ltr'><strong>jejunate.</strong></span> <span class='ocrx_word' id='word_1_722' title='bbox 3362 4013 3641 4071; x_wconf 75' lang='lat' dir='ltr'><strong>Mementote</strong></span> 
     </span>
    </p>
   </div>
   <div class='ocr_carea' id='block_1_101' title="bbox 2097 4105 3636 4178">
    <p class='ocr_par' dir='ltr' id='par_1_101' title="bbox 2097 4105 3636 4178">
     <span class='ocr_line' id='line_1_101' title="bbox 2097 4105 3636 4178; baseline -0.001 -20"><span class='ocrx_word' id='word_1_723' title='bbox 2097 4105 2405 4175; x_wconf 72' lang='lat' dir='ltr'><strong>prophetam</strong></span> <span class='ocrx_word' id='word_1_724' title='bbox 2420 4105 2732 4176; x_wconf 87' lang='lat' dir='ltr'><strong>quihusdam</strong></span> <span class='ocrx_word' id='word_1_725' title='bbox 2744 4107 3157 4177; x_wconf 80' lang='lat' dir='ltr'><strong>exprobrantem</strong></span> <span class='ocrx_word' id='word_1_726' title='bbox 3176 4116 3332 4178; x_wconf 88' lang='lat' dir='ltr'><strong>atque</strong></span> <span class='ocrx_word' id='word_1_727' title='bbox 3344 4106 3636 4161; x_wconf 87' lang='lat' dir='ltr'><strong>clamantem:</strong></span> 
     </span>
    </p>
   </div>
   <div class='ocr_carea' id='block_1_102' title="bbox 2096 4194 3639 4268">
    <p class='ocr_par' dir='ltr' id='par_1_102' title="bbox 2096 4194 3639 4268">
     <span class='ocr_line' id='line_1_102' title="bbox 2096 4194 3639 4268; baseline -0.004 -19"><span class='ocrx_word' id='word_1_728' title='bbox 2096 4194 2126 4249; x_wconf 94' lang='grc' dir='ltr'><strong><em>Ι</em></strong></span> <span class='ocrx_word' id='word_1_729' title='bbox 2133 4213 2163 4249; x_wconf 82' lang='grc' dir='ltr'><strong>ιι</strong></span> <span class='ocrx_word' id='word_1_730' title='bbox 2190 4196 2360 4251; x_wconf 84' lang='lat' dir='ltr'><strong>diebus</strong></span> <span class='ocrx_word' id='word_1_731' title='bbox 2379 4197 2568 4268; x_wconf 78' lang='lat' dir='ltr'><strong>jejnnii</strong></span> <span class='ocrx_word' id='word_1_732' title='bbox 2608 4197 2755 4253; x_wconf 79' lang='lat' dir='ltr'><strong>vestri</strong></span> <span class='ocrx_word' id='word_1_733' title='bbox 2772 4237 2793 4265; x_wconf 84' lang='lat'><strong>,</strong></span> <span class='ocrx_word' id='word_1_734' title='bbox 2819 4198 3146 4252; x_wconf 80' lang='lat' dir='ltr'><strong>inveniuntur</strong></span> <span class='ocrx_word' id='word_1_735' title='bbox 3168 4198 3441 4253; x_wconf 80' lang='lat' dir='ltr'><strong>voluntates</strong></span> <span class='ocrx_word' id='word_1_736' title='bbox 3461 4203 3639 4253; x_wconf 64' lang='lat' dir='ltr'><strong>castra,</strong></span> 
     </span>
    </p>
   </div>
   <div class='ocr_carea' id='block_1_103' title="bbox 2093 4286 3637 4359">
    <p class='ocr_par' dir='ltr' id='par_1_103' title="bbox 2093 4286 3637 4359">
     <span class='ocr_line' id='line_1_103' title="bbox 2093 4286 3637 4359; baseline -0.003 -19"><span class='ocrx_word' id='word_1_737' title='bbox 2093 4286 2228 4356; x_wconf 79' lang='lat' dir='ltr'><strong>quod</strong></span> <span class='ocrx_word' id='word_1_738' title='bbox 2249 4301 2419 4341; x_wconf 83' lang='lat' dir='ltr'><strong>omnes</strong></span> <span class='ocrx_word' id='word_1_739' title='bbox 2458 4288 2548 4358; x_wconf 85' lang='lat' dir='ltr'><strong>qui</strong></span> <span class='ocrx_word' id='word_1_740' title='bbox 2573 4287 2662 4343; x_wconf 85' lang='lat' dir='ltr'><strong>sub</strong></span> <span class='ocrx_word' id='word_1_741' title='bbox 2681 4288 2810 4359; x_wconf 86' lang='lat' dir='ltr'><strong>jugo</strong></span> <span class='ocrx_word' id='word_1_742' title='bbox 2838 4298 2999 4344; x_wconf 69' lang='lat' dir='ltr'><strong>vestro</strong></span> <span class='ocrx_word' id='word_1_743' title='bbox 3026 4299 3149 4344; x_wconf 85' lang='lat' dir='ltr'><strong>sunt</strong></span> <span class='ocrx_word' id='word_1_744' title='bbox 3173 4287 3441 4344; x_wconf 85' lang='lat' dir='ltr'><strong>stimulatis</strong></span> <span class='ocrx_word' id='word_1_745' title='bbox 3457 4327 3471 4351; x_wconf 92' lang='lat'><strong>,</strong></span> <span class='ocrx_word' id='word_1_746' title='bbox 3493 4294 3534 4339; x_wconf 85' lang='lat' dir='ltr'><strong>et</strong></span> <span class='ocrx_word' id='word_1_747' title='bbox 3556 4296 3637 4336; x_wconf 67' lang='grc' dir='ltr'><strong>ατε</strong></span> 
     </span>
    </p>
   </div>
   <div class='ocr_carea' id='block_1_104' title="bbox 2094 4377 3633 4450">
    <p class='ocr_par' dir='ltr' id='par_1_104' title="bbox 2094 4377 3633 4450">
     <span class='ocr_line' id='line_1_104' title="bbox 2094 4377 3633 4450; baseline 0.001 -19"><span class='ocrx_word' id='word_1_748' title='bbox 2094 4377 2214 4432; x_wconf 77' lang='lat' dir='ltr'><strong>ditis</strong></span> <span class='ocrx_word' id='word_1_749' title='bbox 2243 4379 2460 4449; x_wconf 77' lang='lat' dir='ltr'><strong>pugnis;</strong></span> <span class='ocrx_word' id='word_1_750' title='bbox 2485 4378 2691 4432; x_wconf 77' lang='lat' dir='ltr'><strong>auditur</strong></span> <span class='ocrx_word' id='word_1_751' title='bbox 2710 4379 2763 4433; x_wconf 87' lang='lat' dir='ltr'><strong>in</strong></span> <span class='ocrx_word' id='word_1_752' title='bbox 2783 4378 3002 4434; x_wconf 85' lang='lat' dir='ltr'><strong>clamore</strong></span> <span class='ocrx_word' id='word_1_753' title='bbox 3025 4394 3127 4434; x_wconf 73' lang='lat' dir='ltr'><strong>eoa:</strong></span> <span class='ocrx_word' id='word_1_754' title='bbox 3150 4389 3315 4434; x_wconf 79' lang='lat' dir='ltr'><strong>uestra</strong></span> <span class='ocrx_word' id='word_1_755' title='bbox 3337 4378 3386 4450; x_wconf 93' lang='lat' dir='ltr'><strong>(I</strong></span> <span class='ocrx_word' id='word_1_756' title='bbox 3390 4378 3479 4432; x_wconf 84' lang='lat' dir='ltr'><strong>sai.</strong></span> <span class='ocrx_word' id='word_1_757' title='bbox 3509 4384 3633 4432; x_wconf 79' lang='lat' dir='ltr'><strong>Lvut.</strong></span> 
     </span>
    </p>
   </div>
   <div class='ocr_carea' id='block_1_105' title="bbox 2093 4463 3637 4538">
    <p class='ocr_par' dir='ltr' id='par_1_105' title="bbox 2093 4463 3637 4538">
     <span class='ocr_line' id='line_1_105' title="bbox 2093 4463 3637 4538; baseline -0.008 -13"><span class='ocrx_word' id='word_1_758' title='bbox 2093 4469 2132 4525; x_wconf 76' lang='grc'><strong>5</strong></span> <span class='ocrx_word' id='word_1_759' title='bbox 2160 4471 2239 4538; x_wconf 87' lang='grc'><strong>5),</strong></span> <span class='ocrx_word' id='word_1_760' title='bbox 2272 4481 2323 4525; x_wconf 89' lang='lat' dir='ltr'><strong>et</strong></span> <span class='ocrx_word' id='word_1_761' title='bbox 2352 4479 2543 4525; x_wconf 66' lang='lat' dir='ltr'><strong>cartera</strong></span> <span class='ocrx_word' id='word_1_762' title='bbox 2571 4471 2710 4525; x_wconf 89' lang='lat' dir='ltr'><strong>talia.</strong></span> <span class='ocrx_word' id='word_1_763' title='bbox 2732 4469 2933 4537; x_wconf 86' lang='lat' dir='ltr'><strong>Quibus</strong></span> <span class='ocrx_word' id='word_1_764' title='bbox 2954 4470 3388 4526; x_wconf 83' lang='lat' dir='ltr'><strong>commemoratis</strong></span> <span class='ocrx_word' id='word_1_765' title='bbox 3405 4463 3637 4535; x_wconf 78' lang='lat' dir='ltr'><strong>adjunsitf</strong></span> 
     </span>
    </p>
   </div>
   <div class='ocr_carea' id='block_1_106' title="bbox 2097 4558 3640 4632">
    <p class='ocr_par' dir='ltr' id='par_1_106' title="bbox 2097 4558 3640 4632">
     <span class='ocr_line' id='line_1_106' title="bbox 2097 4558 3640 4632; baseline -0.007 -17"><span class='ocrx_word' id='word_1_766' title='bbox 2097 4559 2215 4615; x_wconf 86' lang='lat' dir='ltr'><strong>Non</strong></span> <span class='ocrx_word' id='word_1_767' title='bbox 2238 4560 2330 4613; x_wconf 84' lang='lat' dir='ltr'><strong>hoc</strong></span> <span class='ocrx_word' id='word_1_768' title='bbox 2343 4561 2596 4631; x_wconf 77' lang='lat' dir='ltr'><strong>jejunium</strong></span> <span class='ocrx_word' id='word_1_769' title='bbox 2619 4576 2709 4631; x_wconf 82' lang='lat' dir='ltr'><strong>ego</strong></span> <span class='ocrx_word' id='word_1_770' title='bbox 2735 4561 2889 4632; x_wconf 78' lang='lat' dir='ltr'><strong>elegi,</strong></span> <span class='ocrx_word' id='word_1_771' title='bbox 2918 4561 3040 4615; x_wconf 86' lang='lat' dir='ltr'><strong>dicit</strong></span> <span class='ocrx_word' id='word_1_772' title='bbox 3062 4560 3336 4616; x_wconf 86' lang='lat' dir='ltr'><strong>Dominus.</strong></span> <span class='ocrx_word' id='word_1_773' title='bbox 3363 4558 3415 4616; x_wconf 93' lang='lat' dir='ltr'><strong>Si</strong></span> <span class='ocrx_word' id='word_1_774' title='bbox 3439 4558 3640 4613; x_wconf 75' lang='lat' dir='ltr'><strong>clamare</strong></span> 
     </span>
    </p>
   </div>
   <div class='ocr_carea' id='block_1_107' title="bbox 2094 4649 3631 4724">
    <p class='ocr_par' dir='ltr' id='par_1_107' title="bbox 2094 4649 3631 4724">
     <span class='ocr_line' id='line_1_107' title="bbox 2094 4649 3631 4724; baseline -0.003 -19"><span class='ocrx_word' id='word_1_775' title='bbox 2094 4652 2280 4717; x_wconf 77' lang='lat' dir='ltr'><strong>vultis,</strong></span> <span class='ocrx_word' id='word_1_776' title='bbox 2310 4652 2455 4705; x_wconf 90' lang='lat' dir='ltr'><strong>illum</strong></span> <span class='ocrx_word' id='word_1_777' title='bbox 2478 4652 2807 4722; x_wconf 80' lang='lat' dir='ltr'><strong>frequentate</strong></span> <span class='ocrx_word' id='word_1_778' title='bbox 2828 4652 3149 4720; x_wconf 69' lang='lat' dir='ltr'><strong>clamorem,</strong></span> <span class='ocrx_word' id='word_1_779' title='bbox 3174 4654 3245 4709; x_wconf 85' lang='lat' dir='ltr'><strong>de</strong></span> <span class='ocrx_word' id='word_1_780' title='bbox 3267 4667 3373 4724; x_wconf 89' lang='lat' dir='ltr'><strong>quo</strong></span> <span class='ocrx_word' id='word_1_781' title='bbox 3414 4649 3631 4720; x_wconf 81' lang='lat' dir='ltr'><strong>scriptum</strong></span> 
     </span>
    </p>
   </div>
   <div class='ocr_carea' id='block_1_108' title="bbox 2091 4739 3631 4818">
    <p class='ocr_par' dir='ltr' id='par_1_108' title="bbox 2091 4739 3631 4818">
     <span class='ocr_line' id='line_1_108' title="bbox 2091 4739 3631 4818; baseline -0.001 -24"><span class='ocrx_word' id='word_1_782' title='bbox 2091 4751 2173 4797; x_wconf 78' lang='lat' dir='ltr'><strong>est</strong></span> <span class='ocrx_word' id='word_1_783' title='bbox 2205 4761 2217 4797; x_wconf 94' lang='lat'>:</span> <span class='ocrx_word' id='word_1_784' title='bbox 2259 4741 2389 4797; x_wconf 70' lang='lat' dir='ltr'><strong>Voce</strong></span> <span class='ocrx_word' id='word_1_785' title='bbox 2427 4759 2537 4797; x_wconf 83' lang='lat' dir='ltr'><strong>mea</strong></span> <span class='ocrx_word' id='word_1_786' title='bbox 2573 4744 2642 4797; x_wconf 84' lang='lat' dir='ltr'><strong>ad</strong></span> <span class='ocrx_word' id='word_1_787' title='bbox 2684 4744 2956 4798; x_wconf 77' lang='lat' dir='ltr'><strong>Dominum</strong></span> <span class='ocrx_word' id='word_1_788' title='bbox 2983 4743 3201 4799; x_wconf 79' lang='lat' dir='ltr'><strong>clamaui</strong></span> <span class='ocrx_word' id='word_1_789' title='bbox 3227 4745 3398 4818; x_wconf 86' lang='lat' dir='ltr'><strong>(Psal.</strong></span> <span class='ocrx_word' id='word_1_790' title='bbox 3420 4754 3548 4806; x_wconf 64' lang='lat' dir='ltr'><strong>catt,</strong></span> <span class='ocrx_word' id='word_1_791' title='bbox 3571 4739 3631 4807; x_wconf 74' lang='lat'><strong>2)-</strong></span> 
     </span>
    </p>
   </div>
   <div class='ocr_carea' id='block_1_109' title="bbox 2093 4828 3638 4903">
    <p class='ocr_par' dir='ltr' id='par_1_109' title="bbox 2093 4828 3638 4903">
     <span class='ocr_line' id='line_1_109' title="bbox 2093 4828 3638 4903; baseline 0.003 -17"><span class='ocrx_word' id='word_1_792' title='bbox 2093 4831 2183 4888; x_wconf 90' lang='lat' dir='ltr'><strong>llle</strong></span> <span class='ocrx_word' id='word_1_793' title='bbox 2213 4834 2407 4903; x_wconf 86' lang='lat' dir='ltr'><strong>quippe</strong></span> <span class='ocrx_word' id='word_1_794' title='bbox 2428 4848 2535 4887; x_wconf 89' lang='lat' dir='ltr'><strong>non</strong></span> <span class='ocrx_word' id='word_1_795' title='bbox 2562 4844 2643 4888; x_wconf 75' lang='lat' dir='ltr'><strong>est</strong></span> <span class='ocrx_word' id='word_1_796' title='bbox 2670 4833 2775 4889; x_wconf 85' lang='lat' dir='ltr'><strong>litis</strong></span> <span class='ocrx_word' id='word_1_797' title='bbox 2794 4876 2809 4899; x_wconf 91' lang='lat'><strong>,</strong></span> <span class='ocrx_word' id='word_1_798' title='bbox 2850 4835 2944 4890; x_wconf 92' lang='lat' dir='ltr'><strong>sed</strong></span> <span class='ocrx_word' id='word_1_799' title='bbox 2986 4836 3299 4901; x_wconf 82' lang='lat' dir='ltr'><strong>charitatis;</strong></span> <span class='ocrx_word' id='word_1_800' title='bbox 3331 4847 3428 4889; x_wconf 91' lang='lat' dir='ltr'><strong>nec</strong></span> <span class='ocrx_word' id='word_1_801' title='bbox 3449 4828 3638 4891; x_wconf 59' lang='lat' dir='ltr'><strong>carnis.</strong></span> 
     </span>
    </p>
   </div>
   <div class='ocr_carea' id='block_1_110' title="bbox 2091 4922 3632 5002">
    <p class='ocr_par' dir='ltr' id='par_1_110' title="bbox 2091 4922 3632 5002">
     <span class='ocr_line' id='line_1_110' title="bbox 2091 4922 3632 5002; baseline 0.001 -25"><span class='ocrx_word' id='word_1_802' title='bbox 2091 4924 2183 5002; x_wconf 71' lang='lat' dir='ltr'><strong>sed</strong></span> <span class='ocrx_word' id='word_1_803' title='bbox 2209 4923 2402 4978; x_wconf 84' lang='lat' dir='ltr'><strong>cordis.</strong></span> <span class='ocrx_word' id='word_1_804' title='bbox 2444 4922 2557 4978; x_wconf 82' lang='lat' dir='ltr'><strong>Non</strong></span> <span class='ocrx_word' id='word_1_805' title='bbox 2579 4934 2660 4980; x_wconf 86' lang='lat' dir='ltr'><strong>est</strong></span> <span class='ocrx_word' id='word_1_806' title='bbox 2683 4925 2803 4981; x_wconf 89' lang='lat' dir='ltr'><strong>talis</strong></span> <span class='ocrx_word' id='word_1_807' title='bbox 2820 4925 2943 4993; x_wconf 86' lang='lat' dir='ltr'><strong>ille,</strong></span> <span class='ocrx_word' id='word_1_808' title='bbox 2980 4926 3048 4983; x_wconf 86' lang='lat' dir='ltr'><strong>de</strong></span> <span class='ocrx_word' id='word_1_809' title='bbox 3074 4940 3182 4999; x_wconf 87' lang='lat' dir='ltr'><strong>quo</strong></span> <span class='ocrx_word' id='word_1_810' title='bbox 3211 4927 3402 4982; x_wconf 85' lang='lat' dir='ltr'><strong>dicitur</strong></span> <span class='ocrx_word' id='word_1_811' title='bbox 3429 4943 3443 4979; x_wconf 90' lang='lat'><strong>:</strong></span> <span class='ocrx_word' id='word_1_812' title='bbox 3485 4922 3632 4991; x_wconf 72' lang='lat' dir='ltr'><strong>Expe-</strong></span> 
     </span>
    </p>
   </div>
   <div class='ocr_carea' id='block_1_111' title="bbox 2090 5013 3639 5087">
    <p class='ocr_par' dir='ltr' id='par_1_111' title="bbox 2090 5013 3639 5087">
     <span class='ocr_line' id='line_1_111' title="bbox 2090 5013 3639 5087; baseline 0.001 -23"><span class='ocrx_word' id='word_1_813' title='bbox 2090 5013 2219 5066; x_wconf 77' lang='lat' dir='ltr'><strong>ctavi</strong></span> <span class='ocrx_word' id='word_1_814' title='bbox 2256 5021 2310 5065; x_wconf 84' lang='lat' dir='ltr'><strong>ut</strong></span> <span class='ocrx_word' id='word_1_815' title='bbox 2339 5013 2523 5084; x_wconf 76' lang='lat' dir='ltr'><strong>faceret</strong></span> <span class='ocrx_word' id='word_1_816' title='bbox 2560 5013 2842 5083; x_wconf 84' lang='lat' dir='ltr'><strong>judicium,</strong></span> <span class='ocrx_word' id='word_1_817' title='bbox 2875 5016 3188 5086; x_wconf 72' lang='lat' dir='ltr'><strong>recitantem</strong></span> <span class='ocrx_word' id='word_1_818' title='bbox 3226 5016 3555 5087; x_wconf 83' lang='lat' dir='ltr'><strong>iniquitatem;</strong></span> <span class='ocrx_word' id='word_1_819' title='bbox 3593 5017 3639 5061; x_wconf 67' lang='lat' dir='ltr'><strong>cf</strong></span> 
     </span>
    </p>
   </div>
   <div class='ocr_carea' id='block_1_112' title="bbox 2089 5103 3637 5179">
    <p class='ocr_par' dir='ltr' id='par_1_112' title="bbox 2089 5103 3637 5179">
     <span class='ocr_line' id='line_1_112' title="bbox 2089 5103 3637 5179; baseline 0.001 -22"><span class='ocrx_word' id='word_1_820' title='bbox 2089 5117 2190 5157; x_wconf 81' lang='lat' dir='ltr'><strong>non</strong></span> <span class='ocrx_word' id='word_1_821' title='bbox 2203 5104 2485 5175; x_wconf 78' lang='lat' dir='ltr'><strong>justitiam,</strong></span> <span class='ocrx_word' id='word_1_822' title='bbox 2516 5103 2605 5159; x_wconf 80' lang='lat' dir='ltr'><strong>sed</strong></span> <span class='ocrx_word' id='word_1_823' title='bbox 2640 5104 2908 5161; x_wconf 83' lang='lat' dir='ltr'><strong>clamorem</strong></span> <span class='ocrx_word' id='word_1_824' title='bbox 2929 5106 3080 5178; x_wconf 86' lang='lat' dir='ltr'><strong>(Isai.</strong></span> <span class='ocrx_word' id='word_1_825' title='bbox 3121 5122 3175 5175; x_wconf 75' lang='grc' dir='ltr'><strong>ν,</strong></span> <span class='ocrx_word' id='word_1_826' title='bbox 3201 5108 3279 5179; x_wconf 88' lang='lat'><strong>7).</strong></span> <span class='ocrx_word' id='word_1_827' title='bbox 3314 5105 3568 5167; x_wconf 79' lang='lat' dir='ltr'><strong>Dimittite,</strong></span> <span class='ocrx_word' id='word_1_828' title='bbox 3592 5110 3637 5153; x_wconf 75' lang='grc' dir='ltr'><strong>α’</strong></span> 
     </span>
    </p>
   </div>
   <div class='ocr_carea' id='block_1_113' title="bbox 2087 5194 3633 5274">
    <p class='ocr_par' dir='ltr' id='par_1_113' title="bbox 2087 5194 3633 5274">
     <span class='ocr_line' id='line_1_113' title="bbox 2087 5194 3633 5274; baseline -0.003 -26"><span class='ocrx_word' id='word_1_829' title='bbox 2087 5194 2361 5250; x_wconf 83' lang='lat' dir='ltr'><strong>dimittetur</strong></span> <span class='ocrx_word' id='word_1_830' title='bbox 2401 5196 2570 5264; x_wconf 85' lang='lat' dir='ltr'><strong>vobis;</strong></span> <span class='ocrx_word' id='word_1_831' title='bbox 2596 5197 2736 5264; x_wconf 86' lang='lat' dir='ltr'><strong>date,</strong></span> <span class='ocrx_word' id='word_1_832' title='bbox 2786 5209 2833 5253; x_wconf 90' lang='lat' dir='ltr'><strong>et</strong></span> <span class='ocrx_word' id='word_1_833' title='bbox 2858 5199 3060 5254; x_wconf 75' lang='lat' dir='ltr'><strong>dabitur</strong></span> <span class='ocrx_word' id='word_1_834' title='bbox 3094 5199 3232 5255; x_wconf 81' lang='lat' dir='ltr'><strong>vobis</strong></span> <span class='ocrx_word' id='word_1_835' title='bbox 3260 5199 3405 5274; x_wconf 88' lang='lat' dir='ltr'><strong>(Luc.</strong></span> <span class='ocrx_word' id='word_1_836' title='bbox 3432 5195 3577 5267; x_wconf 67' lang='grc' dir='ltr'><strong>τι,δῖ</strong></span> <span class='ocrx_word' id='word_1_837' title='bbox 3589 5201 3633 5245; x_wconf 79' lang='lat' dir='ltr'><strong>et</strong></span> 
     </span>
    </p>
   </div>
   <div class='ocr_carea' id='block_1_114' title="bbox 2086 5277 3631 5364">
    <p class='ocr_par' dir='ltr' id='par_1_114' title="bbox 2086 5277 3631 5364">
     <span class='ocr_line' id='line_1_114' title="bbox 2086 5277 3631 5364; baseline -0.003 -23"><span class='ocrx_word' id='word_1_838' title='bbox 2086 5285 2199 5355; x_wconf 79' lang='lat'><strong>58).</strong></span> <span class='ocrx_word' id='word_1_839' title='bbox 2250 5286 2345 5341; x_wconf 78' lang='lat' dir='ltr'><strong>Hae</strong></span> <span class='ocrx_word' id='word_1_840' title='bbox 2387 5296 2511 5343; x_wconf 87' lang='lat' dir='ltr'><strong>sunt</strong></span> <span class='ocrx_word' id='word_1_841' title='bbox 2539 5288 2658 5344; x_wconf 65' lang='lat' dir='ltr'><strong>dum</strong></span> <span class='ocrx_word' id='word_1_842' title='bbox 2695 5291 2793 5346; x_wconf 78' lang='lat' dir='ltr'><strong>ala:</strong></span> <span class='ocrx_word' id='word_1_843' title='bbox 2839 5292 3129 5357; x_wconf 88' lang='lat' dir='ltr'><strong>orationis,</strong></span> <span class='ocrx_word' id='word_1_844' title='bbox 3178 5293 3365 5364; x_wconf 86' lang='lat' dir='ltr'><strong>quibus</strong></span> <span class='ocrx_word' id='word_1_845' title='bbox 3404 5288 3532 5345; x_wconf 78' lang='lat' dir='ltr'><strong>volat</strong></span> <span class='ocrx_word' id='word_1_846' title='bbox 3568 5277 3631 5338; x_wconf 79' lang='lat' dir='ltr'><strong>ad-</strong></span> 
     </span>
    </p>
   </div>
   <div class='ocr_carea' id='block_1_115' title="bbox 2086 5377 3621 5456">
    <p class='ocr_par' dir='ltr' id='par_1_115' title="bbox 2086 5377 3621 5456">
     <span class='ocr_line' id='line_1_115' title="bbox 2086 5377 3621 5456; baseline 0.002 -26"><span class='ocrx_word' id='word_1_847' title='bbox 2086 5377 2251 5432; x_wconf 90' lang='lat' dir='ltr'><strong>Deum</strong></span> <span class='ocrx_word' id='word_1_848' title='bbox 2277 5379 2333 5432; x_wconf 75' lang='grc' dir='ltr'>ιε</span> <span class='ocrx_word' id='word_1_849' title='bbox 2362 5379 2405 5435; x_wconf 89' lang='lat' dir='ltr'><strong>si</strong></span> <span class='ocrx_word' id='word_1_850' title='bbox 2455 5380 2583 5436; x_wconf 91' lang='lat' dir='ltr'><strong>illud</strong></span> <span class='ocrx_word' id='word_1_851' title='bbox 2624 5383 2765 5452; x_wconf 83' lang='lat' dir='ltr'><strong>quod</strong></span> <span class='ocrx_word' id='word_1_852' title='bbox 2802 5385 3177 5450; x_wconf 84' lang='lat' dir='ltr'><strong>committitur,</strong></span> <span class='ocrx_word' id='word_1_853' title='bbox 3224 5378 3434 5456; x_wconf 74' lang='lat' dir='ltr'><strong>ignescit</strong></span> <span class='ocrx_word' id='word_1_854' title='bbox 3476 5379 3621 5436; x_wconf 85' lang='lat' dir='ltr'><strong>delin-</strong></span> 
     </span>
    </p>
   </div>
   <div class='ocr_carea' id='block_1_116' title="bbox 2085 5469 2793 5544">
    <p class='ocr_par' dir='ltr' id='par_1_116' title="bbox 2085 5469 2793 5544">
     <span class='ocr_line' id='line_1_116' title="bbox 2085 5469 2793 5544; baseline 0.017 -26"><span class='ocrx_word' id='word_1_855' title='bbox 2085 5469 2264 5537; x_wconf 84' lang='lat' dir='ltr'><strong>quenti</strong></span> <span class='ocrx_word' id='word_1_856' title='bbox 2286 5510 2301 5536; x_wconf 92' lang='lat'><strong>,</strong></span> <span class='ocrx_word' id='word_1_857' title='bbox 2334 5481 2387 5525; x_wconf 90' lang='lat' dir='ltr'><strong>et</strong></span> <span class='ocrx_word' id='word_1_858' title='bbox 2410 5471 2571 5527; x_wconf 87' lang='lat' dir='ltr'><strong>donat</strong></span> <span class='ocrx_word' id='word_1_859' title='bbox 2595 5476 2793 5544; x_wconf 80' lang='lat' dir='ltr'><strong>egenti.</strong></span> 
     </span>
    </p>
   </div>
   <div class='ocr_carea' id='block_1_117' title="bbox 2144 5692 3617 5758">
    <p class='ocr_par' dir='ltr' id='par_1_117' title="bbox 2144 5692 3617 5758">
     <span class='ocr_line' id='line_1_117' title="bbox 2144 5692 3617 5758; baseline 0.004 -19"><span class='ocrx_word' id='word_1_860' title='bbox 2144 5692 2160 5720; x_wconf 85' lang='grc'>¹</span> <span class='ocrx_word' id='word_1_861' title='bbox 2204 5696 2335 5758; x_wconf 51' lang='lat' dir='ltr'><strong>Lov,</strong></span> <span class='ocrx_word' id='word_1_862' title='bbox 2368 5692 2537 5758; x_wconf 69' lang='lat' dir='ltr'><strong>quibus</strong></span> <span class='ocrx_word' id='word_1_863' title='bbox 2567 5696 2766 5758; x_wconf 78' lang='lat' dir='ltr'><strong>quisque</strong></span> <span class='ocrx_word' id='word_1_864' title='bbox 2786 5696 2908 5748; x_wconf 73' lang='lat' dir='ltr'><strong>rotat</strong></span> <span class='ocrx_word' id='word_1_865' title='bbox 2925 5701 2995 5751; x_wconf 88' lang='lat' dir='ltr'><strong>ad</strong></span> <span class='ocrx_word' id='word_1_866' title='bbox 3032 5708 3197 5750; x_wconf 69' lang='lat' dir='ltr'><strong>hewn.</strong></span> <span class='ocrx_word' id='word_1_867' title='bbox 3232 5698 3367 5748; x_wconf 79' lang='lat' dir='ltr'><strong>Abest</strong></span> <span class='ocrx_word' id='word_1_868' title='bbox 3396 5692 3567 5758; x_wconf 60' lang='lat' dir='ltr'><strong>animle</strong></span> <span class='ocrx_word' id='word_1_869' title='bbox 3590 5701 3617 5731; x_wconf 65' lang='grc' dir='ltr'>ιν</span> 
     </span>
    </p>
   </div>
   <div class='ocr_carea' id='block_1_118' title="bbox 2079 5755 3018 5816">
    <p class='ocr_par' dir='ltr' id='par_1_118' title="bbox 2079 5755 3018 5816">
     <span class='ocr_line' id='line_1_118' title="bbox 2079 5755 3018 5816; baseline 0.013 -19"><span class='ocrx_word' id='word_1_870' title='bbox 2079 5757 2182 5800; x_wconf 66' lang='grc' dir='ltr'>διεδ.</span> <span class='ocrx_word' id='word_1_871' title='bbox 2204 5766 2217 5811; x_wconf 90' lang='lat'><strong>;</strong></span> <span class='ocrx_word' id='word_1_872' title='bbox 2243 5756 2380 5816; x_wconf 85' lang='lat' dir='ltr'><strong>cujus</strong></span> <span class='ocrx_word' id='word_1_873' title='bbox 2403 5755 2506 5805; x_wconf 78' lang='lat' dir='ltr'><strong>loco</strong></span> <span class='ocrx_word' id='word_1_874' title='bbox 2528 5755 2827 5812; x_wconf 72' lang='lat' dir='ltr'><strong>subauditur.</strong></span> <span class='ocrx_word' id='word_1_875' title='bbox 2851 5762 3018 5813; x_wconf 74' lang='lat' dir='ltr'><strong>Oratio.</strong></span> 
     </span>
    </p>
   </div>
  </div>
