3886 6188
753 489 986 544 εειιιιιο
1022 487 1334 556 CC\'i°(u)~.

780 586 829 630 tn
851 577 1239 643 Quadragesima,
1257 595 1287 627 ιι
1317 581 1353 628 ιι

330 667 378 721 1.
427 664 840 734 Quadragesima:
864 673 1057 734 tempus
1078 664 1310 734 operibus
1330 662 1526 731 pietatis
1552 670 1597 714 et
1636 659 1841 713 humili-

260 757 368 812 tatis
390 760 579 827 [ervere
597 755 758 810 debet.
799 756 1178 810 Anniversario
1209 753 1380 809 reditu
1408 751 1840 820 Quadragesimte

259 857 462 916 tempus
487 845 724 911 advenit,
757 861 867 916 quo
888 846 1038 900 vobis
1055 844 1356 899 exhortatio
1379 853 1556 897 nostra
1581 841 1835 897 debetur:

257 938 374 1006 quia
405 945 458 991 et
485 951 580 990 vos
603 937 823 1002 tempori
845 950 1079 1006 congrua
1111 934 1336 989 Domino
1360 947 1520 1002 opera
1545 940 1720 986 vestra
1747 931 1838 985 de-

261 1028 388 1081 betis
409 1045 421 1080 :
443 1043 564 1096 quae
586 1034 762 1081 tamen
785 1041 891 1085 non
925 1026 1146 1080 Domino
1176 1025 1318 1078 utilia
1348 1021 1554 1092 possint
1572 1035 1712 1086 esse,
1745 1019 1852 1075 sed.

259 1119 426 1176 vobis.
453 1117 796 1172 Orationibus
816 1158 830 1180 ,
852 1116 1068 1186 jejunils
1086 1156 1114 1182 ,_
1132 1113 1486 1185 eleemosynis
1511 1123 1565 1167 et
1592 1112 1693 1170 alia
1723 1111 1840 1180 qui-

257 1211 376 1264 dem
408 1220 654 1278 tempora-
673 1208 870 1264 debent
888 1207 1177 1262 christiano
1202 1207 1405 1260 fervere
1430 1223 1442 1258 :
1473 1211 1838 1259 verumtamen

253 1312 308 1357 et
335 1302 451 1355 illos
474 1302 562 1371 qui
579 1300 768 1355 diebus
788 1299 974 1354 aliisin
1003 1299 1085 1353 bis
1107 1298 1236 1369 pigri
1266 1305 1410 1361 sunt,
1432 1295 1590 1352 debet
1619 1295 1715 1350 ista
1745 1309 1837 1348 so-

255 1394 499 1456 lemnitas
523 1393 794 1454 excitare;
825 1397 879 1446 et
907 1391 938 1445 ii
963 1389 1052 1460 qui
1085 1405 1180 1460 per
1199 1388 1332 1444 alios
1357 1387 1472 1443 dies
1498 1386 1564 1441 ad
1587 1387 1682 1440 ista
1713 1393 1838 1440 sunt

253 1486 488 1549 alacres,
519 1498 661 1538 nttnc
687 1497 750 1536 ea
778 1482 974 1537 debent
995 1481 1284 1536 ferventius
1304 1494 1576 1540 exercere.
1604 1478 1836 1544 Tempus

250 1575 455 1643 quippe.
495 1573 806 1630 humilitatis
845 1581 1042 1634 nostra:
1087 1572 1191 1626 vita
1231 1571 1284 1625 in
1330 1571 1430 1624 hoc
1479 1569 1676 1624 sarculo
1717 1578 1832 1629 est,

251 1682 408 1734 quam
433 1664 547 1718 dies
573 1662 866 1734 significant
903 1663 1009 1726 isti,
1046 1662 1270 1718 Domino
1299 1677 1392 1729 pro
1421 1659 1574 1714 nobis
1593 1657 1831 1720 Christo.

251 1756 337 1822 qui
367 1755 530 1810 semel
563 1754 838 1808 moriendo
866 1770 1050 1824 passus
1078 1763 1160 1807 est
1179 1795 1192 1816 ,
1224 1753 1369 1807 velut
1409 1751 1562 1806 annis
1588 1750 1834 1806 omnibus

252 1849 486 1901 revoluta
506 1847 840 1903 solemnitate
863 1861 1104 1916 passuro.
1127 1845 1277 1913 Quod
1299 1847 1439 1900 enim
1457 1845 1621 1899 semel
1645 1844 1694 1897 in
1723 1851 1834 1896 toto

249 1953 488 2011 tempore
521 1939 720 1996 factum
751 1950 832 1995 est
853 1963 870 2005 ,ν
910 1950 967 1995 ιιι
990 1940 1093 1994 vita
1127 1947 1308 1993 nostra
1341 1945 1657 1997 novaretur;
1689 1935 1832 1989 cele-

249 2033 430 2085 bratnr
455 2030 608 2085 annis
632 2031 881 2086 omnibus
900 2074 914 2096 ,
946 2041 1002 2084 ut
1036 2031 1086 2084 in
1115 2029 1424 2084 memoriam
1447 2036 1743 2083 revocetur.
1775 2025 1830 2080 Si

247 2137 373 2191 ergo
404 2122 757 2176 verarissinue
781 2122 990 2190 pietatis
1017 2121 1230 2185 atl'ectn,
1263 2127 1372 2172 toto
1392 2117 1833 2189 peregrinationis

248 2203 408 2285 hujus
431 2224 697 2283 tempore,
725 2231 830 2284 quo
861 2215 917 2268 in
944 2212 1132 2268 mediis
1164 2210 1545 2267 tentationibus
1574 2209 1828 2273 vivimus,

245 2307 474 2361 humiles
515 2306 674 2361 corde
711 2321 830 2362 esse
868 2305 1162 2361 debemus:
1194 2311 1392 2374 quanto
1421 2303 1587 2372 magis
1614 2299 1695 2356 his
1720 2300 1834 2355 die-

246 2397 376 2463 bus,
431 2398 622 2467 quibus
666 2397 836 2466 ipsum
883 2405 1093 2466 tempus
1138 2393 1450 2448 humilitatis
1481 2401 1674 2447 nostra:
1724 2407 1828 2445 non

242 2488 415 2542 solum
444 2488 670 2542 vivendo
697 2488 904 2557 agimus
922 2529 935 2550 ,
966 2486 1060 2541 sed
1090 2486 1248 2540 etiam
1280 2481 1601 2538 celebrando
1626 2481 1830 2554 signiﬁ-

245 2579 471 2640 camus?
511 2577 748 2632 llumiles
790 2591 930 2637 esse
956 2591 1052 2630 nos
1082 2575 1260 2629 docuit
1301 2573 1571 2632 humilitas
1598 2571 1827 2639 Christi,

241 2670 363 2738 quia
393 2669 567 2738 impiis
598 2669 874 2724 moriendo
900 2668 1063 2722 cessit
1091 2687 1103 2721 :
1137 2668 1378 2722 exedsos
1404 2681 1502 2720 nos
1531 2664 1828 2720 facitvcelsi-

245 2761 372 2814 tudo
398 2760 626 2821 Christi,
650 2760 772 2829 quia
795 2760 912 2829 pios
939 2757 1264 2828 resurgendo
1294 2756 1586 2828 prmeessit.
1610 2755 1672 2812 Si
1700 2756 1830 2809 enim

243 2851 540 2910 commortui
566 2867 761 2915 sumus,
793 2851 865 2904 ait
891 2850 1197 2920 Apostolus,
1230 2857 1275 2902 et
1299 2849 1615 2902 convivemus
1637 2863 1656 2900 :
1683 2847 1727 2900 si
1755 2855 1831 2900 to-

242 2943 458 2995 leramus
476 2984 490 3004 ,
512 2951 556 2994 et
577 2941 990 3013 conregnabimus
1007 2941 1074 3013 (11
1102 2941 1231 2993 Tim.
1267 2957 1324 3005 ιι,
1362 2941 1418 2994 11
1443 2950 1488 2992 ει
1513 2937 1620 3011 1‘2).
1653 2938 1828 2995 Unum

241 3032 430 3093 horum
477 3031 670 3096 modo,
696 3043 942 3100 tanquam
983 3033 1098 3101 ejus
1127 3031 1514 3102 propinquante
1547 3031 1826 3099 passione;

237 3124 467 3183 alterum
521 3130 640 3193 post
685 3123 918 3188 Pascha,
969 3130 1218 3192 tanquam
1273 3122 1389 3191 ejus
1435 3116 1831 3177 resurrectione

239 3213 499 3282 completa
521 3255 534 3279 ,
567 3210 848 3267 devotione
895 3212 1069 3266 debita
1098 3211 1450 3266 celebramus.
1483 3211 1631 3266 Tunc
1685 3210 1828 3266 enim

243 3313 364 3370 ιεοδι
388 3303 502 3358 dies
531 3303 688 3374 hujus
715 3303 1056 3367 humilitatis,
1086 3304 1243 3358 etiam
1269 3313 1463 3359 nostrae
1497 3304 1830 3360 celsitudinis

242 3407 486 3466 tempus,
539 3396 640 3450 etsi
670 3397 904 3450 nondum
937 3394 1167 3448 videndo
1196 3410 1352 3465 agere
1380 3403 1561 3458 vacat;
1606 3397 1714 3464 jam
1747 3403 1799 3449 ta

242 3505 365 3553 men
395 3487 811 3556 prtemcditando
837 3488 1136 3558 significare
1165 3487 1415 3542 delectat.
1462 3487 1612 3543 Nunc
1655 3487 1832 3557 itaque

240 3578 1033 3648 orationibus,ingemiscamus.
1074 3579 1394 3634 instantius:
1442 3587 1567 3633 tunc
1617 3577 1832 3634 uberius

237 3671 659 3730 exltilarabimur
687 3669 948 3724 laudibus.

313 3761 364 3814 2.
391 3761 569 3815 Oratio
589 3761 844 3832 fulcienda
863 3760 1063 3830 jejunio
1082 3770 1129 3813 et
1155 3760 1487 3829 eleemosyna.
1518 3759 1630 3813 Duo
1652 3756 1834 3830 genera

239 3856 693 3923 elrentosynarum.
725 3851 792 3906 In
823 3869 1042 3922 paupere
1071 3853 1294 3921 pascitur
1319 3850 1471 3906 Deus.
1510 3850 1672 3905 Nemo
1701 3868 1832 3920 pau-

240 3960 333 4014 per
360 3944 414 3996 in
453 3943 613 3996 altera
649 3942 979 4013 elvemosynte
1014 3959 1212 4013 genere.
1257 3941 1359 3996 Sed
1387 3941 1712 3997 orationibus
1739 3956 1834 3995 no-

239 4035 399 4098 stris,
430 4033 625 4104 quibus
649 4032 717 4087 ad
754 4033 921 4088 Deum
952 4031 1156 4087 facilius
1183 4033 1410 4087 volando
1459 4031 1768 4100 perveniant
1787 4033 1830 4097 ²,

238 4121 598 4193 eleemosynis
617 4131 671 4176 et
691 4121 908 4192 jejuniis
933 4137 1134 4192 pennas
1163 4123 1368 4193 pietatis
1388 4122 1667 4177 addamus.
1701 4121 1834 4176 llinc

238 4227 418 4268 antetu
443 4215 687 4284 intelligit
711 4215 926 4270 animus
949 4214 1286 4280 christianus,
1316 4224 1571 4285 quantum
1600 4225 1837 4272 remotus

239 4301 364 4362 csse
403 4306 565 4360 debet
610 4322 642 4361 a
672 4307 856 4362 fraude
885 4308 1073 4371 aliena:
1103 4307 1213 4371 rei;
1241 4307 1454 4376 quando
1478 4307 1836 4362 sentitsimile

242 4417 364 4456 esse
397 4399 608 4464 fraudi,
649 4401 692 4454 si
717 4400 983 4469 superﬂua
1009 4415 1105 4454 sua
1146 4415 1248 4452 non
1282 4399 1527 4454 tribuerit
1557 4400 1831 4470 tndigenti.

247 4493 510 4546 Dominus
536 4490 670 4545 dicit
700 4509 713 4545 :
745 4491 876 4545 Date
903 4501 949 4545 et
976 4491 1177 4544 dubitur
1205 4491 1375 4554 vobis;
1399 4491 1629 4543 dimittite
1668 4501 1713 4544 et
1759 4492 1836 4544 di-

244 4586 473 4638 mittetur
497 4585 632 4637 vobis
659 4583 807 4652 (Luc.
830 4600 904 4648 Vl,
929 4585 993 4640 57
1007 4594 1050 4636 et
1073 4582 1179 4654 58).
1200 4583 1322 4637 "me
1350 4583 1457 4638 duo
1477 4598 1668 4653 genera
1697 4585 1838 4640 elec-

241 4691 590 4752 tnosynarum
618 4716 632 4739 ,
665 4676 930 4731 tribuendi
961 4685 1023 4729 et.
1063 4676 1366 4744 ignoscendi
1392 4718 1406 4736 ,
1453 4677 1746 4732 clementer
1783 4687 1835 4730 et

243 4768 517 4824 ferventer
545 4781 864 4837 operemur;
895 4768 982 4837 qui
1010 4767 1162 4820 nobis
1187 4783 1214 4820 a
1244 4767 1470 4829 Domino
1491 4777 1543 4821 ut
1575 4769 1709 4822 bona
1742 4769 1834 4823 tri-

247 4861 511 4927 buantur,
559 4869 614 4914 et
657 4861 795 4914 mala
836 4876 939 4915 non
983 4862 1372 4925 retribuantur,
1405 4876 1638 4915 oramus.
1674 4861 1835 4926 Date,

243 4954 446 5024 inquit,
475 4964 523 5008 et
547 4954 750 5008 dabitur
771 4955 926 5009 vobis.
959 4953 1095 5022 Quid
1126 4954 1305 5008 verius
1325 4997 1339 5022 ,
1367 4955 1492 5024 quid
1520 4955 1748 5024 justins;
1782 4966 1839 5009 ut

241 5047 331 5116 qui
358 5045 490 5100 dare
514 5045 806 5113 detrectat,
840 5061 901 5101 se
937 5045 1145 5100 lraudet
1173 5045 1315 5114 ipse,
1348 5061 1446 5101 nec
1468 5047 1730 5117 accipiat?
1781 5048 1837 5103 Si

310 5183 324 5209 ¹
355 5184 402 5226 ιιι
430 5177 646 5226 editione
686 5179 1049 5228 Levaniensium
1087 5184 1139 5226 et
1180 5177 1227 5226 in
1273 5179 1626 5229 recentioribus
1658 5185 1838 5228 tantum

241 5248 350 5287 uss.
400 5251 440 5286 r.
488 5252 534 5286 v.
571 5246 867 5300 prtenotatur
912 5239 990 5287 hic
1028 5251 1210 5294 sermo.
1252 5238 1498 5290 Dominim
1549 5239 1582 5287 9.
1620 5241 1838 5298 (madra-

244 5302 478 5374 gestitth
504 5314 596 5374 non
619 5301 752 5374 quod
766 5300 974 5374 bacﬁdie
1007 5301 1166 5350 dictus
1187 5303 1251 5350 sit
1287 5302 1349 5371 ab
1373 5301 1651 5374 Augustino,
1676 5301 1763 5350 sed
1783 5310 1840 5374 ιιι

243 5360 292 5408 in
320 5363 418 5421 i,sa
445 5360 808 5425 legatur—plebi.
847 5364 920 5412 sic
959 5375 1121 5425 sermo
1145 5363 1364 5422 superior
1396 5360 1574 5425 aliique
1612 5375 1672 5410 ex
1721 5364 1838 5412 sub-

243 5424 570 5494 sequentibus
590 5425 782 5486 quidam
817 5425 968 5474 'certis
1005 5424 1184 5472 diebus
1203 5424 1506 5485 assignantur
1529 5425 1577 5473 in
1603 5425 1840 5485 przedictis

245 5481 400 5532 libris.

309 5545 328 5574 ⁵
350 5551 482 5610 t_.ov.,
507 5544 694 5610 facilius
718 5542 921 5610 volando
942 5544 1285 5610 perveniamus.
1315 5553 1367 5595 Αι
1391 5553 1518 5605 uss,
1551 5545 1736 5608 ﬂtcilius
1761 5560 1837 5598 t'u-

245 5604 398 5654 tando
421 5604 694 5670 ptfr'veniant
723 5621 740 5658 :
761 5604 955 5670 supple,
978 5607 1215 5658 orationes
1238 5614 1427 5659 nostrre.

314 5670 330 5684 ⁹
366 5667 587 5777 ιΑᾙιιιιῖδ
611 5667 965 5721 emendandum
1001 5672 1074 5720 usi
1107 5685 1272 5720 sumus
1299 5670 1539 5720 codicibus
1577 5670 1618 5719 cl
1664 5685 1701 5718 r.
1745 5685 1834 5718 rtn.

246 5740 294 5775 v.
333 5740 362 5775 e
481 5739 532 5778 tt.
583 5746 666 5780 .ov.
1023 5765 1032 5774 -

417 5765 877 5852 dcuiversis
893 5792 969 5844 70.
1023 5765 1032 5774 ’

1651 368 1882 426 δειιιιυ
1913 367 2111 422 CCVII.

3397 379 3538 435 Mi?

1955 485 2288 554 impudenter
2312 485 2538 555 agricola
2565 488 2752 559 quzcrit
2780 503 3027 556 messem,
3058 491 3150 546 ubi
3171 505 3230 548 se
3259 495 3403 549 novit
3426 511 3531 553 non

1953 575 2271 643 praemisisse
2299 591 2512 640 semen;
2543 587 2744 647 quanto
2769 578 3128 650 impudentius
3148 584 3343 653 quaerit-
3369 585 3534 640 Deum

1950 665 2169 720 ditilem
2195 665 2410 721 dantem
2435 708 2449 733 ,
2491 669 2578 738 qui
2613 668 2878 724 hominem
2920 686 3206 741 pauperem
3236 674 3402 728 noluit
3437 691 3534 731 ex-

1948 760 2132 815 audire
2159 762 2500 830 poscentetn'l
2545 762 2599 817 In
2651 776 2880 834 panpere
2904 765 3046 820 enim
3073 777 3133 820 se
3163 765 3303 834 pasci
3329 767 3530 831 voluit,

1947 854 2034 923 qui
2063 868 2166 908 non
2189 855 2375 910 esurit.
2398 856 2562 910 Deum
2586 871 2712 927 ergo
2734 866 2970 912 nostrum
2992 867 3233 928 egentem
3257 874 3359 913 non
3382 875 3533 928 sper-

1948 958 2134 997 namus
2161 945 2212 998 itt
2242 960 2501 1015 paupere,
2528 955 2587 1000 ut
2611 957 2827 1017 egentes
2853 947 3108 1002 satientur
3135 949 3186 1002 in
3215 947 3397 1004 divite.
3429 949 3532 1004 lla-

1948 1033 2135 1088 betnus
2154 1045 2370 1105 egentes
2392 1078 2407 1102 ,
2431 1045 2485 1091 et
2508 1053 2725 1108 egemus
2758 1057 2772 1092 :
2803 1038 2990 1094 demus
3016 1054 3173 1109 ergo,
3207 1049 3263 1095 ut
3301 1039 3531 1110 accipia-

1947 1140 2089 1188 mus:
2117 1125 2491 1183 Verumtamen
2517 1129 2640 1199 quid
2667 1138 2750 1185 est
2775 1129 2916 1200 quod
2965 1128 3192 1184 damus?
3216 1130 3280 1184 Et
3310 1145 3404 1198 pro
3433 1131 3537 1185 isto

1942 1217 2174 1288 exiguo,
2207 1217 2432 1284 visibili,
2478 1220 2756 1290 temporali
2801 1229 2959 1290 atque
3003 1229 3247 1285 terreno,
3288 1219 3414 1290 quid
3449 1229 3534 1275 est

1944 1307 2086 1375 quod
2104 1307 2346 1377 accipere
2363 1308 2760 1364 desideramus?
2779 1311 2928 1376 Quod
2953 1310 3131 1366 oculus
3151 1328 3251 1366 non
3269 1312 3413 1377 vidit,
3440 1329 3532 1366 nec

1943 1397 2083 1452 auris
2101 1398 2311 1462 audivit,
2335 1415 2425 1452 nec
2447 1400 2498 1453 in
2526 1415 2614 1454 cor
2639 1400 2855 1454 hominis
2881 1401 3104 1456 ascendit
3130 1399 3175 1474 (1
3207 1400 3323 1456 Cor.
3354 1416 3412 1466 tt,
3445 1401 3524 1471 9.).

1945 1487 2054 1542 Nisi
2087 1488 2200 1558 ipse
2243 1491 2607 1556 promitteret,
2639 1491 2982 1561 impudentia:
3011 1491 3196 1546 fuisset
3229 1491 3358 1546 dare
3389 1494 3524 1556 ista,

1943 1588 1996 1635 et
2017 1581 2260 1652 accipere
2284 1578 2416 1637 velle
2447 1582 2532 1636 illa
2563 1599 2580 1638 :
2611 1592 2664 1638 et
2692 1585 2832 1639 nolle
2856 1584 2984 1639 dare
3013 1600 3108 1639 nec
3139 1585 3236 1638 ista
3263 1585 3338 1656 (a)
3367 1600 3380 1638 :
3407 1601 3527 1654 qua:

1946 1679 2120 1727 tamen
2163 1673 2262 1726 ista
2293 1688 2391 1728 nec
2421 1675 2530 1744 ipsa
2579 1675 2897 1730 haberemus
2922 1716 2937 1740 ,
2987 1675 3088 1730 nisi
3128 1675 3292 1731 dante
3316 1676 3408 1730 illo
3435 1675 3527 1746 qui

1941 1764 2254 1820 exhortatur
2280 1775 2334 1821 ut
2358 1766 2564 1821 demus.
2607 1767 2720 1834 Qua
2765 1768 2920 1837 igitur
2963 1767 3140 1823 fronte
3183 1769 3234 1821 in
3289 1769 3530 1838 utrisque

1941 1874 2218 1929 speramus
2239 1860 2450 1916 dantem
2471 1903 2486 1926 ,
2534 1862 2577 1916 si
2606 1863 2656 1916 itt
2684 1861 2914 1916 minimis
2944 1861 3334 1916 contemnimus
3361 1862 3528 1930 impc-

1940 1962 2144 2008 rantetn
2161 1953 2184 1997 ‘?
2210 1953 2455 2008 Dimittite
2475 1994 2491 2022 ,
2541 1964 2587 2008 et
2613 1954 2888 2007 dimittetur
2913 1954 3073 2008 vobis.
3097 1952 3208 2008 [loc
3233 1961 3348 2019 est,
3374 1953 3526 2023 Igno-

1940 2045 2072 2099 scite
2092 2086 2106 2108 ,
2137 2054 2191 2099 et
2218 2045 2521 2116 ignoscetur
2549 2045 2718 2100 vobis.
2742 2044 3040 2100 Conservus
3059 2060 3319 2101 conservo
3340 2061 3526 2100 recou-

1939 2135 2176 2200 cilietur;
2209 2151 2275 2192 ne
2297 2135 2440 2206 justo
2487 2152 2673 2192 servus
2695 2151 2724 2189 a
2755 2133 2978 2190 Domino
3021 2137 3284 2205 puniatur.
3336 2135 3391 2188 In
3425 2135 3525 2189 hoe

1937 2241 2132 2295 genere
2162 2227 2563 2298 .eleemosyutn,
2595 2226 2768 2281 nullus
2804 2234 2888 2281 est
2934 2239 3155 2295 pauper.
3204 2225 3387 2280 Potest
3426 2225 3526 2279 hoc

1940 2316 2114 2370 facere
2143 2324 2200 2370 ut
2227 2315 2278 2368 in
2309 2325 2566 2370 teternum
2594 2317 2753 2380 vivat,
2786 2315 2945 2370 mitam
2972 2315 3062 2385 qui
3087 2314 3154 2369 ad
3179 2323 3388 2384 tempus
3419 2330 3523 2368 nou

1939 2407 2094 2462 habet
2143 2408 2281 2462 unde
2310 2407 2472 2463 vivat.
2521 2407 2698 2462 Gratis
2739 2408 2922 2471 datur,
2963 2406 3141 2462 dando
3186 2407 3522 2467 cumulatur,

1938 2516 2056 2571 qum
2079 2515 2184 2556 non
2201 2501 2551 2565 consumitur,
2577 2501 2676 2555 nisi
2697 2499 2909 2570 quando
2930 2515 3033 2554 non
3062 2509 3330 2570 erogatur.
3360 2498 3526 2567 Cujus

1937 2608 2078 2663 ergo.
2095 2607 2260 2663 usque
2285 2593 2350 2652 ad
2383 2592 2480 2648 hos
2506 2593 2623 2648 dies
2650 2590 3359 2662 inimicitias.perdurarunt,
3388 2605 3520 2644 cott-

1940 2684 2224 2740 fundantur
2250 2694 2407 2756 atque
2437 2686 2706 2740 liniantur.
2733 2685 3040 2749 Finiantur,
3068 2699 3134 2740 ne
3161 2684 3343 2738 tiniant
3372 2701 3388 2734 :
3417 2699 3522 2739 nou

1939 2785 2253 2845 teneantur,
2303 2794 2371 2834 ne
2413 2786 2628 2834 teneant
2660 2777 3035 2848 :perimantur
3079 2793 3173 2848 per
3219 2777 3523 2846 redempto-

1939 2883 2086 2933 rem,
2117 2885 2184 2923 ne
2212 2869 2466 2938 perimant
2498 2877 2838 2924 retentoretn.

2009 2961 2060 3014 5.
2090 2960 2297 3030 Jejunia
2326 2960 2432 3014 Deo
2460 2971 2683 3031 accepta.
2723 2960 2932 3031 Jejunia
2959 2972 3136 3015 vestra
3166 2976 3282 3036 non
3308 2960 3421 3015 sint
3447 2968 3526 3012 ta-

1938 3051 2004 3105 lia
2024 3093 2037 3116 ,
2073 3053 2244 3122 qualia
2266 3051 2520 3122 propheta
2542 3052 2859 3107 COndemnat
2879 3092 2894 3118 ,
2923 3051 3106 3106 dicens
3135 3068 3148 3104 :
3178 3049 3297 3104 Non
3328 3050 3421 3103 hoc
3435 3050 3524 3120 je-

1929 3143 2136 3211 junium
2163 3143 2291 3214 elegi
2315 3184 2327 3207 ,
2359 3144 2478 3196 dicit
2529 3143 2780 3198 Dominus
2813 3141 2960 3215 (lsai.
2997 3157 3154 3208 Lvut,
3205 3141 3286 3210 5).
3341 3144 3530 3212 Arguit

1937 3236 2076 3292 enim
2101 3236 2298 3306 jejunia
2326 3236 2670 3306 litigiosorum
2700 3237 2926 3306 :qumrit
2953 3237 3182 3306 piorum.
3217 3236 3402 3307 Arguit
3424 3252 3524 3306 op-

1939 3331 2268 3399 primentes:
2300 3330 2491 3400 quatrit
2538 3331 2853 3384 relaxantes.
2910 3330 3107 3399 Arguit-
3145 3329 3522 3384 inimieantes:

1937 3422 2126 3489 quan-it
2153 3421 2453 3475 Iiberantes.
2484 3418 2611 3474 Inde
2636 3421 2778 3474 enim
2807 3435 2900 3487 per
2939 3419 3036 3472 bos
3067 3419 3182 3473 dies
3209 3433 3237 3470 a
3265 3419 3423 3472 rebus
3460 3418 3524 3470 li-

1939 3511 2060 3563 citis
2081 3509 2343 3564 desideria
2372 3518 2550 3563 vestra
2583 3508 2800 3563 frenatis
2821 3548 2836 3575 ,
2861 3523 2928 3562 ne
2949 3508 3126 3562 illicita
3157 3507 3523 3562 commutatis.

1939 3598 2105 3654 Nullis
2129 3599 2317 3658 diebus
2337 3614 2396 3654 se
2427 3584 2710 3669 ingurgilet
2752 3600 2911 3662 vino,
2965 3614 3062 3653 nec
3098 3599 3396 3664 adulterio,
3435 3602 3523 3670 qui

1939 3688 2126 3744 diebus
2147 3688 2259 3742 istis
2281 3697 2586 3757 temperata
2608 3689 2873 3758 conjugio.
2903 3689 2976 3743 Ita
3007 3690 3178 3742 oratio
3207 3697 3386 3744 nostra
3427 3689 3518 3745 hu-

1941 3777 2163 3832 militate
2191 3785 2245 3832 et
2269 3777 2541 3841 eharitate,
2569 3777 2858 3848 jejunando
2877 3789 2930 3833 et
2952 3778 3147 3845 dando,
3181 3779 3528 3847 temperando

1941 3878 1993 3923 et
2021 3869 2374 3937 ignoscendo,
2427 3869 2562 3922 bona
2595 3869 2876 3923 tribuendo
2919 3878 2973 3924 et
3025 3869 3163 3923 male
3211 3885 3314 3923 non
3367 3871 3526 3924 retri-

1941 3959 2206 4025 bucndo,
2235 3974 2265 4012 a
2292 3959 2429 4014 malo
2453 3958 2768 4014 declinando
2795 3969 2850 4014 et
2878 3960 3013 4014 bona
3045 3960 3310 4022 faciendo,
3339 3962 3528 4030 qumrit

1944 4066 2161 4120 pacem,
2189 4061 2244 4105 et
2270 4051 2613 4122 consrquitur
2658 4066 2775 4106 eam
2813 4049 2981 4121 (Psal.
3014 4067 3198 4116 xum,
3236 4053 3342 4122 15).
3373 4051 3528 4107 Volat

1941 4142 2084 4198 enim
2125 4143 2318 4198 talibus
2336 4144 2508 4198 oratio
2537 4143 2725 4214 pennis
2748 4143 3125 4198 adminiculata
3154 4144 3403 4198 virtutum
3429 4162 3441 4196 :
3475 4151 3529 4198 et

1941 4253 2049 4308 quo
2073 4237 2320 4292 Christus
2360 4252 2458 4306 pax
2488 4245 2666 4291 nostra
2700 4237 3008 4306 praecessit,
3028 4236 3234 4292 facilius
3267 4235 3529 4308 perfertur

1942 4329 1994 4384 in
2021 4330 2234 4390 coelum.

2432 4422 2662 4478 sentio
2697 4420 2871 4478 ccvu
2913 4427 2929 4446 ο
2969 4422 3066 4494 (b).

2471 4545 2517 4586 ιιι
2535 4537 2934 4601 Quadragesima,
2959 4551 3021 4586 ιιι.

2018 4643 2069 4696 1.
2117 4640 2446 4712 Eleemosyna
2486 4641 2582 4694 isto
2625 4641 2840 4694 maxime
2880 4651 3104 4708 tempore
3150 4640 3423 4712 eroganda.
3471 4639 3528 4694 In

1943 4734 2206 4804 adjutorio
2248 4730 2625 4787 misericordia:
2671 4730 2876 4784 Domini
2906 4730 2996 4784 Dei
3027 4729 3229 4791 nes-tri,
3285 4728 3529 4783 tentatio-

1947 4839 2046 4880 nes
2068 4822 2278 4887 satculi,
2313 4821 2516 4875 insidia:
2548 4819 2779 4883 diaboli,
2810 4818 2990 4872 tnundi
3022 4819 3192 4880 labor,
3219 4817 3394 4871 carnis
3419 4815 3550 4871 illeo"

1946 4916 2101 4970 ccbra
2128 4953 2142 4978 ,
2196 4912 2619 4966 turbulentorum
2651 4917 2945 4977 temporum
2996 4908 3219 4971 ﬂuctus,
3260 4915 3529 4975 etcorpo-

1947 5005 2072 5058 ralis
2092 5003 2276 5056 omnis.
2295 5012 2452 5069 atque
2473 4997 2760 5070 spiritualis
2785 4997 3081 5051 adversitas
3101 5038 3114 5059 ,
3142 4997 3495 5068 eleemosynis
3511 5039 3526 5062 ,

1945 5105 1999 5149 et
2030 5093 2246 5163 jejuniis
2266 5132 2280 5154 ,
2311 5101 2467 5160 atque
2515 5089 2840 5142 orationibus
2867 5087 3179 5156 superanda:
3203 5097 3362 5143 sunt.‘
3404 5088 3529 5144 Haec

1949 5201 2068 5240 cunt
2095 5200 2186 5252 per
2213 5191 2375 5238 totam
2393 5181 2549 5234 vitam
2581 5179 2785 5234 fervere
2811 5177 3037 5234 debeant
3061 5179 3384 5247 christiano;
3418 5189 3527 5236 tum

1949 5277 2178 5330 maxime
2207 5275 2588 5342 propinquante
2604 5271 2939 5328 solemnitate
2967 5272 3207 5327 Paschali
3232 5275 3270 5338 ¹,
3297 5290 3415 5345 qua:
3431 5291 3528 5330 suo

1949 5367 2124 5422 reditu
2153 5365 2518 5422 anniversario
2546 5372 2752 5418 nostras
2783 5364 2978 5419 excitat
3005 5375 3244 5434 mentes;
3271 5367 3540 5424 itinerans

2013 5540 2351 5591 'Colbertinus
2387 5546 2492 5599 Ms.,
2533 5545 2634 5590 tum
2677 5539 2885 5592 maxime
2927 5543 3336 5607 appropinquante
3366 5540 3526 5591 Domi-

1947 5605 2074 5662 nica,
2097 5614 2204 5666 qua:
2223 5615 2326 5662 suo,
2357 5609 2452 5666 etc.

2011 5671 2024 5686 '
2050 5662 2313 5726 Castigatus
2337 5664 2393 5712 ad
2417 5662 2476 5712 cl.
2496 5677 2536 5710 r.
2561 5677 2652 5711 rm.
2677 5679 2722 5711 v.
2753 5672 2799 5713 et
2836 5672 2944 5714 Lov.

2011 5727 2082 5784 (a)
2104 5726 2281 5785 Aliquid
2309 5727 2382 5773 hic
2399 5739 2504 5786 sum
2527 5726 2736 5774 I-endutn.

2014 5789 2084 5851 (lt)
2111 5789 2248 5848 Alias,
2275 5788 2335 5835 de
2361 5788 2662 5838 Du'ct'sis'll.
