3886 6188
447 350 588 407 {M3

444 464 497 517 in
527 462 606 519 eis
635 461 889 516 memoria
910 458 1125 514 salutari
1147 500 1161 525 ,
1189 457 1330 530 quod
1363 456 1615 521 Dominus
1641 465 1821 510 noster
1839 454 2027 508 unicus

444 552 539 607 ltei
584 548 751 608 Filius
797 550 1218 606 misericordiam
1271 550 1517 619 pra-stitit
1547 548 1731 605 nobis.
1774 545 2030 616 jejttttttvit

442 642 724 712 oravitque
748 658 845 712 pro
869 641 1043 696 nobis.
1091 641 1442 711 Eleemosyna
1469 640 1664 711 quippe
1688 654 1859 709 graece
1879 679 1892 699 ,
1926 636 2027 689 ini-

437 734 724 790 sericordia
759 745 859 790 est.
913 734 1041 802 Quae
1086 746 1263 788 autem
1296 734 1464 803 major
1492 749 1613 788 esse
1662 730 2025 785 misericordia

436 841 600 896 super
619 826 846 882 miseros
894 828 1090 896 potuit,
1123 841 1279 896 quain
1308 826 1392 878 illa
1434 840 1553 894 qua:
1582 823 1702 877 οωιί
1730 830 2024 876 creatorem

442 919 511 974 de
553 919 692 975 cwlo
733 918 1008 988 deposuit,
1063 928 1114 974 et
1144 927 1355 972 terreno
1391 930 1616 984 corpore
1660 924 1816 969 terra:
1860 912 2027 967 induit

436 1010 784 1072 conditorem;
808 1027 930 1065 cum
952 1011 1042 1079 qtti
1066 1011 1119 1064 in
1145 1009 1438 1064 a:ternitale
1466 1007 1634 1062 l‘atris
1659 1014 1836 1060 manet
1851 1018 2027 1073 aequa-

440 1100 891 1165 Iis,mortalitate
937 1100 1232 1171 coaequavit
1278 1108 1332 1154 et
1373 1097 1559 1164 nobis,
1606 1097 1831 1151 formam
1882 1095 2022 1151 servi

436 1190 617 1248 mundi
648 1192 873 1248 Domino
904 1193 1185 1261 imposuit;
1227 1202 1282 1245 ut
1313 1191 1425 1259 ipse
1454 1191 1604 1261 panis
1631 1188 1893 1253 esuriret,
1934 1201 2022 1240 sa-

437 1284 592 1337 tietas
620 1283 827 1348 sitiret,
878 1284 1045 1338 virtus
1091 1281 1483 1347 infirmaretur,
1533 1279 1732 1334 sanitas
1779 1278 2027 1332 vulnera-

434 1384 619 1442 retur,
659 1376 765 1431 vita
793 1379 1132 1432 moreretur?
1165 1375 1274 1429 Hoc
1301 1382 1510 1434 autem,
1544 1380 1601 1426 ut
1631 1379 1809 1425 nostra
1841 1382 2025 1438 pasce-

433 1477 578 1521 retur
607 1467 775 1524 fames
796 1510 810 1531 ,
839 1469 1102 1537 rigaretur
1125 1466 1374 1531 ariditas,
1402 1463 1770 1519 consolaretur
1794 1458 2023 1514 inﬁrmi-

431 1569 534 1627 tas,
558 1563 983 1631 exstingueretur
999 1559 1266 1626 iniquitas,
1295 1557 1597 1612 ardesceret
1616 1552 1866 1609 ebaritas.
1892 1551 2024 1619 Qua:

433 1652 601 1721 major
627 1650 990 1708 misericordia
1019 1691 1032 1714 ,
1065 1664 1224 1720 quam
1266 1648 1435 1703 creari
1461 1655 1756 1701 creatorem
1777 1686 1793 1707 ,
1821 1643 2023 1699 servire

429 1744 818 1799 dominatorem
844 1783 860 1807 ,
908 1741 1063 1797 vcndi
1096 1740 1522 1810 redemptorem,
1575 1724 1838 1792 humiliari
1878 1736 2022 1791 exal-

434 1845 689 1900 tatorem,
736 1833 906 1889 occidi
957 1832 1365 1888 suscitatorem?
1394 1830 1559 1890 Nobis
1596 1830 1664 1883 de
1715 1827 2020 1897 praebendis

430 1928 785 1999 t-leemosyuis
835 1926 1138 1995 ρι’ωιοίμίιιιν
1188 1934 1241 1977 ιιι
1287 1938 1474 1993 panem
1516 1921 1706 1976 demus
1757 1919 2012 1975 esurienti

431 2018 590 2085 (lani.
619 2033 763 2079 LVIII,
794 2018 849 2088 7)
876 2032 888 2070 :
914 2017 1000 2070 ille
1029 2031 1088 2070 se
1119 2017 1152 2083 ιι
1172 2029 1289 2069 sum
1333 2025 1388 2067 ut
1418 2012 1572 2068 nobis
1609 2011 1761 2066 daret
1782 2010 2022 2066 esurien-

431 2112 572 2166 tibus
595 2152 612 2176 ,
646 2109 791 2179 prius
820 2124 915 2178 pro
946 2106 1099 2161 nobis
1134 2120 1194 2161 se
1234 2104 1448 2159 tradidit
1491 2102 1851 2160 smvientibus.
1885 2101 2020 2154 Prte-

431 2200 624 2271 eipitur
666 2199 823 2254 nobis
870 2207 931 2254 ut
976 2197 1311 2267 peregrinum
1364 2195 1681 2265 rc-eipiamus
1722 2211 1737 2248 :

431 2292 655 2347 nobisin
681 2306 776 2346 sua
797 2291 1006 2361 propria
1036 2290 1211 2352 venit,
1239 2299 1288 2343 et
1317 2289 1398 2343 sui
1426 2303 1548 2344 eum
1572 2304 1674 2340 non
1704 2293 2019 2355 receperunt

429 2385 609 2456 (Joan.
637 2401 676 2451 ι,
705 2383 815 2457 ll).
847 2385 1024 2454 Ipsum
1053 2382 1282 2451 denique
1310 2380 1585 2434 benedicat
1610 2378 1785 2433 anima
1811 2387 2014 2444 nostra,

429 2460 520 2550 qui
552 2477 812 2547 propitius
840 2475 898 2528 fit
921 2473 1169 2528 otnnibus
1196 2470 1560 2540 iniquitatibus
1583 2468 1720 2539 eius,
1745 2469 1835 2539 qui
1862 2478 2016 2524 sanat

427 2583 616 2623 mones
641 2567 922 2636 languores
946 2564 1063 2632 ejus
1081 2605 1094 2627 ,
1122 2563 1210 2632 qui
1239 2562 1455 2617 redimit
1478 2561 1546 2617 de
1566 2561 1915 2630 corruptione
1938 2561 2016 2616 vi-

430 2672 536 2715 tam
566 2660 683 2726 eius
703 2696 719 2721 ,
762 2656 852 2727 qui
880 2671 997 2709 cam
1019 2661 1239 2708 coronat
1269 2654 1319 2707 in
1349 2653 1687 2707 miseratione
1717 2659 1773 2707 et
1803 2652 2013 2707 miscri-

428 2750 607 2804 cordia
639 2765 653 2802 :
685 2748 773 2817 qui
803 2746 958 2801 satiat
980 2746 1033 2799 in
1062 2745 1213 2799 bonis
1229 2743 1549 2807 desiderium
1574 2742 1692 2813 ejus
1720 2741 1890 2809 (Ρωι.
1920 2759 2013 2808 cn,

427 2842 577 2915 2-5).
611 2842 972 2898 Exerceamus
994 2840 1169 2908 itaque
1205 2837 1570 2908 eleemosynas
1613 2848 1825 2903 nostras
1867 2845 2015 2891 tanto

429 2936 741 3005 impensius,
765 2942 1020 3004 tzuttoque
1056 2931 1417 3003 frequentius,
1454 2938 1653 3001 querito
1674 2930 2015 3000 propinquior

388 3052 397 3073 ι
430 3030 485 3081 tlt
512 3029 630 3082 dics
657 3041 760 3092 qua
809 3025 962 3080 nobis
992 3032 1290 3093 prmrogata
1313 3021 1647 3091 electnosyua
1692 3020 2010 3075 celebratur.

431 3121 563 3191 Quia
615 3119 876 3189 jejunium
937 3116 1055 3171 siue
1103 3111 1464 3174 misericordia
1515 3111 1564 3168 ei
1615 3111 1746 3167 nihil
1790 3120 1873 3167 est
1922 3114 2011 3183 qui

424 3211 649 3282 ieiunat.

497 3304 553 3358 Β.
592 3302 858 3375 Jejunium
877 3311 924 3356 ct
942 3299 1240 3359 abstittentia
1269 3299 1435 3370 qualis
1459 3297 1747 3368 requiritur.
1773 3296 2011 3355 Mittunt-

428 3396 509 3449 σιω
557 3395 868 3463 voluptates,
911 3407 1013 3448 non
1058 3390 1334 3450 mutanda.
1374 3389 1683 3460 Jejunemus
1715 3389 1874 3446 etiam
1911 3388 2012 3443 lui-

432 3487 698 3542 miliantes
744 3486 953 3540 animas
999 3493 1244 3550 nostras,
1283 3482 1743 3554 appropinquante
1781 3480 1868 3537 die
1907 3495 2012 3549 quo

396 3561 682 3649 .magister
725 3576 1040 3633 humilitatis
1089 3574 1382 3629 bumiliavit
1423 3572 1789 3642 semetipsum,
1842 3570 2011 3625 factus

428 3670 674 3727 subditus
699 3683 867 3739 usque
895 3667 960 3722 ad
992 3677 1218 3722 mortem
1238 3666 1413 3720 crucis
1429 3662 1685 3735 (Philipp.
1712 3679 1770 3727 tt,
1789 3662 1865 3732 8).
1890 3662 2013 3716 Inti-

432 3772 607 3817 temur
628 3759 747 3829 ejus
772 3774 1008 3824 crucem,
1038 3756 1373 3827 abstinentia:
1401 3754 1564 3811 clavis
1589 3753 1849 3809 edontitas
1876 3768 2009 3808 con-

429 3852 787 3925 cupiscentias
807 3854 1148 3922 eontigentes.
1170 3849 1502 3919 Castigemus
1522 3862 1718 3916 corpus
1745 3854 2005 3909 nostrum,

429 3957 486 4003 et
513 3945 753 4002 servituti
777 3944 1121 4013 subjiciamus
1142 3960 1154 3994 :
1177 3952 1232 3997 et
1249 3956 1315 3997 ne
1338 3957 1431 4010 per
1458 3940 1764 3994 indomitam
1792 3953 2007 3992 carnem

428 4042 494 4097 ad
526 4039 705 4097 illicita
748 4038 1108 4110 prolabuntur,
1137 4037 1188 4091 in
1216 4050 1278 4090 ea
1311 4032 1574 4090 domanda
1604 4032 1928 4101 aliquantum
1955 4038 2011 4085 et

429 4133 566 4187 li-ita
596 4128 988 4187 subtrahanms.
1014 4127 1244 4198 Crapula
1269 4134 1322 4181 et
1349 4124 1580 4181 ebrietas
1599 4123 1756 4179 etiam
1785 4138 1880 4192 per
1894 4122 2009 4177 dies

426 4231 655 4278 ezeteros
684 4219 1004 4277 devitanda:
1049 4232 1142 4288 per
1171 4217 1268 4271 hos
1306 4224 1484 4270 autem
1528 4213 1642 4268 dies
1677 4214 1836 4269 etiam
1879 4227 2010 4273 cou-

424 4328 575 4369 t-essa
610 4312 827 4383 prandia
854 4309 1199 4366 removenda.
1232 4307 1502 4362 Adulteria
1540 4314 1594 4361 et
1633 4303 2007 4360 fornicationes

427 4420 641 4474 remper
661 4401 987 4459 exsecranda
1016 4409 1178 4470 atque
1201 4398 1479 4468 fugienda:
1509 4396 1593 4452 his
1617 4407 1792 4452 autem
1819 4397 2008 4453 diebus

425 4505 477 4549 et
509 4511 539 4548 a
571 4493 884 4563 coniugibus
913 4489 1311 4559 temperandum
1337 4499 1438 4544 est.
1474 4489 1647 4545 Facile
1678 4490 1768 4544 tibi
1800 4489 2007 4544 obtem-
2030 4550 2061 4561 _

429 4584 633 4656 perabit
659 4597 805 4648 caro,
835 4597 901 4639 ne
933 4580 1188 4652 inligarent
1209 4578 1421 4656 alienis,
1443 4594 1562 4648 qua:
1593 4578 1847 4647 refrenari
1873 4594 2005 4642 eon-

426 4678 660 4736 sueverit
687 4686 742 4731 et
768 4692 798 4731 a
826 4674 955 4732 suis.
984 4674 1123 4729 Sane
1151 4671 1445 4728 cavendum
1476 4680 1555 4725 est
1585 4690 1648 4725 ne
1678 4684 1868 4732 mutes.
1900 4690 2003 4728 non

426 4772 636 4829 minuas
664 4770 976 4840 voluptates.
1007 4766 1194 4823 Videas
1223 4764 1365 4835 enim
1395 4763 1650 4836 quosdam
1684 4779 1778 4834 pro
1813 4766 2006 4835 usitato

426 4864 582 4932 vino,
612 4862 890 4918 inusitatus
919 4860 1150 4932 liquores
1187 4857 1467 4927 exquirere
1490 4897 1509 4933 η
1546 4865 1600 4911 et
1643 4856 1863 4921 aliorum
1905 4872 2005 4915 ex.

424 4956 701 5024 pressione
747 4968 1060 5025 pomorum,
1106 4949 1245 5020 quod
1293 4965 1363 5004 ex
1413 4963 1512 5004 uva
1553 4947 1654 5004 sibi
1699 4947 1998 5019 denegant,

423 5049 593 5106 multo
621 5048 834 5104 suavius
860 5060 1240 5117 compensare;
1278 5044 1428 5116 cibos
1468 5052 1616 5108 extra
1645 5059 1834 5100 carnes
1863 5045 1999 5112 mule

424 5139 589 5212 ttplici
627 5138 884 5196 varietate
910 5153 972 5194 ac
999 5136 1333 5208 iucunditate
1370 5135 1716 5206 conquirere;
1749 5144 1802 5191 et
1826 5133 2004 5203 suavi-

423 5242 560 5288 tates
583 5246 714 5303 quas
738 5229 847 5285 alio
876 5238 1115 5299 tempore
1139 5227 1434 5282 consectari
1467 5225 1664 5295 pudet,
1712 5227 1834 5283 huic
1864 5237 2001 5282 tem-

425 5323 541 5393 pori
571 5322 721 5392 quasi
751 5327 1049 5392 opportune
1074 5318 1324 5389 colligere
1349 5335 1362 5370 :
1396 5326 1451 5371 ut
1477 5315 1719 5383 videlicet
1751 5318 2001 5381 observa-

423 5416 499 5469 tio
522 5413 953 5485 Qnadtagesima:
979 5426 1082 5465 non
1105 5411 1171 5464 sit
1193 5420 1431 5464 veterum
1455 5408 1999 5477 concupiscentiarnm

424 5504 712 5575 τιιιιιεειιῑο,
737 5504 830 5560 sed
857 5517 1111 5558 novarum
1136 5500 1443 5556 deliciarum
1471 5501 1698 5556 occasio.
1729 5501 1868 5567 Haec,
1895 5500 2003 5556 fra-

425 5610 555 5662 tres,
585 5612 649 5650 ne
674 5597 823 5652 vobis
849 5609 1095 5665 persuasa
1124 5592 1430 5663 subrepant,
1460 5600 1654 5661 quanta
1682 5593 1900 5662 potestis
1925 5592 2001 5646 vi-

422 5685 636 5753 gilantia
670 5687 960 5756 providetc.
992 5684 1321 5740 l‘arcimonia
1364 5683 1584 5755 ieiuniis
1628 5682 1995 5756 coniungatur.

422 5778 569 5833 Sicut
590 5777 789 5831 ventris
809 5774 1111 5848 castiganda
1132 5776 1399 5841 saturitas,
1426 5775 1491 5829 ita
1515 5775 1649 5846 gulae
1674 5776 1997 5833 irritamenta

1680 341 1737 394 s.
1781 331 2141 395 auersum
2171 296 2465 394 erisizoet

1786 2193 1875 2248 ille
1919 2207 2018 2262 pro
2068 2235 2072 2238 ι

3574 348 3679 405 mh

2135 453 2366 507 cavenda
2410 463 2554 508 ειιιιι.
2597 453 2711 510 Non
2742 452 3093 511 humanorum
3121 457 3493 513 alimentormn
3521 475 3684 531 gena-rt

2136 543 2469 609 detestanda,
2509 546 2603 600 sed
2650 546 2877 601 carnalis
2920 558 3004 602 est
3045 547 3331 604 delectatio
3376 550 3684 605 refrenanda.

2138 632 2275 687 Esau
2306 649 2411 687 non
2441 636 2617 704 pingui
2646 636 2808 690 vitulo
2839 637 2921 697 vel
2964 637 3265 693 volatilibus
3292 638 3544 709 saginati:
3565 683 3578 701 ,
3620 645 3687 695 sui

2135 724 2483 781 immoderate
2508 727 2785 797 concupita
2816 727 3063 783 lenticula
3090 729 3407 800 reprobatus
3431 744 3512 791 est
3540 734 3559 801 (
3588 733 3687 787 ειη.

2135 829 2261 878 xxv,
2289 816 2456 871 50-54
2474 815 2517 889 ).
2550 816 2803 873 Sanctum
2836 820 2998 874 David
3032 837 3224 890 aquam
3254 822 3372 892 plus
3397 824 3543 893 iusto
3570 824 3688 878 desi-

2130 904 2349 961 derasse
2380 908 2624 978 paenituit
2648 910 2707 980 (Ι
2740 909 2915 965 Paret.
2947 927 3021 974 ιι,
3056 912 3143 976 l8,
3175 912 3240 967 l9
3262 912 3300 983 ).
3332 913 3448 968 Non
3476 916 3689 984 operosis

2130 1014 2259 1068 ergo
2287 1014 2459 1069 neque
2486 1002 2750 1069 pretiosis,
2781 1002 2875 1057 sed
2914 1002 2966 1058 in
2999 1015 3243 1073 promptu
3281 1012 3337 1059 et
3373 1006 3560 1074 positis
3588 1008 3686 1081 qui-

2133 1090 2339 1168 busque
2366 1092 2643 1152 vilioribus
2668 1094 2934 1150 alimentis
2961 1105 3045 1151 est
3081 1112 3276 1168 corpus
3301 1112 3332 1151 a
3354 1096 3558 1168 jejunio
3585 1103 3685 1156 reli-

2127 1181 2396 1248 ciendum,
2421 1184 2505 1239 vel
2529 1186 2704 1254 potius
2727 1186 3070 1243 fulciendutn.
3188 1175 3194 1183 ”

2201 1275 2254 1329 3.
2299 1273 2476 1329 Oratio
2494 1277 2778 1347 jrjunarttt's
2814 1279 2971 1334 libera
3006 1280 3073 1334 sit
3100 1296 3133 1333 α
3173 1280 3448 1352 cupiditate
3487 1289 3533 1335 et
3571 1283 3682 1343 odia.

2130 1362 2396 1429 Quomodo
2424 1362 2585 1421 oratio
2610 1368 2733 1438 facit
2761 1369 3120 1441 eleemosyuas.
3150 1358 3253 1425 nn’
3272 1371 3457 1426 diebus
3483 1371 3684 1433 admini-

2127 1455 2262 1511 culis
2308 1457 2515 1527 piarum
2561 1460 3019 1532 eleemosynarum
3065 1473 3119 1517 et
3161 1463 3438 1534 frugalium
3482 1463 3685 1536 jejunio:

2127 1563 2244 1601 rum
2274 1549 2447 1603 oratio
2466 1561 2647 1606 nostra
2677 1548 2729 1607 ιιι
2750 1567 2979 1624 superna
3000 1556 3324 1611 sustollitur:
3343 1556 3463 1627 quia
3487 1540 3583 1612 nec
3605 1558 3683 1611 im-

2127 1640 2387 1714 pudenter
2404 1658 2434 1698 a
2473 1643 2581 1699 Deo
2610 1646 2970 1703 misericordia
3011 1649 3225 1718 petitur,
3247 1665 3367 1705 cum
3397 1650 3466 1705 ab
3492 1649 3685 1709 homine

2126 1730 2328 1791 homini
2352 1751 2455 1790 non
2480 1746 2717 1811 negatur,
2739 1754 2839 1806 nec
2856 1755 3045 1796 serena
3074 1741 3251 1797 cordis
3283 1742 3510 1812 petentis
3536 1743 3684 1809 inten-

2125 1824 2200 1879 tio
2218 1826 2233 1857 ί
2259 1828 2551 1883 carnalium
2575 1832 2901 1900 voluptatum
2926 1832 3381 1907 pliantasntatibus
3403 1834 3595 1888 nubilis
3612 1835 3685 1888 im-

2124 1919 2358 1994 peditur.
2379 1920 2461 1977 Sit
2483 1932 2659 1978 autem
2680 1925 2855 1995 oratio
2869 1935 3035 1990 easta,
3060 1941 3125 1981 nc
3144 1924 3276 1982 forte
3299 1942 3403 2001 non
3427 1927 3567 2001 qttod
3587 1927 3684 2000 cln-

2123 2011 2274 2076 ritas,
2294 2011 2387 2066 sed
2404 2014 2544 2083 quod
2562 2015 2823 2084 cupiditas
2846 2017 3058 2087 quterit,
3079 2027 3357 2088 optemus;
3381 2008 3683 2073 ne'inimicis

2124 2105 2245 2158 mali
2268 2104 2465 2176 aliquid
2493 2106 2881 2178 impreccmur;
2910 2126 2976 2164 ne
2997 2110 3048 2165 in
3073 2127 3206 2183 quos
3224 2110 3467 2166 nocendo
3483 2111 3561 2165 vel
3582 2110 3678 2165 vin-

2123 2194 2350 2250 dicando
2381 2212 2484 2250 non
2509 2212 2810 2268 possumus,
2842 2201 3044 2256 orando
3065 2201 3362 2256 swviamus.
3383 2199 3537 2257 Certe
3564 2202 3680 2261 sicut

2122 2301 2221 2341 nos
2242 2288 2349 2357 apti
2366 2287 2630 2345 efﬁcimur
2644 2291 2709 2346 ad
2735 2291 2991 2347 orandum
3014 2292 3369 2367 eleenmsynls
3392 2302 3443 2348 et
3462 2292 3673 2362 ieiuniis.

2122 2377 2200 2431 sic
2230 2388 2284 2433 et
2310 2379 2421 2461 ipsa
2454 2391 2634 2442 nostra
2664 2383 2834 2438 oratio
2860 2383 2986 2450 facit
3011 2385 3399 2461 elocutosynas,
3431 2400 3543 2459 cum
3568 2385 3675 2456 diri:

2119 2468 2263 2540 gitur
2296 2458 2455 2541 atque
2486 2471 2840 2542 profunditur,
2875 2490 2978 2529 non
3007 2489 3104 2545 pro
3131 2458 3318 2531 amicis
3347 2485 3567 2540 tantum,
3598 2491 3671 2529 ve-

2123 2575 2238 2614 rum
2269 2561 2430 2615 etiam
2460 2576 2554 2631 pro
2582 2561 2832 2627 inimicis,
2858 2573 2914 2619 et
2936 2564 3143 2634 ieiunat
3169 2565 3237 2620 ab
3267 2565 3347 2621 iro
3372 2575 3423 2621 et
3445 2564 3560 2620 odio
3577 2575 3623 2619 et
3642 2582 3665 2618 τι

2125 2652 2590 2721 penticiosissimis
2613 2655 2773 2709 vitiis.
2799 2654 2852 2711 Si
2879 2656 3019 2710 enim
3048 2670 3145 2711 nos
3169 2655 3467 2726 ieiunamus
3487 2672 3512 2709 a
3536 2655 3665 2730 ciliis,

2123 2752 2323 2813 quanto
2367 2745 2542 2815 potius
2583 2745 2670 2801 illa
2712 2761 2741 2800 a
2784 2747 3043 2803 venenis?
3091 2748 3330 2820 Denique
3370 2763 3464 2804 nos
3504 2747 3671 2819 debitis

2123 2837 2543 2917 Opportunisque
2581 2838 2908 2909 temporibus
2942 2840 3317 2895 alimentorum
3365 2840 3671 2911 perceptione

2124 2928 2398 2984 reficimur
2420 2948 2441 3007 εὶ
2479 2926 2745 3000 nunquam
2787 2932 2930 3011 illam
2964 2932 3102 3012 escis
3132 2933 3326 3011 talibus
3352 2932 3667 3007 oblectctnus.

2125 3020 2388 3091 Perpetua
2415 3024 2671 3107 suscipiat
2694 3025 2791 3080 ista
2816 3025 3047 3095 ieiunia:
3072 3027 3197 3097 quia
3216 3036 3300 3083 est
3320 3026 3393 3103 illi
3418 3026 3554 3082 cibus
3572 3041 3673 3098 pro

2120 3113 2288 3192 prius,
2330 3130 2489 3184 quem
2532 3102 2748 3188 sumere
2788 3120 2904 3174 sine
2942 3102 3668 3191 intermissionepra'cipitur.

2118 3205 2344 3283 Semper
2367 3223 2495 3280 ergo
2520 3207 2726 3280 jejunet
2751 3210 2819 3291 ab
2850 3210 2995 3288 odio,
3036 3226 3249 3292 semper
3283 3212 3550 3287 dilectione
3588 3226 3671 3288 pa-

2119 3310 2318 3354 scatur.

2590 3452 2817 3512 senae
2851 3454 3052 3513 ccvtu
3081 3461 3096 3481 -
3128 3455 3228 3528 (α).

2610 3614 2658 3659 ιιι
2679 3611 3067 3675 Quadragesima,
3098 3627 3166 3664 tv.

2192 3715 2243 3769 Ι.
2302 3714 2764 3785 Quadrugrsimalis
2807 3717 3108 3772 abstinentia
3155 3719 3325 3789 qualis
3375 3735 3476 3773 csse
3522 3716 3661 3785 debet.

2117 3803 2500 3875 Butringenda:
2545 3805 2761 3872 delicite,
2810 3823 2910 3861 non
2957 3809 3235 3881 mutandae.
3284 3808 3520 3865 Solemue
3556 3818 3661 3862 tem-

2121 3910 2219 3964 pus
2246 3895 2485 3962 advenit,
2513 3913 2622 3967 quo
2649 3907 2885 3963 vestram
2904 3913 3340 3959 comoneamus
3365 3910 3415 3956 et
3443 3899 3659 3957 (:le

2117 4004 2237 4044 mur
2277 3989 2329 4052 in
2365 3990 2586 4045 Domino
2614 3992 2935 4049 (Ibaritatem
2971 4008 2984 4043 :
3015 4006 3318 4062 quanquam
3359 3994 3517 4063 ipsum
3543 3999 3658 4044 tem-

2114 4094 2241 4148 pus,
2275 4081 2438 4143 etiam
2476 4082 2776 4137 tacentibus
2820 4083 2993 4149 nobis,
3039 4084 3169 4137 satis
3209 4098 3306 4138 vos
3337 4083 3591 4138 adamat
3613 4087 3659 4132 et

2120 4170 2382 4238 hortetur,
2407 4181 2466 4228 ut
2482 4172 2696 4244 ieiuniis
2720 4183 2775 4227 et
2802 4174 3132 4230 orationibus
3154 4183 3211 4229 et
3232 4173 3566 4245 eleemosynis
3584 4185 3659 4224 so—

2116 4265 2207 4317 l-ito
2238 4264 2526 4318 instantius
2552 4274 2607 4318 et
2633 4266 2861 4324 alterius
2889 4265 3157 4321 ferventis.
3195 4266 3307 4322 Sed
3344 4264 3657 4326 ministerium

2117 4354 2285 4408 nostri
2314 4355 2581 4419 sermonis
2604 4354 2828 4421 accedit,
2857 4363 2914 4410 ιιι
2936 4364 2993 4410 ct
3020 4357 3166 4412 vocis
3190 4357 3347 4427 ltujus
3371 4357 3514 4420 tuba,
3538 4356 3658 4407 τίπτε

2115 4459 2240 4510 suas
2268 4444 2488 4514 spiritus
2512 4454 2690 4506 vester
2713 4444 2966 4505 adversus
2996 4461 3213 4503 carnem
3237 4446 3565 4502 dimicaturus
3581 4460 3660 4498 ac-

2115 4537 2293 4608 cipiat.
2324 4537 2442 4595 Sint
2479 4553 2609 4610 ergo
2636 4547 2811 4593 vestra
2831 4537 3033 4609 ieiunia
3061 4538 3178 4595 sine
3205 4538 3421 4607 litibus,
3442 4535 3662 4594 rhetori-

2116 4630 2236 4696 bus,
2264 4628 2535 4696 caedibus:
2563 4639 2620 4684 ut
2647 4630 2806 4685 etiam
2834 4629 2922 4697 qui
2947 4630 3047 4684 sub
3069 4630 3199 4701 iugo
3226 4642 3402 4686 vestro
3428 4641 3558 4691 sunt,
3582 4645 3651 4681 rc-

2113 4721 2421 4785 missionem
2450 4732 2656 4778 cautam
2687 4723 2917 4779 sentiant
2951 4732 3005 4777 et
3048 4723 3362 4793 benignam;
3403 4735 3460 4779 ut
3496 4738 3656 4790 aspera

2111 4813 2368 4868 severitas
2397 4812 2707 4873 refrenetur,
2752 4830 2855 4866 non
2897 4823 2951 4868 ut
2994 4814 3225 4869 salubris
3263 4814 3529 4883 disciplina
3564 4811 3658 4865 sol-

2110 4914 2283 4962 vatur.
2311 4906 2445 4966 Cum
2476 4919 2605 4968 vero
2640 4904 2820 4975 aliquo
2853 4919 3056 4976 genere
3086 4904 3327 4966 ciborum
3356 4905 3509 4966 etiam
3543 4919 3658 4958 cou-

2108 5012 2389 5067 cessm'um
2415 5005 2575 5068 atque
2607 4997 2893 5063 liciturum,
2922 5012 3089 5054 causa
3117 4999 3406 5069 castigandi
3445 4995 3663 5065 corporis

2111 5089 2412 5155 abstinetis,
2441 5097 2761 5165 mementote
2788 5091 2956 5162 otnnia
2978 5088 3170 5144 munda
3194 5091 3395 5145 mundis
3414 5106 3435 5145 :
3468 5105 3529 5144 ne
3551 5084 3664 5158 quid

2113 5181 2309 5251 putetis
2346 5180 2707 5247 immundum,
2737 5181 2838 5247 nisi
2877 5181 3016 5251 quod
3054 5180 3340 5241 infidelitas
3380 5182 3665 5253 inquinate.

2112 5273 2201 5325 rit.
2223 5270 2509 5327 lmntuudis
2523 5272 2656 5326 enim
2673 5282 2717 5326 et
2733 5272 3037 5350 infidelibus,
3056 5274 3130 5328 ait
3146 5275 3449 5344 Apostolus,
3470 5271 3586 5327 nillil
3597 5278 3666 5323 est

2113 5361 2356 5434 plaudunt
2385 5361 2508 5435 (Tit.
2534 5378 2573 5437 ι,
2611 5363 2706 5433 ίῦς
2743 5361 2889 5428 llam.
2918 5380 3024 5428 xiv,
3064 5363 3193 5435 20).
3233 5364 3338 5425 Sed
3368 5364 3512 5434 plane
3546 5361 3664 5416 lide-

2111 5453 2239 5508 liutn
2266 5470 2488 5525 corpora
2516 5470 2635 5530 eum
2664 5455 2908 5510 servituti
2942 5454 3327 5535 subjiciuntur,
3351 5450 3664 5525 prolicitspi-

2174 5599 2186 5630 ¹
2212 5594 2374 5645 Culex
2396 5592 2718 5649 Colbertiuus,
2741 5572 2902 5641 cordis
2926 5587 3191 5650 Mltitt'ntis
3214 5586 3422 5638 immtio.

2170 5662 2188 5689 ν
2210 5654 2473 5719 (Ιῡδιᾷίδιιιιιδ
2490 5654 2552 5719 ad
2572 5648 2745 5704 onlnes
2787 5659 2894 5703 Mss.
2926 5648 2981 5701 ἐι
3012 5648 3121 5700 εόιΙ.
3169 5652 3216 5701 in
3241 5661 3464 5713 sermone
3493 5651 3655 5717 print

2103 5721 2239 5790 denti
2427 5717 2723 5790 Quisnam.-

2168 5784 2239 5845 (ιι)
2267 5780 2399 5841 tlias,
2420 5779 2483 5831 de
2507 5776 2716 5827 Diversis"
2738 5776 2815 5827 72.
