3934 6188
334 399 338 403 -
380 359 519 414 1035
1344 402 1347 405 .

377 470 554 533 rituali
583 467 772 536 saluti,
799 462 1342 539 quidvptidcorporali
1381 461 1641 517 minuitur.
1672 459 1946 529 voluptati.

376 561 621 632 Ideoque
649 558 943 617 cavendum
971 567 1087 625 est,
1132 571 1197 611 ne
1240 554 1503 626 pretiosas
1539 566 1692 609 escas
1731 551 1815 607 vel
1857 566 1955 623 pro

334 692 339 697 ρ
375 655 499 710 aliis
522 654 674 719 alias,
708 653 789 709 vel
829 650 990 729 etiam
1029 648 1370 720 pretiosiores
1396 646 1513 703 sine
1549 644 1797 701 carnibus
1838 637 1954 698 ani-

377 746 595 801 malium
634 743 934 814 requiratis.
972 740 1109 796 Cum
1143 740 1287 797 enim
1321 753 1519 810 corpus
1553 737 1862 807 castigatur,
1900 744 1956 790 et

374 836 617 894 servituti
643 834 920 906 subjicitur
940 834 959 904 (
982 832 997 887 l
1025 832 1143 887 Cor.
1173 846 1248 895 ιι.
1281 829 1396 901 27),
1426 827 1807 898 restringenda;
1829 834 1955 881 sunt

378 930 610 995 deliriur,
639 942 748 983 non
787 924 1075 981 mutandae.
1104 921 1243 990 Quid
1269 921 1411 976 enim
1450 921 1668 977 interest
1714 919 1767 973 in
1809 916 1952 988 quali

375 1021 501 1074 cibo
541 1016 968 1087 concupiscentia
1013 1013 1358 1069 immoderata
1399 1008 1675 1080 culpetur?
1706 1007 1822 1064 Non
1853 1008 1954 1061 uti-

371 1125 479 1180 que
504 1108 722 1165 desetis
743 1106 1018 1171 carnibus,
1043 1104 1139 1160 sed
1163 1103 1321 1158 etiam
1349 1101 1417 1156 de
1443 1099 1754 1170 quibusdam
1781 1098 1953 1168 pomis

376 1209 431 1253 et
469 1198 806 1270 agriculturae
834 1195 1101 1251 alimentis
1125 1195 1143 1226 ί
1176 1190 1529 1247 lsraelitarum
1572 1188 1952 1257 concupiscen-

375 1290 448 1345 tia
474 1288 651 1344 divina
679 1301 810 1343 voce
835 1286 1083 1341 damnata
1110 1292 1192 1339 est
1219 1279 1407 1352 (Nam.
1434 1296 1507 1348 xl,
1532 1281 1588 1345 5,
1618 1279 1708 1343 35,
1740 1278 1856 1347 δή).
1887 1277 1954 1332 Et

376 1380 538 1445 Esau,
579 1393 685 1433 non
713 1384 931 1447 propter
954 1374 1112 1430 oﬂ‘am
1138 1373 1347 1428 suillam
1367 1412 1382 1437 ,
1425 1370 1519 1427 sed
1549 1377 1762 1441 propter
1791 1367 1950 1425 lenti-

372 1473 548 1527 cuiam
574 1470 904 1532 del'ricatam,
922 1482 1016 1522 sua
1039 1463 1397 1537 primogenita
1409 1462 1632 1532 perdidit
1649 1460 1802 1533 (Gen.
1823 1475 1947 1526 xxv,

372 1562 591 1631 30-55).
618 1559 691 1617 Ut
716 1558 958 1615 omittam
987 1555 1116 1627 quid
1143 1555 1384 1611 esuriens
1411 1553 1664 1607 Dominus
1702 1551 1947 1605 tentatori

370 1652 533 1708 etiam
575 1650 799 1719 deipso
836 1662 970 1717 pane
999 1644 1329 1716 responderit
1369 1641 1592 1715 (Matth.
1631 1656 1708 1708 IV,
1735 1642 1790 1708 5,
1821 1638 1895 1709 4)
1931 1656 1945 1692 :

372 1742 465 1811 qui
496 1748 641 1795 certe
670 1755 776 1793 non
806 1752 956 1797 sitam
982 1750 1196 1792 carnem
1223 1733 1370 1804 quasi
1397 1732 1647 1788 rebellem
1677 1729 1945 1795 domabat,

378 1831 473 1887 sed
504 1829 629 1901 quid
668 1829 720 1885 in
761 1828 954 1883 talibus
986 1824 1362 1880 tentationibus
1394 1820 1716 1891 respondere
1756 1817 1949 1874 debea-

376 1937 498 1977 mus
531 1917 947 1976 misericorditer
985 1915 1322 1971 admonebat.
1365 1911 1714 1981 Quapropter,
1745 1907 1947 1963 charis-

371 2015 526 2079 simi,
572 2028 601 2068 a
638 2010 1060 2083 quibuscumque
1106 2006 1240 2062 cibis
1289 2004 1441 2060 vobis
1481 2002 1735 2072 placuerit
1778 1999 1944 2054 absti-

374 2120 502 2161 nere
522 2144 539 2169 ,
571 2109 895 2158 mementote
932 2108 991 2154 ut
1024 2091 1347 2169 prepositum
1374 2102 1605 2149 vestrum
1637 2092 1719 2163 pia
1748 2099 1950 2161 tempe-

373 2196 543 2252 rantia
571 2192 920 2258 conscrvetis,
968 2206 1073 2245 non
1117 2199 1177 2242 ut
1218 2188 1309 2242 Dei
1347 2194 1642 2241 creaturam
1687 2181 1947 2253 sacrilego

371 2303 557 2344 errore
598 2285 881 2341 damnetis.
921 2282 1253 2352 Quicumque
1286 2280 1449 2334 etiam
1482 2273 1948 2345 estisconjugibus

371 2379 594 2450 alligati,
623 2388 763 2441 nunc
789 2375 1020 2430 maxime
1058 2370 1344 2444 apostolica
1381 2368 1583 2424 monita
1621 2365 1785 2422 nolite
1822 2379 1943 2419 con-

376 2480 637 2537 temnere,
679 2477 737 2523 ut
775 2467 999 2522 invicem
1025 2459 1337 2518 abstineatis
1361 2457 1427 2514 ad
1457 2467 1684 2527 tempus,
1712 2463 1949 2510 utivace-

350 2561 442 2616 stis
468 2558 800 2614 uratitmibus
833 2555 892 2626 (Ι
927 2553 1046 2608 Cor.
1076 2568 1187 2618 vn,
1232 2549 1329 2619 5).
1359 2547 1509 2617 Quod
1554 2546 1695 2601 enim
1734 2552 1790 2597 et
1832 2544 1949 2598 aliis

372 2646 791 2707 diebusutilitcr
830 2647 923 2711 lit,
972 2643 1129 2698 nimis
1154 2636 1688 2695 inverecundumcst
1714 2635 1760 2691 si
1792 2633 1950 2689 modo

348 2756 484 2794 .non
513 2740 625 2793 tiat.
655 2736 897 2793 Arbitror
922 2748 1207 2789 onerosum
1248 2746 1350 2786 non
1392 2744 1511 2785 esse
1548 2727 1763 2793 debere,
1792 2726 1949 2781 anui-

375 2831 613 2887 versaria
640 2829 1016 2887 observatione
1057 2825 1386 2882 solemnibus
1424 2823 1611 2878 diebus
1638 2821 1739 2876 hoc
1777 2820 1950 2875 facere

374 2924 707 2994 coniugales,
748 2921 889 2994 quod
935 2920 1106 2975 Vit]th
1134 2935 1197 2974 ex
1230 2916 1454 2988 quadam
1486 2915 1606 2969 vitae
1646 2921 1793 2985 parte
1823 2926 1948 2982 pro-

375 3015 531 3070 itrssm
555 3025 699 3081 sunt,
727 3013 877 3081 quod.
908 3021 1014 3067 tota
1058 3010 1164 3065 vita
1193 3017 1389 3063 macta:
1429 3005 1660 3077 virgines
1699 3016 1950 3073 suscepe-

446 3197 501 3250 2.
545 3195 889 3269 Eleanosgmc
911 3189 1468 3264 operanmpliﬁcanda.
1496 3186 1837 3257 Eleetnasyna'
1860 3200 1950 3256 ge-

373 3307 492 3354 ειμι,
527 3304 731 3359 parcere
757 3285 993 3340 inimicis.
1021 3285 1138 3339 iam
1168 3297 1295 3338 vero
1322 3282 1688 3351 eleemosynas
1716 3280 1798 3334 his
1833 3282 1948 3338 die-

379 3383 478 3437 bns
503 3397 718 3451 augere,
747 3379 973 3450 quodam
1010 3376 1167 3432 modo
1204 3391 1269 3431 ex
1309 3374 1489 3428 debito
1530 3383 1631 3429 est.
1670 3373 1770 3429 Ubi
1807 3375 1948 3429 enim

374 3474 570 3543 iustius
592 3487 750 3544 quam
778 3470 1081 3526 miscrendo
1103 3466 1424 3539 impenditis,
1449 3465 1590 3536 quod
1622 3465 1771 3520 vobis
1798 3465 1955 3522 absti-

378 3564 553 3619 nemlo
577 3561 823 3617 domitis?
865 3560 929 3615 Et
955 3558 1078 3630 quid
1111 3557 1359 3628 iniquius,
1386 3560 1544 3626 quam
1584 3564 1641 3610 ut
1670 3555 1811 3625 quod
1849 3556 1952 3611 mi-

378 3676 483 3713 nus
505 3665 688 3727 erogat
731 3654 1068 3717 abstinentia,
1115 3660 1293 3707 servet
1340 3664 1656 3718 permoncns
1695 3649 1950 3711 avaritia,

377 3761 467 3801 aut
498 3754 778 3802 ronsumat
800 3744 962 3799 dilata
993 3741 1236 3797 luxnria?
1261 3738 1521 3795 lntendite
1563 3739 1736 3807 itaque
1763 3738 1953 3808 quibus

377 3839 619 3895 debeatis
643 3836 785 3908 quod
814 3835 961 3890 vobis
986 3832 1289 3902 denegatis;
1317 3839 1375 3885 ut
1399 3830 1538 3899 quod
1563 3830 1796 3885 detrahit
1820 3841 1952 3886 tem-

384 3930 620 4001 perantia
652 3927 930 3996 voluptati,
953 3924 1114 3979 addat
1143 3920 1500 3978 misericordia
1525 3919 1790 3981 chatgitati.
1818 3920 1951 3988 Quid

376 4025 486 4093 jam
524 4022 696 4077 dicam
736 4018 802 4073 de
832 4018 925 4073 illo
961 4030 1126 4087 opere
1163 4012 1559 4078 misericordiae,
1591 4012 1681 4067 ubi
1719 4011 1847 4066 nihil
1887 4010 1955 4067 de

380 4115 676 4185 apothecis,
705 4112 836 4168 nihil
863 4112 929 4166 dc
954 4107 1530 4178 sacculojmpcnditur,
1569 4104 1663 4159 sed
1691 4120 1755 4160 ex
1794 4105 1955 4160 corde

378 4206 692 4269 dimittitur;
732 4202 873 4273 quod
914 4199 1081 4271 magis
1116 4199 1161 4254 si
1189 4206 1423 4264 maneat,
1449 4210 1606 4266 quam
1635 4196 1678 4250 si
1711 4193 1953 4257 recedat,

380 4297 562 4369 incipit
587 4311 707 4353 esse
743 4290 1105 4349 damnosum?‘
1125 4289 1261 4344 Iram
1297 4287 1418 4343 dico
1446 4286 1699 4342 adversus
1726 4284 1954 4355 aliquem

386 4391 440 4445 in
468 4387 632 4444 corde
655 4395 944 4442 servatam.
971 4380 1107 4449 Quid
1133 4387 1312 4434 autem
1341 4376 1570 4441 stultius,
1595 4390 1752 4445 quam
1783 4373 1956 4428 inimi-

381 4498 519 4537 ειιιιι
534 4480 827 4535 forinsecus
846 4474 1100 4540 devitarc,
1125 4470 1366 4527 eHnulto
1391 4467 1623 4537 peiorem
1651 4467 1701 4521 in
1730 4481 1960 4535 pramor-

379 4575 485 4629 diis
513 4571 713 4629 intimis
745 4565 1008 4625 retinere?
1038 4563 1188 4620 Unde
1226 4560 1513 4632 Apostolus
1552 4558 1701 4622 dicit,
1733 4557 1829 4613 Sol
1855 4573 1958 4610 non

381 4663 579 4719 occidat
606 4646 1102 4732 super'iracnndiam
1129 4647 1340 4707 vestram
1355 4668 1374 4717 ;
1413 4664 1641 4719 moxque
1669 4646 1955 4717 subiungit,

387 4744 562 4826 Neque
583 4753 711 4807 detis
744 4751 908 4805 locum
934 4745 1135 4801 diabolo
1164 4745 1184 4817 (
1209 4743 1395 4813 Epiros.
1428 4740 1648 4809 tv,‘26et
1671 4738 1786 4812 27).
1815 4739 1956 4793 Tan-

383 4861 543 4913 quam
576 4845 676 4898 hoc
700 4849 842 4912 agat,
872 4837 1227 4910 quinouciui
1258 4835 1385 4888 iram
1414 4833 1562 4903 pellit
1584 4847 1649 4886 ex
1676 4832 1874 4894 animo,
1903 4837 1963 4884 nt

385 4953 479 5004 per
502 4936 646 4991 illaut
675 4934 817 4989 velut
863 4946 957 5001 per
991 4930 1206 4998 ianuam
1245 4925 1444 4980 aditum
1477 4931 1689 4994 prinstet
1726 4922 1957 4977 diabolo.

386 5027 640 5083 l’rimitus
666 5020 1129 5094 itaqueagendum
1159 5026 1258 5080 est,
1293 5025 1351 5072 ut
1389 5028 1547 5085 super
1578 5014 1708 5069 iram
1740 5029 1844 5067 non
1871 5029 1962 5069 oc-

386 5120 525 5175 cidat
553 5118 655 5172 iste
679 5116 794 5180 sol;
826 5130 893 5169 ne
930 5112 1141 5167 deserat
1172 5110 1336 5179 ipsam
1364 5115 1594 5162 mentem
1615 5104 1831 5174 iustitia:
1856 5103 1959 5158 sol.

387 5213 493 5267 Sed
524 5212 576 5267 in
612 5208 768 5280 cujus
803 5216 1020 5278 pectore
1056 5203 1229 5258 adhuc
1270 5215 1436 5271 usque
1463 5197 1770 5270 permansit,
1801 5196 1964 5266 pellat

387 5318 505 5359 eam
530 5302 715 5357 saltem
750 5300 859 5368 jam
901 5295 1173 5367 proximus
1197 5292 1314 5348 dies
1346 5289 1632 5346 Dominica:
1676 5286 1958 5359 passionis,

384 5396 477 5467 qui
503 5410 609 5451 non
635 5404 715 5451 est
742 5393 908 5449 iratus
931 5385 1360 5445 interfectoribus
1384 5384 1494 5439 suis
1517 5422 1533 5449 ,
1575 5397 1672 5452 pro
1692 5380 1884 5453 quibus
1908 5380 1960 5434 in

389 5488 533 5559 ligno
557 5484 797 5557 pendens
822 5491 878 5538 et
919 5495 1130 5553 precem
1172 5475 1307 5532 fudit
1335 5483 1392 5531 et
1436 5473 1761 5543 sanguinem.
1790 5471 1810 5543 (
1836 5469 1961 5525 Luc.

391 5594 540 5643 χχιιι,
570 5575 700 5646 Μ).
725 5575 781 5631 lu
808 5573 1187 5644 cujuscumque
1217 5581 1342 5637 ergo
1368 5573 1602 5620 vestrum
1633 5572 1845 5633 pectore
1873 5577 1964 5614 us-

457 5732 471 5763 ¹
501 5739 564 5781 Ita
590 5731 854 5793 Victorinus
885 5735 963 5776 its.
1004 5725 1087 5775 alii
1111 5737 1225 5774 vero
1249 5736 1358 5777 cum
1395 5728 1524 5775 ιον..
1564 5723 1607 5767 rt
1630 5714 1852 5781 agricolis
1877 5712 1967 5772 oli~

390 5794 576 5845 muttis.

1780 344 2005 401 smne
2043 345 2220 400 CCllb.

3504 361 3653 417 Mi?

2061 473 2167 529 que
2191 459 2256 515 ad
2285 459 2418 517 istos
2441 470 2653 519 sanctos
2681 464 2794 520 dies
2832 465 3004 524 fronte
3029 467 3481 541 impudentissima
3512 490 3633 548 pcr-

2057 551 2290 620 duravit,
2317 568 2457 609 nunc.
2481 554 2605 612 inde
2627 555 2815 613 saltem
2847 559 2923 614 ira
2948 559 3183 617 discedat
3203 560 3395 633 (Erae.
3419 581 3498 635 xv,
3524 567 3634 637 10).

2060 651 2117 696 ιιι
2153 641 2327 697 oratio
2358 658 2550 700 secura
2587 647 2879 717 procedat:
2924 664 3024 706 nec
3050 650 3320 720 olfcndat,
3354 665 3445 711 aut
3472 658 3636 730 palpi

2058 742 2155 799 tet,
2180 744 2273 791 aut
2296 735 2397 793 sub
2420 739 2761 795 conscientim
2786 742 3018 799 stimulis
3042 742 3394 815 Obmutescat,
3422 762 3540 805 cum
3570 752 3635 805 ad

2057 841 2178 881 cum
2205 826 2379 882 locum
2408 828 2611 886 venerit
2635 871 2650 896 ,
2690 831 2778 886 ubi
2808 832 3088 890 dicendum
3127 845 3229 904 est,
3260 835 3474 895 Dimitte
3496 841 3637 897 nobis

2056 915 2224 970 debita
2248 926 2439 984 ttostra,
2465 920 2593 975 sicut
2616 930 2664 975 et
2691 938 2783 976 nos
2808 923 3103 981 dimittimus
3126 926 3429 993 debitoribus
3450 934 3637 987 nostris

2056 1006 2269 1076 (Matth.
2295 1024 2370 1076 vt,
2400 1010 2518 1082 12).
2551 1011 2761 1083 Aliquid
2795 1014 3008 1084 petituri
3034 1017 3257 1074 estisne
3290 1020 3445 1086 vobis
3473 1023 3631 1078 retri-

2056 1099 2265 1166 buntur,
2294 1102 2564 1173 ebaliquid
2594 1113 2650 1158 ut
2679 1104 2962 1162 tribuatur.
2990 1105 3247 1166 Remittitc
3281 1125 3433 1182 ergo,
3472 1121 3523 1169 et
3552 1131 3633 1169 re-

2054 1191 2275 1245 mittetur
2298 1192 2468 1248 vobis:
2490 1193 2625 1263 date,
2653 1203 2698 1249 et
2722 1196 2924 1252 dabitur
2940 1199 3078 1255 vobis
3100 1199 3327 1271 (Luem,
3342 1203 3419 1271 73‘
3433 1212 3479 1259 et
3505 1205 3631 1276 38).

2056 1280 2202 1349 Haec,
2237 1280 2455 1346 fratres,
2487 1285 2693 1347 etiamsi
2724 1301 2832 1343 non
2856 1287 3201 1358 admoneam,
3231 1303 3482 1363 perpetua
3513 1311 3633 1352 me-

2052 1370 2311 1428 ditatione
2324 1388 2530 1428 curare
2558 1375 2785 1432 debetis.
2809 1377 2940 1433 Cum
2965 1395 3094 1436 vero
3114 1381 3518 1441 totdivinorum
3550 1395 3632 1443 tc-

2054 1464 2431 1520 stimoniornm
2461 1467 2698 1524 ministra
2726 1484 2823 1527 vox
2848 1479 3026 1526 nostra
3047 1472 3150 1529 diei
3177 1490 3386 1549 quoque
3408 1492 3634 1547 przesen-

2054 1555 2123 1611 tis
2147 1558 2460 1614 celebritate
2483 1560 2729 1629 juvetur;
2763 1562 2952 1620 timere
2978 1565 3280 1623 nondebeo
3314 1583 3380 1623 ne
3411 1583 3517 1634 me,
3544 1570 3629 1624 vel

2054 1648 2229 1716 potius
2251 1650 2486 1704 omnium
2515 1651 2794 1709 Dominum
2823 1653 2874 1708 in
2900 1670 3006 1719 me,
3026 1655 3214 1726 aliquis
3234 1669 3466 1713 vestrum
3495 1659 3631 1714 forte

2051 1746 2359 1794 contemnat
2383 1756 2398 1794 :
2428 1741 2523 1796 sed
2549 1757 2766 1813 sperare
2797 1746 2969 1814 potius
2986 1747 3132 1817 quod
3157 1763 3287 1819 grex
3316 1750 3431 1816 ejus
3469 1765 3632 1819 agno-

2051 1843 2205 1882 scenis
2233 1828 2350 1900 rjus
2389 1845 2510 1886 esse
2548 1832 2688 1903 quod
2726 1833 2940 1903 dicitur,
2963 1851 3105 1904 cum
3150 1837 3439 1908 efficaciter
3466 1855 3630 1904 exau-

2050 1918 2275 1974 diendus
2308 1921 2573 1976 exaudiat.

2544 2032 2776 2101 sentio
2794 2034 3006 2103 calx:
3038 2035 3142 2111 (ᾳ),

2571 2189 3027 2279 uomit-agedum,
3060 2206 3108 2243 ν.

2128 2313 2174 2365 l.
2220 2312 2655 2382 Quudragcsimali
2693 2314 3032 2370 observatione
3066 2316 3305 2386 ﬁnienda:
3330 2319 3624 2374 inimicitias

2056 2401 2175 2457 Tria
2220 2404 2374 2469 vitia,
2420 2403 2599 2476 quibus
2644 2406 2920 2461 inimicititz
2966 2408 3152 2462 vivunt.
3192 2407 3443 2465 Solemus
3490 2420 3627 2467 tent-

2053 2511 2151 2566 pus
2200 2495 2437 2563 advenit,
2487 2496 2699 2568 quando
2749 2498 2817 2554 de
2852 2500 3028 2554 anima
3066 2500 3321 2556 attentius
3348 2502 3625 2575 cogitanda

2053 2594 2109 2643 ct
2154 2600 2378 2657 corpore
2421 2587 2729 2658 castigando
2779 2596 3006 2644 vestram
3067 2604 3438 2647 commoneam
3487 2592 3626 2648 Cha-

2055 2679 2286 2734 ritatem.
2345 2678 2410 2733 Hi
2463 2688 2585 2733 sunt
2626 2680 2768 2755 enim
2822 2679 3168 2752 quadraginta
3218 2681 3334 2738 dies
3383 2683 3630 2741 sacratis-

2053 2769 2174 2823 simi
2207 2778 2318 2824 toto
2356 2769 2484 2826 orbe
2513 2777 2797 2837 terrarum,
2826 2787 2961 2842 quos
3005 2773 3389 2845 prepinquante
3428 2774 3627 2831 Pascha

2055 2863 2333 2918 universus
2357 2862 2604 2933 mundus,
2644 2879 2800 2935 quem
2833 2865 2973 2923 Deus
3002 2866 3052 2920 in
3083 2865 3298 2922 Christo
3323 2868 3630 2924 reconciliat

2055 2955 2175 3021 sibi,
2215 2954 2548 3025 prmdicanda
2574 2955 2861 3019 devotione
2887 2956 3245 3023 concelebrat.
3298 2957 3506 3029 Siqua:
3530 2958 3627 3014 ini-

2054 3046 2288 3115 micitim,
2316 3062 2434 3119 qua:
2474 3046 2557 3105 vel
2596 3048 2740 3103 nasci
2772 3063 2880 3113 non,
2896 3047 3224 3118 debuerunt,
3252 3050 3337 3106 vel
3356 3050 3630 3114 (citthori

2052 3137 2372 3204 debuenmt,
2395 3145 2448 3193 et
2469 3146 2643 3194 tamen
2675 3154 2840 3210 usque
2867 3138 2932 3194 ad
2964 3138 3068 3197 hoc
3093 3150 3299 3211 tempus
3323 3142 3436 3203 sive
3461 3144 3632 3214 negli-

2054 3229 2251 3299 gentia,
2274 3228 2385 3284 sive
2410 3228 2717 3299 pertinacia,
2744 3230 2857 3291 sive
2882 3245 2986 3285 non
3014 3230 3276 3297 modesta,
3295 3232 3388 3293 sed
3406 3236 3632 3306 superba

2054 3320 2391 3386 verecundia,
2414 3320 2554 3377 inter
2575 3321 2765 3381 fratres
2790 3322 3080 3393 perdurare
3100 3335 3414 3397 potuerunt;
3443 3328 3631 3383 saltem

2057 3412 2215 3467 modo
2244 3412 2511 3467 liniantur.
2544 3411 2718 3484 Super
2754 3428 2887 3483 quas
2912 3414 2994 3471 sol
3021 3431 3127 3480 non
3179 3416 3365 3474 debuit
3392 3417 3637 3472 occidere

2061 3500 2272 3573 (Ephes.
2304 3519 2377 3571 IV,
2401 3502 2518 3575 26),
2561 3504 2749 3566 saltem
2779 3515 2897 3574 post
2924 3505 3119 3560 multos
3142 3506 3270 3566 solis
3293 3514 3442 3562 ortus
3463 3517 3519 3562 ct
3542 3523 3633 3563 oc-

2056 3610 2231 3660 casus,
2250 3595 2407 3667 etiam
2430 3595 2556 3661 ipsze
2579 3610 2677 3651 suo
2699 3594 2911 3661 tandem
2929 3596 3212 3666 aliquando
3231 3598 3636 3669 exstinguuntur

2057 3698 2275 3749 occasu,
2288 3697 2388 3753 nec
2406 3684 2629 3740 ulterius
2649 3684 2758 3739 ullo
2778 3695 3103 3751 renoventur:
3120 3697 3330 3752 exortu.
3352 3679 3642 3759 Negligetut

2058 3776 2359 3843 inimicitias
2403 3776 2555 3833 linire
2595 3778 3247 3851 oblivisciturapertinax
3288 3782 3497 3839 veniam
3529 3798 3633 3839 non

2059 3870 2170 3924 vult
2209 3868 2526 3937 concedere,
2574 3884 2693 3924 cum
2746 3880 3003 3943 rogatur;
3034 3873 3264 3943 superbe
3306 3875 3637 3932 verecundus

2060 3961 2266 4016 veniam
2297 3971 2477 4031 petere
2499 3960 2836 4033 dedignatur.
2873 3962 2964 4018 His
2991 3964 3157 4020 tribus
3184 3964 3325 4021 vitiis
3347 3965 3635 4021 inimicitia:

2058 4050 2282 4106 vivunt:
2310 4050 2402 4105 sed
2441 4050 2647 4107 animas
2696 4052 2748 4107 in
2775 4052 2969 4123 quibus
2997 4067 3101 4109 non
3145 4054 3462 4121 moriuntur,
3489 4055 3635 4111 occi-

2057 4138 2210 4197 dunt.
2261 4139 2454 4211 Vigilet
2495 4151 2679 4197 contra
2727 4141 3096 4212 negligentiam
3135 4145 3412 4210 memoria,
3453 4153 3636 4200 contra

2061 4230 2401 4301 pertinaciam
2427 4230 2811 4298 misericordia,
2840 4240 3025 4287 contra
3055 4233 3335 4304 superbam
3378 4249 3637 4290 verecnno

2060 4316 2205 4375 diam
2222 4319 2486 4383 submissa
2533 4319 2835 4389 prodeuntia.
2884 4320 2983 4388 Qui
3012 4336 3070 4379 se
3112 4322 3416 4381 concordiae
3454 4326 3640 4381 recolit

2062 4412 2439 4480 ncglectorcm,
2485 4412 2715 4465 excutiat
2752 4412 3170 4483 expergiscendo
3213 4422 3479 4486 torporem
3508 4434 3522 4473 :
3550 4419 3637 4488 qui

2061 4515 2121 4553 se
2147 4499 2289 4569 cupit
2323 4514 2440 4555 esse
2467 4500 2546 4555 sui
2590 4496 2846 4556 debitoris
2873 4512 3197 4568 exactorem,
3236 4504 3330 4560 Dei
3358 4522 3420 4562 se
3444 4508 3643 4578 cogitet

2062 4589 2352 4657 debitorem
2389 4610 2402 4646 :
2433 4592 2520 4661 qui
2560 4593 2825 4661 erubescit
2851 4602 3033 4664 petere
3062 4606 3118 4652 ut
3158 4597 3258 4653 sibi
3297 4597 3457 4663 frater
3496 4600 3640 4671 igno-

2062 4691 2195 4743 scat,
2220 4683 2395 4737 vincat
2421 4698 2516 4761 per
2544 4683 2737 4739 bonum
2765 4685 3010 4740 timorem
3043 4687 3239 4742 malum
3265 4689 3523 4759 pudorem
3547 4707 3567 4754 ε,
3589 4700 3644 4744 ut

2065 4771 2236 4827 noxiis
2263 4773 2551 4828 inimicitiis
2582 4773 2763 4841 finitis.
2810 4774 2980 4843 utxeis
3022 4778 3265 4845 mortuis,
3294 4794 3396 4838 vos
3435 4782 3639 4840 vivatis.

2062 4862 2255 4918 Totum
2299 4862 2401 4919 hoc
2441 4862 2673 4929 Charitas
2713 4863 2821 4932 agit
2838 4903 2863 4929 ,‘
2902 4879 3020 4934 quae
3062 4882 3167 4921 non
3215 4868 3324 4937 agit
3363 4882 3641 4938 perperam

2066 4951 2119 5021 (l
2147 4951 2264 5007 Car.
2297 4968 2414 5014 xm,
2457 4951 2543 5021 4).
2584 4952 2845 5018 Charitas,
2896 4951 3085 5008 fratres
3122 4954 3246 5021 mei,
3295 4954 3349 5011 in
3390 4968 3643 5026 quantum

2064 5041 2231 5106 adest,
2279 5051 2590 5097 exerceatur
2616 5042 2750 5097 bene
2778 5042 3005 5102 vivendo
3038 5061 3056 5111 ;
3088 5044 3138 5099 in
3172 5055 3423 5118 quantum
3466 5059 3644 5115 autem

2065 5132 2239 5188 minus
2268 5139 2369 5195 est,
2411 5130 2722 5203 impetretur
2750 5131 2996 5211 petendo.

2136 5222 2193 5276 ‘2.-
2236 5221 2503 5277 Orationes
2530 5222 2855 5299 eleemosynis
2881 5223 3327 5281 adminiculandc.
3373 5225 3445 5284 Ut
3467 5238 3644 5290 autem

2069 5324 2262 5370 nostra
2305 5312 2572 5370 orationes
2611 5313 2860 5385 congruis
2902 5313 3239 5371 adminiculis
3288 5316 3643 5389 adiuventur,

2067 5404 2316 5476 quoniam
2344 5402 2407 5459 in
2429 5403 2510 5458 his
2538 5403 2725 5461 diebus
2752 5404 3099 5463 ferventiorcs
3137 5422 3229 5463 eas
3257 5407 3455 5466 habere
3489 5409 3651 5478 debe:

2072 5512 2191 5551 mus
2215 5537 2230 5563 ,
2262 5497 2419 5552 etiam
2446 5496 2812 5570 elecmosyuas
2854 5495 3142 5555 ferventius
3182 5516 3481 5573 crogemus.
3515 5501 3655 5575 Ipsis

2136 5716 2150 5731 ’
2176 5711 2381 5761 Collatus
2422 5716 2478 5760 ad
2513 5712 2574 5762 cl.
2607 5726 2647 5763 r.
2671 5727 2761 5761 rm.
2793 5728 2839 5762 γ.
2869 5722 2917 5765 et
2941 5714 2998 5765 ad
3018 5722 3127 5766 Leu.

2135 5775 2208 5835 (ιι)
2237 5773 2374 5833 Alias,
2395 5775 2458 5825 de
2482 5778 2690 5826 Diversis
2712 5778 2789 5827 75.
