3886 6188
164 367 281 422 illi?)

155 486 287 538 deret
312 490 509 550 quanta
538 478 793 548 religione
841 493 940 533 nos
962 484 1170 547 oportet
1198 476 1312 531 hau:
1341 474 1614 545 suscipere
1640 488 1727 527 sa-

154 580 432 631 cramenta.
480 569 676 639 quibus
712 570 821 639 jam
854 570 1065 625 venisse
1113 569 1400 623 multiatur.
1436 568 1550 622 Non
1597 584 1727 638 ergo

153 667 255 733 quia
281 662 526 718 Christus
554 670 677 732 post
706 673 982 733 acceptum
1008 661 1230 716 Joannis
1251 662 1572 730 baptismum
1594 674 1725 713 con-

151 760 287 811 tinuo
326 755 606 825 jejunavit,
641 763 889 825 tanquam
921 755 1156 824 regulam
1197 752 1585 808 observationis
1626 755 1722 806 de-

146 853 275 904 disse
302 847 605 905 credendus
617 856 725 912 est,
758 856 814 901 ut
840 855 961 916 post
984 847 1150 918 ipsius
1176 845 1368 901 Christi
1397 844 1723 917 Baptismum

146 952 431 1010 31'CG"plllnl,
463 938 717 996 continuo
754 940 1000 1009 jejimare
1046 954 1267 995 necesse
1293 939 1363 994 sit
1392 956 1404 992 :
1437 938 1530 994 sed
1568 937 1725 1008 plane

147 1035 221 1086 illo
249 1030 500 1100 exemplo
542 1029 723 1084 docuit
746 1029 1092 1100 jejunandum
1142 1044 1282 1091 esse,
1328 1027 1545 1099 quando
1589 1028 1723 1083 forte

144 1124 338 1179 acriore
366 1122 653 1184 luctamine
690 1136 813 1177 cum
843 1130 1105 1176 tentatore
1132 1123 1482 1193 confligimns.
1515 1121 1597 1177 0b
1622 1123 1722 1175 hoc

144 1216 270 1267 t‘tlilll
292 1215 558 1278 Christus,
584 1214 671 1282 qui
697 1214 835 1268 sicut
853 1213 1013 1268 homo
1035 1213 1281 1287 dignatus
1306 1224 1389 1269 est
1414 1213 1581 1277 nasci,
1613 1229 1718 1268 non

147 1308 332 1376 respuit
354 1306 494 1361 sicut
529 1306 691 1360 homo
730 1305 941 1369 tentari,
972 1314 1029 1359 ut
1055 1305 1377 1360 christianos
1414 1304 1721 1376 magisterio

144 1399 245 1465 ejus
273 1397 568 1453 instructus
596 1411 702 1450 non
736 1396 903 1466 possit
925 1410 955 1451 ιι
989 1406 1251 1452 tentatore
1291 1397 1554 1466 superari.
1593 1396 1719 1453 Sive

144 1505 256 1560 ergo
295 1490 549 1553 continuo
578 1500 696 1561 post
728 1490 1078 1561 Baptismum,
1124 1491 1237 1546 sive
1275 1491 1513 1562 quolibet
1545 1492 1714 1547 inter-

143 1583 267 1636 vallo
315 1564 570 1651 temporis
614 1581 951 1652 interposito,
1000 1583 1215 1653 quando
1254 1583 1430 1639 simile
1475 1584 1715 1652 prndium

145 1675 435 1746 tentationis
473 1675 697 1731 infertur
741 1674 964 1740 homini,
1006 1675 1351 1746 jejunaudum
1397 1686 1477 1730 est
1512 1695 1525 1732 :
1562 1686 1620 1731 ut
1661 1687 1717 1732 et

143 1742 321 1837 corpus
364 1766 578 1837 impleat
623 1766 691 1821 de
728 1767 1077 1838 castigatione
1111 1767 1373 1832 militiam,
1422 1779 1476 1823 ct
1504 1770 1715 1825 animus

145 1864 373 1929 impetret
409 1859 475 1915 de
506 1858 869 1916 htttltilialimze
896 1861 1189 1915 victoriam.
1222 1861 1277 1915 In
1324 1861 1416 1915 illo
1445 1877 1574 1933 ergo
1613 1862 1711 1916 tiu-

145 1953 321 2008 minico
344 1953 589 2022 esemplo
617 1953 755 2007 illius
782 1966 939 2008 eausa
962 1953 1171 2023 jejunii,
1196 1968 1299 2007 non
1328 1953 1577 2008 Jo’rdauis
1610 1957 1714 2010 tin-

143 2048 258 2111 itio,
299 2045 391 2099 sed
422 2044 616 2099 diaboli
645 2044 864 2099 tentatio
901 2043 1015 2099 fuit.
1331 2114 1335 2118 _

200 2134 421 2191 CAPUT
474 2134 559 2189 Ill.
607 2164 680 2174 -—
724 2135 778 2189 4.
825 2134 931 2190 Cur
980 2135 1426 2208 Quadragesimale
1453 2139 1711 2210 jejunium

146 2239 243 2280 ante
265 2224 482 2280 Pascha.
514 2225 694 2279 Ablato
720 2242 903 2295 sponso
930 2226 1051 2294 ﬁliis
1080 2226 1371 2298 lugendum.
1406 2232 1511 2283 (Tur
1532 2242 1710 2285 autem
1742 2300 1753 2307 υ

147 2327 356 2372 uosante
380 2317 770 2372 solemnitatem
800 2317 1059 2387 passionis
1079 2317 1365 2375 Dominicm
1383 2319 1707 2389 jejunemus,

144 2419 186 2463 et
206 2409 287 2461 illa
309 2408 634 2478 jejuniorum
659 2408 1372 2481 relaxatioquinquagesimo
1414 2412 1502 2469 die
1555 2415 1709 2484 perfi-

145 2499 314 2564 riatur,
341 2499 455 2554 haec
476 2498 615 2562 ratio
636 2508 737 2554 est.
760 2496 948 2555 Omnis
971 2500 1058 2571 qui
1085 2510 1229 2556 recte
1247 2501 1579 2572 jejunat,aut
1595 2505 1709 2560 ani-

146 2606 265 2643 mam
288 2606 436 2645 suam
461 2591 512 2645 in
542 2592 740 2661 gemitu
762 2592 1020 2648 orationis
1044 2602 1098 2647 et
1121 2593 1468 2664 castigatione
1512 2613 1707 2668 corpo-

146 2681 204 2732 ris
230 2680 465 2735 lnnniliat
493 2696 559 2736 ex
587 2682 810 2739 lideuon
835 2681 976 2749 ficta;
1008 2694 1097 2738 aut
1118 2684 1186 2739 ab
1219 2685 1465 2742 illecebra
1508 2692 1707 2745 carnali

146 2771 301 2842 inopia
322 2773 493 2844 aliqua
517 2772 775 2844 spirituali
798 2775 1034 2829 veritatis
1050 2784 1105 2832 et
1154 2779 1427 2849 sapientia:
1472 2781 1706 2837 delecta-

146 2862 272 2918 tione
314 2876 591 2932 suspensa,
617 2863 680 2919 ad
715 2864 906 2921 famem
941 2854 1189 2938 sitimque
1244 2868 1575 2926 sentiendum
1610 2873 1706 2928 de-

143 2954 329 3017 scendit
347 2955 463 3024 ejus
484 2956 707 3011 intentio
723 2956 820 3029 (a).
849 2958 926 3012 De
948 2970 1172 3031 utroque
1192 2961 1377 3032 jejunii
1391 2979 1587 3034 genere
1604 2964 1709 3021 Do-

144 3046 301 3102 minus
340 3048 615 3119 respondit
661 3049 1109 3121 interrogantibus
1157 3066 1253 3109 cor
1300 3053 1549 3125 discipuli.
1591 3058 1707 3127 ejus

144 3148 236 3187 ιιοιι
259 3132 574 3203 jejnnarent.
602 3135 819 3193 Namdc
844 3138 936 3192 illo
957 3139 1148 3209 primo,
1202 3139 1343 3210 quod
1394 3142 1549 3197 habet
1589 3145 1706 3196 ani-

145 3238 230 3279 ture
255 3224 851 3284 lmmilimionem:Non
882 3238 1106 3300 possunt,
1151 3230 1363 3299 inquit,
1401 3232 1572 3301 lugere
1612 3233 1708 3300 ﬁlii

141 3318 312 3386 sponsi,
334 3319 576 3388 quamdiu
614 3321 814 3375 euinci:
842 3330 914 3376 est
941 3336 1176 3392 sponsus.
1232 3324 1339 3378 Sed
1376 3327 1531 3383 veniet
1581 3328 1705 3381 liora

142 3410 325 3471 quotidi:
344 3416 601 3482 auferetur
628 3414 690 3467 ab
717 3414 788 3468 eis
831 3430 1047 3483 sponsus
1071 3458 1086 3482 ,
1141 3425 1187 3470 et
1221 3425 1340 3471 tunc
1376 3418 1701 3489 jcjtmabmtl.

142 3492 500 3551 Ileiiloatttettt
525 3498 713 3566 altero,
738 3498 877 3569 quod
914 3498 1082 3565 habet
1132 3505 1317 3570 epulas
1364 3506 1555 3558 mentis
1579 3547 1593 3568 ,
1635 3506 1705 3560 ita

137 3599 511 3657 consequenter
554 3589 761 3645 locutus
785 3599 903 3647 cst:
936 3590 1102 3647 Nemo
1142 3595 1304 3648 assuit
1351 3612 1576 3667 pannum
1615 3612 1706 3649 no-

136 3690 235 3731 ram
258 3680 544 3735 vestimento
588 3683 769 3759 veteri,
818 3700 882 3738 ne
922 3686 1087 3756 major
1125 3687 1344 3742 scissura
1392 3690 1482 3757 ﬁat
1505 3707 1524 3744 .·
1550 3706 1707 3759 neque

135 3769 320 3823 mittunt
343 3772 512 3825 vinum
536 3762 727 3827 ‘norum
743 3757 807 3839 in
835 3784 970 3830 utres
995 3786 1199 3845 veteres,
1228 3794 1290 3832 ne
1313 3789 1359 3832 et
1403 3790 1537 3834 utres
1565 3798 1702 3835 rum-

133 3869 323 3926 pantur,
346 3872 392 3917 et
420 3864 589 3918 rinam
616 3862 931 3933 eﬂ’undatur;
952 3867 1043 3922 sed
1064 3868 1232 3922 viuum
1273 3884 1451 3923 novum
1464 3871 1529 3939 _in
1569 3880 1705 3927 utres

131 3968 269 4008 novos
295 3958 515 4019 m'ttunt,
543 3968 591 4012 et
611 3968 824 4029 utraque
850 3971 1117 4016 servantur
1152 3952 1372 4034 '(lllatth.
1391 3978 1466 4031 IX,
1494 3964 1700 4034 15-”).

131 4042 342 4101 Proinde
367 4050 486 4120 quia
507 4049 617 4119 jam
650 4066 878 4122 sponsus
902 4053 1112 4113 ablatus
1155 4063 1268 4120 est,
1323 4054 1505 4126 utique
1550 4055 1705 4119 nobis

129 4136 241 4193 liliis
266 4140 402 4195 illius
431 4140 638 4211 pulchri
674 4144 876 4213 sponsi,
932 4145 1216 4214 lugendum
1273 4157 1374 4203 est.
1418 4148 1705 4218 Speciosns

126 4229 255 4284 enim
281 4229 447 4313 forma
472 4248 580 4304 pra:
614 4234 733 4292 filiis
774 4236 1087 4299 hominum,
1119 4240 1272 4309 cujus
1301 4238 1490 4297 diffusa
1536 4245 1703 4315 gratia

125 4316 165 4370 in
192 4321 344 4379 labiis
366 4324 481 4393 ejus
510 4320 684 4395 (l’sal.
707 4344 843 4395 xuv,
874 4326 931 4402 5)
951 4371 965 4396 ,
988 4329 1128 4401 inter
1157 4346 1344 4387 manus
1386 4317 1706 4405 persequen-

123 4416 242 4467 tium
273 4429 376 4470 non
402 4416 585 4472 habuit
601 4419 834 4489 speciem
862 4436 1033 4491 neque
1086 4422 1334 4479 decorem
1361 4468 1376 4495 ,
1433 4435 1487 4481 et
1529 4426 1701 4483 ablata

118 4507 280 4562 estde
307 4516 450 4565 terra
478 4512 581 4564 rita
610 4511 728 4579 ejus
750 4512 900 4584 (Isai.
930 4530 1039 4581 un,
1066 4512 1122 4581 2,
1155 4513 1231 4586 8).
1256 4516 1323 4571 Et
1367 4526 1510 4575 recte
1551 4521 1701 4590 iuge-

120 4609 251 4662 inus,
277 4598 324 4654 si
356 4599 933 4672 ﬂammusdesiderio
985 4607 1119 4677 ejus.
1165 4607 1308 4664 Beati
1359 4612 1551 4680 quibus
1580 4628 1700 4667 eum

118 4683 259 4743 licuit
279 4697 406 4746 ante
438 4685 744 4761 passionem
775 4702 898 4750 tunc
928 4695 1125 4753 habere
1149 4710 1468 4770 pnesentem
1487 4743 1501 4767 ,
1532 4704 1702 4757 inter-

114 4788 297 4848 rogare
323 4781 463 4837 sicut
482 4782 698 4850 vellent,
729 4795 784 4839 ct
804 4786 989 4841 audire
1017 4788 1155 4843 sicut
1191 4790 1376 4846 audire
1424 4791 1699 4848 deberent.

114 4863 233 4925 litos
257 4872 371 4930 dies
392 4876 780 4947 concupierunt
810 4878 991 4934 videre
1022 4887 1199 4950 patres
1247 4892 1371 4937 ante
1413 4882 1699 4939 adventum

111 4958 243 5027 rjns,
295 4978 470 5036 neque
512 4966 761 5023 viderunt
813 4986 826 5024 :
883 4970 1005 5040 quia
1061 4972 1111 5025 in
1162 4973 1263 5027 alia
1307 4973 1702 5044 dispensntioue

111 5045 318 5108 l"erant
368 5055 621 5122 ordinati,
670 5074 766 5128 per
819 5075 954 5130 quos
990 5070 1244 5118 venturus
1272 5066 1699 5135 aununtiaretur,

114 5154 211 5197 non
229 5160 258 5198 a
287 5147 484 5216 quibus
509 5150 729 5206 veniens
749 5152 1040 5209 audiretur.
1072 5155 1147 5210 De
1173 5154 1253 5210 bis
1278 5156 1417 5211 enim
1450 5159 1515 5212 ad
1538 5159 1702 5215 disci-

113 5228 258 5289 pulos
271 5232 508 5302 loquitur
530 5233 755 5291 dicens:
785 5236 938 5291 Multi
956 5240 1088 5310 justi
1122 5248 1169 5293 et
1224 5239 1498 5311 Propheta:
1532 5246 1702 5299 volue-

109 5326 225 5373 runt
248 5322 416 5378 ridere
439 5338 554 5396 qua:
574 5342 661 5381 ros
683 5328 881 5395 videtis,
911 5341 956 5384 et
982 5348 1083 5385 non
1113 5331 1341 5388 viderunt
1368 5349 1389 5399 ,°
1438 5345 1483 5389 ct
1524 5339 1704 5394 audire

107 5420 221 5471 (tum
238 5415 447 5479 auditis,
472 5426 640 5472 etnon
669 5420 941 5477 audierunt
968 5421 1179 5496 (Hattlt.
1210 5441 1318 5490 xm,
1369 5428 1475 5497 l7).
1520 5427 1574 5483 In
1606 5446 1702 5484 no-

169 5544 242 5619 (a)
265 5555 410 5619 locus
433 5553 719 5619 periimus,
741 5569 892 5619 quem
915 5564 963 5607 Β.
987 5558 1163 5609 'rhoma
1188 5563 1236 5611 in
1257 5568 1432 5611 tatem
1456 5563 1515 5612 ad
1540 5566 1697 5616 Matth.

107 5610 261 5690 3:3
270 5610 472 5690 refert:
500 5610 584 5666 aut
620 5610 876 5690 illecebras
909 5619 1129 5673 carnales
1161 5610 1251 5685 epit
1264 5610 1427 5674 itualis
1450 5610 1702 5690 iniiinii

105 5663 413 5748 τεςεςωιεωιε
446 5663 1127 5748 ignauia“
1144 5663 1694 5748 έίεῖέιιξιῖυῖν

101 5726 260 5814 (ἐξιεὶς.
287 5749 433 5814 [353.
458 5726 937 5814 ‘oﬁihaiiii
949 5726 1256 5814 'iqgéoaiiio,
1281 5726 1453 5812 invitia:
1471 5726 1700 5814 [Ti-afui;

109 5795 212 5861 me,
234 5795 371 5862 quod
384 5795 574 5862 fartem
597 5795 818 5865 uia'gnam
838 5795 1142 5859 obscuritatis
1162 5795 1496 5861 ιοιιέιίέἶίἻθῘ.

1569 353 1801 409 Selii“)
1837 355 1997 413 CCX.

3296 381 3313 433 l
3327 384 3430 437 050

1838 471 1917 526 his
1937 482 2113 530 autem
2141 477 2267 533 illud
2296 480 2567 552 impletmn
2597 495 2698 553 est,
2729 489 2868 553 quod
2900 491 2952 558 ip
2965 508 3012 545 ιθ
3048 492 3226 547 itidem
3256 496 3379 549 dicit
3410 518 3423 549 :

1842 560 2053 620 Venieut
2073 567 2208 633 dies,
2239 571 2442 640 quando
2471 574 2817 633 desiderabitis
2845 582 3012 636 videre
3048 600 3203 639 mmm
3231 589 3291 641 de
3321 591 3427 643 die-

1835 656 1926 708 bus
1949 655 2076 720 istis,
2105 669 2150 712 ct
2177 677 2275 714 non
2303 666 2531 733 poteritis
2560 666 2712 734 (Luc.
2733 685 2862 738 xv",
2889 672 2962 725 2‘2

1902 747 2128 804 CH’UT
2184 751 2269 807 IV.
2314 785 2384 795 -—-
2439 757 2493 811 5.
2520 757 2626 812 Cur
2672 764 2967 831 gemendum
3014 766 3421 839 erjejunandum

1831 838 1884 891 in
1909 840 2005 892 hac
2025 841 2144 894 vita.
2177 842 2305 911 Quis
2327 861 2433 901 min
2463 851 2631 904 sancti
2655 852 2905 908 desiderii
2944 838 3152 911 flamma
3185 871 3369 915 uratur
3400 864 3425 901 ’λ

1830 929 1951 997 quis
1972 945 2075 984 non
2104 932 2190 988 hic
2216 935 2564 1008 lugeat?quis
2586 957 2691 995 non
2722 944 2921 999 laboret
2952 947 3002 1000 i‘l
3054 951 3250 1019 gemitu
3273 968 3372 1007 suo
3394 957 3424 1007 Ῥ

1829 1020 1947 1088 quis
1977 1037 2081 1076 non
2110 1023 2273 1092 dicat,
2307 1026 2483 1083 Fat-tte
2497 1043 2613 1085 sunt
2650 1037 2776 1088 mihi
2825 1036 3064 1109 laci-ymo:
3107 1058 3229 1096 mra:
3272 1048 3419 1112 panis

1828 1127 1986 1172 areae
2013 1132 2173 1181 noete,
2204 1122 2325 1177 dum
2349 1125 2544 1180 dicitur
2593 1129 2718 1183 milu'
2760 1134 2998 1203 quotidie,
3032 1134 3128 1190 Ubi
3169 1150 3238 1191 est
3282 1136 3419 1194 Deus

1830 1210 2133 1280 (περιωπή.
2163 1229 2275 1279 xu,
2303 1216 2401 1288 4)?
2423 1217 2705 1277 Credimus
2732 1225 2874 1293 quipj
2896 1242 2926 1280 e
2956 1224 3007 1280 in
3051 1243 3171 1282 cum
3197 1230 3303 1298 jam
3333 1247 3417 1286 se-

1826 1299 2041 1357 dentem
2064 1303 2130 1358 ad
2155 1304 2429 1362 dexteram
2458 1310 2628 1366 Patris
2656 1330 2669 1366 :
2699 1314 2789 1367 sed
2822 1326 2995 1371 tamen
3039 1320 3287 1386 quamdiu
3322 1336 3415 1375 su-

1825 1406 1948 1448 mus
1976 1397 2027 1449 in
2046 1409 2291 1466 corpore,
2321 1405 2724 1474 peregrinantur
2773 1406 2841 1462 ab
2891 1425 2956 1464 eo
2998 1410 3064 1483 (ll
3106 1412 3221 1466 (ἔον.
3252 1431 3304 1478 v,
3333 1415 3411 1485 ϐ),

1827 1497 1925 1535 nec
1945 1498 2065 1540 eum
2092 1486 2456 1547 dubitantibus
2485 1495 2566 1548 vel
2618 1499 2936 1568 negantibus
2983 1512 3036 1557 et
3070 1503 3370 1560 dicentibus
3396 1549 3409 1571 ,

1827 1571 1923 1627 Ubi
1950 1584 2022 1629 est
2049 1575 2186 1633 Deus
2211 1583 2354 1636 tuus?
2382 1582 2619 1642 valemus
2649 1591 2949 1647 ostendere.
2977 1595 3165 1650 Merito
3190 1598 3412 1666 Aposto-

1821 1663 1905 1719 lus
1932 1667 2049 1735 ejus
2073 1673 2475 1741 concupiscebat
2504 1678 2742 1742 dissolvi,
2761 1692 2814 1737 et
2841 1700 2959 1739 esse
3002 1702 3121 1740 cum
3155 1688 3276 1742 illo:
3301 1704 3413 1742 ma-

1822 1772 1950 1811 nere
1977 1769 2154 1816 autem
2182 1762 2232 1817 in
2275 1780 2437 1820 carne
2458 1784 2562 1824 non
2605 1771 2704 1825 sibi
2741 1775 2997 1844 optimum
3028 1777 3254 1832 ducebat
3274 1822 3287 1841 ,
3315 1782 3407 1834 sed

1821 1852 2179 1906 necessarium
2213 1865 2426 1925 propter
2449 1876 2545 1914 nos
2570 1861 2830 1935 (Philipp.
2862 1883 2896 1928 ι,
2926 1867 3015 1930 23,
3042 1867 3155 1934 2t).
3188 1868 3284 1925 Ubi
3317 1887 3408 1925 eo-

1818 1943 2102 2010 gilationes
2125 1949 2426 2004 mortalium
2448 1953 2666 2018 tiniidzr,
2695 1966 2750 2010 et
2795 1958 3010 2013 incerlze
3058 1962 3407 2028 providentia

1820 2044 2036 2099 nostrzc;
2081 2040 2330 2107 quoniam
2374 2041 2627 2111 deprimit
2675 2058 2881 2102 terrena
2932 2050 3244 2107 inbabitatio
3279 2070 3403 2109 sen-

1818 2139 1935 2178 sum
1959 2129 2124 2182 multa
2150 2133 2470 2203 cogittmtem
2495 2137 2752 2209 (Sapr,
2789 2140 3007 2213 14,15).
3054 2144 3178 2198 inde
3231 2155 3401 2199 [Clll'l-

1820 2216 1893 2269 tio
1925 2227 2009 2272 est
2038 2219 2139 2273 vita
2169 2221 2391 2277 humana
2424 2241 2585 2295 super
2616 2236 2809 2283 terram
2839 2230 2973 2301 (Job
3006 2249 3110 2299 vn,
3144 2235 3164 2288 1
3191 2234 3209 2306 )
3233 2255 3244 2289 :
3271 2247 3318 2290 et
3353 2238 3403 2289 in

1820 2310 2298 2370 harsa-eulinoctc
2335 2316 2522 2372 circuit
2568 2319 2650 2374 leo
2695 2338 2940 2391 qurereus
2977 2339 3133 2393 quem
3187 2327 3408 2382 devoret

1820 2400 1871 2471 (Ι
1921 2399 2061 2456 Petr.
2092 2419 2144 2469 v,
2181 2405 2259 2474 8).
2299 2406 2413 2461 Non
2447 2409 2552 2464 Leo
2591 2411 2657 2467 de
2694 2414 2830 2468 tribu
2866 2414 2999 2470 Jnda
3024 2460 3039 2483 ,
3085 2434 3176 2473 rex
3224 2431 3406 2476 noster

1815 2490 1997 2561 (Apoc.
2022 2509 2073 2560 ι’,
2103 2495 2197 2568 5);
2252 2497 2343 2552 scd
2394 2499 2476 2554 leo
2522 2499 2782 2564 diabolus,
2819 2504 3158 2562 adversarius
3197 2520 3400 2567 noster.

1818 2582 1910 2638 lile
1938 2596 2116 2641 autem
2145 2598 2375 2655 quatuor
2394 2592 2700 2648 animalium
2726 2595 2789 2650 de
2820 2597 3136 2671 Apocalypsi
3184 2601 3405 2657 Joannis

1818 2675 2011 2743 figuras
2030 2679 2080 2732 in
2102 2694 2162 2734 se
2188 2697 2294 2735 uno
2319 2684 2645 2753 exprimens,
2674 2695 2831 2743 natus
2857 2698 2914 2744 ut
2943 2689 3123 2757 homo,
3151 2704 3405 2763 operatus

1814 2779 1869 2823 ut
1927 2771 2012 2825 leo
2044 2815 2058 2835 ,
2113 2772 2416 2831 inunolatus
2468 2788 2525 2831 ut
2581 2779 2811 2847 vitulus,
2864 2783 3062 2838 volavit
3100 2796 3155 2839 ut
3220 2787 3396 2858 aquila

1813 2860 1925 2928 (Id.
1953 2879 2023 2926 tv,
2052 2863 2130 2935 Ἰ).
2169 2863 2367 2921 Valebit
2389 2885 2541 2939 super
2581 2888 2770 2940 pennas
2821 2884 3099 2943 renlormu,
3138 2888 3184 2932 et
3239 2884 3406 2950 posuit

1811 2958 2038 3012 tenebras
2062 2957 2323 3013 latibulum
2348 2978 2494 3015 suum
2526 2961 2696 3031 (Psal.
2738 2980 2865 3033 xvu,
2915 2969 3036 3023 llet
3062 2970 3166 3041 l2).
3212 2974 3399 3032 Posuit

1814 3050 2081 3114 tem-bras,
2112 3059 2163 3105 et
2196 3050 2329 3107 facta
2360 3064 2441 3108 est
2464 3070 2589 3118 nox,
2636 3056 2687 3111 in
2733 3073 2836 3126 qua
2886 3069 3257 3128 pertranseunt
3282 3084 3403 3122 om-

1813 3156 1910 3195 nes
1932 3140 2118 3198 bestiie
2146 3143 2314 3199 silvia.
2334 3145 2507 3201 Catuli
2536 3148 2749 3203 leonum
2770 3146 3069 3222 rugientes,
3115 3165 3406 3217 tentatores

1817 3231 2067 3296 videlicet
2084 3249 2180 3305 per
2203 3251 2337 3305 quos
2364 3237 2606 3293 diabolus
2630 3243 2822 3311 quierit
2840 3259 2997 3312 quem
3025 3246 3271 3309 devoret;
3297 3267 3402 3307 nou

1813 3326 2027 3394 quidem
2060 3326 2319 3383 habentes
2344 3340 2684 3400 potestatem,
2725 3334 2824 3389 nisi
2854 3336 2905 3389 in
2950 3337 3029 3392 eis
3075 3357 3209 3407 quos
3250 3358 3405 3398 acre-

1815 3418 2132 3488 perintqttia
2153 3429 2207 3474 et
2238 3421 2286 3474 in
2317 3421 2527 3477 Psalmo
2571 3424 2686 3493 ipso
2707 3425 2776 3479 ita
2799 3427 3056 3495 sequitur,
3094 3430 3406 3496 lQutcrenlcs

1812 3523 1842 3558 a
1872 3505 1978 3559 Deo
2001 3525 2165 3560 escam
2190 3508 2286 3562 sibi
2317 3509 2336 3580 (
2359 3508 2498 3564 Psol.
2523 3525 2632 3566 cm.
2680 3512 2772 3580 20,
2799 3513 2913 3583 2t).
2956 3516 3011 3569 In
3054 3526 3157 3571 tam
3195 3521 3401 3589 pericu-

1812 3597 1925 3652 losa
1954 3612 2008 3652 et
2035 3600 2413 3657 tentationilms
2454 3601 2607 3671 plena
2650 3603 2809 3674 hujus
2854 3607 3036 3661 saeculi
3086 3619 3242 3666 nocte
3282 3612 3404 3682 quis

1810 3704 1913 3741 non
1940 3689 2147 3755 timeat,
2179 3690 2297 3760 quis
2328 3706 2431 3745 non
2460 3692 2705 3749 medullis
2721 3696 2968 3752 omnibus
3003 3703 3400 3773 contremiscat,

1810 3793 1878 3834 ue
1904 3778 2383 3850 diguusjudicetur
2410 3785 2500 3852 qui
2531 3784 2869 3841 devorandas
2893 3786 3192 3847 dimittatur
3211 3792 3263 3848 in
3286 3794 3402 3850 fau-

1808 3883 1897 3922 ces
1927 3878 2032 3923 tam
2050 3870 2281 3926 crudelis
2311 3872 2545 3928 inimici?
2574 3873 2728 3932 Unde
2758 3875 3108 3947 jejunandum
3144 3893 3198 3937 et
3245 3899 3404 3940 oran-

1807 3959 1931 4015 dum
1952 3970 2054 4015 est.

1881 4051 2107 4111 CAPUT
2126 4054 2193 4111 V.
2212 4085 2284 4096 ——
2311 4056 2363 4111 6.
2396 4057 2660 4129 Jejunium
2685 4069 2802 4117 ante
2817 4063 3187 4118 solemnitatem
3203 4067 3400 4135 passio-

1809 4147 1890 4200 nis
1940 4147 2130 4202 Christi
2174 4151 2392 4204 maxime
2436 4153 2753 4209 conveniens.
2803 4154 2868 4210 Et
2920 4156 3132 4227 quando
3184 4159 3398 4228 potius,

1811 4239 2025 4309 quando
2052 4240 2353 4307 instantius,
2382 4257 2540 4313 quam
2563 4246 2951 4317 propinquante
2998 4248 3111 4318 ipsa
3160 4248 3400 4306 Domini-

1809 4345 1889 4385 cte
1921 4331 2186 4401 passionis
2208 4332 2566 4401 solemnitate,
2598 4351 2699 4407 qua
2728 4338 3036 4395 celebritate
3084 4340 3400 4397 anniversa-

1809 4422 1886 4477 ria
1935 4423 2164 4493 quodam
2232 4425 2390 4480 modo
2438 4426 2591 4483 nobis
2636 4428 2875 4498 ejusdem
2924 4432 3099 4488 noetis
3140 4433 3397 4488 memoria

1811 4514 2156 4584 resculpitur,
2189 4532 2255 4570 ne
2280 4506 2549 4573 oblivione
2575 4519 2838 4587 deleatur,
2877 4536 2945 4577 ne
2975 4537 3073 4578 nos
3127 4539 3233 4578 non
3281 4539 3401 4579 cor-

1808 4619 1958 4675 pore,
1990 4606 2085 4662 sed
2110 4607 2297 4678 spiritu
2328 4608 2678 4677 dormientes,
2710 4612 2799 4669 ille
2850 4616 3067 4685 rugiens
3115 4616 3401 4672 dei-orator

1814 4697 2067 4752 inveniat.
2095 4698 2226 4753 Nam
2256 4709 2310 4754 et
2339 4700 2450 4773 ipsa
2510 4703 2783 4758 Dominiea
2835 4707 3012 4775 passio
3036 4750 3051 4773 ,
3087 4709 3213 4778 quid
3249 4710 3402 4764 nobis

1810 4789 1954 4844 aliud
1987 4788 2039 4844 in
2069 4792 2243 4861 capite
2265 4802 2449 4847 nostro
2469 4794 2681 4849 Christo
2707 4795 2856 4861 Jcsu,
2884 4812 3047 4868 quam
3086 4799 3252 4867 ipsam
3279 4802 3402 4863 vita:

1808 4882 2332 4951 lmjustentationem
2373 4887 2603 4942 maxime
2651 4888 3088 4942 commendavit?
3113 4889 3266 4946 Unde
3307 4893 3400 4946 ad-

1807 4977 2052 5032 veniente
2076 4977 2184 5047 jam
2209 4978 2396 5033 mortis
2417 4992 2528 5032 sua:
2557 4985 2797 5046 tempore
2815 5021 2828 5042 ,
2860 4980 3019 5035 Petro
3044 4980 3216 5034 dixit:
3250 5000 3269 5032 ι
3302 4983 3398 5037 Po-

1812 5069 2026 5122 stulavit
2055 5079 2267 5123 satanas
2288 5083 2481 5123 vexare
2505 5084 2600 5123 vos
2620 5069 2757 5124 sicut
2797 5071 3027 5124 triticum
3055 5087 3068 5121 :
3092 5080 3146 5125 et
3180 5086 3279 5141 ego
3308 5089 3396 5128 ron

1806 5160 1944 5228 gavi,
1978 5160 2154 5224 Petro,
2178 5175 2273 5228 pro
2303 5169 2373 5224 te,
2404 5174 2471 5213 ne
2497 5159 2707 5215 deficiat
2730 5160 2863 5216 ﬁdes
2894 5171 2978 5216 tua
2999 5203 3014 5228 ,
3045 5162 3178 5218 vade
3205 5173 3393 5219 etcnn-

1811 5249 1945 5304 forta
1978 5247 2166 5303 fratres
2193 5257 2312 5303 tuos
2336 5247 2484 5322 (Luc.
2515 5265 2654 5316 χχιι,
2677 5251 2737 5307 '51
2762 5262 2805 5305 et
2822 5252 2935 5321 5%).
2961 5271 2978 5304 ι
2998 5252 3061 5308 Et
3090 5253 3246 5322 plane
3269 5268 3399 5309 con-

1812 5338 2027 5393 fortavit
2077 5354 2175 5393 nos
2218 5354 2314 5408 per
2358 5342 2734 5409 apostolalum,
2772 5356 2869 5413 per
2916 5345 3261 5415 martyrium,
3305 5362 3399 5416 per

1813 5437 2068 5505 epistolas
2097 5451 2240 5491 suas.
2292 5435 2590 5492 Ubi'etiam
2650 5450 2881 5506 noctem,
2931 5440 2998 5495 de
3035 5456 3136 5511 qua
3188 5440 3397 5511 loquor,

1809 5529 2103 5585 admonens
2122 5527 2529 5595 formidandam,
2553 5531 2918 5587 consolatione
2942 5532 3235 5602 prophetia:
3280 5542 3397 5589 tan-

1812 5634 1970 5692 quam
1999 5619 2243 5677 nocturni
2272 5621 2505 5687 luminis,
2536 5631 2591 5676 ut
2616 5624 2753 5677 cauti
2777 5624 3139 5693 vigilarcnms,
3166 5624 3395 5683 edocuit.

1815 5720 1834 5765 ἀ
1865 5714 2152 5779 "abemus,
2175 5714 2362 5785 inquit,
2393 5715 2672 5771 certiorem
2705 5715 3072 5787 propheticum
3098 5732 3397 5777 sermonem

1810 5807 1891 5862 cui
1917 5805 2222 5862 benefacitis
2251 5805 2605 5865 intcndentes,
2656 5812 2902 5869 ιειιιιτιιςιιιι
2940 5815 3171 5865 lucernae
3198 5810 3394 5868 lucenti
