3886 6188
214 326 237 381 ί
248 324 353 378 055

206 445 342 498 Sunt
366 439 529 493 etiam
553 433 643 504 qui
668 432 849 486 vinum
874 430 945 485 ita
975 444 1077 483 non
1105 428 1309 488 bibunt,
1341 436 1400 480 ut
1432 425 1655 479 aliorum
1684 438 1783 476 ex—

211 529 487 600 pressione
524 537 801 595 pomorum
839 520 971 574 alios
1006 518 1104 573 sibi
1148 517 1379 587 liquores
1401 556 1415 580 ,
1464 530 1567 569 nou
1608 517 1807 569 salutis.

207 636 400 684 causa,
424 617 519 673 sed
544 612 893 685 iucunditatis
915 652 929 674 ,
960 609 1238 680 exquirant
1269 625 1282 660 :
1312 616 1559 673 tanquam
1588 619 1694 658 non
1723 602 1793 656 sit

209 709 627 779 Qnadragesima
657 705 758 776 pize
784 701 1094 757 humilitatis
1130 698 1433 753 observatio
1457 738 1471 760 ,
1518 696 1610 750 sed
1640 710 1791 748 nova:

208 802 496 872 voluptatis
519 798 751 854 occasio.
775 795 986 864 Quanto
1013 792 1158 848 enim
1182 790 1456 845 honestius
1473 831 1486 849 .
1515 789 1559 841 si
1588 795 1790 842 stoma-

206 895 295 949 chi
322 891 603 947 inﬁrmitas
625 902 814 957 aquam
840 893 1026 955 potare
1057 897 1162 938 non
1191 880 1411 939 tolerat.
1443 879 1568 933 vino
1599 878 1791 931 usitato

205 996 261 1041 et
285 983 500 1040 modico
518 986 863 1043 sustentetur,
884 989 1042 1045 quam
1068 981 1372 1044 quaarantur
1390 969 1508 1022 vina
1529 983 1648 1039 qua:
1673 968 1792 1020 vin-

206 1076 438 1132 detniam
464 1070 737 1131 nesciunt,
765 1082 884 1138 qua:
905 1063 1185 1120 toreularia
1223 1077 1328 1116 non
1358 1068 1617 1115 noverunt
1641 1073 1656 1123 ;
1685 1072 1788 1112 non

205 1177 265 1223 ut
294 1176 454 1236 potus
479 1160 727 1219 mundior
751 1157 1006 1228 eligatur,
1037 1153 1133 1211 sed
1163 1163 1219 1206 ut
1245 1152 1496 1222 frugalior
1522 1150 1789 1218 improbe-

206 1259 336 1315 tur?
356 1255 493 1327 Quid
524 1261 698 1307 autem
727 1247 1038 1313 absurdius,
1083 1259 1241 1316 quam
1272 1253 1510 1314 tempore
1535 1256 1640 1313 quo
1664 1255 1787 1295 caro

208 1352 409 1406 arctius
432 1342 734 1415 castiganda
763 1348 845 1394 est
864 1381 878 1403 ,
911 1346 1085 1392 tantas
1108 1335 1256 1391 carui
1285 1334 1570 1389 suavitatis
1601 1347 1789 1401 procu-

208 1456 358 1505 rare,
389 1445 449 1492 ut
479 1437 589 1505 ipsa
621 1431 848 1486 faucium
877 1425 1308 1496 concupiscentia
1336 1423 1466 1477 nolit
1488 1421 1790 1491 Quadrage-

209 1533 399 1587 simam
422 1523 729 1598 pra'tcrire?
753 1521 890 1589 Quid
917 1518 1390 1579 inconvenientius,
1413 1530 1570 1586 quam
1598 1515 1648 1568 in
1678 1513 1793 1568 dic-

209 1626 310 1677 bus
354 1619 700 1679 humilitatis,
749 1612 962 1684 quando
1011 1608 1509 1685 pauperumvictus
1545 1605 1815 1659 omnibus'

210 1710 499 1768 imitandus
517 1716 617 1773 est,
651 1708 722 1761 ita
743 1705 921 1758 vivere
941 1745 956 1769 ,
988 1709 1046 1755 ut
1070 1702 1114 1755 si
1145 1708 1254 1754 toto
1284 1708 1519 1769 tempore
1538 1697 1617 1750 sic
1642 1696 1787 1749 viva-

211 1816 316 1871 tur,
342 1804 427 1858 vix
453 1801 658 1872 poSsiut
676 1798 894 1853 divitum
924 1793 1239 1864 patrimonia
1269 1790 1572 1846 sustinere?
1593 1788 1789 1843 Cavete

210 1899 309 1951 ista
329 1937 345 1961 ,
371 1889 700 1950 dilectissimi
734 1907 748 1943 :
777 1887 1005 1958 cogitate
1035 1884 1176 1954 quod
1211 1883 1463 1952 scriptum
1505 1891 1585 1935 est
1606 1921 1622 1945 ,
1668 1879 1789 1934 Post

208 1982 636 2055 cmtcupiscentias
665 1990 778 2034 tuas
817 1993 1027 2032 noneos
1067 1973 1253 2047 (Eccli.
1290 1988 1419 2027 xvut
1444 2014 1459 2038 ,
1499 1971 1607 2042 50).
1637 1971 1787 2039 Quod

209 2074 616 2132 saluberrimum
647 2076 972 2141 prteceptum
994 2066 1038 2121 si
1066 2064 1210 2120 omni
1237 2072 1472 2133 tempore
1497 2062 1788 2116 observan-

208 2166 334 2223 dum
359 2174 464 2229 est,
494 2170 692 2233 quanto
711 2158 935 2229 amplius
954 2157 1036 2212 his
1057 2155 1244 2210 diebus
1261 2195 1277 2222 ,
1307 2152 1519 2224 quando
1547 2153 1614 2207 ita
1638 2161 1789 2222 turpe

207 2267 292 2315 est
323 2257 370 2312 si
411 2253 675 2325 cupiditas
700 2258 878 2305 nostra
921 2247 987 2302 ad
1034 2247 1308 2301 inusitatas
1355 2245 1562 2299 laxetur
1607 2243 1787 2298 illece—

211 2350 369 2415 bras,
414 2357 472 2402 ut
519 2344 711 2401 merito
753 2341 995 2411 culpetur
1020 2339 1108 2410 qui
1146 2351 1252 2392 non
1296 2335 1629 2391 restrinxerit
1678 2335 1787 2389 usi-

209 2451 345 2496 tatas
360 2441 387 2493 ἲ

274 2530 505 2589 CAPUT
530 2529 598 2586 Χ.
629 2560 700 2570 --
725 2528 810 2584 η.
843 2524 1208 2582 Misericordia
1237 2538 1391 2593 opera
1431 2521 1483 2575 in
1524 2535 1785 2591 pauperes.

210 2625 440 2679 Alterum
483 2620 841 2675 misericordia:
874 2634 1027 2690 genus
1062 2617 1116 2670 in
1159 2612 1480 2686 ignoscendo.
1520 2611 1789 2679 Prwcipue

206 2730 337 2771 sane
365 2727 657 2784 pauperum
684 2718 1027 2771 mementote,
1056 2716 1117 2761 ut
1140 2703 1283 2776 quod
1310 2703 1461 2758 vobis
1486 2701 1692 2772 parcius
1712 2700 1790 2753 vi-

207 2804 383 2861 vendo
412 2801 752 2864 subtrahitis,
782 2800 835 2853 in
860 2797 1063 2854 cmlesti
1091 2797 1338 2850 thesauro
1365 2792 1651 2862 reponatis.
1688 2792 1790 2844 Ac-

206 2897 370 2966 cipiat
402 2894 643 2951 csuricns
668 2891 911 2948 Christus
934 2933 947 2955 ,
973 2889 1115 2960 quod
1131 2888 1380 2958 ieiunans
1399 2886 1574 2939 minus
1597 2883 1791 2952 accipit

207 2985 552 3041 christianos.
582 2981 870 3053 Castigatio
907 2979 1132 3033 volentis
1154 3018 1170 3041 ,
1216 2977 1306 3031 ﬁat
1342 2974 1661 3030 sustentatio
1681 2987 1787 3028 non

207 3076 474 3138 habentis.
506 3074 809 3129 Voluntaria
855 3070 1055 3139 cepiosi
1106 3067 1313 3138 inopia,
1353 3064 1444 3119 ﬁat
1488 3064 1786 3120 necessaria

207 3169 383 3239 inopis
427 3167 599 3236 capia.
644 3164 726 3220 Sit
764 3164 923 3218 etiam
953 3161 1006 3214 in
1035 3160 1213 3214 animo
1242 3156 1482 3228 placabili
1510 3164 1564 3211 et
1600 3155 1786 3210 humili

205 3239 513 3316 misericors
540 3254 844 3329 ignoscendi
878 3253 1119 3308 facilitas.
1152 3250 1305 3307 Petat
1330 3250 1535 3304 veniam
1554 3290 1569 3314 ,
1596 3249 1685 3319 qui
1710 3245 1788 3302 fe-

205 3353 279 3416 rit
304 3352 551 3422 iniuriam
585 3369 598 3406 :
628 3350 715 3405 det
756 3346 1004 3410 veniam,
1035 3344 1123 3414 qui
1166 3342 1369 3412 accepit
1408 3341 1650 3412 iniuriam
1681 3360 1696 3394 :
1729 3348 1786 3394 ut

207 3461 312 3498 non
340 3442 711 3514 possideamur
733 3455 763 3493 a
805 3448 985 3492 satana
1013 3477 1027 3499 ,
1057 3434 1207 3506 cujus
1234 3434 1531 3503 triumphus
1566 3439 1650 3487 est
1674 3431 1785 3487 dis-

204 3533 387 3593 sensio
412 3530 855 3587 Christianorum.
883 3527 948 3581 Et
975 3525 1089 3580 hate
1112 3524 1252 3580 enim
1276 3522 1449 3593 magni
1478 3521 1610 3575 lucri
1639 3521 1783 3575 elce-

204 3639 424 3695 mosyna
454 3631 568 3681 est.
607 3620 841 3674 debitum
872 3617 1112 3671 relaxare
1146 3629 1404 3670 conservo
1424 3654 1439 3677 ,
1469 3622 1527 3665 ut
1556 3610 1650 3665 tibi
1690 3626 1781 3666 re-

204 3720 412 3777 laxetur
438 3731 465 3767 a
509 3712 751 3769 Domino.
784 3710 1091 3780 .Utrumque
1136 3722 1270 3776 Opus
1314 3706 1509 3760 bonum
1544 3703 1783 3759 cmicstis

204 3792 455 3881 (uagister
481 3806 755 3877 discipulis
794 3800 1185 3859 commendavit
1228 3799 1411 3855 dicens
1439 3817 1452 3851 :
1486 3796 1738 3851 Remittite
1761 3838 1777 3859 ,

202 3872 247 3955 it
272 3872 549 3955 rizmittetur
567 3872 737 3962 ro—bis;
763 3895 879 3970 date
895 3934 912 3960 ,
933 3903 979 3948 et
1008 3892 1210 3946 dabitur
1223 3890 1361 3945 vobis
1385 3888 1531 3946 (Luc.
1549 3903 1620 3948 vt,
1640 3887 1709 3942 57
1733 3894 1781 3939 et

200 3995 315 4063 58).
340 3990 656 4045 Mementote
679 3985 816 4041 servi
840 3985 981 4039 illius
999 4025 1014 4049 ,
1046 3983 1131 4038 cui
1159 3996 1319 4037 omne
1340 3980 1578 4036 debitum
1607 3978 1781 4034 domi-

201 4097 303 4137 nus
327 4081 444 4150 eius
471 4080 613 4151 quod
650 4078 939 4134 donarent
960 4117 975 4141 ,
1020 4073 1293 4144 replicavit
1317 4113 1332 4138 ,
1365 4071 1485 4142 quia
1516 4085 1779 4125 conservo

202 4173 317 4240 ipse
347 4170 559 4226 debenti
583 4169 683 4224 sibi
707 4174 920 4223 centum
946 4164 1193 4221 denarios
1227 4161 1643 4218 misericordiam
1671 4177 1776 4216 non

204 4262 477 4331 rependit,
519 4274 674 4329 quam
721 4258 787 4312 de
816 4257 1132 4321 talentorum
1169 4254 1355 4310 decem
1392 4253 1627 4309 millibus
1658 4269 1777 4324 qua:

201 4352 429 4413 debebat
456 4351 660 4420 accepit
691 4348 908 4420 (Matth.
941 4363 1098 4414 xvm,
1126 4345 1339 4417 εις-δε).
1372 4344 1426 4399 In
1454 4347 1555 4400 hoc
1578 4360 1777 4416 genere

201 4446 378 4513 operis
400 4444 522 4499 boni
552 4441 824 4498 excusatio
852 4440 994 4494 nulla
1014 4447 1116 4503 est,
1136 4438 1226 4495 ubi
1255 4438 1367 4493 sola
1396 4438 1641 4493 voluntas
1666 4445 1774 4492 tota

202 4537 422 4591 facultas
464 4544 565 4589 est.
618 4533 797 4588 Potest
839 4531 1062 4601 quisque
1102 4529 1324 4585 dicere:
1353 4529 1431 4587 Ne
1471 4530 1775 4585 stomachus

199 4626 411 4691 uideat,
454 4624 698 4694 ieiunare
741 4639 845 4677 non
879 4635 1113 4691 possum.
1143 4621 1321 4676 Potest
1347 4621 1506 4677 etiam
1547 4620 1724 4677 dicere
1758 4637 1770 4673 :

206 4718 333 4772 Volo
361 4714 492 4772 dare
518 4714 756 4784 pauperi;
784 4712 878 4769 sed
909 4711 1069 4777 unde,
1097 4727 1202 4766 non
1226 4711 1433 4767 habeo:
1460 4722 1553 4767 aut
1570 4721 1772 4767 tantum

201 4808 370 4873 Iubeo
392 4848 409 4871 ,
441 4814 498 4861 ut
523 4806 737 4860 timeam
761 4818 921 4874 egere
943 4845 959 4863 .
989 4792 1035 4858 si
1061 4801 1281 4857 dedero.
1303 4802 1612 4872 Quanquam
1640 4812 1692 4856 et
1722 4802 1773 4857 in

199 4900 279 4953 bis
320 4898 573 4969 operibus
618 4896 987 4952 excusationes
1036 4893 1345 4965 plerumque
1388 4893 1488 4949 sibi
1533 4894 1775 4949 homines

197 4992 358 5045 falsas
383 4989 601 5053 faciunt,
623 4989 744 5057 quia
765 5001 922 5044 veras
945 5002 1050 5042 non
1078 4986 1370 5042 inveniunt.
1399 4986 1772 5049 Verumtamen

197 5081 313 5149 quis
338 5088 423 5136 est
462 5079 551 5149 qui
577 5078 718 5134 dicat
744 5095 758 5131 :
792 5077 916 5141 ideo
943 5091 1045 5133 non
1076 5076 1250 5147 ignovi
1285 5077 1492 5131 veniam
1531 5077 1728 5146 petenti
1755 5119 1770 5143 ,

196 5175 317 5241 quia
340 5187 426 5233 me
459 5171 706 5226 valetudo
729 5169 1022 5238 impedivit,
1049 5177 1140 5223 aut
1167 5171 1293 5237 quia
1317 5183 1506 5222 manus
1524 5185 1624 5239 qua
1648 5184 1773 5240 por-

197 5268 426 5334 rigorem
456 5278 561 5318 non
590 5263 726 5318 fuit?
756 5262 969 5317 Dimitte
988 5302 1003 5327 ,
1034 5270 1092 5315 ut
1131 5260 1425 5315 dimittatur
1453 5262 1564 5314 tibi.-
1588 5262 1775 5317 Carnis

198 5357 284 5410 l.ic
308 5371 442 5425 opus
466 5356 669 5415 nullum
693 5363 794 5417 est,
819 5354 1018 5411 nullum
1044 5353 1126 5408 vel
1152 5354 1326 5409 carnis
1344 5368 1454 5408 sua:
1476 5356 1772 5410 tnetnbrum

198 5448 248 5500 in
290 5445 610 5516 adiutorium
653 5445 845 5499 anima:
881 5444 1207 5510 assumitur,
1257 5452 1315 5498 ut
1353 5442 1454 5499 hoc
1495 5444 1774 5514 impleatur

194 5539 337 5605 quod
364 5552 599 5609 rogatur.
638 5538 921 5593 Voluntate
957 5538 1157 5605 agitur,
1187 5537 1454 5592 voluntate
1481 5539 1770 5608 perﬁcitur.

198 5628 302 5684 Fac
325 5644 547 5685 securus
570 5671 583 5694 ,
611 5630 675 5685 da
706 5644 925 5701 securus
944 5670 958 5695 ,
999 5629 1125 5695 nihil
1169 5629 1220 5683 in
1263 5645 1484 5699 corpore
1525 5629 1730 5688 dolebis
1752 5673 1768 5698 ,

200 5721 327 5791 nihil
358 5722 409 5777 in
452 5720 611 5778 domu
636 5721 810 5777 minus
841 5719 1076 5777 habebis.
1107 5720 1219 5775 Jam
1250 5736 1373 5777 vero
1393 5761 1407 5788 ,
1443 5720 1632 5781 fratres
1653 5765 1667 5790 ,
1699 5727 1774 5779 vi-

1613 309 1840 364 εειιιιυ
1878 309 2057 365 CCXI.

3340 327 3475 382 1056

1898 430 2021 479 delc
2047 426 2171 495 quid
2211 429 2330 482 mali
2363 431 2430 485 sit
2454 471 2469 492 ,
2512 441 2569 486 ut
2597 435 2867 502 ptenitcnti
2897 434 3040 489 fratri
3071 453 3172 490 non
3201 438 3432 506 ignoscat
3458 480 3474 504 ,

1896 516 1979 568 cui
2013 528 2332 589 praeceptum
2378 531 2460 576 est
2501 534 2559 578 ut
2589 523 2858 580 inimicum
2896 527 3069 581 adhuc
3110 528 3313 599 diligat.
3346 530 3476 598 Quae

1895 619 2015 659 cum
2048 607 2117 660 ita
2141 608 2268 673 sint,
2295 626 2414 665 cum
2441 613 2696 684 scriptum
2728 616 2826 681 sit,
2858 616 2955 670 Sol
2978 634 3076 670 non
3102 618 3296 672 occidit
3325 637 3479 690 super

1894 698 2211 754 iracundiam
2240 712 2452 757 restrain
2481 703 2692 776 (Epltes.
2721 723 2793 773 tv,
2823 708 2938 780 26);
2971 710 3320 778 considerate,
3347 715 3475 771 cha-

1895 787 2122 856 rissimi,
2152 799 2327 846 utrtuu
2355 792 2677 849 christianos
2711 797 2970 853 dicendus
3009 800 3111 865 sit,
3154 802 3243 870 qui
3286 801 3473 856 saltem

1896 875 1978 932 his
2005 877 2194 935 diebus
2221 881 2524 937 inimicitias
2554 900 2657 940 non
2690 888 2801 953 vult
2830 887 3013 956 ﬁnire,
3044 905 3177 961 quas
3206 907 3476 962 nunquam

1893 966 2072 1024 debuit
2092 985 2365 1028 exercere.

2387 1064 2616 1122 SEllMO
2651 1068 2807 1124 CCXI
2837 1073 2858 1095 ο
2882 1070 2976 1142 (α).

2383 1160 2432 1204 In
2454 1156 2840 1220 Quadragesima,
2858 1174 2922 1209 vn
2942 1162 2980 1209 ί.

1965 1227 2041 1283 De
2065 1232 2286 1301 fraterna
2314 1236 2603 1305 concordia,
2625 1248 2671 1292 et
2693 1240 3056 1295 continuatione
3074 1241 3399 1309 olfensarum.

1964 1342 2190 1400 CAPUT
2253 1346 2532 1404 PRIMUM.
2579 1380 2651 1391 ——
2708 1352 2756 1405 l.
2813 1351 3078 1406 Finiendtc
3141 1359 3354 1423 querela:
3419 1355 3471 1407 iu

1899 1430 2316 1505 Quadragrsima.
2351 1436 2564 1493 Pactum
2591 1441 2871 1496 dimittendi
2910 1453 2965 1497 ut
2991 1444 3270 1498 dimittatur
3308 1445 3469 1499 nobis.

1892 1523 2047 1578 Aliud
2072 1525 2150 1579 ira
2172 1569 2188 1593 ,
2229 1538 2277 1582 et
2303 1529 2447 1583 aliud
2474 1531 2666 1585 odium.
2694 1533 2814 1588 Dies
2845 1534 2929 1588 isti
2959 1523 3125 1589 sancti
3152 1575 3165 1598 ,
3194 1550 3327 1605 quos
3357 1535 3469 1606 agi-

1893 1631 2009 1670 mus
2035 1616 2086 1671 in
2113 1619 2481 1676 observatione
2509 1622 2938 1695 Quadragcsiuue
2962 1667 2975 1684 .
3009 1636 3349 1681 commonent
3375 1643 3472 1682 nos

1890 1705 1961 1761 de
1986 1706 2213 1762 fraterna
2239 1713 2523 1767 concordia
2550 1714 2690 1784 loqui
2723 1715 2871 1770 vobis
2893 1756 2909 1783 ,
2940 1723 2997 1769 ut
3024 1718 3343 1786 quicumque
3372 1716 3471 1771 ha-

1891 1796 1981 1851 bet
2003 1798 2260 1855 advcrsus
2288 1802 2450 1856 alium
2478 1806 2767 1874 querelam,
2801 1806 2946 1860 finiat
2965 1850 2980 1874 ,
3013 1823 3079 1863 ne
3109 1808 3338 1862 ﬁniatur.
3366 1810 3471 1865 No-

1893 1886 1984 1941 lite
2010 1889 2105 1941 ista
2133 1898 2477 1947 contemnere
2497 1934 2512 1957 ,
2543 1894 2734 1951 fratres
2756 1897 2880 1951 mei.
2908 1897 3041 1951 Cum
3067 1898 3208 1952 enim
3241 1900 3344 1954 vita
3373 1900 3467 1954 ista

1892 1979 2128 2032 tumrtalis
2157 1989 2214 2035 et
2250 1980 2481 2052 fragilis,
2521 2000 2640 2054 quze
2680 1985 2819 2041 inter
2842 1993 2919 2041 tot
2950 1998 3189 2061 terrenas
3221 1992 3469 2045 tentatio-

1893 2083 1987 2121 nes
2013 2070 2339 2138 periclitatur
2358 2115 2373 2139 ,
2402 2084 2455 2129 et
2483 2085 2598 2130 orat
2630 2092 2698 2130 ne
2723 2077 3128 2150 submergatur,
3163 2098 3264 2137 non
3299 2092 3471 2153 potest

1890 2174 2009 2214 esse
2039 2160 2093 2214 in
2119 2163 2304 2231 quovis
2348 2162 2492 2234 iusto
2532 2164 2648 2220 sine
2689 2169 3163 2241 qualibuscumque
3205 2175 3466 2242 peccatis,

1893 2265 2057 2305 unum
2089 2261 2171 2306 est
2201 2254 2490 2308 remedium
2522 2271 2616 2325 per
2651 2257 2793 2327 quod
2822 2260 2997 2314 vivere
3028 2263 3325 2331 possimus,
3347 2267 3468 2334 quia

1890 2341 2072 2398 dot-uit
2095 2359 2194 2399 nos
2219 2346 2469 2416 magister
2494 2347 2637 2403 Deus
2665 2348 2843 2406 dicere
2866 2351 2917 2406 in
2944 2353 3232 2410 Oratione:
3265 2354 3473 2411 Dimitte

1891 2434 2033 2493 nobis
2055 2433 2220 2488 debita
2256 2445 2426 2491 nostra
2449 2478 2463 2502 ,
2491 2439 2619 2492 sicut
2648 2447 2697 2493 et
2727 2457 2819 2494 nos
2846 2441 3142 2499 dimittimus
3168 2446 3471 2502 debitoribus

1891 2526 2073 2587 nostris
2102 2525 2310 2598 (Matth.
2338 2545 2390 2584 γι
2408 2570 2422 2595 ,
2459 2530 2569 2602 12).
2611 2531 2827 2587 Pactum
2858 2544 2911 2588 et
2938 2535 3183 2604 placitum
3210 2554 3329 2593 cum
3359 2539 3471 2595 Deo

1892 2615 2143 2683 fecimus,
2173 2629 2228 2673 et
2255 2620 2611 2677 conditionem
2652 2623 2894 2679 solvendi
2936 2625 3099 2682 debiti
3145 2628 3195 2683 in
3225 2632 3471 2687 cautione

1889 2707 2319 2779 sobscripsimus.
2347 2711 2545 2766 Dimitti
2576 2713 2729 2769 nobis
2772 2715 2928 2785 plena
2975 2716 3160 2772 ﬁducia
3202 2719 3431 2789 petimus
3452 2764 3467 2789 ,

1890 2798 1935 2855 si
1963 2808 2018 2855 et
2050 2817 2149 2856 nos
2173 2801 2489 2859 dimittimus
2520 2823 2533 2859 :
2565 2806 2608 2861 si
2635 2816 2812 2861 autem
2845 2823 2949 2863 non
2996 2790 3345 2880 dimittimus,
3390 2813 3474 2868 di-

1889 2891 2025 2946 mitti
2057 2892 2207 2955 nohis
2233 2904 2445 2963 peccata
2471 2911 2578 2950 non
2610 2906 2894 2967 putemus;
2922 2915 2990 2956 ne
3016 2916 3113 2955 nos
3150 2903 3292 2971 ipsos
3315 2902 3468 2959 falla-

1889 2995 2027 3045 mus.
2069 2982 2239 3039 llomo
2277 3000 2338 3041 se
2366 3001 2470 3041 non
2501 2984 2680 3055 fallat,
2712 2988 2857 3044 Deus
2885 2991 3149 3048 neminem
3178 2992 3331 3050 fallit.
3363 2994 3473 3052 llu-

1890 3088 2104 3128 mauum
2130 3085 2211 3131 est
2230 3075 2386 3133 irasci
2418 3095 2431 3131 :
2459 3087 2514 3133 et
2541 3063 2742 3134 utinam
2773 3098 2871 3137 nec
2897 3081 2999 3137 hoc
3028 3100 3326 3155 possemus.
3358 3074 3467 3144 llu-

1884 3179 2101 3219 manum
2122 3175 2204 3221 est
2228 3168 2383 3222 irasci
2411 3185 2423 3221 :
2457 3168 2547 3224 sed
2571 3185 2674 3225 non
2696 3170 2852 3227 debet
2880 3173 3148 3230 iracundia
3181 3189 3290 3245 tua,
3315 3188 3470 3236 natus

1886 3257 2132 3313 surculus
2162 3258 2369 3327 brevis,
2399 3262 2788 3331 suspicionibus
2816 3263 3021 3337 irrigari
3046 3308 3062 3331 ,
3094 3278 3148 3322 et
3173 3270 3239 3326 ad
3266 3273 3468 3328 trabem

1886 3344 1992 3400 odii
2021 3348 2317 3418 pervenire.
2344 3350 2495 3404 Aliud
2515 3360 2597 3406 Cal
2622 3353 2763 3407 enim
2795 3355 2892 3417 ira,
2924 3356 3068 3410 aliud
3099 3358 3302 3414 odium.
3335 3362 3465 3417 Nam

1886 3449 2028 3506 Saepe
2056 3437 2213 3493 etiam
2236 3446 2393 3509 pater
2418 3440 2661 3496 irascitur
2685 3442 2793 3496 ﬁlio
2814 3482 2832 3508 ,
2868 3445 2960 3499 sed
2990 3461 3094 3500 uoa
3121 3447 3233 3502 odit
3255 3448 3419 3504 ﬁlium
3449 3470 3465 3507 :

1886 3525 2148 3592 irascitur,
2176 3539 2234 3586 ut
2252 3528 2500 3599 corrigat.
2527 3530 2581 3591 Si
2609 3542 2888 3601 propterea
2930 3534 3178 3593 irascitur
3215 3548 3273 3595 ut
3292 3543 3464 3596 corri-

1884 3626 2006 3692 gat,
2045 3619 2275 3674 amando
2302 3619 2564 3677 irascitur.
2596 3624 2880 3696 Pmpterea
2905 3629 3103 3685 dictum
3133 3643 3216 3689 est
3239 3653 3252 3689 :
3279 3635 3465 3692 Festu-

1884 3724 1997 3771 cam
2023 3709 2075 3763 in
2095 3711 2240 3764 oculo
2262 3713 2436 3782 fratris
2465 3715 2537 3768 tui
2558 3714 2714 3780 vides;
2740 3716 2929 3776 trabem
2949 3732 3113 3777 autem
3132 3725 3186 3780 in
3206 3728 3352 3783 oculo
3378 3739 3467 3785 tuo

1884 3817 1985 3856 nou
2021 3801 2156 3858 uides
2196 3801 2304 3876 (Id.
2341 3820 2445 3867 ru,
2475 3806 2553 3877 5).
2586 3807 2780 3880 Culpas
2814 3809 2867 3865 in
2895 3813 3000 3868 alio
3028 3815 3190 3882 iram,
3217 3827 3273 3874 ct
3315 3828 3466 3878 tenes

1882 3892 2060 3950 odium
2092 3893 2144 3948 iu
2176 3904 2227 3950 te
2256 3896 2390 3966 ipso.
2438 3897 2492 3952 In
2532 3903 2928 3971 comparatione
2972 3907 3112 3969 odii.
3156 3909 3233 3965 ira
3262 3910 3460 3968 festuca

1882 3991 1987 4037 est.
2011 3984 2113 4039 Sed
2144 3984 2397 4040 festucam
2424 3988 2467 4042 si
2495 3989 2724 4057 nutrias,
2753 3992 2929 4050 trabes
2955 3996 3076 4051 erit.
3103 3996 3159 4054 Si
3188 4002 3385 4056 evellas
3409 4014 3462 4059 et

1883 4076 2128 4147 proiicias
2146 4118 2162 4145 ,
2190 4077 2320 4132 nihil
2338 4080 2461 4135 erit.
2535 4116 2539 4119 λ

1951 4168 2177 4226 CAPUT
2216 4171 2279 4225 ll.
2309 4202 2382 4211 —
2408 4173 2462 4227 2.
2496 4170 2562 4227 In
2591 4175 2803 4231 tenebris
2829 4191 2877 4233 et
2902 4195 3101 4236 carcere
3132 4185 3308 4256 estqui
3333 4185 3459 4244 odit.

1880 4258 1934 4316 Si
1961 4260 2294 4329 advertistis,
2325 4263 2460 4318 beati
2490 4264 2709 4323 Joannis
2733 4308 2747 4333 ,
2772 4284 2894 4324 cum
2919 4271 3037 4341 eius
3060 4274 3291 4344 Epistula
3315 4277 3459 4349 lege-

1879 4358 2027 4405 retur
2046 4391 2063 4417 ,
2094 4350 2275 4407 debuit
2310 4368 2406 4408 vus
2433 4364 2631 4411 terrere
2658 4361 2937 4415 sententia.
2968 4361 3057 4417 Ait
3079 4365 3221 4421 enim
3251 4384 3268 4423 :
3298 4366 3459 4425 Tene-

1880 4441 1983 4496 brta
2007 4444 2334 4512 transierunt,
2360 4446 2452 4501 lux
2471 4463 2584 4502 ocra
2590 4450 2702 4518 jam
2730 4452 2875 4507 lucet.
2896 4453 3098 4510 Deinde
3122 4468 3338 4516 secutus
3360 4462 3458 4518 atl-

1874 4533 2049 4605 iunxit
2088 4553 2102 4592 :
2136 4536 2236 4603 Qui
2270 4555 2326 4592 se
2349 4537 2469 4592 dicit
2495 4540 2549 4595 in
2585 4539 2773 4598 tantine
2799 4561 2906 4600 esse
2926 4587 2943 4613 ,
2982 4558 3029 4601 et
3062 4551 3274 4620 fratrem
3309 4571 3459 4609 suum

1878 4627 2002 4691 odit,
2024 4627 2309 4685 intenebris
2332 4640 2406 4685 est
2426 4647 2580 4702 usque
2599 4634 2768 4688 adhuc
2795 4635 2841 4708 (l
2860 4636 3016 4693 Joan.
3046 4657 3079 4693 ιι
3101 4683 3116 4707 ,
3140 4642 3329 4714 8et9).
3354 4648 3457 4702 Sed

1878 4717 2012 4774 forte
2029 4720 2161 4776 tales
2185 4722 2433 4778 tenebras
2452 4738 2572 4779 esse
2595 4724 2753 4780 homo
2775 4736 2952 4796 putet,
2978 4732 3163 4800 quales
3192 4737 3459 4802 patiuntur

1880 4808 1931 4862 in
1959 4811 2265 4866 carceribus
2292 4811 2500 4868 inclusi.
2531 4813 2738 4869 Utinam
2780 4818 2910 4872 tales
2941 4822 3153 4879 essent!
3182 4823 3247 4877 Et
3280 4833 3454 4881 tamen

1879 4899 1931 4954 in
1956 4900 2147 4957 talibus
2178 4915 2338 4957 nemo
2360 4901 2472 4972 vult
2496 4917 2635 4959 esse.
2668 4904 2724 4958 In
2760 4904 2844 4960 his
2866 4914 3045 4961 autem
3069 4924 3343 4966 carcerum
3373 4923 3455 4965 te-

1877 4990 2058 5047 nebris
2084 4999 2303 5061 possunt
2326 4990 2522 5046 includi
2557 5002 2612 5047 et
2638 4993 2964 5052 innocentes.
2993 4997 3051 5052 In
3082 4999 3275 5057 talibus
3310 5005 3455 5060 enim

1880 5079 2111 5135 tenebris
2150 5079 2336 5135 inclusi
2373 5089 2497 5135 sunt
2525 5089 2805 5154 martyres.
2833 5085 3089 5144 Tenebrae
3125 5090 3458 5165 circumqua-

1877 5186 1984 5241 que
2015 5169 2400 5239 fundebantur,
2425 5180 2480 5226 et
2505 5172 2590 5227 lux
2629 5173 2862 5245 fulgebat
2884 5176 2935 5232 in
2962 5180 3211 5237 cordibus
3237 5184 3280 5236 ¹.
3311 5183 3368 5239 lu
3391 5187 3455 5241 il-

1879 5260 1945 5315 lis
1974 5260 2209 5316 tenebris
2231 5260 2461 5317 earceris
2488 5263 2655 5319 oculis
2692 5280 2796 5320 non
2828 5266 3111 5337 videbant,
3137 5272 3232 5328 sed
3274 5290 3457 5333 amore

1942 5365 1958 5396 ³
1984 5369 2035 5413 ιιι
2054 5363 2394 5430 Catnbt‘otlensi
2414 5364 2581 5430 codice
2591 5365 2682 5430 hic
2702 5380 2862 5419 sermo
2898 5370 3173 5425 inscribitur
3195 5379 3456 5430 temulen-

1876 5426 2002 5496 stum
2024 5426 2330 5499 testimonio,
2338 5433 2501 5499 Sermo
2520 5425 2708 5499 Itgbitus
2748 5430 2998 5482 Dminica
3037 5435 3202 5499 quium
3236 5425 3455 5499 9.1.5.3};-

1876 5484 2102 5560 gesimte;
2145 5493 2197 5559 at
2233 5487 2282 5537 in
2305 5489 2451 5560 [legio
2662 5500 2954 5553 prenotatur
2975 5484 3197 5560 tantum;
3212 5484 3457 5552 [ἱιῦὣῶ

1878 5547 2060 5615 quinta,
2274 5547 2458 5615 verbo,
2481 5547 2682 5615 habitus.

1942 5612 1960 5674 ξ
1986 5610 2304 5674 Manuscripti,
2322 5608 2504 5674 rigebat
2525 5610 2582 5674 in,
2597 5611 2835 5665 cordibus.

1943 5672 1960 5739 ζ
1982 5645 2305 5739 ᾇῖὲἒᾶἶῆὲ
2318 5645 2586 5739 ᾰίἰῖἕὲῑ.
2597 5645 2847 5739 ᾘξῖιῖιῖἶῖ.
2864 5693 2911 5729 οι
2933 5685 2994 5732 ad
3021 5691 3453 5739 .tm.Er.t‘1r.l.cr.

1942 5732 2014 5794 (α)
2033 5731 2171 5792 Alias,
2189 5732 2249 5785 40
2268 5734 2394 5784 inter
2417 5731 2639 5791 ιιοωίιίαέ
