3934 6188
491 345 627 401 1055

493 456 834 511 lratcrnitatis
863 456 1031 510 Deum
1063 453 1328 509 videbant.
1363 451 1533 506 Vultis
1571 451 1708 505 scire
1735 448 1916 518 quales
1951 455 2077 500 sunt

492 552 604 603 istm
631 548 895 610 tenebrae,
925 546 993 601 de
1012 544 1207 616 quibus
1237 544 1436 599 dictum
1465 552 1548 597 est
1566 584 1580 607 ,
1611 540 1711 607 Qui
1736 540 1840 595 odit
1868 544 2076 611 fratrem

489 657 632 695 suum
655 682 670 704 ,
711 639 763 693 in
788 639 1000 694 tenebris
1028 649 1099 693 est
1127 654 1283 709 usque
1306 637 1515 691 adhuc!
1547 635 1602 690 ln
1629 635 1734 690 alio
1759 633 1877 688 loco
1901 632 2032 687 dicit
2058 648 2073 686 :

492 732 589 797 Qui
611 731 717 787 odit
747 735 956 801 fratrem
984 748 1161 795 suum,
1205 729 1455 790 homicida
1477 738 1549 784 est
1577 729 1620 798 (Ι
1646 718 1803 784 Ιοαιί.
1829 742 1884 781 ιιι
1906 768 1921 792 ,
1960 727 2074 795 i5).
2113 731 2125 747 ‘

489 823 586 890 Qui
610 823 725 877 odit
753 822 970 878 fratrem
997 838 1174 886 suum,
1200 821 1470 885 ambulat,
1497 819 1608 878 exit
1629 861 1643 883 ,
1671 819 1866 881 intrat,
1901 830 2081 887 proce-

489 913 604 973 dit,
637 912 799 979 nullis
826 912 1030 967 catenis
1057 919 1310 967 oneratus
1328 951 1344 975 ,
1374 910 1520 964 nullo
1548 923 1765 963 carcere
1792 906 2028 961 inclusus
2060 922 2073 959 :

491 1010 640 1057 reatu
669 1011 840 1058 tamen
863 1003 1055 1072 ligatus
1073 1012 1173 1057 est.
1202 1001 1319 1071 Noli
1350 1001 1497 1055 illum
1520 1008 1705 1069 putare
1723 998 1845 1053 sine
1862 1010 2080 1053 carcere

491 1107 613 1147 esse
642 1110 654 1145 :
685 1108 870 1146 carcer
887 1093 1002 1160 ejus
1025 1134 1041 1157 ,
1071 1106 1166 1147 cor
1204 1092 1318 1161 ejus
1343 1090 1594 1147 est..Cutn
1625 1089 1811 1158 audis,
1845 1088 1946 1157 Qui
1975 1087 2086 1145 odit.

490 1182 701 1251 fratrem
727 1199 875 1238 suum
897 1223 912 1247 ,
943 1184 996 1236 in
1034 1183 1248 1239 tenebris
1283 1192 1357 1237 est
1386 1198 1539 1252 usque
1579 1182 1745 1235 adhuc
1787 1196 1806 1234 :
1844 1195 1912 1234 ne
1941 1177 2085 1239 forte.

490 1286 802 1330 contemnas
832 1275 965 1330 tales
993 1275 1256 1342 tenebras,
1286 1276 1544 1346 adjungit,
1577 1283 1632 1329 et
1651 1274 1779 1331 dicit
1807 1291 1821 1327 :
1855 1273 1957 1340 Qui
1975 1271 2081 1329 odit

492 1371 702 1435 fratrem
723 1383 872 1420 suum
891 1408 905 1432 ,
929 1367 1178 1434 homicida
1203 1377 1293 1422 est.
1324 1366 1452 1424 Odis
1473 1367 1687 1421 fratrem
1718 1376 1864 1421 tuum
1886 1406 1901 1428 .
1931 1373 1986 1420 et
2004 1378 2082 1420 se-

492 1471 653 1510 curus
679 1457 959 1512 ambulas?
977 1469 1030 1513 et
1067 1458 1393 1513 concordare
1414 1473 1519 1517 non
1544 1457 1623 1512 vis
1646 1498 1661 1522 ,
1689 1458 1933 1526 quamvis
1962 1453 2087 1509 ideo

503 1547 644 1601 Deus
693 1548 919 1616 spatium
962 1548 1052 1603 det
1081 1548 1215 1603 tibi?
1259 1549 1397 1604 Ecce
1432 1548 1543 1618 jam
1575 1546 1839 1602 homicida
1884 1552 2085 1612 es,.et

496 1637 670 1692 adhuc
707 1639 840 1692 vivis
872 1656 885 1691 :
916 1640 959 1693 si
997 1639 1277 1697 Dominum
1307 1639 1497 1715 iratum
1522 1638 1747 1694 haberes
1769 1678 1785 1704 ,
1812 1651 1933 1692 cum
1959 1635 2083 1690 odio

498 1729 675 1784 fratris
691 1730 868 1785 subito
889 1731 1169 1801 rapereris.
1194 1730 1370 1786 Parcit
1384 1731 1537 1786 Deus
1559 1730 1672 1797 tibi,
1706 1744 1862 1799 parce
1889 1739 1941 1783 tu
1964 1728 2078 1793 tibi,

496 1819 758 1874 concorda
784 1835 905 1874 cum
934 1820 1098 1876 fratre
1126 1830 1237 1876 tuo.
1264 1823 1328 1875 At
1352 1819 1490 1885 forte
1515 1830 1570 1875 tu
1607 1820 1719 1883 vis.
1757 1829 1813 1874 et
1848 1818 1937 1875 ille
1978 1832 2080 1881 non

500 1908 649 1961 vult?
674 1908 914 1963 Sufficiat
936 1910 1048 1963 tibi.
1079 1911 1253 1965 llabes
1278 1909 1419 1966 unde
1454 1911 1601 1965 illum
1634 1910 1817 1965 doleas
1849 1927 1862 1963 :
1893 1919 1944 1964 te
1971 1908 2084 1965 sol-

442 2040 447 2046 .
499 1999 639 2053 visti.
673 2000 798 2064 Dic,
830 2001 875 2055 si
904 2000 984 2055 vis
1011 2002 1358 2064 concordare,
1381 2009 1437 2056 et
1477 2001 1566 2057 ille
1590 2016 1695 2055 non
1725 2000 1868 2065 vult;
1897 2000 1981 2055 dic
2000 2013 2085 2053 se-

499 2107 659 2144 curus
684 2110 696 2143 :
729 2090 938 2147 Dimitte
955 2091 1096 2148 nobis
1117 2091 1282 2147 debita
1303 2104 1473 2149 nostra
1491 2133 1507 2161 ,
1537 2091 1666 2148 sicut
1692 2101 1739 2147 et
1765 2109 1855 2147 nos
1879 2090 2087 2146 dimitti-

503 2200 613 2237 mus
638 2181 945 2237 debitoribus
987 2184 1192 2238 nostris.

494 2298 497 2307 '
576 2294 803 2352 CAPUT
846 2294 933 2357 ΙΙΙ,
963 2324 1038 2337 -
1064 2296 1117 2351 3.
1148 2294 1538 2367 Ignoscendnm,
1577 2305 1633 2349 ut
1674 2296 1834 2365 possis
1871 2295 2089 2349 domini-

503 2404 615 2442 cum
638 2389 915 2447 orationem
942 2388 1125 2443 dicere.
1153 2388 1309 2444 Forte
1339 2387 1571 2459 peccasti
1591 2389 1642 2442 in
1665 2389 1832 2454 illum,
1859 2388 1939 2442 vis
1966 2403 2087 2442 cum

510 2481 604 2533 illo
644 2479 993 2548 concordare,
1024 2480 1104 2537 vis
1129 2480 1176 2534 ei
1217 2480 1395 2535 dicere
1424 2498 1436 2533 :
1470 2479 1674 2543 Frater,
1710 2481 1923 2550 ignosce
1960 2479 2089 2534 mihi

508 2569 650 2639 quod
678 2572 890 2639 peccavi
920 2571 973 2626 in
1004 2579 1078 2627 te.
1116 2571 1210 2626 llle
1249 2587 1354 2639 non
1386 2572 1496 2626 vult
1522 2572 1817 2642 ignoscere,
1851 2587 1955 2626 non
1982 2572 2095 2626 vult

510 2664 781 2718 dimittere
805 2664 1042 2719 debitum
1074 2682 1089 2718 :
1121 2665 1261 2735 quod
1289 2665 1337 2721 ei
1360 2664 1542 2730 debes,
1572 2680 1676 2719 non
1721 2666 1834 2719 vult
1872 2665 1964 2720 tibi
2005 2664 2091 2719 di-

512 2755 751 2811 mittere.
777 2754 893 2826 lpse
917 2755 1186 2817 observet,
1219 2756 1433 2826 quando
1474 2756 1636 2813 habet
1664 2772 1839 2812 orare.
1870 2757 2094 2826 Quando

514 2854 768 2901 venturus
797 2853 901 2912 est,
935 2847 1027 2918 qui
1066 2846 1161 2901 tibi
1204 2848 1371 2902 noluit
1406 2849 1672 2904 dimittere
1707 2847 1846 2919 quod
1892 2851 1942 2904 in
1972 2864 2093 2903 cum

515 2939 650 2993 forte
696 2940 948 3009 peceasti,
978 2940 1191 3009 quando
1230 2950 1482 2995 venturus
1525 2950 1606 2997 est
1660 2941 1725 2996 ad
1771 2943 2089 3007 orationem,

514 3030 641 3098 quid
672 3029 909 3085 facturus
931 3031 1051 3086 est?
1083 3031 1228 3086 Dicat
1253 3047 1267 3083 :
1304 3030 1457 3086 Pater
1484 3042 1670 3097 noster,
1687 3032 1774 3102 qui
1791 3048 1845 3086 es
1864 3033 1917 3085 in
1938 3031 2093 3086 caelis.

520 3121 687 3183 Dicat,
717 3121 938 3176 accedat
961 3139 975 3176 :
1004 3120 1359 3193 Sancti/iretur
1384 3139 1563 3177 nomen
1585 3134 1744 3177 tuam.
1769 3122 1956 3179 Adhuc
1979 3123 2094 3178 dic:

528 3210 703 3266 Veniat
724 3229 933 3284 regnum
964 3223 1125 3269 tuum.
1155 3216 1391 3284 Sequere
1413 3232 1424 3267 :
1450 3213 1569 3267 Fiat
1590 3216 1818 3270 uoluntas
1838 3226 1947 3281 tua,
1969 3216 2099 3269 sicut

517 3307 569 3359 in
606 3305 752 3371 ccta,
781 3313 827 3361 et
855 3306 909 3360 in
942 3314 1094 3360 terra.
1137 3306 1327 3363 Adhuc
1370 3306 1578 3360 ambula
1610 3323 1622 3358 :
1658 3305 1851 3360 Panem
1874 3317 2098 3361 nostrum

516 3396 867 3460 quotidianum
907 3395 975 3450 da
1012 3397 1154 3451 nobis
1193 3397 1361 3451 hodie.
1406 3396 1631 3452 Dixisti:
1676 3397 1816 3468 quod
1860 3399 2101 3468 sequitur

521 3487 637 3542 vide
667 3501 735 3542 ne
763 3487 899 3541 forte
924 3487 1057 3543 velis
1089 3488 1485 3555 transcendere,
1510 3498 1565 3543 et
1591 3489 1735 3544 aliud
1757 3490 1955 3545 dicere.
1982 3491 2098 3547 Non

519 3589 609 3642 est.
631 3592 734 3650 qua
764 3581 993 3636 transire
1015 3581 1208 3652 possis,
1228 3581 1299 3638 ibi
1320 3583 1536 3638 teneris.
1560 3583 1652 3639 Dic
1666 3598 1816 3654 ergo,
1834 3593 1888 3640 et
1913 3600 2098 3640 verum

519 3673 643 3728 dic:
674 3681 765 3727 aut
790 3674 835 3728 si
877 3690 981 3728 non
1026 3674 1190 3731 habes
1217 3691 1382 3747 quare
1411 3676 1574 3744 dicas,
1610 3676 1814 3733 Dimitte
1836 3677 1978 3735 nobis
2006 3678 2097 3739 de-

519 3765 624 3816 bita
648 3773 841 3831 nostra,
867 3766 978 3821 noli
1006 3767 1203 3822 dicere.
1256 3768 1323 3824 Et
1357 3768 1449 3825 ubi
1491 3777 1574 3824 est
1618 3769 1747 3826 illud
1774 3770 1916 3841 quod
1960 3770 2099 3827 idem

521 3854 794 3922 apostolus
816 3854 951 3911 dixit
982 3873 996 3911 :
1030 3855 1094 3913 Si
1120 3858 1416 3923 dixerimus,
1447 3860 1566 3931 quia
1595 3870 1853 3929 peccaturo
1872 3877 1973 3916 non
2004 3862 2101 3915 ha-

522 3946 716 4006 bemus.
744 3962 838 3999 nos
879 3946 1016 4017 ipsos
1045 3946 1343 4018 decipimus,
1379 3959 1424 4003 et
1448 3951 1629 4005 veritas
1649 3952 1702 4005 in
1728 3951 1869 4006 nobis
1902 3968 2006 4007 non
2031 3963 2104 4009 est

521 4038 650 4107 (id.
715 4055 775 4105 t,
827 4038 925 4113 8)?
964 4040 1019 4096 Si
1062 4049 1241 4097 autem
1285 4042 1496 4098 mordet
1534 4042 1859 4099 conscientia
1905 4044 2104 4115 fragili-

525 4131 670 4197 tatis,
710 4140 764 4185 et
790 4133 841 4187 in
870 4133 972 4187 hoc
999 4134 1194 4189 saeculo
1216 4134 1411 4204 ubique
1432 4134 1754 4190 abundantia
1780 4136 2100 4207 iniquitatis;

523 4223 611 4278 die
636 4239 784 4294 ergo,
815 4222 1027 4279 Dimitte
1049 4226 1190 4281 nobis
1216 4225 1382 4280 debita
1404 4238 1596 4282 nostra.
1618 4227 1724 4285 Sed
1750 4229 1891 4299 quod
1922 4230 2103 4300 sequi—

523 4324 611 4367 tur
630 4314 767 4369 vide.
800 4314 1025 4370 Noluisti
1054 4317 1198 4371 enim
1224 4316 1490 4373 dimittere
1519 4327 1795 4387 peccatum
1823 4317 1966 4373 fratri
1992 4328 2101 4387 tuo,

524 4414 581 4460 et
626 4406 865 4461 dicturus
915 4423 995 4471 es,
1029 4406 1178 4463 Sicut
1222 4417 1271 4462 et
1315 4425 1407 4463 nos
1453 4410 1751 4467 dimittimus
1801 4410 2106 4468 debitoribus

525 4497 713 4550 nostris
751 4496 967 4566 (Matth.
994 4513 1065 4562 vr,
1095 4498 1268 4569 9-12).
1299 4500 1379 4552 An
1410 4515 1515 4554 non
1544 4517 1602 4558 es
1618 4502 1889 4558 dicturus?
1916 4504 1970 4559 Si
2000 4518 2105 4559 non

525 4599 586 4639 es
609 4584 874 4650 dicturus,
904 4587 1039 4641 nihil
1076 4603 1136 4642 es
1164 4600 1522 4657 accepturus:
1563 4592 1606 4646 si
1636 4601 1812 4648 autem
1846 4594 2103 4659 dicturus,

445 4664 453 4672 ’
527 4677 717 4735 falsum
743 4693 803 4734 es
830 4678 1092 4734 dicturus.
1123 4680 1262 4751 Ergo
1284 4681 1389 4748 die,
1417 4691 1471 4736 et
1490 4698 1671 4738 verum
1698 4684 1801 4739 dic.
1829 4685 2106 4754 Quomodo

525 4770 765 4829 dicturus
806 4786 867 4826 es
895 4785 1101 4837 verum,
1131 4770 1222 4842 qui
1269 4770 1416 4827 fratri
1463 4781 1556 4830 tuo
1599 4774 1814 4831 noluisti
1862 4778 2106 4835 relaxare

531 4870 802 4930 peccatum
818 4861 844 4916 .’

597 4953 825 5012 CAPUT
850 4955 936 5011 IV.
970 4986 1038 4996 --
1067 4957 1120 5012 4.
1164 4955 1388 5013 Securus
1421 4960 1562 5031 apud
1595 4959 1761 5015 Deum
1798 4971 1889 5027 est,
1912 4965 1994 5018 cui
2021 4982 2107 5032 pe-

527 5048 650 5102 tenti
674 5058 890 5117 negatur
916 5049 1060 5102 venia
1101 5066 1135 5103 a
1176 5054 1354 5121 fratre.
1384 5052 1464 5107 De
1496 5054 1556 5107 iis
1584 5055 1671 5126 qui
1705 5056 1899 5110 ueniam
1924 5056 1984 5111 ab
2015 5058 2107 5113 ho-

527 5140 663 5194 mine
677 5149 841 5211 petere
855 5140 1170 5196 erubescunt.
1217 5141 1370 5198 Venia
1397 5161 1429 5198 a
1454 5146 1750 5216 quibusdam
1794 5150 1994 5206 nonnisi
2028 5160 2108 5206 ta-

525 5233 621 5287 cite
657 5242 703 5286 et
729 5232 1034 5288 blandiendo
1073 5239 1307 5305 petenda.
1358 5235 1505 5291 Illum
1535 5237 1784 5294 admonui
1811 5260 1825 5296 :
1853 5225 2012 5297 modo
2055 5252 2106 5299 te

526 5324 824 5389 consolor‘,
849 5340 883 5378 ο
907 5323 1145 5395 quisquis
1164 5340 1242 5392 es,
1265 5326 1309 5380 si
1336 5334 1510 5382 tamen
1540 5343 1619 5392 es,
1642 5331 1730 5399 qui
1759 5330 1935 5386 dixisti
1959 5331 2105 5388 fratri

527 5421 639 5479 tuo,
672 5414 886 5470 Dimitte
915 5414 1043 5468 mihi
1070 5415 1210 5484 quod
1258 5417 1308 5469 in
1345 5426 1397 5472 te
1443 5417 1653 5488 peccavi
1687 5437 1701 5472 :
1746 5421 1790 5475 si
1818 5421 1995 5476 dixisti
2036 5438 2105 5479 ex

529 5512 641 5559 ιοιο
681 5504 863 5580 corde,
892 5506 935 5559 si
985 5516 1106 5563 vera
1162 5505 1476 5575 humilitate,
1510 5526 1613 5565 non
1665 5511 1783 5566 ficta
1825 5514 2101 5581 charitate,

529 5595 797 5665 quomodo
830 5598 970 5651 Deus
1010 5597 1149 5653 videt
1194 5599 1245 5654 in
1275 5599 1435 5655 corde
1478 5603 1617 5660 unde
1663 5604 1861 5675 dixisti,
1895 5605 1987 5663 sed
2019 5606 2104 5665 ille

520 5789 533 5797 .
594 5749 608 5778 ¹
635 5748 708 5796 Sic
729 5753 833 5796 Uss.
862 5756 915 5798 Al
939 5749 1074 5809 editi,
1096 5752 1236 5801 modo
1252 5753 1454 5806 consule.

1829 330 2199 393 AUGUSTI-Nl
2234 333 2537 402 Iit'b’COPt

3623 346 3735 400 i058

2185 446 2350 499 noluit
2379 447 2469 500 tibi
2509 447 2799 511 dimittere,
2825 451 2936 504 noli
2978 465 3099 506 esse
3136 451 3412 508 sollicitus.
3454 452 3601 509 Servi
3626 465 3736 512 eStis

2181 536 2360 597 ambo,
2389 537 2594 592 habetis
2625 540 2904 594 Dominum
2942 557 2956 594 :
2986 555 3249 597 conservo
3279 552 3369 597 tuo
3386 542 3570 609 demes,
3591 548 3736 604 noluit

2146 670 2149 673 λ
2184 625 2277 679 tibi
2321 627 2621 694 dimittere;
2664 629 2940 700 interpella
2970 631 3255 689 Dominum
3283 635 3582 691 amborum.
3605 638 3734 705 Quod

2186 718 2279 772 tibi
2303 717 2566 783 dimiserit
2590 719 2865 788 Dominus,
2898 720 2946 777 si
2972 732 3167 792 potest,
3195 724 3371 794 exigat
3399 740 3602 784 servus.
3631 730 3737 787 Ilico

2181 808 2325 863 aliud
2356 826 2370 863 :
2403 809 2667 865 Admonui
2696 824 2826 883 ergo
2847 828 2971 869 eum
3003 815 3094 885 qui
3122 815 3294 871 noluit
3316 817 3584 874 dimittere
3610 820 3732 878 fratri

2183 913 2302 963 suo,
2330 912 2452 954 cum
2492 909 2638 970 petat
2678 902 2767 958 ille
2789 903 2982 959 dimitti
3026 905 3150 972 sibi,
3178 915 3235 961 ut
3268 907 3428 963 faciat
3450 910 3588 979 quod
3612 914 3733 969 nole-

2183 989 2306 1054 bat;
2347 998 2434 1054 ne,
2462 992 2675 1060 quando
2711 1003 2848 1058 orat,
2889 1011 2995 1051 non
3037 998 3263 1067 accipiat
3298 1000 3441 1069 quod
3478 1001 3729 1060 desiderat.

2184 1081 2447 1146 Admonui
2489 1091 2544 1138 et
2584 1084 2733 1146 illum
2775 1099 2867 1154 qut
2914 1087 3098 1155 petivit
3127 1089 3334 1144 veniam
3381 1094 3575 1160 peccati
3616 1098 3727 1151 sui:

2185 1171 2348 1228 fratre
2370 1187 2489 1239 suo,
2520 1180 2577 1235 et
2600 1189 2706 1229 non
2745 1177 2988 1247 accepit;
3019 1188 3076 1231 ut
3103 1178 3154 1233 in
3182 1194 3250 1233 co
3277 1182 3420 1249 quod
3461 1197 3562 1237 nou
3586 1185 3727 1254 impe-

2187 1263 2344 1325 travit
2383 1278 2415 1318 a
2444 1263 2611 1324 intre
2651 1278 2778 1337 suo,
2804 1281 3025 1323 securus
3052 1269 3123 1330 sit
3149 1268 3226 1327 de
3261 1271 3484 1327 Domino
3520 1289 3629 1330 suo.
3655 1275 3730 1331 Est

2180 1364 2238 1410 et
2259 1355 2400 1410 aliud
2427 1356 2568 1425 quod
2592 1355 2907 1413 admoneam
2938 1377 2953 1413 :
2989 1360 3236 1422 Peccavit
3261 1363 3314 1416 iu
3345 1371 3407 1421 te
3432 1356 3593 1421 irater
3613 1375 3730 1431 tuus.

2185 1452 2241 1509 et
2258 1446 2427 1501 noluit
2460 1446 2552 1502 tibi
2581 1447 2788 1518 dicere,
2811 1448 3027 1504 Dimitte
3051 1451 3179 1505 mibi
3205 1454 3344 1521 quod
3373 1454 3426 1507 in
3454 1464 3505 1510 te
3529 1460 3731 1525 νωθῆ.

2186 1538 2472 1594 Abundant
2497 1540 2656 1595 verba
2689 1540 2787 1595 ista
2808 1542 2824 1573 ί
2854 1559 2870 1595 :
2918 1542 3120 1597 utinam
3149 1543 3235 1598 illa
3265 1543 3406 1600 Deus
3428 1548 3655 1604 eradicet
3682 1550 3739 1606 de

2186 1644 2317 1700 agro
2350 1645 2468 1697 suo,
2499 1631 2599 1694 hoc
2627 1640 2710 1686 est
2747 1631 2816 1689 de
2839 1633 3093 1689 cordibus
3141 1636 3355 1691 vestris.
3399 1637 3569 1706 Quam
3611 1642 3741 1697 multi

2187 1729 2310 1777 sunt
2334 1722 2501 1785 enim,
2528 1723 2616 1791 qui
2658 1722 2833 1778 sciunt
2867 1738 2926 1778 se
2957 1738 3205 1797 peccasse
3244 1727 3294 1780 in
3328 1726 3520 1785 fratres
3544 1744 3743 1799 suos,et

2190 1814 2373 1867 nolunt
2389 1814 2593 1883 dicere,
2617 1815 2832 1872 Dimitte
2858 1817 3009 1871 mihi.
3033 1817 3146 1872 Non
3166 1821 3502 1877 erubuerunt
3526 1839 3753 1897 peream]

2188 1914 2244 1960 et
2281 1905 2606 1962 erubescunt
2632 1922 2821 1977 rogare
2852 1926 2875 1963 ι
2897 1924 3001 1964 non
3031 1910 3353 1977 crubuerunt
3372 1912 3751 1988 deiniquitate,

2187 2003 2244 2051 et.
2269 1995 2591 2051 erubescunt
2613 1996 2682 2052 de
2708 1997 3023 2056 humilitate.

2265 2085 2492 2144 CAPUT
2519 2089 2581 2142 ν.
2607 2120 2680 2131 -
2708 2090 2855 2161 Ipsos
2880 2106 3009 2162 ergo
3036 2091 3299 2162 inprimis
3328 2095 3612 2151 admoneo.
3635 2097 3743 2165 Qui-

2190 2192 2420 2248 cumque
2468 2177 2677 2236 habetis
2721 2179 3041 2236 discordiam
3078 2197 3202 2237 cum
3255 2183 3509 2242 fratribus
3559 2189 3740 2253 vestris,

2190 2278 2246 2324 et
2288 2270 2552 2333 revocatis
2603 2286 2700 2326 vos
2748 2272 2815 2326 ad
2872 2288 2996 2336 vos.
3053 2283 3105 2328 et
3156 2275 3514 2333 consideratis
3553 2293 3671 2344 vos,
3702 2289 3746 2337 et

2187 2359 2389 2428 justum
2431 2359 2688 2429 judicium
2742 2361 2895 2427 fertis
2940 2362 2995 2417 in
3041 2364 3191 2427 vos',
3244 2364 3386 2420 intus
3427 2366 3482 2422 in
3528 2369 3751 2427 audibis

2194 2451 2402 2515 vestris,
2431 2460 2485 2506 et
2505 2451 2754 2509 invenitis
2783 2468 2876 2509 vos
2907 2469 3012 2510 non
3034 2455 3285 2513 debuisse
3322 2458 3498 2515 facere
3523 2461 3655 2529 quod
3678 2459 3743 2517 fe.-

2193 2541 2367 2607 cistis,
2399 2556 2505 2596 non
2533 2541 2783 2599 debuisse
2819 2543 3000 2600 dicere
3024 2545 3167 2616 quod
3198 2546 3443 2611 dixistis;
3492 2549 3649 2619 petite
3670 2565 3749 2605 ve-A

2196 2631 2339 2686 niam
2371 2630 2565 2688 fratres
2590 2647 2622 2686 a
2648 2632 2900 2690 fratribus
2921 2636 3135 2702 vestris,
3170 2636 3326 2693 facite
3353 2635 3609 2694 fratribus
3627 2640 3744 2709 quod

2195 2720 2270 2774 ait
2305 2721 2617 2790 Apostolus,
2644 2721 2902 2780 Donantes
2936 2726 3075 2780 vobis
3110 2726 3258 2797 ipsis,
3295 2730 3429 2783 sicut
3461 2740 3510 2784 et
3546 2729 3675 2785 Deus
3703 2732 3745 2784 in

2194 2808 2397 2866 Christo
2426 2812 2644 2867 donauit
2676 2815 2817 2869 nobis
2854 2814 3085 2887 (Ephes.
3117 2831 3196 2883 tv,
3234 2818 3363 2889 32):
3395 2820 3568 2886 facite,
3611 2823 3745 2877 ιιοεὶιο

2196 2907 2515 2961 erubescere
2542 2906 2751 2963 veniam
2780 2916 2962 2979 petere
2976 2907 3019 2961 ⁸.
3067 2907 3297 2970 Perinde
3344 2913 3590 2967 omnibus
3626 2914 3740 2977 dico.

2200 2996 2333 3051 viris
2358 3005 2413 3051 et
2455 2995 2693 3065 feminis,
2734 2998 3033 3055 minoribus
3072 3004 3133 3056 et
3178 3001 3491 3072 majoribus,
3533 3005 3669 3060 laicis
3700 3018 3744 3060 et

2198 3086 2448 3142 doricis:
2476 3086 2596 3151 dico
2621 3095 2677 3142 et
2702 3087 2836 3143 mihi
2876 3088 2996 3159 ipsi.
3040 3090 3242 3148 Omnes
3265 3092 3561 3161 audiamus,
3587 3110 3743 3151 omnes

2202 3175 2503 3231 timeamus.
2536 3175 2593 3231 Si
2620 3177 2959 3247 peccavimus
2978 3179 3031 3235 in
3061 3179 3250 3243 fratres
3278 3192 3509 3250 nostros,
3534 3186 3578 3241 si
3602 3187 3744 3240 adhuc

2202 3265 2444 3329 inducias
2494 3267 2704 3323 vivendi
2756 3269 3100 3340 accepimus,
3158 3289 3263 3327 non
3313 3274 3437 3329 ideo
3487 3276 3740 3330 morimur:

2202 3356 2378 3411 adhuc
2402 3357 2543 3411 enim
2573 3357 2823 3424 vivimus,
2852 3361 3085 3416 nondum
3115 3361 3350 3419 damnati
3397 3380 3579 3421 sumus
3603 3385 3619 3422 :
3643 3367 3741 3420 dum

2202 3447 2450 3513 vivimus,
2496 3447 2754 3505 faciamus
2781 3450 2922 3522 quod
2960 3451 3112 3521 jubet
3139 3453 3320 3519 Pater,
3359 3456 3450 3526 qui
3493 3458 3592 3512 erit
3633 3458 3747 3512 Deus

2199 3540 2399 3615 judex;
2451 3549 2507 3595 et
2538 3550 2779 3610 petamus
2823 3544 3027 3598 veniam
3076 3560 3106 3600 a
3157 3545 3428 3614 fratribus,
3465 3564 3596 3620 quos
3636 3549 3751 3603 forte

2206 3632 2476 3700 peccando
2502 3633 2553 3686 in
2578 3648 2679 3691 eos.
2697 3633 2896 3703 aliquid
2930 3634 3267 3701 oﬂ‘endimus,
3296 3638 3494 3708 aliquid
3524 3641 3743 3694 lusimus.

2204 3725 2343 3783 Sunt
2390 3742 2631 3797 persona:
2674 3726 2905 3783 humiles
2946 3746 3041 3798 pro
3087 3730 3279 3795 ordine
3319 3733 3501 3788 smenli
3548 3733 3746 3803 bujus,a

2204 3819 2399 3890 quibus
2418 3820 2464 3874 si
2512 3828 2662 3888 petas
2709 3819 2943 3886 veniam,
2974 3820 3301 3875 extolluntur
3343 3822 3395 3876 in
3439 3825 3747 3893 superbiam:

2208 3912 2309 3967 hoc
2359 3919 2443 3967 est
2480 3911 2632 3981 quod.
2660 3910 2819 3976 dico;
2871 3911 3158 3981 aliquando
3203 3913 3455 3971 dominus
3497 3927 3672 3988 peccat
3708 3918 3753 3970 in

2205 4018 2419 4061 servum
2450 4016 2604 4062 suum
2631 4020 2645 4055 :
2671 4003 2792 4073 quia
2813 4003 2912 4058 etsi
2941 4004 3031 4059 ille
3049 4004 3297 4062 dominus
3322 4015 3423 4072 est,
3453 4008 3540 4064 ille
3564 4023 3749 4066 senas:

2205 4098 2365 4153 antibo
2413 4106 2588 4153 tamen
2638 4097 2797 4152 alieni
2842 4097 2983 4152 servi
3030 4099 3358 4168 sunt,,quia‘
3400 4101 3561 4157 ambo
3583 4101 3761 4157 Christi

2206 4188 2464 4257 sanguine
2484 4185 2746 4256 redempti
2767 4194 2910 4241 sunt.
2939 4185 3140 4243 Tamen
3162 4187 3354 4245 durtun
3375 4190 3582 4246 videtur
3600 4200 3653 4246 ut
3673 4190 3757 4244 hoc

2207 4280 2370 4335 etiam
2394 4278 2632 4350 jubeatn,
2662 4278 2766 4339 hoc
2812 4278 3137 4349 praecipiam,
3180 4290 3238 4334 ut
3283 4281 3330 4335 si
3377 4279 3515 4336 forte
3538 4282 3759 4336 dontittas

2209 4379 2392 4441 peccat
2440 4371 2492 4425 in
2540 4376 2753 4426 servum
2806 4385 2961 4425 suum
3011 4370 3206 4440 injuste
3255 4371 3543 4444 litigantlo,
3592 4374 3771 4444 injuste

2208 4462 2499 4528 cst-dendo;
2527 4463 2669 4518 dicat
2694 4463 2801 4528 ille,
2834 4463 3054 4532 Ignosce
3097 4464 3249 4531 mihi,
3276 4465 3345 4520 da
3386 4467 3517 4521 mihi
3555 4468 3757 4522 veniam.

2211 4554 2327 4608 Non
2356 4554 2478 4623 quia
2528 4568 2634 4606 non
2662 4552 2826 4610 debet
2866 4553 3063 4619 facere,
3105 4553 3201 4609 scd
3242 4568 3312 4610 ne
3338 4556 3759 4629 ille-incipiatu-

2212 4649 2422 4720 perbire
2434 4650 2477 4704 ⁸.
2499 4648 2638 4716 Quid
2663 4663 2795 4720 ergo
2811 4650 2841 4702 ‘t
2864 4650 3002 4705 Ante
3024 4651 3212 4707 oculos
3242 4653 3332 4707 Dei
3365 4656 3617 4725 pmniteat
3636 4669 3754 4717 eum,

2210 4750 2336 4795 ante
2373 4740 2558 4795 oculos
2604 4740 2697 4795 Dei
2745 4739 2929 4809 puniat
2968 4755 3063 4796 cor
3102 4757 3296 4797 suum:
3324 4746 3452 4800 etsi
3480 4762 3586 4801 non
3613 4753 3758 4817 potest

2213 4846 2372 4887 servo
2418 4831 2618 4896 dicere,
2664 4831 2788 4901 quia
2835 4847 2940 4885 non
2984 4840 3215 4901 oportet,
3246 4833 3319 4888 Da
3365 4834 3498 4890 mihi
3543 4836 3754 4897 veniant;

2212 4921 2404 4977 blatnle
2431 4922 2579 4976 illum
2608 4921 2925 4990 alloquatur.
2954 4921 3150 4981 Blanda
3182 4922 3327 4977 enim
3364 4926 3659 4994 appellatio,
3685 4939 3756 4977 ve-

2210 5016 2313 5070 nia:
2336 5024 2419 5070 est
2446 5012 2755 5083 postulatio.

2282 5105 2506 5162 CAPUT
2534 5103 2620 5160 Vl.
2646 5133 2717 5144 —-
2744 5104 2800 5160 5.
2850 5102 3060 5158 Noieutt'
3091 5116 3256 5174 petere
3295 5108 3515 5171 veniam,
3542 5108 3756 5179 quo-adv

2212 5194 2571 5268 ignoscendum
2616 5209 2681 5248 ea:
2725 5195 2914 5248 animo.
2967 5194 3153 5251 Restat
3198 5205 3257 5251 ut
3301 5206 3413 5253 eos'
3445 5199 3687 5268 alloquar,
3716 5198 3757 5250 in

2274 5393 2289 5425 ί
2317 5397 2391 5439 Er.
2417 5388 2565 5452 Lugd.
2592 5396 2711 5438 Ven.
2732 5402 2746 5438 :
2766 5386 2815 5452 si
2842 5387 3087 5452 abundant
3109 5388 3251 5440 verba
3270 5388 3378 5441 ista.
3398 5399 3481 5440 1!.

2271 5457 2291 5487 ³
2315 5460 2416 5502 Am.
2440 5447 2515 5500 sr'.
2541 5458 2595 5500 et
2616 5458 2739 5507 uss...
2764 5447 2816 5499 in
2834 5448 2977 5501 vobis.

2272 5518 2292 5549 ³
2314 5523 2417 5579 Mss.
2444 5525 2541 5579 non
2560 5512 2759 5579 habent,
2982 5516 3157 5579 petere.
3179 5572 3190 5579 _
3239 5570 3252 5579 _
3319 5573 3331 5579 _
3499 5575 3512 5579 _
3728 5575 3734 5579 ,

2230 5547 2291 5661 ,ιλ
2306 5547 2543 5661 tanta
2561 5547 3331 5633 minatusminatus-
3347 5586 3366 5633 ,-
3384 5575 3515 5637 φα,
3545 5587 3573 5626 .
3591 5575 3760 5624 me

2209 5641 2290 5734 ubi
2305 5640 2593 5810 Ιὲιςτῗὶξῗῖῗίοικ
2622 5696 2817 5755 addunt,
2842 5692 2885 5747 si
2904 5695 3263 5761 pwtdteateton.
3290 5696 3339 5746 td
3364 5710 3458 5746 non
3482 5697 3652 5748 habent
3674 5706 3759 5739 ma-

2210 5775 2400 5810 nuscrm
2425 5774 2457 5809 ι.
2517 5786 2523 5797 ι

2210 5774 2457 5824 ιιυδατιριι.
2517 5786 2523 5797 ι
