3886 6188
145 333 270 406 ")3?
320 376 323 383 ι

144 475 268 531 quos
290 456 382 512 alii
410 460 789 525 peccaverunt,
818 462 872 506 et
900 451 971 506 illi
1003 451 1091 522 qui
1119 451 1173 505 in
1202 465 1295 505 cos
1331 456 1705 522 peccaverunt,

144 550 337 606 veniam
368 556 549 616 petere
580 542 887 598 noluerunt.
923 540 1047 595 Illos
1092 541 1238 596 enim
1276 540 1385 610 jam
1412 554 1531 594 sum
1578 538 1707 591 allu-

145 653 303 701 cutus,
332 637 423 706 qui
466 633 769 706 petentibus
818 632 1024 687 veniam
1067 630 1317 686 fratribus
1353 630 1480 686 dare
1531 630 1711 684 nolue-

143 742 274 787 runt.
311 728 461 785 Nunc
485 741 613 797 ergo
638 739 760 780 cum
789 723 1033 794 alloquor
1075 737 1170 778 vos
1218 738 1426 788 omnes,
1456 720 1707 792 quoniam

143 824 250 876 dies
289 818 456 875 sancti
499 826 644 882 sunt,
684 831 755 871 ne
796 813 1081 870 discordia:
1123 824 1317 871 vestrae
1363 823 1708 875 remaneant;

142 913 290 967 credo
314 913 436 983 quia
464 909 743 980 cogitastis
791 907 954 978 aliqui
999 908 1051 962 in
1080 908 1334 963 cordibus
1378 905 1591 970 vestris,
1616 906 1709 975 qui

143 1004 280 1060 scitis
303 1019 396 1059 vos
423 1019 546 1058 cum
577 1000 827 1068 fratribus
850 1000 1044 1055 vestris
1066 1000 1270 1070 aliquas
1296 997 1494 1054 habere
1509 997 1711 1053 discor-

141 1098 267 1159 il'ris,
296 1110 348 1151 et
390 1093 671 1149 invenistis
694 1092 835 1161 quod
872 1107 979 1147 non
1008 1091 1107 1162 ipsi
1133 1105 1229 1146 vos
1256 1090 1309 1144 in
1332 1103 1431 1145 eos
1453 1102 1709 1159 peccave-

142 1190 266 1249 ritis,
289 1185 382 1242 scd
413 1186 486 1239 illi
516 1183 570 1238 in
610 1199 728 1238 vos.
748 1181 888 1237 αεὶιεί
931 1197 1036 1237 non
1065 1179 1226 1235 modo
1254 1178 1383 1233 milii
1408 1175 1711 1247 loquimini,

141 1284 255 1348 qua
281 1293 457 1332 meum
481 1286 565 1332 est
608 1276 751 1346 loqui
783 1275 834 1328 in
862 1274 966 1329 hoc
994 1274 1137 1339 loco,
1162 1280 1398 1329 vestrum
1428 1278 1604 1325 autem
1634 1281 1713 1323 ta-

141 1386 258 1425 rere
281 1380 332 1425 et
356 1368 578 1432 audire;
612 1375 792 1421 tamen
837 1364 977 1419 forte
1002 1361 1286 1434 cogitando
1329 1360 1627 1432 loquimini,
1657 1368 1712 1416 et

141 1461 305 1515 dicitis
332 1458 506 1523 vobis,
539 1456 671 1513 Volo
691 1455 1042 1521 concordare,
1065 1454 1161 1510 sed
1203 1454 1293 1508 ille
1327 1470 1414 1508 tne
1442 1451 1599 1516 laesit,
1621 1450 1712 1506 ille

142 1555 191 1607 ln
221 1569 300 1608 me
325 1551 586 1623 peccavit,
615 1559 672 1606 et
714 1564 819 1603 non
858 1548 973 1602 vult
1011 1546 1218 1602 veniam
1249 1545 1541 1617 postulare.
1573 1542 1709 1610 Quid

141 1646 295 1717 ergo?
329 1645 571 1700 dicturus
614 1657 757 1709 sum,
788 1640 937 1697 Vade
976 1639 1043 1694 ad
1072 1639 1242 1707 illum,
1270 1647 1325 1694 et
1371 1647 1429 1693 tu
1464 1645 1587 1707 pete
1614 1651 1710 1691 ve-

145 1736 320 1790 niam?
358 1736 530 1790 Absit.
578 1732 712 1790 Nolo
760 1732 1077 1789 mentiaris:
1110 1730 1238 1787 nolo
1261 1729 1449 1797 'dicas,
1479 1728 1553 1783 Da
1581 1726 1713 1783 milii

142 1826 356 1891 veniam,
385 1825 477 1895 qui
518 1834 572 1879 te
598 1823 739 1878 nosti
780 1837 885 1877 non
920 1835 1173 1892 peccasse
1203 1821 1255 1875 in
1293 1820 1509 1875 fratrem
1536 1828 1708 1875 tuum.

140 1915 265 1984 Quid
289 1915 433 1971 enim
462 1915 556 1971 tib-
581 1914 821 1987 prodest,
840 1928 962 1969 cum
989 1921 1044 1967 tu
1071 1912 1235 1967 fueris
1257 1920 1378 1967 tuus
1396 1910 1712 1967 accusator?

143 2008 275 2075 Quid
323 2018 543 2077 expetas
581 2007 677 2062 tibi
715 2005 937 2078 ignosci,
968 2004 1036 2060 ab
1070 2019 1136 2059 tu)
1168 2017 1331 2074 quem
1358 2018 1463 2057 non
1504 2002 1709 2066 iazsisti,

139 2109 221 2153 aut
242 2099 295 2153 in
320 2113 478 2168 quem
514 2111 621 2153 non
666 2095 938 2167 peccasti?
978 2094 1116 2149 Niltil
1151 2094 1243 2149 tibi
1291 2093 1543 2164 prodest,
1583 2092 1712 2148 nolo

141 2190 285 2245 facias
318 2208 332 2245 :
361 2190 525 2255 nosti,
568 2188 715 2244 bene
735 2187 1056 2252 discussisti,
1084 2187 1191 2242 scis
1220 2186 1345 2256 quia
1393 2184 1447 2239 in
1492 2191 1547 2239 te
1586 2198 1714 2254 pec-

140 2283 282 2347 t-avit,
313 2297 419 2335 non
448 2290 506 2336 tu
532 2280 584 2335 in
612 2280 782 2334 illum.
810 2278 953 2344 Scio,
982 2277 1170 2348 inquit.
1197 2276 1253 2331 lu
1282 2277 1379 2332 ista
1406 2284 1515 2330 tuta
1537 2275 1712 2331 scien-

142 2372 222 2433 tia.
242 2371 314 2432 sit
342 2380 428 2425 tua
452 2368 836 2426 conscientia‘.
873 2368 994 2424 Noli
1017 2368 1200 2423 venire
1224 2366 1290 2421 ad
1320 2365 1539 2422 fratrem
1563 2375 1710 2419 tuum

138 2466 217 2534 qni
253 2466 307 2520 in
346 2474 398 2520 te
440 2464 697 2535 peccavit,
737 2470 793 2517 et
833 2462 973 2516 ultro
1016 2460 1086 2515 ab
1131 2459 1222 2514 illo
1257 2469 1442 2529 petere
1475 2457 1707 2512 veniam.

140 2557 331 2614 Debent
360 2557 500 2612 inter
532 2569 776 2610 vosesse
812 2553 900 2608 alii
947 2550 1173 2623 pacifici,
1208 2550 1299 2622 qui
1342 2550 1493 2605 illum
1522 2548 1709 2619 objur-

138 2658 272 2718 gent,
303 2655 361 2702 ut
396 2662 427 2702 a
453 2657 506 2703 te
535 2646 682 2717 prius
718 2645 926 2700 veniam
967 2651 1152 2713 petat:
1182 2651 1239 2697 tu
1269 2651 1469 2696 tantum
1492 2649 1710 2710 paratus

138 2751 243 2796 esto
272 2741 568 2812 ignoscere.
610 2752 831 2807 prorsus
857 2743 1073 2807 paratus
1101 2744 1219 2790 esto
1245 2751 1311 2789 ex
1335 2733 1498 2789 corde
1528 2733 1712 2788 dimit-

138 2839 257 2887 tere.
297 2831 353 2887 Si
400 2838 616 2901 paratus
660 2844 721 2884 es
755 2828 1044 2894 dimittere,
1084 2825 1194 2896 jam
1229 2824 1500 2880 dimisisti.
1533 2823 1709 2880 [labes

134 2923 299 2978 adhuc
320 2921 463 2994 quod
490 2935 650 2975 ores:
679 2934 772 2975 ora
805 2935 901 2990 pro
927 2919 1045 2985 illo,
1069 2928 1127 2973 ut
1152 2926 1298 2987 petat
1325 2934 1355 2972 ιι
1387 2926 1439 2972 te
1459 2917 1703 2983 veniam;

136 3015 247 3084 quia
274 3014 381 3070 scis
409 3013 459 3069 ci
500 3028 696 3068 nocere
722 3012 768 3066 si
799 3026 907 3065 non
946 3020 1108 3078 petat,
1137 3026 1229 3065 ora
1260 3026 1359 3081 pro
1399 3011 1493 3067 illo
1519 3020 1578 3066 ut
1607 3026 1705 3081 pe-

138 3115 219 3160 tat.
260 3104 358 3159 Dic
409 3104 633 3159 Domino
664 3103 717 3158 in
736 3103 1003 3177 .oralione
1049 3109 1137 3156 tua
1167 3120 1180 3156 :
1213 3101 1457 3166 Domine,
1486 3103 1590 3157 scis
1621 3118 1706 3158 me

136 3211 227 3251 non
254 3210 510 3266 peccasse
546 3195 600 3249 in
641 3194 788 3250 illum
827 3192 1043 3248 fratrem
1070 3207 1270 3256 meum,
1310 3191 1409 3251 sed
1434 3193 1581 3249 illum
1612 3208 1706 3264 po-

134 3288 227 3341 tius
248 3300 505 3356 peccasse
527 3285 578 3339 in
601 3300 707 3348 me,
721 3293 777 3339 et
792 3283 980 3338 obesse
1002 3283 1078 3338 illi
1102 3282 1239 3353 quod
1266 3284 1501 3354 peccavit
1524 3284 1573 3338 in
1597 3300 1705 3352 me,

130 3377 170 3430 si
199 3377 413 3432 veniam
446 3392 552 3430 non
586 3383 730 3447 petat
755 3390 784 3429 a
829 3390 948 3441 me;
981 3389 1081 3446 ego
1108 3374 1249 3431 bono
1288 3376 1469 3432 animo
1499 3384 1621 3448 peto
1651 3388 1708 3434 ut

135 3467 373 3537 ignoscas
399 3467 469 3522 ei.

187 3557 416 3614 CAPUT
452 3557 718 3612 Vll.—6.
745 3554 969 3625 Oll’ensw
1008 3557 1262 3613 donanda
1296 3559 1526 3630 exemplo
1557 3558 1706 3615 Chri—

128 3651 198 3703 tn'.
240 3651 390 3706 Ecce
434 3648 550 3705 dixi
595 3648 747 3703 vobis
790 3648 934 3719 quod
984 3650 1219 3705 maxime
1268 3664 1364 3720 per
1408 3650 1540 3704 istos
1587 3649 1704 3706 dies

122 3741 443 3810 ieiuniorum
499 3749 799 3821 vestrorum
821 3780 839 3807 ,
896 3740 1326 3796 Observationum
1381 3750 1702 3806 vestrarum,

125 3833 462 3888 continentia:
514 3841 744 3898 vestrae,
809 3845 1021 3887 mecum
1080 3845 1244 3901 agere
1305 3829 1582 3895 debeatis,
1647 3841 1706 3886 ut

123 3939 231 3979 cum
297 3923 546 3979 fratrilnts
594 3923 785 3979 vestris
822 3918 1182 3978 concordetis.
1212 3921 1483 3978 Gaudeam
1513 3932 1569 3977 et
1604 3937 1705 3993 ego

119 4015 178 4071 de
225 4030 368 4087 pace
410 4024 613 4070 vestra.
647 4015 736 4086 qui
782 4016 1072 4070 contristor
1106 4013 1291 4070 litibus
1339 4016 1537 4072 vestris
1582 4031 1596 4070 :
1646 4024 1707 4071 ut

118 4121 309 4164 omnes
330 4107 592 4164 donantes
614 4107 1029 4177 vobismctipsis,
1050 4106 1096 4162 si
1121 4108 1241 4177 quis
1272 4105 1704 4163 liabctadversus

116 4200 341 4270 aiiquem
370 4197 673 4269 querelam,
699 4197 873 4252 securi
906 4211 1125 4267 agamus
1163 4196 1394 4265 Pascha,
1416 4198 1587 4253 securi
1614 4212 1709 4254 ce-

120 4290 385 4347 lebremus
409 4291 528 4360 ejus
555 4289 879 4359 passionem,
908 4288 994 4359 qui
1024 4288 1164 4343 nihil
1184 4288 1429 4359 cuiquam
1453 4288 1700 4356 debebat,

118 4393 165 4439 et
199 4384 438 4456 pretium
486 4396 587 4451 pro
607 4379 925 4436 debeotibns
966 4378 1123 4435 solvit
1153 4396 1167 4434 :
1199 4378 1478 4435 Dominum
1518 4379 1701 4436 Jesunt

120 4475 390 4533 Christum
416 4474 569 4540 dico,
583 4473 672 4542 qui
705 4473 759 4527 in
786 4472 1051 4527 neminem
1084 4472 1342 4542 peccavit,
1370 4481 1425 4528 et
1457 4487 1623 4544 prope
1647 4472 1701 4528 in

117 4568 256 4623 illum
284 4566 475 4623 omnis
506 4563 736 4619 mundus
760 4563 1036 4635 peccavit;
1078 4578 1177 4619 nec
1202 4564 1377 4635 exegit
1419 4565 1706 4635 supplicia,

115 4660 201 4713 sed
234 4657 490 4731 promisit
511 4656 751 4726 prmmia.
789 4654 1059 4711 Habemus
1080 4670 1208 4727 ergo
1232 4657 1403 4728 ipsum
1434 4666 1625 4714 testem
1648 4658 1709 4714 in

114 4754 366 4811 cordibus
396 4753 618 4817 nostris,
646 4752 769 4823 quia
792 4751 835 4806 si
865 4752 917 4805 in
940 4750 1167 4822 aliquem
1200 4752 1553 4821 peccavimus.
1577 4767 1705 4808 vero

116 4846 275 4901 corde
302 4845 518 4901 veniam
547 4844 907 4915 postnlemus;
947 4841 1001 4897 si-
1018 4842 1209 4912 aliqpis
1237 4842 1290 4897 in
1323 4858 1420 4898 nos
1441 4846 1708 4914 pecmvit,

116 4940 326 4995 veniam
352 4936 483 4993 dare
503 4937 670 5006 parati
691 4936 881 5001 simus,
911 4944 967 4991 et
995 4949 1092 5004 pro
1121 4933 1348 4991 inimicis
1368 4936 1566 4992 nostris
1584 4951 1703 4993 ore-

114 5046 250 5086 mus.
274 5030 403 5085 Non
428 5036 800 5097 exspectemus
845 5026 1123 5091 vindicari,
1164 5026 1377 5083 fratres.
1417 5026 1555 5094 Quid
1596 5038 1702 5098 est,

112 5121 397 5187 vindicari,
430 5120 531 5175 nisi
561 5119 702 5174 malo
728 5118 904 5173 alieno
948 5118 1130 5187 pasci?
1168 5118 1292 5173 Scio
1335 5118 1573 5189 qu0tidie
1615 5134 1708 5175 ve-

107 5214 223 5269 nire
240 5211 705 5281 bomincs,genua
727 5209 911 5280 ﬁgere,
932 5209 1159 5265 frontem
1184 5217 1343 5263 teme
1357 5220 1644 5265 concutere
1654 5211 1697 5276 ',

109 5303 408 5377 aliquando
451 5304 657 5358 vultum
701 5316 857 5375 suum
897 5301 1150 5374 lacrymis
1175 5301 1380 5373 rigare;
1426 5314 1479 5357 et
1507 5302 1559 5356 in
1603 5301 1703 5357 ista

170 5484 184 5514 ι
216 5482 411 5549 Aliquot
442 5493 577 5544 Mss...
613 5492 696 5549 tua
748 5483 966 5549 srietttiv.
1003 5491 1144 5549 tiorte
1184 5497 1284 5549 non
1308 5485 1470 5549 male.
1507 5486 1549 5535 si
1597 5496 1706 5549 post

106 5542 385 5617 ξομμιιζῂ
406 5552 510 5617 tuta
532 5542 1011 5617 ςιιιιδάειιιὶαψυιϊιι
1028 5547 1077 5597 in
1103 5547 1249 5617 uegit)
1269 5554 1350 5596 us.
1366 5542 1703 5617 habeturflsta

105 5606 187 5655 tua
204 5606 411 5671 scientia
434 5606 496 5658 sit
536 5615 621 5659 tua
654 5607 905 5671 maeotia.
924 5636 987 5645 —
1002 5616 1074 5656 ιιι.
1109 5606 1255 5670 Lugd.
1296 5616 1434 5668 t'en.,
1459 5606 1610 5671 scito,
1632 5610 1706 5661 in-

103 5679 273 5728 φιωιι,
296 5670 355 5720 in
370 5675 455 5721 tua
474 5671 691 5729 scientia,
719 5670 809 5720 scit
830 5677 911 5719 tua
933 5671 1145 5723 scientia.
1212 5677 1269 5718 tt.

166 5733 292 5781 ’διο
314 5736 665 5797 Διιιιιιιιιςιειιιιι.
713 5732 830 5781 Editi
877 5746 1010 5792 vero,
1054 5732 1212 5783 t'ruire
1258 5731 1511 5793 hominem,
1551 5747 1705 5797 genua

102 5788 275 5852 Rere,
301 5792 455 5852 fronte
476 5788 654 5843 terram
679 5801 944 5844 eminuere.

1524 320 1757 392 “stimo
1794 322 1995 391 cc‘xu.

3267 328 3403 401 105$.

1827 455 1967 503 tanta
2022 447 2319 507 humilitate
2365 465 2427 505 ac
2466 453 2866 521 perturbatione
2890 453 3111 513 dicere:
3160 455 3404 521 Domine,

1819 539 2029 595 vindica
2073 556 2179 605 me,
2210 542 2394 597 occide
2425 544 2695 599 inimicum
2737 560 2936 601 meum.
2984 546 3151 602 Plane.
3193 563 3309 610 ora,
3350 559 3403 603 ut

1818 630 2025 685 occidat
2053 631 2326 687 inimicum
2357 642 2523 698 tuum,
2547 646 2597 690 et
2629 636 2795 691 salvet
2840 635 3053 693 fratrem
3084 645 3231 693 tuum
3261 655 3274 691 :
3307 655 3398 691 ne.

1816 719 1958 776 cidat
1987 721 2309 790 inimicitias,
2338 724 2508 781 solvet
2534 736 2796 782 naturam.
2822 726 2911 784 Sic
2935 743 3052 796 ora,
3081 738 3141 784 ut
3158 728 3401 791 vindicet

1819 820 1870 867 te
1913 814 2092 868 Deus:
2127 825 2311 884 pereat
2337 818 2430 887 qui
2478 827 2529 875 te
2572 819 3009 889 persequebatur,
3054 819 3150 875 sed
3191 831 3404 875 malum

1815 905 1910 975 qui
1933 906 2027 961 tibi
2054 906 2329 964 reddatur.

2307 1021 2537 1078 SERMO
2561 1021 2743 1078 ccxu
2767 1026 2804 1077 ο.
2833 1025 2912 1095 (ιι)

2308 1137 2357 1181 tn
2382 1132 2640 1183 traditione
2662 1132 2887 1198 Symboli,
2912 1149 2945 1184 ι.

1816 1231 1970 1288 Feria
1982 1236 2200 1287 secunda
2211 1244 2318 1305 post
2336 1234 2645 1289 Dominicam
2658 1238 2878 1305 quintam
2895 1237 3398 1310 Quadrugesimatb),

1888 1348 1939 1407 1,
1973 1346 2270 1417 Symbolum
2323 1347 2453 1403 unde
2491 1348 2700 1401 dictum.
2758 1347 2989 1420 Tempus
3034 1360 3117 1404 est
3158 1360 3211 1403 ut
3239 1347 3399 1421 Sym-

1815 1436 1995 1495 bolum
2046 1437 2351 1506 accipiatis,
2415 1453 2521 1507 quo
2587 1439 2892 1493 continetur
2950 1438 3215 1503 breviter,
3279 1455 3400 1508 pro-

1818 1539 1936 1598 pter
1980 1538 2234 1583 mternam
2297 1529 2521 1585 salutem
2548 1571 2562 1597 ,
2606 1545 2768 1585 omne
2805 1529 2943 1601 quod
2970 1530 3202 1586 creditis.
3238 1527 3395 1602 Sym-

1816 1617 1994 1673 bolum
2058 1628 2234 1675 autem
2284 1628 2617 1689 nuncupatur
2652 1635 2682 1674 a
2736 1619 3080 1676 similitudine
3135 1621 3398 1691 quadam,

1818 1709 2071 1765 translato
2117 1709 2410 1777 vocabulo;
2458 1711 2578 1782 quia
2605 1712 2904 1784 symbolum
2937 1712 3074 1767 inter
3104 1728 3163 1768 se
3203 1713 3400 1767 faciunt

1816 1808 2160 1864 mercatores,
2188 1815 2293 1869 quo
2334 1815 2517 1855 eorum
2564 1802 2789 1856 societas
2837 1812 2993 1873 pacto
3045 1802 3168 1857 ﬁdei
3215 1812 3397 1858 teneae

1816 1898 1920 1946 tur.
1973 1890 2042 1946 Et
2105 1902 2279 1946 vestra
2320 1892 2548 1947 societas
2595 1901 2676 1947 est
2730 1894 3110 1949 commercium
3160 1894 3400 1965 spiritua-

1815 1982 1969 2050 lium,
1996 1990 2052 2036 ut
2076 1982 2277 2037 similes
2314 1982 2432 2037 sitis
2462 1983 2876 2052 negotiatoribus
2900 1985 3091 2040 bonam
3144 1986 3398 2056 margari-

1817 2082 1923 2128 tam
1963 2073 2358 2145 qumreutibus(
2382 2072 2567 2127 Matth.
2597 2090 2707 2138 xm,
2728 2074 2798 2130 45
2823 2073 2863 2145 ).
2892 2074 3016 2130 llaec
3041 2085 3119 2130 est
3145 2075 3392 2139 cbaritas,

1815 2180 1935 2235 qua:
1966 2165 2291 2220 ditl‘undctur
2319 2166 2369 2219 in
2401 2166 2651 2220 cordibus
2680 2167 2867 2243 vestris
2887 2182 2981 2238 per
3002 2167 3255 2238 Spiritum
3277 2184 3395 2224 san-

1816 2267 1983 2324 ctum,
2012 2257 2105 2328 qui
2150 2257 2363 2312 dabitur
2381 2257 2531 2312 vobis
2564 2256 2582 2329 (
2610 2259 2759 2313 Rom.
2782 2276 2836 2326 v,
2858 2260 2891 2314 5
2915 2258 2956 2331 ).
2986 2260 3066 2314 Ad
3112 2260 3251 2317 hanc
3276 2279 3397 2334 per-

1816 2349 2026 2404 vcnitur
2045 2364 2113 2403 ex
2134 2346 2258 2415 lide,
2278 2364 2396 2418 qme
2424 2348 2524 2404 isto
2547 2345 2802 2420 Symbolo
2826 2350 3129 2406 continetur
3156 2371 3169 2409 :
3204 2362 3262 2407 ut
3282 2368 3398 2407 cre-

1814 2442 1953 2497 datis
2004 2442 2056 2496 in
2108 2441 2272 2496 Deum
2326 2441 2536 2496 Patrem
2580 2442 3023 2514 omnipotentem,
3054 2444 3393 2512 invisibilem,

1814 2532 2193 2599 immortalem,
2224 2547 2405 2603 regem
2444 2532 2783 2598 surculorum,
2814 2533 3098 2591 visibilium
3124 2546 3179 2591 et
3216 2537 3397 2591 invisi-

1814 2623 2000 2679 bilium
2021 2633 2314 2679 creatorem
2340 2641 2353 2685 ;
2402 2630 2458 2679 et
2484 2620 2736 2694 quidquid
2763 2623 2909 2678 aliud
2932 2624 3090 2694 digne
3107 2625 3174 2680 de
3197 2626 3287 2680 illo
3310 2628 3394 2682 vel

1814 2716 1950 2770 ratio
1967 2716 2195 2781 sincera,
2218 2715 2300 2771 vel
2321 2714 2609 2785 Scriptura:
2623 2724 2819 2769 sanctae
2835 2716 3124 2769 auctoritas
3140 2718 3393 2786 loquitur.

1812 2807 1921 2863 Nec
1950 2808 2018 2862 ab
2044 2808 2141 2863 ista
2186 2807 2495 2862 excellentia
2548 2805 2638 2861 Dei
2668 2805 2861 2862 Filium
2906 2809 3185 2879 separetis.
3215 2807 3397 2884 Neque

1812 2902 1956 2956 enim
1986 2900 2063 2955 sic
2091 2900 2188 2955 ista
2209 2898 2275 2954 de
2303 2899 2455 2955 Patre
2485 2898 2752 2963 dicuntur,
2794 2908 2851 2953 ιιι
2878 2897 2946 2953 ab
2988 2899 3078 2955 illo
3098 2900 3269 2955 aliena
3291 2902 3397 2957 sint

1813 2993 1901 3063 qui
1948 2992 2100 3055 dixit,
2136 2990 2247 3062 Ego
2292 3001 2336 3045 et
2368 2990 2523 3044 Pater
2548 3007 2705 3053 unum
2748 3007 2919 3046 suntm
2941 2990 2960 3065 (
2985 2991 3212 3058 Joan.x,
3240 2993 3347 3067 50)
3380 3014 3392 3048 :

1813 3094 1865 3139 et
1893 3083 1959 3139 de
1985 3098 2091 3153 quo
2119 3082 2407 3152 Apostolus
2433 3082 2527 3146 ait,
2559 3082 2655 3148 Qui
2686 3098 2798 3136 cum
2849 3084 2905 3136 in
2933 3088 3095 3155 {arma
3125 3084 3222 3139 Dei
3247 3098 3393 3153 (ἐκεῖ,

1813 3194 1915 3231 non
1939 3177 2175 3247 rapinam
2217 3176 2490 3230 arbitratus
2519 3184 2591 3229 est
2616 3191 2720 3229 esse
2747 3176 2957 3246 wqualfa
2996 3175 3102 3232 Deo
3128 3176 3393 3251 (Philipp.

1813 3275 1921 3332 ".6
1945 3271 1983 3339 ).
2038 3269 2240 3340 llapina
2287 3269 2481 3338 quippe
2509 3268 2781 3337 usurpatio
2810 3277 2891 3325 est
2912 3270 3068 3325 alieni
3104 3289 3116 3324 :
3147 3288 3266 3325 cum
3310 3274 3393 3325 illa

1810 3361 2086 3432 aequalitas
2108 3370 2293 3415 natura
2336 3360 2422 3414 sit.
2455 3360 2532 3414 Ac
2574 3374 2671 3430 per
2721 3359 2823 3416 hoc
2854 3361 3122 3430 quomodo
3165 3378 3267 3418 non
3296 3370 3396 3419 erit

1809 3453 2146 3523 omnipotens
2176 3451 2360 3516 Filius,
2408 3466 2503 3521 per
2530 3466 2688 3523 quem
2714 3449 2848 3505 facta
2875 3462 2998 3505 sunt
3018 3454 3230 3513 munia;
3272 3473 3393 3509 cum

1810 3544 1970 3599 etiam
2002 3544 2072 3598 sit
2112 3540 2294 3596 Virtus
2329 3550 2384 3596 et
2427 3539 2695 3610 Sapientia
2743 3539 2878 3608 Dei(
2910 3539 2926 3593 l
2954 3537 3071 3594 Cor.
3098 3556 3143 3605 ι,
3168 3541 3239 3595 24
3263 3542 3303 3610 ),
3327 3544 3395 3597 de

1811 3650 1917 3706 qua
1943 3634 2199 3704 scriptum
2218 3640 2321 3695 est,
2342 3631 2483 3702 quod
2509 3647 2622 3685 cum
2637 3631 2701 3686 sit
2723 3647 2845 3697 una,
2862 3632 3033 3684 omnia
3052 3642 3213 3701 potest
3236 3635 3389 3704 (Sup.

1810 3742 1903 3793 vn,
1925 3725 1993 3779 27
2015 3724 2072 3795 )‘I
2089 3724 2181 3778 Est
2197 3731 2379 3777 autem
2394 3721 2551 3776 etiam
2578 3731 2766 3775 natura
2792 3720 3091 3788 invisibilis,
3118 3723 3169 3777 in
3188 3740 3249 3778 ea
3279 3725 3390 3795 ipsa

1809 3819 2002 3886 forma,
2029 3818 2080 3872 in
2107 3832 2208 3888 qua
2238 3814 2457 3885 acqualis
2482 3822 2565 3869 est
2601 3812 2765 3868 Patri.
2799 3812 2997 3869 Natura
3026 3816 3221 3886 quippe
3251 3817 3390 3871 invi.

1809 3908 1963 3965 sibile
1986 3918 2068 3963 est
2093 3905 2319 3961 Verbum
2345 3904 2457 3967 Dei,
2480 3902 2623 3975 quod
2648 3901 2978 3979 inprincipio
3003 3915 3138 3970 erat,
3170 3914 3225 3960 et
3253 3909 3394 3962 Dens

1810 4000 1965 4072 erat(
1990 3998 2146 4054 Joan.
2174 4013 2221 4066 ι,
2244 3997 2300 4064 5,
2325 3997 2351 4053 1
2384 3995 2437 4069 ):
2467 3995 2519 4050 in
2544 4009 2646 4066 qua
2659 4004 2846 4051 natura
2877 3995 3037 4051 etiam
3064 3996 3386 4053 immortalis

1870 4174 1890 4196 ⁶
1916 4171 2286 4224 Emeudatusad
2307 4169 2369 4222 cl.
2394 4184 2437 4221 r.
2464 4185 2511 4221 v.
2535 4176 2646 4222 ιον.

1870 4257 1944 4393 iii
1960 4255 2684 4393 ιιΞέ
2710 4317 2838 4393 ψειά
2865 4318 3205 4393 meamea-
3251 4332 3306 4376 Αι
3342 4327 3398 4377 ιιι

2076 4389 2157 4430 Ms.
2203 4385 2414 4447 notatur,
2444 4395 2469 4447 ει
2504 4379 2827 4447 Βοωιιιιωξὶιι
2860 4381 3010 4447 ramis
3043 4381 3391 4447 palmarum"

1806 4451 1861 4494 In
1881 4442 2043 4506 Regio,
2076 4460 2099 4488 ι
2118 4442 2256 4492 Feria
2276 4439 2490 4506 secunda
2512 4455 2582 4506 τι»⁸
2599 4447 2711 4506 post.
2747 4441 2899 4506 ipsam
2934 4439 3162 4506 videlicet
3182 4439 3397 4501 lNﬂllitli'

1805 4519 1912 4556 eam
1943 4501 2235 4570 palmarum;
2259 4501 2668 4570 quandoquidem
2697 4501 2784 4553 isti
2821 4503 3077 4570 Dominicaa
3118 4509 3397 4570 assignatur

1984 4567 2077 4636 sui
2104 4564 2311 4636 διιοίξιιί
2729 4565 2994 4636 ειηιωεειίιε
3032 4564 3252 4636 Tenui
3286 4576 3396 4636 qu:-

1805 4629 1919 4679 dem
1938 4623 2146 4693 Isidorus
2161 4625 2349 4693 inlibro
2372 4626 2394 4674 1
2420 4625 2486 4693 de
2504 4624 2584 4693 Qf._
2600 4623 2724 4675 Eccl.
2740 4640 2849 4693 _cap.
2864 4624 2950 4693 27,
2969 4628 3239 4693 Symbolum
3260 4623 3392 4685 txitu-

1806 4691 2091 4753 petentibus
2119 4688 2243 4739 tradi
2271 4687 2368 4753 _die
2409 4686 2644 4737 dominica
2976 4686 3114 4740 :‘sed
3149 4704 3243 4741 non
3285 4702 3396 4748 eral

1807 4750 2125 4802 Ecetesiarum
2153 4750 2369 4800 omnium
2402 4761 2502 4798 una
2524 4758 2576 4801 et
2601 4757 2828 4800 constans
2862 4751 3046 4806 ubique
3068 4758 3396 4806 consuetudo.

1806 4820 2005 4878 name:
2028 4813 2216 4878 ordinis
2239 4812 2429 4878 Romani
2453 4812 2747 4878 praescripto,
2771 4812 3043 4878 symboiun
3069 4813 3193 4878 feria
3217 4826 3397 4878 quarta

1806 4872 2487 4937 hebdomadmiquartgsimul
2518 4884 2629 4921 cum
2654 4872 2883 4937 oratione
2904 4874 3138 4937 dominica
3161 4872 3396 4927 tradeba-

1806 4943 1906 4997 tur,
1925 4934 2227 4997 reddendum
2247 4934 2448 4984 satan
2471 4939 2636 4982 sancto
2886 4935 3220 4997 eamdemque
3242 4939 3400 4987 ritum

1805 4991 2038 5068 ᾷςξάίὺίι
2058 4994 2319 5068 emittitis
2340 5000 2661 5068 remees.
2674 4991 2797 5068 13959
2810 4993 2843 5068 ,ι
2856 4991 2940 5068 3³9
2967 4995 3102 5068 οῖδα,
3131 4991 3245 5068 ειεξιτ
3262 4999 3400 5068 8-)"-

1807 5058 1966 5108 Africtr
1995 5069 2131 5116 vero,
2154 5062 2301 5118 etate
2338 5054 2610 5118 Augustini,
2637 5054 2844 5118 δμὼς)ιὶ
2861 5056 3066 5118 seat-sim
3088 5054 3280 5108 traditio
3303 5060 3398 5109 lle,

1806 5119 1892 5182 bat
1906 5121 1991 5169 die
2010 5115 2126 5167 ante
2158 5117 2330 5182 Pascha
2351 5115 2513 5167 serius
2542 5115 2680 5182 ocius
2704 5116 2874 5182 quinto
2889 5115 3096 5182 decimo.
3119 5118 3302 5182 dieque
3324 5124 3400 5171 ab

1807 5179 1919 5231 hinc
1939 5186 2110 5229 octavo
2146 5178 2387 5240 redditio:
2414 5184 2520 5240 post
2543 5177 2865 5240 redditionem
2895 5178 3096 5240 Symboli
3138 5177 3248 5230 moi
3273 5186 3388 5232 Sili)-

1807 5245 2106 5305 sequetatur
2128 5239 2320 5313 traditio
2340 5238 2589 5311 dmninietc
2605 5239 2851 5297 orationis,
2871 5238 3134 5289 reddenda:
3158 5250 3263 5303 post
3277 5253 3400 5294 octo-

1807 5304 1936 5350 dies.
1959 5310 2055 5350 nos
2075 5304 2168 5350 iste
2192 5300 2373 5350 liquido
2402 5298 2673 5350 exnitcatur
2712 5301 2913 5350 exordio
2947 5308 3228 5350 sermonum
3248 5306 3311 5350 58
3334 5313 3394 5350 ex

1807 5304 1936 5354 dies.
1959 5310 2055 5352 uos
2075 5304 2168 5353 iste
2192 5304 2373 5363 liquido
2402 5304 2673 5363 explicatur
2712 5304 2913 5350 exordio
2947 5308 3228 5351 sermonum
3248 5306 3311 5354 58
3334 5313 3394 5356 cr

1807 5365 1887 5416 59.
1914 5364 2241 5412 ttedditiouem
2264 5361 2465 5411 alterum
2485 5359 2687 5425 Symlxili
2727 5361 2989 5425 iaciendum
3025 5364 3107 5412 die
3129 5366 3313 5416 sabbati
3335 5369 3390 5418 i.t

1811 5500 1890 5548 bu,
1915 5502 1997 5537 nn.
2028 5500 2044 5535 ι
2067 5500 2119 5535 et
2143 5500 2219 5545 to,
2246 5500 2342 5547 nnq
2363 5500 2407 5534 te
2428 5500 2611 5535 euerte
2649 5500 2885 5546 sngutumt
2905 5500 2922 5534 (
2941 5500 3139 5536 rauouts
3155 5500 3386 5539 mtuum-

1811 5563 1926 5598 netu
1949 5562 2044 5619 non
2067 5548 2280 5619 incidere
2306 5547 2352 5595 iu
2378 5545 2755 5619 t'nu‘tt‘b'ntndient
2774 5548 2970 5619 sabbati
2986 5549 3232 5619 [{awbalis.
3261 5558 3389 5619 lianc

1810 5619 1973 5675 tamen
1998 5611 2103 5675 ipse
2127 5611 2174 5657 in
2198 5617 2429 5675 sermone
2454 5607 2560 5665 337,
2580 5607 2661 5675 die
2686 5608 2871 5657 ras‘cluc
2896 5609 3074 5667 habito,
3098 5609 3399 5675 indicatjanr

1810 5673 1997 5724 factam.
2020 5670 2105 5719 bis
2126 5672 2322 5718 verbis:
2365 5687 2386 5714 ιι
2410 5676 2525 5718 Pcw
2550 5670 2629 5717 ubi
2656 5678 2731 5718 est
2755 5680 2947 5729 peracta
2970 5670 3389 5728 sanetilieatiofdi-

1818 5751 1839 5779 α
1862 5734 2015 5796 citnus
2044 5734 2311 5781 orationem
2344 5731 2643 5791 dominicam,
2681 5745 2821 5795 quam
2852 5733 3106 5796 aecetistis
3134 5741 3187 5784 et
3223 5734 3393 5784 reddi-

1816 5811 1842 5843 s
1862 5794 2014 5844 distis.
2039 5809 2060 5839 ι
