3886 6188
422 341 443 394 ι
453 342 557 396 059

415 456 653 520 omnino,
686 453 738 508 id
768 461 849 508 est
883 452 1030 507 omni
1082 451 1244 506 modo
1299 450 1744 505 incommutabilis
1794 458 1992 503 manet.

416 546 546 600 Nam
575 555 631 600 et
670 545 844 598 anima
878 542 1107 598 humana
1135 541 1429 598 secundum
1466 539 1750 612 quemdam
1783 541 1998 594 modum

415 637 609 690 dicitur
656 634 1012 688 immortalis:
1045 632 1137 688 sed
1165 641 1381 687 nonest
1427 645 1549 685 vera
1603 630 1996 693 inunortalitas,

417 729 502 782 ubi
535 736 676 782 tanta
707 737 789 782 est
813 727 1160 792 mutabilitas,
1181 734 1280 797 per
1298 740 1456 794 quam
1475 734 1527 780 ct
1552 723 1784 778 deiicere
1801 733 1854 776 et
1880 737 1998 790 pro-

415 827 574 878 iicere
605 829 798 892 potest.
833 820 983 876 Unde
1009 835 1155 874 mors
1176 821 1293 887 ejus
1311 825 1413 882 est,
1443 817 1662 871 alienari
1703 830 1732 868 a
1762 814 1864 867 vita
1902 813 1993 866 Dei

417 930 512 983 per
541 912 890 982 ignorantiam
908 927 1024 982 qua:
1051 919 1133 964 est
1154 909 1208 963 iu
1239 910 1322 963 illa
1347 928 1358 962 :
1386 909 1490 962 vita
1519 922 1647 963 vero
1668 906 2000 976 ejus,curre-

417 1019 474 1058 re
501 1003 566 1056 ad
599 1002 800 1057 fontem
830 1001 972 1064 vitae,
1004 1008 1062 1055 ut
1090 1000 1141 1056 in
1172 999 1372 1054 lumine
1423 997 1516 1053 Dei
1572 997 1750 1051 videat
1797 995 1996 1050 lumen.

414 1095 717 1150 Secundum
734 1109 893 1164 quam
914 1093 1074 1147 vitam
1105 1093 1265 1147 etiam
1289 1107 1381 1146 vos
1411 1107 1506 1160 per
1549 1089 1747 1145 Christi
1775 1089 1998 1158 gratiam

417 1186 741 1241 reviviscetis
786 1200 815 1238 a
847 1195 1020 1239 morte
1060 1183 1310 1254 quadam,
1352 1183 1437 1236 cui
1482 1180 1815 1236 renuntiatis.
1867 1179 2000 1232 Ver-

419 1279 546 1332 bum
563 1287 741 1332 autem
771 1277 861 1332 Dei
885 1277 1026 1348 quod
1056 1285 1139 1331 est
1165 1276 1467 1345 unigenitus
1484 1265 1668 1337 Filius,
1687 1276 1808 1327 cum
1842 1273 2000 1326 Patre

415 1383 630 1439 semper
659 1367 1162 1425 ineommutabiliter
1191 1368 1353 1431 vivit;
1376 1381 1474 1420 nec
1500 1365 1696 1430 deﬁcit,
1716 1365 1835 1434 quia
1875 1379 1998 1433 pcr-

416 1463 622 1517 mansio
645 1478 749 1516 non
768 1461 1024 1516 minuitur
1045 1477 1059 1525 ;
1081 1475 1178 1516 nec
1205 1459 1432 1529 prolicit,
1460 1460 1582 1529 quia
1607 1458 1864 1528 perfectio
1893 1473 1998 1511 non

413 1562 658 1622 augetur.
693 1552 788 1607 Est
812 1551 972 1605 etiam
1005 1551 1119 1620 ipse
1167 1549 1482 1603 szeculorum
1514 1546 1801 1602 visibilium
1833 1555 1886 1600 et
1913 1547 1996 1600 in-

414 1643 697 1698 visibilium
743 1650 1000 1697 creator:
1032 1642 1175 1712 quia,
1235 1631 1376 1694 sicut.
1425 1639 1553 1694 dicit
1597 1639 1900 1708 Apostolus,
1932 1637 1997 1692 1n

413 1736 524 1802 ipso
563 1734 764 1788 condita
793 1742 910 1787 sunt
939 1733 1108 1786 omnia
1136 1732 1187 1785 in
1217 1732 1340 1784 caelo
1365 1742 1411 1784 et
1442 1731 1494 1784 iu
1529 1741 1682 1794 terra,
1711 1726 1924 1784 visibilia
1951 1739 1998 1783 et

413 1825 679 1878 inuisibilia
702 1840 721 1888 ;
766 1825 869 1878 sive
893 1821 1108 1888 Throui,
1132 1824 1232 1876 sire
1258 1823 1658 1886 ltomiuationes,
1682 1824 1781 1876 sive
1803 1820 1998 1875 Princi-

416 1929 585 1988 patus,
618 1917 720 1971 sive
743 1913 1021 1970 Potestates
1045 1934 1062 1968 :
1087 1916 1254 1968 omnia
1285 1916 1335 1968 in
1357 1916 1467 1983 ipso
1496 1924 1540 1968 et
1569 1931 1656 1980 per
1673 1915 1834 1982 ipsimi
1859 1925 2000 1966 crea-

414 2020 466 2063 ta
495 2018 631 2075 sunt,
663 2015 708 2063 et
733 2009 903 2062 omnia
932 2004 1008 2062 illi
1030 2008 1296 2080 constaut(
1325 2007 1518 2064 Coloss.
1548 2026 1580 2071 I,
1615 2007 1698 2070 16,
1738 2007 1863 2079 l7).
1891 2006 1994 2062 Sed

414 2100 663 2170 quoniam
685 2100 1004 2170 semetipsum
1030 2095 1326 2161 exiuauivit,
1349 2113 1453 2152 non
1480 2098 1704 2152 formam
1731 2099 1818 2152 Dei
1843 2100 1998 2151 :unit-

416 2203 555 2258 teus,
579 2191 674 2246 sed
713 2193 930 2263 formam
955 2187 1085 2244 servi
1117 2189 1365 2260 accipiens
1387 2191 1404 2258 (
1428 2187 1654 2261 Philipp.
1683 2206 1740 2250 ιι,
1764 2192 1793 2244 7
1823 2191 1874 2260 );
1903 2206 1995 2260 per

416 2283 551 2337 hanc
580 2281 804 2337 formam
834 2281 974 2336 servi
1022 2279 1303 2336 invisibilis
1349 2280 1491 2334 visus
1537 2292 1617 2335 est
1644 2299 1656 2332 :
1689 2280 1808 2350 quia
1840 2291 1995 2334 natus

412 2371 576 2428 estde
601 2372 801 2442 Spiritu
830 2379 1012 2426 sancto
1043 2380 1096 2426 et
1123 2369 1281 2424 Maria
1311 2368 1512 2440 virgine
1537 2369 1574 2422 ‘.
1608 2370 1660 2424 In
1698 2369 1798 2426 hac
1827 2370 1991 2425 forma

413 2463 553 2520 servi
580 2461 875 2517 infirmatus
900 2470 983 2516 est
1003 2461 1342 2531 omnipotens
1372 2477 1385 2514 :
1427 2462 1547 2531 quia
1577 2471 1766 2530 passus
1787 2471 1868 2516 est
1894 2461 1994 2516 sub

415 2555 604 2610 Pontio
637 2554 828 2609 Pilato.
879 2553 982 2608 Per
1038 2553 1175 2607 hanc
1215 2551 1435 2606 formam
1488 2552 1648 2616 servi,
1681 2552 1993 2607 immortalis

413 2657 654 2702 mortuus
675 2655 792 2701 est:
822 2645 944 2716 quia
968 2643 1250 2699 cruciﬁxus
1267 2654 1348 2700 est
1375 2651 1428 2699 et
1447 2645 1700 2714 sepultus.
1730 2645 1830 2699 Per
1857 2645 1992 2699 hanc

414 2740 638 2794 formam
685 2737 847 2803 servi,
877 2753 969 2793 rex
1013 2737 1327 2792 szeculorum
1354 2735 1440 2791 die
1486 2736 1642 2792 tertio
1680 2737 1988 2790 resurrexit.

415 2831 664 2886 Perhanc
686 2830 911 2885 formam
930 2829 1074 2885 servi
1102 2823 1386 2885 visibilium
1407 2838 1460 2883 et
1480 2828 1820 2883 invisibiliuzn
1849 2844 1993 2884 crea.

413 2933 497 2977 tor
520 2921 757 2977 ascendit
782 2921 834 2975 in
873 2919 1093 2985 ctelum,
1120 2918 1262 2974 unde
1307 2935 1578 2989 nunquam
1622 2920 1862 2975 receSsit.
1892 2919 1992 2974 Per

415 3015 550 3069 lianc
578 3013 798 3067 lormam
826 3011 988 3077 servi,
1016 3010 1165 3066 sedet
1187 3009 1251 3064 ad
1280 3009 1552 3065 dexteram
1581 3009 1772 3074 Patris,
1796 3010 1884 3079 qui
1909 3019 1993 3066 est

415 3103 688 3158 brachium
714 3102 916 3158 Patris:
947 3102 1014 3156 de
1041 3118 1146 3169 quo
1170 3101 1296 3155 dicit
1321 3101 1602 3170 prOpheta,
1639 3099 1706 3154 Et
1732 3101 1992 3155 brachium

420 3196 621 3250 Domini
650 3195 732 3248 cui
751 3195 1022 3248 revelatum
1042 3203 1112 3248 est
1137 3194 1154 3263 (
1191 3193 1316 3248 lsai.
1344 3205 1452 3258 LIII,
1485 3193 1536 3264 Ι)
1557 3192 1652 3246 Hu
1691 3193 1790 3248 hac
1819 3193 1986 3248 forma

415 3287 575 3351 servi,
601 3296 852 3341 venturus
873 3295 956 3340 est
978 3285 1215 3354 judicare
1243 3285 1388 3339 vivos
1423 3296 1476 3340 et
1500 3294 1737 3340 mortuos
1761 3304 1773 3338 :
1805 3286 1854 3340 in
1885 3302 1990 3358 qua

419 3378 684 3446 particeps
711 3392 831 3432 esse
875 3377 1039 3431 voluit
1071 3387 1422 3442 mortuorum,
1452 3393 1571 3432 cum
1620 3378 1691 3432 sit
1716 3378 1818 3433 vita
1848 3381 1992 3434 vivo-

418 3486 553 3524 ιιιιιι.
584 3470 686 3524 Per
713 3469 884 3540 ipsum
929 3470 1082 3525 nobis
1109 3471 1338 3540 Spiritus
1387 3481 1601 3526 sanctus
1630 3475 1825 3528 missus
1850 3484 1934 3530 est
1961 3491 1990 3529 a

420 3561 592 3628 Patre,
616 3571 667 3617 et
696 3561 763 3615 ab
790 3561 924 3631 ipso.
951 3561 1182 3630 Spiritus
1203 3559 1382 3618 Patris
1417 3573 1470 3618 et
1501 3560 1617 3619 Filii
1661 3567 1729 3621 ab
1769 3576 1994 3638 utroque

417 3656 632 3723 missus,
679 3670 708 3709 a
741 3654 886 3710 nullo
937 3656 1144 3726 genitus
1175 3673 1188 3708 :
1219 3657 1392 3710 unitas
1434 3658 1730 3723 amborum,
1775 3661 1996 3731 aequalis

416 3746 692 3800 ambobus.
725 3745 848 3800 llzcc
883 3744 1117 3801 Trinitas
1145 3761 1282 3802 unus
1316 3747 1459 3803 Deus
1485 3757 1586 3815 est,
1633 3751 1994 3821 omnipotens,

419 3837 716 3904 invisibilis,
750 3854 840 3892 rex
867 3838 1206 3905 saeculorum,
1251 3841 1536 3896 visibilium
1569 3851 1622 3897 et
1650 3843 1995 3899 iuvisibilium

415 3940 640 3984 creator.
673 3929 854 4000 Neque
879 3931 1019 3985 enim
1047 3941 1156 3986 tres
1198 3932 1463 3999 dominos,
1499 3943 1590 3987 aut
1618 3943 1726 3989 tres
1757 3937 2002 4005 omnipo-

420 4032 610 4086 tentes,
640 4030 730 4076 aut
749 4033 855 4078 tres
873 4031 1160 4087 creatores,
1182 4031 1272 4078 aut
1291 4024 1540 4094 quidquid
1566 4025 1708 4079 aliud
1727 4025 1793 4080 de
1823 4027 2001 4083 excel-

421 4113 578 4166 lentia
612 4112 701 4166 Dei
722 4113 824 4167 dici
853 4123 1044 4184 potest,
1074 4113 1334 4169 dicimus:
1368 4115 1491 4184 quia
1523 4131 1620 4171 nec
1649 4127 1756 4172 tres
1781 4118 1875 4186 dii,
1903 4119 1997 4175 scd

423 4219 559 4258 unus
584 4204 743 4259 Deus.
775 4206 1028 4274 Quamvis
1054 4209 1104 4261 in
1151 4206 1250 4261 hac
1293 4207 1550 4263 Trinitate
1597 4209 1754 4265 Pater
1782 4227 1886 4281 non
1931 4212 2000 4266 sit

425 4295 606 4362 Filius,
639 4305 696 4351 et
745 4295 909 4352 Filius
954 4314 1058 4353 non
1111 4301 1182 4354 sit
1211 4299 1386 4362 Pater,
1418 4311 1473 4355 et
1500 4301 1733 4370 Spiritus
1779 4313 1997 4359 sanctus

425 4401 524 4442 nec
553 4386 716 4442 Filius
741 4389 804 4443 sit
840 4404 937 4443 nec
985 4390 1140 4444 Pater
1169 4409 1180 4443 :
1211 4391 1304 4446 sed
1336 4391 1426 4446 ille
1455 4392 1612 4448 Pater
1635 4393 1778 4463 Filii,
1799 4395 1884 4451 ille
1915 4395 2002 4451 Fi-

427 4479 524 4530 lius
552 4478 742 4539 Patris,
778 4478 863 4532 ille
889 4479 1116 4548 Spiritus
1142 4481 1314 4535 Patris
1330 4491 1385 4536 et
1405 4482 1543 4538 Filii.
1569 4485 1803 4556 Credite,
1829 4497 1886 4541 ut
1917 4488 2000 4542 in-

427 4567 701 4634 telligatis.
752 4566 862 4622 Nisi
921 4569 1063 4622 enim
1112 4571 1465 4638 credideritis,
1527 4591 1632 4630 uou
1697 4577 2001 4650 intelligetis

430 4659 450 4729 (
479 4656 602 4712 lsai.
623 4674 714 4722 vII,
747 4658 800 4723 9,
819 4674 918 4712 sec.
964 4659 1106 4714 LXX
1139 4659 1180 4732 ).
1207 4662 1282 4715 Es
1312 4661 1411 4717 hac
1440 4664 1542 4718 [ide
1570 4668 1790 4736 gratiam
1817 4684 2001 4738 Spera--

429 4759 479 4802 te
513 4765 525 4802 :
557 4748 606 4802 in
655 4763 758 4818 qua
789 4748 935 4803 vobis
983 4761 1201 4820 peccata
1247 4753 1423 4806 omnia
1471 4753 1822 4811 diniittentur.
1871 4759 2003 4814 lline

421 4844 562 4896 enim
591 4842 718 4896 salvi
739 4841 911 4908 eritis,
941 4859 1045 4896 non
1071 4858 1137 4898 es
1170 4844 1320 4900 vobis
1351 4864 1362 4899 :
1397 4847 1490 4902 Dei
1516 4849 1656 4903 enim
1675 4850 1872 4906 donum
1897 4862 2001 4908 est.

424 4931 550 4987 l'ost
579 4931 714 4985 hanc
743 4931 900 4986 etiam
956 4941 1204 5002 mortem,
1253 4952 1373 5006 qua:
1404 4937 1454 4992 in
1483 4954 1669 4995 omnes
1694 4943 2000 5011 pertransit,

420 5038 539 5091 qua:
559 5023 810 5078 vetustati
843 5024 998 5092 primi
1031 5024 1264 5082 hominis
1309 5028 1552 5096 debetur,
1602 5042 1814 5100 sperate
1841 5033 2001 5089 etiam

422 5113 474 5166 in
498 5112 604 5170 line
645 5124 944 5170 vestrorum
974 5131 1257 5186 corporqu
1287 5123 1731 5179 resurrectionem
1765 5143 1777 5177 :
1808 5143 1910 5181 non
1937 5128 2003 5183 ad

423 5204 698 5275 passiones
725 5205 993 5272 dolorum,
1014 5209 1150 5264 sicut
1169 5215 1525 5269 resurrecturi
1552 5227 1674 5271 sunt
1695 5219 1872 5288 impii;
1905 5237 2002 5278 nec

421 5295 486 5348 ad
513 5295 700 5366 gaudia
718 5297 1010 5352 carnalium
1028 5297 1438 5367 desideriorum,
1463 5305 1597 5357 sicut
1619 5315 1803 5375 putant
1827 5310 2000 5364 stulti:

420 5385 514 5440 sed
546 5385 681 5440 sicut
729 5388 1015 5456 Apostolus
1052 5389 1145 5455 ait,
1203 5391 1498 5448 Semiuatur
1534 5412 1718 5464 corpus
1763 5399 2004 5468 animale,

423 5491 593 5549 surget
620 5497 805 5553 corpus
849 5483 1110 5553 spirituale
1142 5484 1202 5556 (I
1239 5483 1358 5541 Cor.
1392 5503 1479 5551 xv,
1509 5490 1576 5544 54
1604 5489 1646 5562 ),
1672 5502 1727 5545 ιιι
1760 5494 1869 5562 jam
1899 5510 2002 5550 non

425 5581 684 5642 aggravet
730 5571 961 5628 animam
990 5575 1008 5645 (
1037 5571 1166 5647 δίῳ.
1201 5591 1272 5643 ts,
1315 5578 1381 5632 15
1411 5577 1452 5649 ),
1485 5596 1582 5635 ncc
1614 5581 1772 5636 ullam
1803 5594 2006 5655 qiuurat

483 5747 500 5777 ¹
528 5748 599 5797 sic
623 5751 672 5798 in
691 5754 1042 5815 manuscriptis.
1071 5762 1124 5805 Αι
1147 5757 1195 5805 in
1230 5759 1387 5819 editis,
1413 5773 1476 5811 ex
1513 5765 1657 5813 "mia
1685 5766 1859 5828 tiri/ine

1595 337 1650 390 S.
1694 333 2057 390 Al‘GUaTINl
2102 333 2398 390 liPlSCOPI

3554 343 3670 396 1061)

2116 450 2475 512 teli-rtiunmn,
2508 453 2625 520 quia
2657 453 2852 507 nullam
2883 453 3106 522 patietur
3133 453 3503 510 deiectionem.

2177 539 2226 591 2.
2255 541 2551 610 Symbolum
2601 545 2839 597 ineiimria
2882 545 3172 611 tenendum,
3210 563 3383 614 quare.
3419 547 3560 602 Hinc
3584 549 3666 616 igi-

2107 639 2190 682 tur
2220 631 2431 684 brevem
2487 648 2790 689 sermonem
2841 635 2906 689 de
2948 637 3198 691 universo
3235 638 3492 708 Symbolu
3539 642 3672 692 vobis

2105 720 2339 777 debitum
2369 725 2596 789 reddidi,
2641 727 2693 780 iu
2734 742 2840 798 quo
2889 727 3142 799 Syinbolo
3192 728 3333 799 quod
3381 731 3670 795 audieritis,

2107 822 2271 869 totum
2297 815 2346 867 in
2374 815 2476 869 isto
2491 831 2740 872 sermone
2759 828 2945 873 nostro
2969 819 3201 874 breviter
3214 821 3498 875 collectum
3525 837 3674 892 agno.

2105 907 2286 960 scetis.
2317 906 2425 961 Nec
2453 918 2509 961 ut
2556 908 2743 964 eadem
2795 911 2954 965 verba
3006 910 3246 982 Syniboli
3279 913 3525 978 teneatis,
3580 913 3680 968 ullo

2105 1002 2265 1057 modo
2284 1003 2490 1057 debetis
2514 1004 2782 1068 scribere;
2813 1003 2907 1059 sed
2932 1003 3198 1059 audiendo
3214 1003 3554 1074 perdiscere;
3587 1022 3677 1060 nec

2103 1107 2224 1146 cum
2259 1093 2570 1158 didiceritis,
2609 1094 2885 1159 scribere;
2933 1094 3028 1149 sed
3060 1096 3315 1149 memoria
3365 1110 3578 1165 semper
3606 1109 3675 1149 te-

2106 1199 2232 1238 nere
2257 1195 2418 1254 atque
2446 1185 2706 1240 recolere.
2733 1184 2999 1255 Quidquid
3039 1185 3182 1241 enim
3213 1186 3264 1239 in
3306 1185 3562 1258 Symbolo
3584 1203 3675 1239 au-

2103 1275 2263 1330 dituri
2290 1277 2440 1339 estis,
2471 1277 2522 1330 in
2548 1277 2742 1332 divinis
2756 1293 3026 1333 sacrarum
3074 1278 3468 1348 Seriptururum
3498 1280 3674 1333 litteris

2103 1367 2424 1421 continetur.
2463 1367 2567 1423 Sed
2616 1368 2757 1438 quod
2810 1370 2879 1422 ita
2915 1369 3204 1424 collectum
3269 1379 3325 1424 et
3368 1370 3419 1424 in
3461 1369 3670 1424 formam

2103 1459 2382 1528 quamdam
2407 1460 2679 1514 redactum
2709 1476 2816 1515 non
2864 1461 2986 1515 licet
3032 1462 3214 1527 scribi,
3247 1463 3667 1516 commemoratio

2106 1548 2163 1602 lit
2189 1549 2557 1618 promissionis
2577 1550 2692 1615 Dei,
2736 1551 2824 1604 tibi
2855 1567 2948 1620 per
2969 1551 3282 1621 proiihetam
3327 1553 3662 1620 prtenuntiani

2105 1638 2503 1693 Testamentum
2550 1655 2742 1693 uovuiu
2809 1639 2942 1693 dixit
2981 1659 2992 1693 :
3035 1639 3149 1694 Hoc
3190 1650 3262 1694 est
3317 1641 3657 1696 Testamentum

2103 1729 2237 1797 quod
2265 1727 2508 1782 ordiuabo
2528 1729 2599 1783 eis
2621 1739 2732 1798 post
2774 1729 2880 1783 dies
2900 1730 3035 1794 illos,
3075 1730 3194 1782 dicit
3226 1729 3488 1796 Dominus,
3511 1734 3656 1788 dando

2106 1821 2263 1893 legem
2284 1837 2443 1874 meant
2471 1821 2522 1874 in
2547 1831 2708 1875 mente
2727 1837 2919 1882 eorum,
2952 1830 2997 1873 et
3018 1822 3069 1873 iu
3095 1823 3246 1874 corde
3273 1839 3447 1876 eorum
3469 1826 3651 1878 scribam

2104 1929 2212 1966 eam
2234 1915 2252 1982 (
2274 1911 2463 1966 Jereiu.
2495 1928 2640 1976 sui,
2664 1912 2734 1966 53
2758 1913 2797 1980 ).
2825 1911 2990 1980 llujus
3012 1913 3087 1966 rei
3111 1913 3472 1981 signiﬁcantur:
3494 1932 3648 1979 causa,

2105 2005 2369 2060 audiendo
2420 2005 2721 2075 symbolum
2766 2003 3028 2059 discitur:
3058 2019 3157 2058 nec
3193 2006 3244 2056 in
3276 2003 3486 2071 tabulis,
3513 2009 3583 2060 vel
3607 2009 3647 2060 in

2105 2096 2278 2163 aliqua
2332 2096 2572 2158 materia,
2613 2095 2707 2150 sed
2763 2096 2814 2148 in
2847 2094 3010 2148 corde
3059 2095 3314 2148 scribitur
3342 2098 3380 2147 ί.
3412 2097 3650 2152 Prmstabit

2105 2188 2194 2242 ille
2221 2187 2308 2253 qui
2341 2200 2436 2240 vos
2461 2187 2666 2242 vocavit
2700 2186 2764 2238 ad
2807 2201 2960 2239 suum
2991 2199 3208 2254 regnum
3265 2195 3318 2240 et
3353 2187 3577 2256 gloriam,
3606 2201 3650 2241 ιιι

2104 2281 2216 2349 ejus
2243 2279 2406 2349 gratia
2459 2260 2786 2348 regeneratis
2837 2277 3011 2343 vobis,
3059 2277 3218 2330 etiam
3257 2278 3450 2348 Spiritu
3496 2291 3650 2334 sancto

2103 2373 2363 2427 scribatur
2390 2371 2441 2424 iu
2477 2372 2731 2425 c0rdibus
2759 2372 2985 2436 vestris;
3017 2381 3070 2425 ut
3099 2371 3242 2440 quod
3261 2371 3471 2426 creditis
3495 2373 3652 2442 diligae

2104 2466 2190 2528 tis,
2219 2473 2270 2516 et
2295 2462 2426 2516 fides
2457 2477 2552 2532 per
2580 2461 2919 2515 dilectionem
2943 2472 3192 2532 operetur
3220 2463 3272 2516 in
3304 2464 3483 2529 vobis;
3511 2479 3568 2518 ac
3590 2466 3654 2519 sic

2104 2555 2328 2608 Domino
2360 2555 2470 2610 Deo
2523 2555 2758 2624 largitori
2813 2557 3075 2608 bonorum
3127 2555 3366 2609 omnium
3417 2556 3659 2625 placeatis,

2104 2662 2209 2699 non
2243 2646 2503 2700 serviliter
2522 2645 2759 2699 timendo
2789 2661 3020 2714 pinnam,
3049 2645 3140 2698 sed
3189 2645 3473 2701 liberaliter
3499 2663 3662 2700 ainan-

2101 2737 2170 2790 do
2190 2737 2470 2806 justitiam.
2504 2736 2612 2790 [loc
2641 2745 2723 2790 est
2750 2752 2878 2805 ergo
2904 2735 3236 2806 Symbolum,
3262 2739 3401 2806 quod
3423 2739 3557 2793 vobis
3583 2756 3663 2808 per

2102 2829 2406 2896 Scripturas
2427 2838 2480 2882 et
2498 2842 2773 2882 sermones
2804 2829 3197 2882 ecclesiasticos
3219 2830 3534 2886 insinuatqu
3561 2843 3664 2886 est:

2100 2919 2194 2974 sed
2219 2921 2319 2975 sub
2365 2920 2464 2974 hac
2501 2919 2648 2974 brevi
2700 2919 2870 2973 forma
2922 2919 3164 2972 ﬁdelibus
3208 2923 3597 2978 C0ll\i>l0lldlllll
3623 2934 3672 2980 et

2101 3013 2481 3082 proﬁciendum
2500 3023 2601 3077 est.
3337 3023 3340 3026 ’

2556 3124 2786 3181 soluto
2821 3124 3061 3182 CCXIII‘
3090 3125 3191 3198 (α).

2529 3241 2575 3287 tu
2613 3238 2868 3288 traditione
2910 3237 3143 3304 Symboli,
3186 3254 3240 3288 ιι.

2169 3352 2393 3410 CAPUT
2432 3353 2712 3408 PRIMUM.
2731 3383 2803 3393 —-
2829 3355 2877 3408 l.
2912 3353 3210 3424 Symbolum
3238 3355 3381 3426 quid.
3409 3355 3538 3411 Deus
3555 3373 3671 3423 quc-

2101 3445 2248 3499 iuodo
2290 3445 2619 3514 omnipotens.
2651 3445 2958 3516 Symbolum
3011 3454 3092 3500 est
3142 3446 3376 3501 breviter
3409 3451 3662 3518 comp‘esa

2101 3536 2282 3607 regula
2321 3535 2462 3600 fidei,
2495 3545 2551 3590 ut
2581 3547 2812 3591 mentem
2860 3537 3104 3602 instruat,
3130 3553 3228 3592 nec
3274 3549 3458 3594 oneret
3483 3556 3663 3594 memo-

2101 3628 2266 3693 riam;
2294 3629 2473 3698 paucis
2490 3627 2666 3682 verbis
2697 3627 2908 3693 dicitur,
2927 3627 3065 3681 unde
3102 3629 3326 3683 multum
3355 3631 3654 3699 acquiratur.

2103 3719 2280 3774 Credo
2330 3718 2383 3772 iu
2419 3719 2585 3772 Deum
2630 3718 2841 3772 Patrem
2886 3718 3334 3788 omnipotentem.
3366 3720 3489 3774 Vide
3513 3734 3653 3790 quam

2103 3811 2210 3865 cito
2230 3810 2445 3874 dicitur,
2469 3821 2522 3864 et
2538 3817 2795 3880 quantum
2824 3810 2982 3864 valet.
3001 3811 3138 3864 Deus
3168 3821 3272 3877 est,
3296 3822 3350 3867 et
3387 3812 3529 3866 Pater
3549 3823 3616 3865 est
3639 3830 3649 3862 :

2106 3903 2247 3958 Deus
2269 3911 2547 3973 potestate,
2580 3903 2736 3958 Pater
2782 3903 3036 3958 bonitate.
3061 3904 3230 3972 Quam
3263 3903 3444 3961 felices
3467 3918 3645 3964 sumus,

2103 3998 2192 4068 qui
2224 3985 2504 4052 Dominum
2525 4006 2760 4052 nostrum
2779 4008 2982 4068 patrem
3007 3999 3347 4054 invenimus!
3384 3998 3643 4054 Credaams

2107 4101 2234 4158 ergo
2260 4087 2310 4140 in
2341 4102 2486 4151 eum,
2533 4096 2588 4141 et
2612 4089 2788 4142 omnia
2820 4089 2974 4142 nobis
3017 4089 3087 4144 de
3123 4090 3291 4160 ipsius
3322 4087 3642 4145 misericordia

2107 4181 2496 4248 promituuuus.
2533 4179 2654 4249 quia
2702 4181 3039 4250 omnipotens
3086 4192 3168 4237 est
3198 4202 3212 4236 :
3245 4181 3365 4238 Ideo
3413 4185 3459 4237 in
3507 4182 3647 4235 Dﬂllll

2108 4269 2316 4323 Patrem
2361 4269 2777 4338 omnipotentem
2805 4271 3092 4325 credimus.
3152 4272 3322 4327 Nemo
3361 4273 3521 4327 dicat:
3549 4268 3643 4324 Non

2107 4362 2235 4416 inihi
2279 4371 2453 4431 potest
2488 4363 2755 4419 dimittere
2792 4374 3024 4432 peccaui.
3057 4365 3338 4431 Quomodo
3378 4381 3472 4420 non
3497 4372 3642 4432 poteSI

2107 4454 2489 4524 omnipotens?
2521 4454 2627 4510 Sed
2669 4455 2812 4514 ,dicis
2855 4472 2869 4508 :
2914 4456 3024 4524 Ego
3060 4457 3282 4512 multum
3333 4457 3541 4528 peccavi.
3585 4452 3639 4507 Et

2106 4561 2206 4617 ego
2229 4546 2384 4600 dico:
2427 4546 2530 4601 Sed
2564 4547 2650 4601 ille
2685 4548 3019 4616 omnipotens
3039 4559 3140 4602 est.
3173 4549 3241 4603 Et
3277 4559 3332 4604 tu
3363 4569 3374 4604 :
3417 4551 3513 4620 Ego
3536 4545 3638 4599 talia

2109 4646 2322 4706 peccata
2346 4622 2607 4697 commisi,
2639 4637 2780 4691 unde
2811 4638 3021 4692 liberari
3063 4649 3115 4691 et
3151 4639 3393 4694 mundari
3422 4655 3512 4694 non
3540 4651 3641 4706 pus-

2108 4742 2246 4782 sum.
2291 4727 2608 4796 Respondeo
2637 4744 2649 4779 :
2681 4726 2783 4782 Sed
2839 4728 2926 4782 ille
2974 4729 3313 4798 omnipotens
3361 4740 3457 4785 est.
3490 4725 3643 4780 Videte

2110 4817 2234 4888 quid
2265 4819 2311 4871 ei
2346 4818 2574 4873 cantctis
2608 4818 2658 4870 in
2708 4818 2916 4872 Psaltuo
2949 4836 2962 4872 :
2997 4817 3234 4883 Benedic,
3287 4821 3468 4892 inquit,
3505 4819 3645 4871 auium

2110 4925 2221 4961 mea
2251 4908 2486 4972 Domino,
2510 4921 2554 4962 et
2581 4910 2685 4962 νιοιὶ
2707 4909 2929 4963 obliuisci
2957 4927 3128 4965 aulaea
3158 4913 3497 4966 retributiones
3517 4911 3607 4981 ejus
3631 4922 3648 4958 :

2110 5002 2196 5068 qui
2225 5003 2473 5072 prepitius
2517 5003 2578 5070 ﬁt
2631 5003 2859 5057 omnibus
2902 5003 3247 5074 iniquitatibus
3288 5007 3401 5070 tuis,
3429 5005 3647 5072 quisnam

2111 5110 2280 5146 omnes
2307 5095 2574 5165 languores
2601 5103 2713 5147 tuos
2734 5092 2904 5163 (Paul.
2934 5111 3003 5148 cu
3026 5137 3040 5160 ,
3062 5095 3096 5148 εὶ
3113 5107 3159 5148 et
3180 5096 3273 5166 5).
3306 5097 3386 5150 Ad
3412 5097 3501 5150 hoc
3524 5090 3654 5148 nobis

2111 5192 2194 5237 est
2207 5182 2322 5251 ejus
2347 5182 2730 5254 omnipotentia
2754 5185 3078 5238 necessaria.
3108 5185 3237 5238 Nam
3267 5186 3514 5240 univcrsze
3528 5195 3656 5237 creti-

2114 5281 2244 5328 turae
2272 5271 2463 5328 adhoc
2507 5283 2620 5328 erat
2670 5275 2996 5340 necessaria,
3031 5286 3082 5330 ut
3101 5285 3394 5331 crearetur.
3436 5275 3662 5342 Dninipo‘

2115 5373 2232 5419 tcns
2261 5374 2343 5420 cst
2370 5364 2436 5419 ad
2465 5364 2706 5420 facienda
2756 5366 2957 5436 majora
2991 5377 3044 5420 et
3075 5367 3278 5422 minora
3312 5386 3323 5421 :
3355 5368 3663 5436 omnipoteiis

2148 5543 2196 5652 ἧς
2475 5539 2692 5593 discitur.
2718 5542 2809 5592 Sed
2832 5542 3008 5594 melius
3030 5545 3081 5594 in
3102 5557 3329 5595 sermone
3347 5545 3436 5596 235
3458 5541 3670 5607 Appendi-

2165 5637 2207 5652 ..
2407 5619 2424 5652 ι
2461 5641 2472 5652 .

2117 5610 2207 5660 eis,
2231 5610 2472 5653 scribitur.

2181 5670 2194 5683 '
2223 5672 2273 5736 In
2291 5666 2435 5738 editis
2459 5672 2641 5716 tantum
2665 5679 2942 5716 sermonem
2966 5668 3093 5718 hunc
3132 5668 3352 5729 vidimus,
3375 5681 3465 5718 non
3494 5670 3538 5716 in
3578 5676 3671 5713 ma-

2117 5734 2388 5789 nuscriptis.

2181 5787 2253 5849 (α)
2274 5787 2411 5849 Alias,
2434 5788 2496 5838 dc
2520 5797 2652 5853 Tum;
2667 5803 2754 5839 ore
2778 5791 2882 5840 “9.
