3886 6188
116 336 252 403 nisi

116 470 195 513 est
210 459 280 513 sd
311 455 547 512 iacienda
572 444 809 510 cmlestia
824 464 873 510 et
895 455 1164 510 terrestria
1197 472 1211 512 ε
1256 456 1591 525 omnipotens
1619 458 1699 508 est

118 552 180 604 sd
230 547 468 605 facienda
502 548 822 602 immortalia
850 557 902 601 et
927 548 1165 602 mortalia
1200 564 1214 603 :
1261 548 1597 618 omnipotens
1624 558 1707 601 est

120 642 182 696 ad
209 639 449 696 facienda
478 639 771 709 Spiritnalia
804 647 859 695 et
900 640 1193 708 corporalia
1223 658 1236 695 :
1265 639 1604 709 omnipotens
1627 649 1706 693 est

113 734 181 789 ad
209 731 446 788 iacienda
477 731 698 785 visibilia
726 740 778 785 et
797 730 1075 785 invisibilia
1102 747 1115 784 :
1146 745 1368 801 magnus
1395 732 1446 784 in
1473 731 1700 801 magnis,

110 838 218 880 nec
249 824 440 894 parvus
477 822 528 875 in
563 822 811 875 minimis.
854 821 1129 876 Postremo
1155 822 1496 893 omnipotens
1521 831 1603 877 est
1634 819 1701 875 ad

114 905 353 974 iacienda
411 900 588 968 omnia
621 929 739 983 qua:
782 912 958 969 facere
987 900 1231 968 voluerit.
1290 906 1421 968 Nam
1449 928 1549 983 ego
1580 908 1702 968 dico

112 1016 310 1077 quanta
339 1008 445 1061 nan
477 1000 660 1076 pOSsit.
683 988 799 1058 Non
824 1014 993 1073 poteSt
1015 1004 1172 1069 mori,
1188 1018 1290 1059 non
1312 1005 1480 1074 po‘test
1504 1006 1702 1073 pecca-

119 1114 191 1161 re.
224 1106 328 1151 neu
361 1092 535 1166 poteSt
565 1095 801 1159 mentiri,
836 1106 940 1149 non
999 1103 1174 1166 potest
1218 1094 1347 1149 falli.
1381 1094 1546 1148 Tanta
1577 1110 1683 1148 non

122 1198 288 1260 potest
317 1208 333 1246 :
362 1188 540 1260 quaesi
569 1186 765 1258 posset.
791 1195 896 1241 noli
930 1196 1080 1243 esset
1108 1187 1467 1256 omnipotens.
1504 1179 1697 1242 'Credi-

116 1288 167 1337 te
190 1268 402 1351 ergoin
439 1285 583 1346 cum,
632 1289 688 1334 et
735 1277 1081 1334 confitemini.
1115 1277 1282 1333 Corde
1304 1281 1435 1333 enim
1481 1274 1702 1333 creditur

120 1373 183 1426 ad
197 1370 452 1442 justitiam
466 1388 484 1435 ;
510 1387 595 1424 ore
621 1380 786 1423 autent
813 1369 1060 1440 confessio
1082 1370 1139 1438 ﬁt
1165 1371 1233 1423 ad
1251 1370 1474 1424 salutem
1502 1371 1520 1440 (
1547 1359 1695 1425 Rom.

117 1459 322 1535 3.10).
354 1461 480 1517 Ideo
510 1476 627 1516 cum
658 1459 1012 1527 credideritis,
1057 1469 1264 1533 Oportet
1296 1472 1351 1513 ut
1375 1457 1699 1515 conliteami-

122 1557 186 1619 ni,
206 1546 425 1625 quando
453 1547 768 1624 Symbolum
801 1551 1055 1607 reddetis.
1090 1542 1328 1621 Accipite
1359 1544 1517 1607 modo
1545 1540 1688 1624 quod

118 1649 362 1711 teneatis,
417 1656 471 1703 et
524 1641 710 1718 postea
764 1636 1041 1711 reddatis,
1084 1655 1137 1699 et
1187 1652 1455 1716 nunquam
1504 1638 1697 1700 oblivi.

121 1729 353 1798 scamini.

181 1831 409 1888 CAPUT
456 1830 517 1885 11.
548 1860 619 1870 —-
646 1828 702 1885 2.
732 1826 960 1884 Christus
1003 1827 1166 1883 Filius
1200 1818 1297 1882 Dei
1330 1828 1523 1882 imicus.
1561 1820 1697 1896 ῥμοο

122 1926 258 1980 modo
283 1926 599 1978 incarnatus.
632 1920 863 1977 Christus
903 1920 1045 1975 nobis
1082 1921 1259 1975 unicus
1285 1920 1541 1975 Salvator.
1572 1921 1698 1975 Post

115 2016 212 2072 hoc
248 2015 425 2088 quid?
454 2015 522 2071 Et
558 2014 611 2069 in
654 2013 835 2070 Jesum
876 2013 1162 2068 Christum.
1198 2012 1402 2077 Credo,
1434 2012 1594 2077 dicis,
1641 2014 1692 2068 in

112 2097 273 2164 ‘Deum
312 2106 525 2162 Patrem
555 2104 973 2174 omnipotentem
993 2144 1008 2169 ,
1044 2112 1099 2158 et
1134 2104 1184 2158 in
1216 2102 1397 2159 Jesum
1424 2101 1691 2159 Christum

116 2188 298 2252 Filium
328 2196 444 2268 ejus
488 2197 735 2258 unicum,
765 2194 1050 2249 Dominum
1092 2203 1352 2250 nostrmn.
1400 2193 1457 2251 Si
1500 2194 1691 2251 Filium

121 2291 340 2352 unicum,
364 2303 502 2357 ergo
528 2287 669 2343 Patri
699 2286 977 2356 a-qualem.
1008 2285 1060 2342 Si
1084 2286 1275 2341 Filium
1305 2286 1540 2353 unicum,
1564 2302 1695 2358 ergo

111 2381 345 2448 ejusdem
375 2378 680 2435 substantia:
704 2375 854 2446 cujus
870 2384 951 2431 est
968 2375 1142 2430 Pater.
1166 2375 1224 2431 Si
1244 2374 1433 2430 Filium
1453 2377 1688 2445 unicum,

117 2485 230 2541 ergo
257 2470 379 2540 ejus
424 2465 821 2538 omnipotentize
859 2467 1013 2536 cujus
1056 2477 1139 2522 est
1182 2466 1357 2522 Pater.
1403 2467 1460 2523 Si
1499 2462 1689 2523 Filium

117 2563 343 2623 unicum,
376 2575 503 2628 ergo
522 2559 666 2613 Patri
683 2567 1035 2613 “coieternum.
1059 2545 1172 2611 [loc
1193 2552 1244 2611 in
1265 2573 1343 2622 se,
1369 2566 1421 2612 et
1449 2558 1588 2628 apud
1608 2573 1688 2623 se,

116 2662 164 2706 et
188 2651 322 2723 apud
356 2651 569 2706 Patrem
624 2647 850 2717 Propter
872 2662 968 2701 nos
994 2645 1159 2716 quid?
1184 2645 1249 2702 ad
1277 2661 1375 2702 nos
1400 2647 1690 2718 quideni

112 2750 396 2812 conceptus
424 2749 504 2795 est
529 2740 594 2794 de
620 2738 820 2808 Spiritu
847 2747 1054 2803 sancto,
1086 2746 1237 2791 natus
1256 2752 1321 2793 ex
1354 2737 1554 2808 virgine
1581 2735 1692 2792 Ma-

112 2838 205 2893 ria.
233 2835 375 2890 Ecce
404 2849 504 2903 qua
547 2833 713 2895 venit,
736 2831 874 2901 quis,
900 2829 965 2883 ad
987 2844 1141 2899 quos.
1173 2829 1273 2884 Per
1294 2830 1547 2901 virginem
1575 2829 1657 2885 Ma
1681 2860 1689 2867 ~

117 2928 257 2986 riam,
291 2926 342 2978 in
367 2940 467 2994 qua
492 2920 751 2992 "operatus
776 2930 855 2975 est
882 2918 1108 2990 Spiritus
1133 2928 1367 2987 sanctus,
1394 2935 1497 2975 non
1526 2917 1690 2977 homo

109 3020 355 3081 ‘inaritns;
390 3016 477 3085 qui
508 3011 808 3070 fecundavit
836 3019 1054 3074 castam,
1085 3021 1139 3065 et
1157 3011 1390 3065 servavit
1412 3009 1684 3066 intactam.

115 3110 192 3162 Sic
215 3123 345 3178 ergo
372 3122 464 3162 car
488 3120 533 3159 .e
570 3104 786 3159 imlutus
809 3109 889 3156 est
931 3102 1184 3156 Dominus
1211 3099 1476 3169 Christus,
1501 3102 1576 3156 sic
1608 3101 1687 3156 fa-

78 3186 79 3189 “
116 3204 220 3254 rtus
248 3207 327 3252 est
378 3199 537 3250 homo
575 3195 662 3265 qui
705 3193 827 3249 fecit
868 3192 1171 3259 hominem,
1199 3192 1518 3248 assumenda
1546 3193 1686 3264 quod

117 3306 209 3343 ttnlt
236 3298 374 3353 erat,
406 3291 510 3341 tuin
538 3283 803 3354 perdenda
830 3281 971 3354 quod
999 3291 1129 3337 erat.
1165 3278 1376 3336 Verbum
1405 3284 1544 3337 enim
1568 3299 1687 3338 caro

114 3385 293 3450 [artant
318 3391 411 3441 est.
441 3390 486 3434 et
508 3368 746 3432 habitavit
774 3372 822 3430 in
856 3376 997 3431 nobis
1022 3374 1196 3446 (Joan.
1224 3389 1260 3441 I,
1287 3377 1396 3447 Η).
1419 3375 1532 3431 Non
1560 3373 1687 3432 Ver-

114 3470 221 3527 bum
253 3473 307 3527 in
325 3487 538 3527 carnem
566 3482 774 3526 versum
797 3480 896 3530 est,
920 3469 1012 3522 sed
1040 3466 1267 3523 Verbum
1287 3484 1505 3525 manens
1525 3486 1687 3525 carne

115 3572 343 3634 accepta,
375 3560 650 3616 invisibilis
677 3571 908 3628 semper,
943 3558 1108 3613 factus
1130 3569 1210 3613 cst
1233 3558 1452 3613 \'i.~iilill$
1479 3560 1687 3626 quando

116 3656 293 3720 voluit,
324 3664 377 3709 et
407 3652 643 3706 habitarit
670 3653 721 3705 iu
750 3651 906 3705 nobis.
940 3650 1072 3718 Quid
1093 3660 1193 3715 est,
1223 3652 1273 3703 in
1305 3648 1485 3704 nobis?
1513 3649 1563 3703 in
1590 3652 1685 3703 bo-

115 3745 357 3798 tninilius.
399 3743 592 3796 Factus
620 3755 753 3794 unus
782 3756 845 3794 ex
896 3741 1167 3793 hominum
1200 3756 1440 3801 munero,
1474 3758 1610 3795 unus
1634 3752 1688 3795 et

116 3835 312 3888 unicus.
364 3831 560 3888 Unicus
606 3830 765 3885 Patri.
809 3828 970 3884 Nobis
1007 3829 1177 3899 quid?
1219 3830 1280 3883 lit
1311 3830 1466 3886 nobis
1503 3833 1687 3888 unicus

111 3924 346 3981 Salvator
377 3943 390 3977 :
422 3939 580 3979 nemo
623 3923 762 3978 enim
796 3933 985 3993 prattei'
1027 3921 1195 3992 ipsmn
1225 3925 1454 3977 salvator
1483 3937 1683 3980 nosmr.

115 4019 167 4071 lit
219 4016 377 4072 nobis
421 4012 610 4069 unicus
665 4014 985 4083 Redemptor
1033 4032 1046 4068 :
1095 4028 1254 4069 nemo
1300 4015 1439 4068 enim
1496 4026 1688 4085 pl'ﬂ‘lel‘

113 4111 276 4176 ipsum
301 4104 603 4176 redemptor
628 4113 840 4159 noster:
873 4120 974 4157 non
1006 4119 1157 4169 auro,
1190 4120 1292 4157 non
1321 4119 1558 4175 argento,
1589 4106 1682 4161 sed

111 4200 356 4269 sanguine
383 4213 503 4251 suo.

171 4290 397 4347 CAPUT
429 4290 515 4344 Ill.
546 4320 616 4329 —-
643 4287 697 4344 ’5.
728 4287 956 4343 Christus
980 4286 1141 4342 Filius
1162 4286 1259 4343 Dei
1276 4290 1524 4360 quomodo
1546 4306 1686 4345 mor.

111 4394 214 4439 eius
242 4384 550 4455 etsepultus.
577 4382 715 4451 Ergo
737 4382 869 4451 ipsa,
895 4380 981 4434 ubi
1002 4379 1162 4449 empti
1185 4395 1384 4443 sumus,
1407 4379 1519 4451 ejus
1539 4398 1684 4436 coin-

112 4472 301 4532 mercis
321 4474 613 4528 videamus.
637 4474 767 4526 (lum
789 4472 929 4525 enim
950 4472 1145 4526 dictum
1170 4482 1310 4525 esset
1334 4472 1383 4526 in
1406 4472 1680 4545 Synibnlo,

110 4566 199 4630 Qui
226 4573 518 4634 conceptus
546 4572 629 4619 est
655 4561 724 4617 de
753 4560 950 4631 Spiritu
978 4571 1182 4625 sancto,
1213 4572 1366 4615 natus
1390 4579 1453 4617 ex
1482 4564 1683 4634 virgine

109 4657 260 4712 uaria
286 4675 298 4708 ;
327 4656 437 4726 jam
464 4654 585 4725 quid
613 4654 710 4725 pro
736 4652 925 4709 nobis?
950 4653 1140 4708 Pas-ns
1166 4664 1267 4719 est,
1303 4657 1560 4727 sequitur,
1583 4658 1681 4711 sub

111 4749 291 4803 Pontio
329 4747 500 4801 Pilato
519 4787 534 4811 ,
564 4744 846 4800 cruciﬁxus
865 4786 879 4811 ,
926 4759 1164 4799 mortuus
1210 4755 1263 4798 et
1293 4746 1551 4815 sepultus.
1580 4748 1678 4816 Qui

109 4837 265 4893 Filius
306 4837 399 4892 Dei
441 4837 625 4890 unicus
661 4834 917 4890 Dominus
957 4844 1137 4890 noster
1175 4835 1483 4901 eruriiixus,
1516 4838 1681 4894 Filius

110 4929 193 4983 llei
223 4926 412 4982 unicus
441 4925 697 4980 Dominus
718 4935 898 4979 noster
921 4926 1158 4995 sepultus
1184 4934 1267 4980 est
1289 4926 1325 4976 τ.
1358 4926 1527 4981 llomo
1555 4945 1677 4984 eru-

104 5022 287 5076 rilisus
316 5030 421 5086 est,
465 5017 625 5072 homo
653 5018 895 5088 sepultus
923 5035 936 5072 :
966 5019 1106 5072 Deus
1140 5034 1244 5072 non
1284 5026 1365 5073 est
1408 5027 1638 5075 mutatus
1659 5064 1673 5087 ,

110 5110 245 5166 Deus
282 5126 389 5166 non
418 5118 499 5165 est
525 5108 764 5171 occisus,
799 5115 853 5164 et
881 5116 1053 5164 tamen
1083 5109 1372 5164 secundum
1411 5110 1677 5169 hominem

103 5201 326 5256 occisus.
355 5199 418 5256 Si
452 5199 583 5254 enim
603 5198 966 5269 cognovissent,
997 5198 1070 5253 ait
1095 5199 1397 5269 Apostolus,
1421 5218 1679 5274 nunquam

160 5336 176 5365 ⁸
203 5340 255 5385 ιιι
277 5328 436 5392 editis,
467 5331 587 5391 Quia
810 5329 898 5382 Dei
932 5330 1100 5381 anticus
1136 5330 1368 5383 Dom'mas
1396 5345 1489 5383 non
1523 5334 1679 5387 cruei-

102 5392 248 5457 ﬁxns,
287 5391 434 5457 titius
460 5391 737 5457 imicus
763 5392 990 5457 Dominus
1023 5405 1118 5442 non
1150 5391 1379 5457 sepultus.
1418 5396 1676 5457 slendosis-

101 5454 239 5519 Sitne.
262 5456 336 5506 sic
356 5457 491 5519 enim
512 5454 556 5519 id
579 5455 708 5517 (mod
730 5468 838 5504 mox
864 5454 1065 5519 amrinat
1088 5462 1140 5506 et
1163 5454 1224 5504 es
1251 5456 1474 5519 Apostolo
1491 5459 1676 5519 prohat,

102 5516 261 5566 Filium
280 5518 365 5567 Dei
396 5514 674 5565 cruciﬁxum
698 5528 890 5580 negare,
905 5517 1159 5565 videbatur
1182 5530 1194 5565 :
1229 5514 1327 5580 quo
1350 5514 1577 5569 videlicet
1597 5514 1677 5568 ar;

102 5584 327 5637 gumento
350 5584 600 5641 pta-motus
619 5576 893 5641 utmiaititel
930 5588 985 5626 sa
1008 5576 1323 5639 rejieiendinn
1349 5580 1474 5628 hunc
1493 5593 1678 5629 sternui-

102 5649 212 5700 nem
230 5640 522 5690 existimavit
565 5644 723 5688 tiriata
743 5640 1048 5700 corriguntur
1067 5653 1128 5688 ev
1154 5641 1311 5690 altero
1330 5642 1531 5691 interius
1555 5641 1675 5700 loco,

100 5699 180 5747 ubi
202 5700 305 5770 sine
331 5700 445 5749 vitio
480 5700 527 5747 in
553 5700 721 5748 iisdem
757 5699 900 5749 editis
931 5701 1099 5748 eadem
1133 5704 1376 5751 sententia
1402 5702 1475 5750 lzis
1499 5699 1675 5768 terque

102 5768 346 5823 repetitur.

1506 336 1741 398 ‘Sl-LRBIO
1780 339 1999 399 CCXI".

3259 353 3399 410 {Otii

1817 453 2091 510 Dominum
2113 458 2288 529 g‘lo‘rid'
2310 458 2672 531 t'rm'ilirissent
2699 463 2742 525 (Ι
2765 463 2878 517 Cor.
2913 480 2968 529 η,
3001 464 3074 533 8).
3112 464 3177 519 Et
3210 466 3394 522 Denti-

1814 561 1936 598 num
1964 549 2146 617 glorize
2167 553 2420 612 ostendit.
2447 563 2495 607 et
2515 556 2821 609 cruciﬁxum
2848 556 3123 613 confessus
3138 567 3239 613 est.
3262 559 3393 626 Quia

1812 636 1855 687 si
1883 639 2001 705 quis
2027 639 2187 693 etiam
2227 651 2366 695 tuam
2401 643 2629 697 tunicam
2660 645 2819 699 illa-sa
2847 656 3005 701 earne
3035 657 3122 702 tua
3152 652 3397 704 conscin-

1810 726 1919 787 da’t,
1949 728 2042 782 tibi
2075 728 2200 785 facit
2222 731 2466 799 injuriam
2493 751 2508 787 :
2537 727 2637 789 uec
2661 736 2737 789 sic
2763 726 2959 791 clamas
2989 753 3086 807 pro
3116 749 3265 795 veste
3285 748 3393 808 tua,

1810 827 1869 871 ut
1892 814 2058 883 di‘cas,
2086 819 2401 879 Conscidisti
2430 825 2659 880 tuniCam
2697 839 2899 892 meam;
2929 829 3040 895 Sed,
3073 830 3393 887 Conscidisti

1809 914 1916 969 me.
1947 908 2030 965 ηις.
2058 912 2125 968 de
2147 929 2231 969 nte
2254 909 2449 970 iecisti.
2473 916 2730 987 Loqiieris
2754 919 2849 973 ista
2880 920 3102 992 integer,
3127 932 3179 977 et
3205 938 3392 980 verum

1807 1000 1961 1063 dicis,
1990 1012 2043 1056 et
2075 1003 2143 1058 dc
2181 1021 2342 1061 carne
2375 1016 2460 1061 tua
2499 1003 2629 1062 ul’ltil
2663 1009 2894 1065 detraxit
2922 1013 3010 1082 qui
3040 1014 3194 1067 ltesit.
3224 1014 3312 1071 Sic
3338 1027 3394 1070 et

1807 1091 2062 1148 Dominus
2091 1094 2336 1151 Christus
2357 1097 2652 1154 'cruciﬂsus
2672 1109 2771 1155 est.
2796 1101 3055 1157 Dominus
3073 1112 3173 1167 est,
3204 1104 3394 1160 unicus

1807 1184 1947 1239 Patri
1993 1196 2109 1253 est;
2140 1186 2382 1244 Salvator
2419 1200 2603 1247 noster
2625 1200 2707 1247 est
2727 1236 2742 1255 .
2776 1194 3028 1250 Dominus
3057 1195 3236 1266 gloria:
3265 1206 3347 1252 est
3374 1217 3386 1251 :

1807 1285 1981 1331 tamen
2009 1278 2292 1334 crucillvns
2314 1289 2427 1345 est;
2453 1283 2546 1337 sed
2574 1283 2626 1337 in
2648 1299 2827 1350 carne,
2858 1295 2909 1339 et
2931 1287 3172 1357 sepultus
3194 1288 3245 1343 in
3274 1289 3387 1344 sola

1804 1375 1983 1422 carne.
2012 1368 2142 1423 Nam
2172 1370 2257 1425 ubi
2279 1373 2516 1443 sepultus
2540 1383 2644 1441 'est,
2674 1385 2726 1429 ct
2755 1377 2966 1446 quando
3002 1379 3241 1449 sepultus
3267 1392 3347 1436 est
3372 1425 3386 1447 ,

1806 1465 1932 1512 tunc
1965 1458 2034 1513 ibi
2064 1476 2162 1515 nec
2190 1463 2364 1516 anima
2395 1462 2509 1518 fuit.
2537 1464 2660 1521 Sola
2700 1482 2863 1522 earne
2885 1469 2936 1523 in
2964 1470 3211 1539 ‘sepnlcro
3236 1471 3387 1541 jare-

1805 1545 1912 1613 hat,
1937 1558 1991 1604 et
2026 1559 2199 1605 tamen
2243 1553 2514 1609 conﬁteris
2541 1552 2722 1610 Jesum
2750 1554 3018 1613 Christum
3052 1559 3239 1616 Filium
3271 1563 3386 1633 ejus

1803 1638 2050 1707 unicum,
2095 1639 2375 1699 Dominum
2425 1655 2691 1713 uestrum;
2744 1650 2832 1718 qui
2873 1663 3161 1719 conceptus
3190 1663 3271 1707 est
3317 1653 3386 1709 de

1802 1730 1999 1798 Spiritu
2024 1744 2226 1800 sancto,
2253 1738 2403 1792 natus
2430 1753 2494 1792 ex
2518 1739 2718 1810 virgine
2742 1738 2924 1808 Maria,
2947 1744 3035 1813 qui
3053 1743 3207 1798 .lesns
3226 1744 3383 1799 Chri-

1800 1830 1932 1888 stus,
1966 1825 2151 1879 uuicns
2179 1818 2340 1881 Filius
2373 1828 2485 1894 Dei,
2531 1830 2786 1884 Dominus
2815 1843 3013 1886 noster.
3046 1832 3157 1888 Sub
3196 1834 3387 1888 Pontio

1803 1912 1970 1966 Pilato
1994 1916 2301 1982 crnciiixus,
2332 1918 2419 1987 qui
2456 1917 2613 1974 Jcsns
2639 1918 2902 1986 Christus,
2935 1923 3124 1976 unicus
3162 1923 3254 1977 Dei
3292 1923 3381 1978 Fi-

1801 2002 1919 2068 lius,
1949 2002 2199 2059 Dominus
2224 2016 2421 2063 noster.
2452 2010 2513 2063 Et
2539 2010 2797 2080 sepultus,
2821 2013 2909 2082 qui
2939 2012 3095 2068 Jesus
3116 2013 3380 2076 Christus,

1800 2094 1983 2148 imicus
2007 2094 2103 2150 Dei
2134 2095 2318 2165 Filius,
2352 2099 2604 2154 Dominus
2631 2111 2831 2157 noster.
2857 2100 2982 2158 Sola
3004 2120 3128 2159 caro
3144 2105 3305 2175 jacet,
3329 2117 3382 2161 et

1798 2193 1852 2239 tu
1874 2186 2026 2251 dicis,
2060 2187 2315 2244 Dominus
2343 2192 2561 2246 noster?
2590 2191 2737 2256 Dico,
2770 2194 2927 2264 plane
2952 2195 3108 2250 dico:
3139 2197 3261 2267 quia
3293 2213 3385 2251 ve.

1795 2283 1930 2329 stem
1960 2275 2189 2346 intueor,
2217 2287 2272 2335 et
2302 2281 2546 2335 vestitum
2577 2282 2761 2338 adoro.
2784 2283 2919 2337 Caro
2943 2284 3031 2339 illa
3052 2285 3192 2340 illius
3219 2289 3380 2342 vesti.

1796 2376 2034 2421 mentum
2066 2368 2161 2423 fuit
2193 2387 2207 2424 :
2237 2371 2356 2440 quia
2387 2379 2500 2424 cuni
2528 2372 2582 2427 in
2610 2373 2776 2441 [arma
2802 2370 2899 2428 Dei
2921 2385 3068 2438 esset.
3099 2392 3200 2430 non
3234 2380 3378 2448 rapi-

1796 2476 1913 2512 nam
1933 2461 2204 2516 arbitratus
2223 2472 2422 2520 estesse
2438 2466 2645 2533 a'qnalis
2666 2463 2775 2520 Deo
2791 2481 2812 2530 ;
2831 2468 2920 2521 sed
2939 2469 3253 2539 semetipsum
3273 2472 3381 2525 exi-

1794 2552 1983 2605 naniri!
2005 2593 2021 2618 ,
2068 2556 2282 2624 fortnam
2324 2555 2452 2609 servi
2495 2556 2750 2625 accipiens
2773 2598 2788 2624 ,
2845 2573 2949 2612 non
3004 2558 3229 2615 immani
3286 2563 3378 2617 Dei

1794 2644 2082 2709 amittens;
2110 2646 2161 2698 in
2187 2643 2514 2700 similitudine
2538 2646 2796 2702 hominum
2825 2653 3011 2720 factus,
3035 2660 3079 2703 et
3099 2651 3268 2705 habitu
3298 2654 3380 2706 in-

1793 2743 1969 2789 ventus
1994 2743 2047 2787 ut
2078 2736 2226 2787 homo
2252 2732 2510 2805 (Philipp.
2544 2749 2599 2800 η,
2632 2736 2684 2801 6,
2717 2735 2795 2807 7).

1863 2823 2086 2881 CAPUT
2128 2824 2217 2879 IV.
2245 2855 2316 2866 —
2340 2826 2394 2881 4.
2434 2824 2654 2880 Dextera
2685 2826 2778 2881 Dei
2795 2838 2981 2883 (eterna
3003 2831 3234 2902 felicitas.
3261 2831 3378 2888 Non

1793 2925 2194 2972 contemnamus
2223 2917 2389 2971 solam
2410 2932 2624 2973 carnem
2655 2935 2668 2971 :
2696 2918 2907 2988 quando
2922 2920 3107 2991 j‘acuit.
3136 2931 3259 2977 tunc
3282 2940 3379 2978 nos

1793 3009 1941 3063 emit.
1967 3009 2140 3077 Quare
2163 3023 2261 3063 nos
2298 3009 2463 3064 emit?
2487 3008 2618 3076 Quia
2648 3024 2750 3064 nou
2780 3026 2991 3081 semper
3012 3013 3180 3083 jacuit
3208 3034 3221 3069 :
3248 3015 3377 3070 'l‘er-

1796 3101 1864 3154 tia
1905 3100 2046 3154 enim
2085 3098 2171 3154 die
2211 3100 2503 3155 resurrexit
2537 3115 2566 3154 a
2597 3102 2842 3156 mortuis.
2892 3102 3001 3156 lloc
3046 3106 3285 3175 sequitur
3324 3108 3375 3162 in

1792 3188 2065 3261 Symbolo.
2092 3190 2220 3243 Cum
2242 3190 2469 3245 confessi
2490 3190 2742 3245 fuerimus
2761 3192 2878 3263 ejus
2899 3194 3218 3263 passionem,
3242 3212 3376 3251 cnn-

1792 3284 2003 3337 iltennir
2026 3289 2079 3336 et
2104 3281 2570 3337 resurrectionem.
2604 3281 2656 3336 In
2683 3286 2930 3354 paSsioue
2951 3287 3074 3355 quid
3105 3289 3246 3356 egit?
3277 3289 3378 3343 Do.

1795 3375 1904 3429 cuit
1923 3374 2046 3444 quid
2066 3375 2370 3430 toleremus.
2393 3373 2446 3428 lu
2465 3377 2855 3431 resurrccdone
2871 3378 2995 3447 quid
3018 3380 3163 3449 egit?
3184 3381 3378 3437 Osten-

1791 3468 1867 3523 dit
1905 3466 2030 3537 quid
2076 3481 2373 3536 speremus.
2409 3467 2504 3522 llic
2543 3481 2716 3537 Opus,
2750 3469 2820 3522 ibi
2866 3484 3069 3523 merces
3101 3490 3113 3523 :
3151 3487 3285 3541 Opus
3323 3475 3374 3527 in

1792 3559 2061 3630 passione,
2091 3573 2297 3612 merces
2336 3559 2387 3612 in
2430 3560 2839 3613 resurrectione.
2887 3560 3014 3625 Nec,
3042 3561 3161 3630 quia
3194 3578 3376 3616 resur-

1793 3649 1928 3704 rexit
1956 3665 1984 3701 a
2028 3648 2281 3712 mortuis,
2330 3647 2414 3702 hic
2458 3648 2730 3703 remansit.
2776 3648 2880 3703 Sed
2929 3651 3053 3720 quid
3095 3652 3379 3722 sequitur?

1794 3740 2048 3796 Ascendit
2071 3741 2124 3794 in
2151 3741 2364 3795 cmlum.
2397 3740 2461 3794 Et
2486 3739 2645 3795 modo
2674 3740 2758 3795 ubi
2787 3742 2905 3796 est?
2924 3741 3085 3799 Sedet
3105 3745 3169 3798 ad
3191 3745 3375 3798 dexte-

1793 3846 1906 3886 ram
1950 3830 2141 3885 Patris.
2183 3830 2420 3899 lntellige
2457 3830 2766 3898 dexteram,
2805 3850 2869 3884 ne
2899 3848 3107 3903 quwras
3144 3834 3211 3889 ibi
3239 3835 3374 3889 sini-

1791 3933 1977 3977 stram.
2011 3922 2235 3977 Dextera
2264 3921 2356 3977 Dei
2387 3920 2579 3976 dicitur
2616 3931 2813 3978 aiterna
2856 3924 3097 3979 felicitas.
3142 3926 3371 3982 Dextera

1796 4014 1887 4068 Dei
1924 4014 2119 4069 dicitur
2139 4011 2446 4079 ineli'abilis,
2478 4013 2881 4079 inasstimabilis,
2913 4014 3370 4086 incomprehensi-

1790 4104 1911 4159 bilis
1932 4102 2202 4158 beatitudo
2222 4113 2379 4171 atque
2407 4103 2748 4174 prosperitas.
2776 4105 2898 4159 lieec
2913 4114 2995 4160 est
3013 4106 3229 4161 dextera
3255 4107 3368 4165 Dei.

1788 4194 1861 4251 lbi
1887 4195 2056 4249 sedet.
2084 4194 2219 4263 Quid
2247 4204 2351 4260 est,
2377 4195 2447 4249 lbi
2471 4193 2660 4249 sedet?
2687 4195 2759 4250 lbi
2787 4194 3004 4250 habitat.
3034 4196 3198 4252 Sedes
3226 4199 3372 4254 enim

1787 4288 2054 4348 dicuntur,
2087 4287 2173 4342 ubi
2201 4286 2425 4356 qui-quc
2466 4285 2684 4341 habitat.
2724 4286 2859 4342 Num
2894 4289 3041 4343 enim
3069 4288 3280 4360 quando
3311 4289 3373 4344 il‘

1788 4381 1895 4434 lum
1913 4379 2038 4433 vidit
2063 4378 2365 4448 Stephanus
2380 4387 2613 4443 sanctus,
2642 4380 2997 4434 mentiebatur
3020 4383 3109 4452 qai
3136 4382 3366 4448 dieehai,

1787 4471 1948 4529 Sedet
1972 4471 2038 4525 ad
2073 4470 2346 4525 dexteram
2388 4470 2555 4525 Patris
2574 4468 2602 4523 ?
2623 4469 2901 4539 Quomodo
2927 4474 3067 4527 enim
3094 4472 3217 4528 dicit
3246 4474 3372 4530 Ste—

1789 4563 1995 4634 phanus
2021 4580 2034 4616 :
2068 4560 2199 4615 Ecce
2225 4576 2316 4632 ego
2337 4560 2478 4616 video
2498 4562 2677 4617 telum
2704 4572 2951 4632 apertum,
2981 4574 3028 4617 et
3052 4565 3241 4619 Filium
3271 4567 3368 4620 ho-

1788 4655 1937 4707 minis
1960 4661 2171 4706 stantem
2196 4652 2265 4706 ad
2291 4652 2546 4706 dexteram
2593 4650 2684 4706 Dei
2714 4653 2732 4722 (
2754 4653 2863 4706 Act.
2894 4669 2965 4708 vn
2984 4697 2998 4719 ,
3042 4655 3110 4710 55
3129 4653 3196 4728 )‘i
3234 4655 3370 4726 Quia

1788 4746 1876 4802 ille
1904 4746 2035 4800 vidit
2061 4755 2311 4811 stantem,
2336 4744 2692 4800 mentiebatur
2717 4744 2852 4798 forte
2876 4747 2964 4815 qui
2986 4746 3196 4801 dicebat
3218 4757 3369 4813 tunc,

1784 4837 1945 4893 Sedet
1985 4837 2052 4891 ad
2079 4837 2354 4893 dexteram
2384 4834 2594 4890 Patris?
2631 4834 2790 4890 Sedet
2826 4850 2990 4906 ergo,
3021 4837 3221 4891 dictum
3249 4848 3331 4892 est
3351 4883 3363 4902 ,

1785 4938 1964 4984 uianet
1985 4950 2013 4993 ,ν
2034 4928 2255 4982 habitat.
2283 4923 2597 4993 Quomodo?
2634 4925 2912 4993 Quomodo
2940 4934 3013 4980 tu.
3043 4926 3164 4993 Quo
3183 4930 3368 4983 statu?

1786 5021 1914 5090 Quis
1946 5022 2127 5076 dicet?
2162 5020 2410 5075 Dicamus
2437 5017 2578 5088 quod
2605 5018 2802 5084 docuit,
2833 5017 3073 5073 dicamus
3094 5020 3240 5089 quod
3265 5037 3364 5075 uo-

1782 5113 1973 5167 vimus.

1776 5220 1785 5228 '
1855 5202 2082 5259 CAPUT
2122 5201 2185 5257 ν.
2215 5231 2286 5243 -—
2311 5200 2366 5257 5.
2407 5201 2644 5256 Salvator
2688 5211 2874 5269 noster,
2915 5201 3079 5275 iudex
3116 5214 3282 5258 noster
3319 5215 3368 5258 rt

1783 5295 2078 5349 advocatus.
2118 5291 2296 5360 Quid?
2324 5290 2451 5347 Inde
2494 5299 2746 5347 venturus
2768 5291 3103 5362 judicaturus
3137 5293 3286 5348 vivos
3312 5304 3367 5349 et

1787 5396 2045 5446 mortuOs.
2073 5384 2435 5441 Conliteamnr
2456 5384 2810 5452 Salvatorem,
2832 5401 2899 5440 ne
2918 5385 3199 5441 timeamus
3219 5387 3364 5457 judi-

1783 5492 1922 5533 eem.
1952 5476 2051 5544 Qui
2078 5475 2223 5530 enim
2258 5474 2419 5530 modo
2444 5475 2497 5530 in
2524 5490 2646 5531 eum
2677 5476 2865 5543 credit,
2892 5485 2944 5532 et
2966 5489 3227 5547 prmcepta
3251 5478 3366 5546 ejus

1789 5567 1931 5631 facit,
1959 5576 2011 5621 ct
2038 5567 2208 5636 diligit
2230 5582 2350 5619 eum
2368 5608 2382 5630 ,
2420 5582 2522 5620 non
2554 5567 2757 5621 timebit
2786 5568 2997 5636 quando
3021 5569 3200 5624 veniet
3220 5569 3377 5638 judi-

1785 5674 1908 5714 care
1941 5659 2088 5712 vivos
2113 5669 2161 5711 et
2187 5666 2423 5711 mortuos
2449 5677 2462 5711 :
2487 5675 2590 5712 non
2618 5658 2786 5713 solum
2811 5675 2914 5715 non
2947 5660 3171 5725 timebit,
3195 5659 3288 5715 sed
3312 5671 3370 5717 ut

1787 5753 1955 5809 vruial
1981 5750 2197 5821 optabit.
2226 5750 2357 5818 Quid
2381 5751 2520 5805 enim
2548 5750 2700 5807 nobis
2727 5752 2949 5820 ii-liciu-t,
2974 5768 3130 5825 quam
3156 5752 3368 5825 quando
