3886 6188
472 340 610 395 1005

476 451 619 507 venit
660 462 819 517 quem
852 444 1239 509 desideramus,
1268 441 1479 513 quando
1519 440 1660 493 venit
1699 452 1857 507 quem
1906 448 2051 487 ama-

475 539 629 594 mus?
655 538 761 594 Sed
788 540 1087 601 timeamus,
1111 536 1231 606 quia
1250 534 1409 605 judex
1436 537 1615 586 uester
1637 531 1757 584 crit.
1777 529 1874 596 Qui
1896 525 2055 579 modo

476 642 557 686 est
582 632 871 685 advocatus
886 638 1089 696 noster,
1108 630 1222 699 ipse
1245 628 1368 681 tunc
1385 626 1483 680 erit
1500 625 1663 695 ‘judex
1694 633 1879 676 noster.
1921 618 2055 673 Audi

476 721 778 775 Joannem:
813 738 834 772 ι
860 719 918 776 Si
956 720 1250 775 dixerimus
1280 718 1407 788 quia
1452 718 1727 787 peccatum
1756 728 1857 767 uou
1891 710 2056 765 babe-

479 827 625 877 mus,
678 826 778 866 nos
811 812 956 881 ipsos
982 810 1307 871 seducimus,
1338 818 1393 862 et
1427 807 1624 861 veritas
1665 806 1715 858 in
1759 804 1910 857 nobis
1954 815 2058 853 non

479 912 580 955 esu
624 900 681 956 Si
725 910 902 955 autem
944 900 1175 955 confessi
1217 899 1474 955 fuerimus
1513 903 1724 966 peccata
1775 901 1954 947 nostra
1980 931 1993 949 .
2036 909 2054 942 ι

480 993 634 1061 dixit,
668 1012 686 1044 ι
720 994 892 1049 ﬁdelis
915 1003 998 1049 est
1023 993 1287 1063 etjustus,
1313 992 1401 1062 qui
1424 990 1653 1044 dimittat
1674 987 1826 1042 nobis
1849 993 2061 1053 peccata

482 1092 536 1138 et
560 1084 778 1139 mundet
805 1100 902 1139 nos
930 1084 999 1139 ab
1023 1084 1165 1137 omni
1198 1083 1490 1153 iniquitate.
1516 1079 1640 1135 Πςιεο
1665 1076 1850 1148 scripsi
1879 1075 2028 1129 vobis
2047 1115 2063 1138 ,

484 1184 665 1229 utnon
692 1176 925 1246 peacetis
953 1193 966 1228 :
996 1185 1049 1230 et
1073 1176 1116 1229 si
1138 1174 1256 1243 quis
1283 1174 1601 1243 peccaverit,
1628 1169 1944 1223 advocatum
1971 1165 2067 1218 ha-

484 1265 672 1320 bemus
698 1265 837 1334 apud
866 1265 1095 1328 Patrem,
1125 1264 1307 1320 Iesum
1328 1264 1599 1317 Christum
1616 1261 1851 1333 justum;
1877 1267 1931 1312 ct
1956 1258 2067 1326 ipse

485 1365 562 1409 est
594 1356 838 1410 cxoratio
868 1365 1204 1426 peccatorum
1230 1364 1531 1409 nostrorum
1559 1370 1576 1403 ι
1605 1352 1644 1421 (Ι
1673 1349 1826 1403 Joau.
1859 1365 1895 1406 ι.
1928 1349 1961 1402 8
1992 1364 2023 1400 ιι
2048 1384 2064 1411 ,

484 1443 573 1514 Ξ).
626 1445 680 1498 Si
707 1445 929 1501 haberes
966 1461 1179 1500 causam
1220 1444 1358 1515 apud
1398 1444 1626 1512 aliquem
1648 1441 1878 1511 judicent
1905 1453 2067 1508 agen-

485 1536 629 1602 dam,
658 1547 711 1591 et
737 1538 1024 1592 instrueres
1047 1536 1385 1601 advocatum,
1409 1548 1556 1589 esses
1583 1541 1861 1601 susct-ptus
1880 1531 1947 1585 ab
1977 1529 2070 1582 ad-

488 1636 709 1693 vocato,
739 1636 920 1698 ageret
958 1641 1171 1682 causam
1201 1636 1345 1681 tuam
1380 1626 1512 1680 sicut
1549 1632 1759 1693 posset;
1796 1630 1851 1676 et
1879 1622 1922 1677 si
1964 1634 2068 1674 non

490 1717 631 1771 illam
673 1718 912 1784 ﬁnisset,
943 1728 999 1773 et
1036 1717 1247 1772 audires
1291 1717 1437 1773 illum
1477 1715 1709 1785 judicem
1756 1722 2066 1775 venturum;

489 1816 741 1875 quantum
768 1809 1048 1877 gauderes,
1078 1809 1200 1878 quia
1230 1808 1344 1877 ipse
1372 1806 1533 1875 potuit
1578 1820 1698 1859 esse
1723 1803 1885 1873 judex
1926 1814 2068 1865 tuus,

488 1899 576 1967 qui
602 1898 698 1953 fuit
730 1900 888 1968 paulo
912 1910 1034 1953 ante
1058 1900 1349 1954 advocatus
1381 1897 1531 1953 tuus?
1555 1897 1619 1951 Et
1647 1896 1805 1950 modo
1833 1896 1885 1964 ip
1913 1910 1944 1948 e
1972 1902 2087 1965 pro-

492 1986 646 2041 nobis
666 1998 803 2053 orat,
836 1988 948 2057 ipse
968 2002 1065 2057 pro
1090 1987 1241 2042 nobis
1261 1985 1580 2057 interpellat.
1606 1984 1928 2039 Advocatum
1948 1998 2070 2037 eum

493 2074 855 2139 habemus,'et
876 2077 1103 2147 judicem
1129 2075 1454 2132 timeamus?
1481 2076 1588 2130 imo
1612 2074 1734 2145 quia
1761 2073 2072 2127 advocatum

493 2165 849 2233 praemisimus
880 2168 1074 2233 securi,
1100 2166 1334 2237 judicent
1363 2176 1642 2221 venturqu
1671 2179 1964 2234 speremus.

560 2255 789 2311 CAPUT
830 2256 916 2312 Vl.
945 2288 1016 2297 —
1044 2258 1096 2313 6.
1138 2255 1218 2312 De
1246 2255 1443 2326 Spiritu
1468 2265 1659 2310 sancta.
1690 2255 1781 2310 Sic
1805 2254 1964 2324 accipi
1989 2252 2076 2307 de-

493 2345 571 2398 bet
618 2344 843 2416 Spiritus
888 2358 1113 2414 sanctus,
1142 2356 1197 2401 ut
1241 2364 1340 2400 non
1366 2346 1599 2400 credatur
1618 2346 1783 2399 minor
1810 2342 2076 2414 qnamFi-

493 2438 613 2504 lius,
650 2448 698 2493 et
724 2441 887 2493 minor
911 2456 1061 2511 quam
1090 2433 1262 2494 Pater.
1292 2440 1591 2494 Transitum
1626 2439 1783 2494 estin
1823 2438 2077 2510 Symbulo

494 2531 635 2599 quod
663 2533 892 2603 pertinet
919 2534 984 2589 ad
1004 2534 1184 2590 Jesum
1206 2534 1473 2590 Christum
1495 2535 1685 2589 Filium
1717 2535 1808 2590 Dei
1840 2535 2075 2600 unicmn,

500 2621 777 2676 hominum
826 2633 1064 2679 nostrum
1100 2643 1114 2680 :
1146 2626 1420 2695 sequitur,
1462 2625 1529 2680 Et
1576 2625 1629 2680 in
1667 2624 1920 2694 Spiritum
1950 2639 2075 2678 sau-

497 2722 660 2777 ctum,
705 2715 1118 2784 tit-compleatur
1145 2716 1397 2780 Trinitas,
1429 2718 1584 2773 Pater
1609 2727 1663 2773 et
1688 2716 1851 2773 Filius
1872 2727 1932 2774 et
1958 2717 2077 2787 Spi-

497 2805 631 2858 ritus
655 2813 888 2859 sanctus.
914 2805 984 2861 Et
1001 2805 1068 2862 de
1094 2806 1228 2861 Filio
1253 2808 1417 2863 multa
1443 2816 1567 2863 sunt
1585 2809 1745 2875 dicta,
1768 2810 1887 2879 quia
1917 2809 2079 2864 It‘ilins

497 2896 731 2965 suscepit
767 2895 1033 2953 hominem
1058 2940 1074 2962 ,
1123 2898 1288 2955 Filius
1313 2900 1556 2978 _Verbum
1597 2916 1722 2956 caro
1752 2902 1945 2956 factum
1974 2910 2077 2969 est,

499 3002 602 3039 non
627 2988 802 3053 Pater,
829 3006 930 3043 non
948 2989 1175 3059 Spiritus
1194 3002 1408 3047 sanctus
1431 3011 1445 3046 :
1472 2993 1564 3048 sed
1587 3009 1800 3050 carnem
1830 2995 1945 3050 Filii
1968 2998 2078 3049 tota

499 3076 729 3132 Trinitas
759 3078 901 3134 fecit.
936 3079 1311 3154 lnseparabilia
1338 3083 1481 3138 enim
1513 3094 1636 3139 sunt
1665 3101 1825 3154 opera
1852 3086 2081 3141 Trinita-

500 3168 587 3220 tis.
610 3168 698 3223 Sic
723 3185 849 3241 ergo
876 3173 1097 3242 accipite
1117 3174 1369 3243 Spiritum
1395 3184 1657 3240 sanctum,
1682 3185 1738 3230 ut
1759 3185 1864 3232 non
1888 3178 2078 3232 creda-

498 3258 855 3315 tisminorem
876 3277 996 3319 esse
1021 3279 1177 3334 quam
1196 3260 1408 3328 Filium.
1435 3274 1489 3321 et
1505 3267 1765 3323 minorem
1785 3284 1903 3323 esse
1920 3276 2078 3338 quam

502 3345 732 3406 I’atrem.
760 3351 920 3408 Pater
942 3354 1083 3409 enim
1114 3364 1168 3410 ct
1196 3355 1362 3429 Filius
1389 3366 1447 3413 et
1467 3358 1698 3428 Spiritus
1732 3369 1949 3415 sanctus
1974 3369 2080 3416 tota

500 3440 732 3496 Trinitas
756 3459 892 3499 unus
913 3444 1073 3500 Deus.
1104 3446 1244 3501 Nihil
1272 3447 1342 3501 ibi
1370 3446 1552 3515 distat,
1582 3449 1712 3504 nihil
1741 3451 1964 3517 varium,
1998 3451 2079 3505 ni—

502 3532 574 3589 hil
604 3533 943 3602 del‘ectivum,
975 3537 1105 3592 nihil
1143 3536 1296 3595 alteri
1322 3542 1680 3609 contrarium;
1713 3544 1914 3612 aequale
1943 3559 2082 3599 sem-

500 3642 615 3696 per,
664 3629 926 3685 invisibile
970 3643 1023 3686 et
1070 3632 1498 3687 incommutabile
1535 3633 1691 3691 Pater
1728 3643 1783 3691 et
1827 3635 1988 3691 Filius
2028 3645 2084 3692 et

499 3719 730 3788 Spiritus
766 3732 998 3783 sanctus.
1031 3722 1245 3778 Liberet
1286 3738 1383 3778 nos
1415 3722 1647 3780 Trinitas
1687 3740 1717 3780 a
1749 3725 2083 3782 multitudine

501 3823 857 3884 peccatorum.
1518 3847 1521 3850 ν

569 3903 794 3963 CAPUT
838 3905 944 3962 VII.
973 3937 1047 3949 —
1072 3907 1125 3962 7.
1170 3905 1363 3963 Sancta
1404 3905 1629 3963 Ecclesia
1667 3907 1913 3961 catholica
1948 3923 2080 3977 quaet

501 3997 716 4052 Iuventa
741 3999 978 4053 meretrix
1004 4009 1051 4053 et
1078 3998 1214 4070 facta
1241 4000 1400 4070 uirgo.
1435 3998 1616 4053 Maria:
1642 3999 1839 4063 similis,
1870 4009 1918 4053 et
1952 4001 2085 4069 parit

500 4102 549 4146 et
582 4092 720 4162 virgo
751 4102 846 4147 est.
877 4091 995 4149 Iam
1030 4092 1170 4163 quod
1197 4093 1434 4163 sequitur
1456 4092 1522 4147 ad
1554 4107 1651 4147 nos
1680 4092 1922 4162 pertinet,
1952 4092 2086 4148 San-

502 4193 642 4239 ctam
673 4184 984 4240 Eeclesiam.
1008 4185 1199 4240 Sancta
1227 4182 1465 4240 Ecclesia
1494 4200 1594 4240 nos
1614 4200 1797 4240 sumus
1825 4202 1838 4237 :
1867 4184 1959 4240 sed
1981 4201 2083 4240 non

502 4277 582 4332 sic
609 4276 738 4343 dixi,
766 4276 892 4343 Nos,
920 4277 1068 4345 quasi
1099 4291 1225 4331 ecce
1251 4277 1340 4347 qui
1368 4277 1451 4331 hic
1476 4291 1678 4337 sumus.
1701 4278 1790 4347 qui
1822 4292 1906 4332 me
1927 4277 2085 4331 modo

502 4367 746 4421 audistis.
794 4368 1064 4438 Quotquot
1107 4368 1192 4422 hic
1228 4384 1449 4434 sumus,
1487 4368 1597 4425 Deo
1626 4369 1887 4441 propitio,
1930 4367 2086 4424 Chri-

504 4457 660 4510 stiani
692 4456 875 4511 ﬁdeles
906 4459 957 4511 in
986 4459 1085 4512 hac
1113 4458 1369 4526 ecclesia,
1406 4459 1457 4513 id
1498 4468 1603 4526 est,
1636 4458 1688 4513 iu
1719 4460 1818 4515 ista
1850 4461 2084 4526 civitate,

499 4556 766 4616 quotquot
803 4556 927 4600 sunt
968 4548 1020 4601 in
1061 4547 1157 4601 ista
1184 4548 1436 4618 regione,
1463 4558 1725 4621 quotquot
1757 4560 1881 4606 sunt
1906 4552 1955 4605 in
1988 4552 2085 4606 ista

507 4638 799 4707 provincia,
823 4646 1081 4708 quotquot
1103 4648 1229 4693 sunt
1247 4649 1302 4695 et
1328 4648 1473 4696 trans
1499 4656 1664 4708 mare,
1690 4651 1948 4712 quotquot
1965 4640 2089 4697 sunt

501 4738 563 4784 et
588 4729 639 4784 in
671 4738 780 4784 toto
805 4729 935 4784 orbe
967 4739 1227 4785 terrarum
1254 4748 1267 4783 :
1297 4731 1545 4800 quoniam
1572 4748 1600 4785 a
1622 4732 1751 4787 solis
1776 4742 1895 4787 ortu
1925 4748 2088 4803 usque

504 4822 573 4877 ad
594 4813 842 4879 eccasum
875 4821 1119 4877 laudatur
1145 4836 1340 4877 nomen
1370 4823 1574 4877 Domini
1619 4824 1635 4892 (
1662 4822 1804 4878 Psal.
1832 4840 1959 4889 cxn,
1990 4825 2086 4898 5).

505 4914 594 4971 Sic
614 4928 674 4970 se
698 4913 857 4969 habet
880 4912 1113 4969 Ecclesia
1128 4912 1391 4968 catholica
1412 4924 1582 4968 mater
1598 4923 1776 4968 nostra
1797 4930 1941 4979 vera,
1966 4930 2089 4970 vera

509 5002 649 5063 illius
685 5005 865 5076 sponsi
895 5004 1110 5073 conjuv.
1143 5004 1475 5059 Honoremus
1501 5019 1619 5061 eam
1639 5044 1654 5070 ,
1682 5006 1803 5075 quia
1827 5006 1959 5059 tanti
1986 5006 2088 5060 Do-

507 5098 634 5153 mini
667 5106 906 5150 matrona
935 5105 1036 5150 est.
1082 5093 1149 5149 Et
1181 5095 1304 5165 quid
1346 5092 1559 5149 dicam?
1588 5092 1771 5166 Magna
1798 5105 1880 5149 est
1909 5097 2089 5165 sponsi

506 5197 557 5242 et
602 5185 884 5257 singularis
911 5185 1178 5254 dignatio;
1221 5186 1555 5239 meretricem
1586 5185 1802 5251 invenit,
1835 5185 2088 5254 virginem

511 5281 652 5333 fecit.
676 5279 808 5345 Quia
832 5279 1079 5333 meretrix
1110 5277 1225 5338 fuit,
1247 5293 1351 5330 non
1383 5276 1539 5330 debet
1571 5292 1782 5345 negare,
1808 5264 1873 5333 ne
1900 5275 2089 5330 oblivi-

510 5381 688 5426 scatur
726 5369 1143 5425 misericordiam
1187 5368 1477 5424 liberantis.
1527 5368 1803 5437 Quomodo
1845 5385 1947 5424 non
1978 5376 2092 5425 erat

509 5462 793 5528 meretrix,
820 5461 1032 5531 quando
1068 5468 1189 5530 post
1223 5459 1361 5516 idola
1401 5469 1456 5515 et
1487 5460 1747 5515 da-monia
1793 5460 2090 5515 t‘oruicaba-

512 5553 635 5605 tur?
681 5552 982 5606 Foruicatio
1030 5549 1207 5606 cordis
1247 5550 1300 5605 in
1343 5550 1589 5605 omnibus
1640 5548 1733 5603 fuit
1764 5568 1776 5603 :
1811 5550 1861 5604 in
1912 5550 2092 5619 paucis

513 5660 692 5708 c:u-tu-,
727 5651 778 5697 in
802 5644 1051 5699 omnibus
1079 5643 1260 5697 corde.
1290 5644 1350 5698 Et
1383 5643 1557 5711 venit,
1587 5651 1638 5696 ct
1666 5643 1920 5712 virginem
1950 5641 2088 5697 fecit.

518 5732 603 5786 lict
627 5737 808 5788 lt-siam
850 5734 1104 5804 virginem
1147 5734 1287 5788 feeit.
1320 5734 1375 5788 ln
1404 5735 1503 5787 lide
1548 5715 1691 5804 virgo
1716 5744 1814 5788 est.
1846 5733 1898 5787 tn
1930 5742 2088 5786 earn‘c

1707 325 1767 380 s.
1814 312 2069 377 AUGL'S'I
2089 315 2175 371 i.\'l
2215 278 2513 371 misceri

2166 444 2359 499 paucas
2390 430 2545 483 habet
2574 429 2803 497 virgines
2832 426 3260 484 sa‘nctitnouialcs
3300 448 3311 483 :
3342 432 3394 485 in
3424 430 3528 486 tide
3560 449 3726 487 (inlitos

2165 521 2395 589 virgines
2429 520 2585 575 debet
2625 520 2819 575 habere,
2848 530 2901 573 ct
2936 521 3158 575 feminas
3179 564 3191 582 .
3224 530 3277 575 ct
3309 525 3467 576 viros.
3503 525 3577 578 lbi
3605 527 3729 579 enim

2167 611 2323 665 debet
2359 627 2477 667 esse
2504 616 2717 669 castitas
2741 622 2794 667 et
2828 613 3025 680 puritas
3047 624 3097 668 et
3126 616 3397 669 sanctitas.
3431 616 3562 670 Nam
3592 619 3693 672 vult
3714 636 3734 669 ς

2171 716 2326 756 nosse
2369 717 2525 772 quam
2565 702 2711 772 virgo
2760 701 2866 755 sit?
2910 704 3223 771 Apostolqu
3271 705 3489 760 Paulum
3534 707 3736 766 audite.

2170 793 2396 845 amicum
2447 791 2628 861 sponsi
2680 792 2857 845 audite
2897 793 3156 848 zelantem
3205 808 3423 863 Sponsa,
3470 813 3579 851 non
3628 799 3737 850 sibi.

2172 884 2352 953 Aptavi
2379 899 2484 949 vos,
2518 883 2704 954 inquit,
2735 885 2822 937 ιιιιὶ
2852 886 2972 937 viro.
3011 886 3263 941 Ecclesia:
3288 888 3499 945 dicebat
3529 909 3542 945 :
3574 902 3626 946 et
3664 908 3739 945 om

2175 973 2464 1027 Ecclesizc?
2503 973 2846 1046 Quocumque
2885 975 3096 1031 Littera:
3125 978 3230 1033 illa:
3259 982 3539 1049 pervenire
3570 995 3719 1053 potui-

2174 1076 2315 1119 runt.
2342 1067 2520 1134 Λιβιαυὶ
2542 1082 2624 1120 vos
2648 1068 2736 1120 uni
2756 1069 2860 1120 viro
2880 1069 3116 1138 virginem
3137 1080 3328 1124 castam
3347 1074 3580 1128 exhibere
3601 1073 3736 1129 Clin-

2173 1166 2271 1211 sto.
2295 1156 2467 1209 'l‘imeo
2495 1168 2678 1217 autem,
2707 1159 2860 1217 dixit.
2892 1176 2954 1212 ne
2976 1160 3103 1213 sicut
3135 1178 3338 1232 serpens
3376 1161 3535 1217 Evam
3563 1167 3738 1235 derepit

2176 1249 2362 1301 astutia
2394 1266 2505 1301 sua.
2530 1249 2766 1318 Serpens
2796 1251 2883 1305 ille
2910 1253 3164 1321 numquid
3192 1257 3538 1323 corporaliter
3558 1273 3735 1312 conen-

2176 1339 2291 1393 buit
2313 1355 2432 1394 cum
2462 1334 2605 1394 Eva?
2632 1330 2698 1394 Et
2725 1352 2900 1396 tamen
2929 1343 3278 1413 virginitatem
3310 1345 3487 1402 cordis
3515 1349 3626 1416 ejus
3652 1366 3733 1402 ev-

2177 1429 2381 1486 stinxit.
2415 1430 2525 1484 Iloc
2554 1431 2721 1501 timeo.
2753 1431 2916 1497 dicit,
2952 1450 3014 1486 ne
3038 1446 3426 1505 corrumpantur
3445 1450 3626 1494 utentes
3659 1454 3727 1493 cr-

2177 1530 2295 1573 stra:
2322 1537 2353 1573 a
2383 1522 2628 1587 castitate,
2654 1538 2766 1587 qua:
2802 1532 2875 1576 est
2902 1524 2954 1577 in
2982 1524 3183 1579 Christo
3209 1526 3226 1594 (
3252 1526 3291 1580 11
3321 1526 3441 1583 Cor.
3472 1545 3542 1592 XI,
3571 1530 3620 1595 2,
3648 1531 3721 1598 3}.

2184 1611 2341 1681 Virgo
2376 1619 2461 1667 est
2486 1628 2613 1682 ergo
2644 1612 2882 1668 Ecclesia
2915 1632 2927 1667 :
2959 1615 3108 1685 virgo
3132 1625 3233 1681 est,
3261 1618 3410 1687 virgo
3442 1615 3528 1673 sit.
3556 1622 3719 1675 Caveat

2179 1703 2545 1771 seductorem,
2579 1712 2646 1761 ne
2673 1706 2907 1761 inveniat
2933 1717 3322 1777 corruptorem.
3356 1708 3512 1783 Virgo
3540 1722 3613 1768 est
3636 1714 3715 1767 Ec-

2179 1795 2359 1850 clesia.
2395 1795 2640 1850 Dicturus
2663 1811 2722 1853 es
2752 1788 2876 1851 mihi
2901 1798 3034 1852 forte
3058 1817 3071 1854 :
3102 1799 3157 1854 Si
3186 1801 3335 1871 virgo
3359 1813 3458 1867 est,
3487 1806 3713 1874 quomodo

2183 1885 2317 1955 parit
2342 1884 2512 1940 fdios?
2541 1887 2649 1941 Aut
2678 1887 2722 1941 si
2753 1902 2854 1941 non
2885 1889 3022 1958 parit
3049 1890 3203 1957 iilios,
3228 1893 3489 1961 quomodo
3515 1895 3710 1949 dedimus

2182 1978 2394 2032 nomina
2417 1988 2619 2043 nostra,
2649 1987 2705 2034 ut
2728 1978 2797 2035 de
2815 1981 2930 2051 ejus
2953 1979 3238 2036 visceribus
3263 1988 3616 2040 nasceremur?
3635 1988 3709 2040 Rr-

2183 2067 2420 2136 SpOttdet)
2443 2086 2456 2123 :
2483 2057 2550 2124 Et
2576 2072 2723 2141 virgo
2742 2070 2844 2138 est,
2872 2081 2927 2127 et
2953 2075 3104 2142 parit.
3129 2073 3344 2129 Mariam
3368 2077 3602 2140 imitatm,
3620 2094 3673 2146 qu
3687 2099 3709 2127 ι·

2186 2160 2467 2215 Dominum
2515 2164 2739 2233 peperit.
2767 2163 3031 2237 Numquid
3070 2182 3173 2223 non
3203 2169 3350 2238 virgo
3391 2182 3559 2229 sancta
3583 2172 3708 2225 Maria

2182 2256 2237 2309 et
2260 2255 2481 2325 peperit,
2510 2266 2559 2310 et
2589 2257 2734 2328 virgo
2756 2259 3088 2327 permansit?
3112 2259 3201 2315 Sic
3230 2271 3285 2317 et
3310 2258 3553 2328 Ecclesia,
3580 2274 3709 2331 etra—

2184 2346 2289 2411 rit,
2322 2356 2375 2400 et
2405 2347 2551 2418 virgo
2580 2356 2680 2403 est.
2717 2348 2780 2405 Et
2820 2349 2864 2404 si
2905 2351 3245 2419 consideres,
3280 2354 3535 2409 Christum
3574 2358 3711 2425 parit:

2184 2435 2305 2507 quia
2332 2436 2572 2493 'membra
2599 2434 2715 2509 ejus
2739 2447 2861 2493 sunt
2885 2441 2971 2509 qui
3000 2440 3355 2512 baptizantur.
3394 2443 3489 2498 Vos
3513 2448 3631 2506 estis,
3651 2447 3715 2499 ia-

2184 2529 2298 2598 quit
2329 2516 2638 2598 Apostolus,
2667 2546 2848 2602 corpus
2872 2530 3060 2588 Christi
3083 2544 3128 2587 et
3170 2537 3393 2590 membra
3423 2536 3480 2608 (Ι
3507 2536 3613 2591 Cor.
3637 2547 3720 2594 tu.

2184 2619 2297 2683 27).
2318 2619 2371 2675 Si
2384 2630 2518 2690 ergo
2539 2621 2772 2677 membra
2789 2621 2985 2677 Christi
3007 2624 3160 2689 parit,
3180 2620 3359 2680 Marite
3379 2628 3625 2681 simillima
3644 2642 3725 2681 est.

2255 2698 2481 2765 CAPUT
2508 2707 2636 2764 VIII.
2660 2742 2732 2750 —
2749 2711 2799 2767 8.
2826 2711 3072 2767 Remissio
3097 2726 3414 2785 peccatorum
3440 2717 3488 2769 in
3509 2715 3730 2787 Baptisms

2186 2809 2232 2851 et
2256 2800 2483 2853 oratione
2506 2800 2774 2855 dominica.
2803 2801 3138 2867 antidiauus
3164 2806 3455 2875 boplismus.
3482 2808 3714 2862 Reiuissio

2190 2896 2311 2945 nem
2341 2900 2699 2961 peccatorum.
2735 2893 2858 2949 Haec
2884 2894 2935 2948 in
2961 2894 3194 2950 Ecclesia
3226 2898 3270 2950 si
3303 2916 3405 2953 nou
3432 2910 3594 2960 essm.
3621 2900 3739 2952 inulta

2187 2994 2310 3051 spes
2338 2986 2482 3037 esset
2510 3001 2521 3036 :
2554 2984 2796 3038 remissio
2826 2996 3160 3054 peccatorum
3206 2989 3251 3041 si
3299 2990 3350 3042 in
3396 2989 3619 3044 Ecclesia
3654 3004 3744 3043 non

2186 3083 2361 3137 esset,
2408 3075 2547 3130 nulla
2586 3075 2776 3131 futura:
2816 3078 2936 3132 vita:
2972 3090 3025 3133 et
3050 3072 3380 3147 liberationis
3410 3091 3615 3138 a-ternm
3640 3101 3745 3152 spes

2186 3176 2350 3225 esset.
2374 3167 2580 3224 Gratias
2599 3169 2805 3240 agimus
2829 3170 2955 3239 Deo,
2983 3172 3072 3243 qui
3099 3173 3349 3230 Ecclesia:
3373 3193 3436 3232 su
3455 3197 3483 3229 ιε
3505 3178 3639 3232 dedit
3661 3177 3746 3230 huc

2188 3259 2408 3315 donum.
2440 3262 2574 3317 Ecce
2605 3260 2807 3317 venturi
2839 3264 2967 3319 estis
2995 3266 3059 3320 ad
3088 3266 3286 3323 fontem
3315 3282 3568 3334 sanctum.
3598 3271 3725 3325 dilue

2190 3350 2318 3405 mini
2349 3352 2648 3420 Baptismo,
2678 3355 2892 3408 salutari
2923 3354 3132 3411 lavacro
3167 3363 3577 3429 regenerationis
3604 3378 3740 3416 reno-

2190 3440 2471 3508 vahimini;
2501 3444 2651 3498 eritis
2676 3446 2791 3501 sine
2818 3446 2924 3502 ullo
2954 3461 3191 3518 peccato,
3220 3454 3561 3510 ascendentes
3583 3454 3644 3508 de
3665 3456 3739 3507 illa

2190 3533 2419 3589 lavacro.
2467 3533 2653 3589 Omnia
2703 3553 2821 3606 qme
2867 3553 2960 3594 vos
3003 3543 3268 3609 praeterita
3300 3546 3731 3614 persequebantur,

2191 3623 2260 3678 ibi
2283 3622 2616 3679 delebutitur.
2641 3618 2905 3698 Egyptiis
2926 3630 3322 3700 insequentibus
3347 3633 3591 3690 lsraelitas
3609 3636 3731 3688 siun-

2191 3716 2259 3770 lia
2288 3725 2440 3770 erant
2467 3727 2638 3771 vestra
2672 3728 2883 3788 peccata
2906 3761 2920 3781 .
2960 3725 3431 3793 persequentibus,
3470 3726 3556 3782 sed
3592 3743 3730 3794 usqu.-

2189 3805 2255 3859 ad
2279 3822 2423 3862 tuare
2439 3807 2675 3863 Rubrum
2698 3800 2889 3881 (Exod.
2909 3811 3045 3885 xiv).
3067 3806 3202 3880 Quid
3223 3820 3329 3882 est,
3352 3831 3512 3887 usque
3528 3818 3586 3871 ad
3606 3832 3728 3870 uiam

2192 3895 2468 3952 Rubrum?
2499 3899 2675 3969 Usque
2698 3899 2763 3954 ad
2793 3901 2987 3956 fontem
3022 3890 3217 3959 Chiiin
3255 3922 3413 3961 cruce
3437 3918 3488 3962 et
3510 3908 3723 3976 sanguine

2190 3994 2579 4043 censecratum.
2617 3988 2766 4057 Quod
2793 3993 2932 4045 enim
2965 3994 3178 4048 rubrum
3205 4009 3308 4063 ρει,
3343 3999 3506 4053 rubet.
3535 3998 3632 4051 Non
3658 3997 3696 4047 vi

2192 4075 2287 4132 des
2332 4078 2598 4149 quomodo
2642 4082 2831 4136 rubeat
2879 4098 2999 4150 pars
3030 4080 3264 4139 Christi?
3296 4087 3544 4159 Interroga
3572 4087 3719 4140 oratu

2196 4169 2338 4223 fidei.
2370 4169 2426 4225 Si
2454 4184 2666 4226 crucem
2708 4173 2854 4227 vides
2874 4215 2889 4238 ,
2918 4176 3132 4230 attende
3158 4188 3213 4231 et
3239 4194 3497 4234 cruorem.
3603 4180 3720 4228 vitlm'

2193 4259 2333 4329 quod
2360 4260 2586 4329 pendet,
2612 4262 2825 4318 attende
2854 4266 2992 4334 quod
3035 4265 3183 4321 fudit.
3218 4268 3419 4324 Lancea
3450 4269 3719 4337 pet-fumum

2195 4360 2279 4408 est
2318 4352 2455 4407 latus
2478 4352 2708 4421 Christi,
2738 4367 2791 4410 et
2815 4359 3045 4414 manavit
3078 4363 3304 4429 pretium
3334 4375 3550 4417 nostrum
3574 4359 3720 4433 (loeti.

2194 4460 2310 4511 XIX,
2336 4446 2591 4515 54).,Ideo
2612 4448 2762 4518 signo
2781 4447 2974 4503 Christi
2996 4451 3229 4520 signatur
3251 4453 3552 4521 Baptismus.
3578 4453 3619 4505 id
3635 4458 3719 4511 (ιε’,

2194 4552 2329 4608 aqua
2360 4539 2447 4592 ubi
2477 4540 2731 4610 tingimiui
2752 4580 2770 4609 ,
2797 4551 2851 4594 et
2879 4543 3026 4611 quasi
3059 4543 3109 4597 in
3141 4546 3270 4597 mari
3300 4540 3477 4600 Rubro
3511 4544 3714 4599 transitu.

2196 4626 2415 4686 Peccata
2453 4641 2660 4699 vestra,
2710 4632 2892 4689 hostes
2933 4637 3089 4690 vestri
3133 4647 3277 4690 sunt.
3319 4634 3716 4708 Sequuntur,st~«l

2198 4734 2365 4793 usique
2391 4723 2454 4776 ad
2485 4736 2650 4779 mare.
2682 4724 2813 4780 Cum
2858 4741 2954 4782 vos
2999 4727 3353 4797 intrat-eritis,
3393 4730 3626 4786 evadctis.
3650 4726 3716 4777 ii'J

2196 4811 2515 4868 delt-buntur
2544 4834 2556 4868 :
2588 4816 2854 4886 quomodo
2881 4816 3226 4874 evadentibus
3255 4837 3350 4892 per
3383 4823 3563 4877 sicrum
3591 4820 3716 4872 Israe-

2201 4904 2323 4966 litis,
2357 4921 2489 4975 aqua
2515 4917 2790 4974 eeopermt
2814 4906 3112 4979 Egyptios.
3148 4911 3213 4964 Et
3240 4912 3364 4982 quid
3391 4912 3511 4967 dicit
3530 4908 3718 4968 Sedit”

2199 4998 2297 5051 ra?
2326 4995 2471 5053 Unus
2500 5015 2563 5052 ea:
2589 4999 2659 5052 eis
2686 5015 2783 5052 non
2815 5012 3050 5056 remansit
3082 5003 3249 5073 (νισι.
3279 5020 3365 5072 cv,
3396 5005 3497 5077 Il).
3535 4998 3724 5057 νεα-ιώ

2199 5095 2361 5148 multa
2380 5135 2394 5157 ,
2418 5093 2647 5163 peccasti
2674 5109 2833 5163 pauca
2856 5101 3131 5163 ;.peccasli
3159 5113 3347 5167 magna
3364 5139 3379 5162 ,
3409 5094 3611 5169 peccasti
3634 5106 3728 5159 ῐι-πο

2200 5203 2263 5239 va
2299 5204 2311 5239 :
2342 5186 2480 5254 quod
2511 5194 2593 5241 est
2623 5186 2795 5239 minus
2824 5201 2888 5241 ex
2914 5188 2992 5242 eis
3021 5204 3123 5241 non
3155 5190 3465 5245 remansit‘.
3496 5187 3589 5242 Sed
3621 5200 3731 5255 qu"-

2201 5277 2338 5331 niam
2368 5277 2550 5331 victuri
2582 5291 2765 5330 sunuts
2795 5277 2844 5330 in
2880 5278 2979 5332 isto
3004 5282 3199 5334 8αὲιάίο
3217 5322 3232 5346 ,
3260 5281 3350 5334 ubi
3377 5283 3488 5352 quis
3516 5295 3610 5334 non
3636 5273 3735 5326 vbil

2200 5368 2314 5420 sine.
2350 5377 2598 5437 peccato;
2640 5368 2759 5421 ideo
2797 5369 3041 5423 remissio
3082 5382 3413 5439 peccatorum
3456 5389 3551 5426 nou
3590 5378 3661 5422 est
3693 5366 3736 5417 iu

2201 5460 2310 5514 sola
2334 5459 2600 5514 ablatione
2620 5461 2756 5514 sacri
2776 5458 3138 5531 Baptismatis,
3167 5463 3258 5517 scd
3285 5466 3443 5518 etiam
3470 5466 3520 5517 iu
3538 5461 3738 5516 oratione

2265 5613 2282 5645 ι
2308 5617 2447 5688 Forte
2473 5612 2716 5688 ξηροί-«ξεί
2750 5611 2928 5688 tiu-dtu:
2968 5614 3178 5688 peccasti
3210 5628 3403 5688 pauca:
3439 5609 3626 5679 peccasti
3651 5619 3737 5688 φας

2199 5688 2328 5743 φη,Δ
2347 5674 2552 5737 peccasti
2572 5686 2720 5738 parca
2739 5687 2766 5743 _:
2784 5674 3066 5725 delabatur
3094 5674 3279 5741 munia,
3306 5688 3352 5730 et
3372 5674 3740 5743 mammam",

2198 5738 2328 5797 qamd
2348 5743 2435 5797 est,
2468 5737 2594 5788 unus
2615 5748 2681 5787 ea:
2704 5737 2774 5787 eis
2790 5750 2881 5786 mm
2902 5749 3145 5789 remansit.

3606 315 3722 371 106$
3804 370 3813 374 -
