3886 6188
199 256 346 313 1005

181 354 462 416 dominica
484 368 533 412 el
556 357 879 428 quotidiani,
909 374 1062 425 quam
1092 367 1208 428 post
1234 367 1353 411 octo
1377 358 1491 412 dies
1516 355 1780 426 accepturi

182 453 343 508 edis.
376 448 437 505 In
468 451 552 506 illa
582 451 859 504 invenietis
897 450 1044 517 quasi
1074 448 1436 519 quotidianum
1466 448 1781 517 baptismum

186 552 460 605 vestrum,
488 551 545 596 ut
570 542 736 613 agatis
762 542 870 595 Deo
893 541 1091 609 gratias
1120 540 1207 609 qui
1234 540 1444 593 donavit
1472 540 1570 592 hoc
1593 551 1785 592 munus

185 633 455 691 Ecclesia:
478 650 620 697 sum,
646 632 787 703 quod
815 631 1151 686 conliteniur-
1172 633 1221 685 in
1253 630 1509 701 Symbolo
1536 650 1547 683 :
1580 640 1634 684 ut
1662 644 1783 684 cum

182 727 512 790 dixerimus,
542 724 790 780 Sanctam
821 722 1145 781 Ecclesiam:
1178 722 1545 793 adjungamus.
1576 720 1783 775 Remis-

182 818 401 873 sionem
434 824 791 885 peccatorum.

251 905 496 962 CAPUT
526 905 614 960 IX.
637 935 702 946 —
731 905 782 960 9.
811 904 988 958 Carnis
1012 904 1306 957 resurrectio
1331 901 1493 973 qualia
1518 901 1781 970 promissu.

186 1000 315 1055 Post
350 999 469 1053 haac
489 1038 506 1063 ,
538 997 726 1053 Carnis
764 995 1227 1052 resurrectionem.
1275 995 1505 1065 lstejam
1536 993 1654 1047 finis
1682 1003 1782 1047 est.

183 1090 288 1148 Sed
326 1090 452 1144 finis
497 1090 613 1143 sine
656 1088 761 1143 fine
802 1090 903 1142 erit
946 1089 1263 1142 resurrectio
1305 1088 1500 1142 carnis.
1541 1085 1644 1142 Sed
1687 1086 1787 1140 erit

186 1191 379 1251 postea
404 1181 550 1235 nulla
577 1194 721 1233 mors
741 1179 937 1242 carnis,
962 1179 1118 1232 nulla:
1140 1178 1397 1248 angustia:
1422 1177 1612 1240 carnis,
1643 1176 1784 1231 nulla

185 1272 363 1326 fames
392 1280 448 1326 et
484 1271 601 1325 sitis
637 1270 812 1323 carnis
832 1311 846 1335 ,
885 1268 1040 1322 nulla:
1070 1268 1380 1322 aftlictioues
1405 1267 1610 1332 carnis,
1644 1266 1783 1319 nulla

183 1369 450 1417 senectus
476 1370 529 1417 et
555 1360 808 1416 lassitudo
832 1361 1027 1415 carnis.
1057 1360 1171 1414 Noli
1209 1376 1334 1430 ergo
1365 1360 1584 1414 horrere
1613 1358 1786 1412 carnis

186 1453 668 1507 resurrectionem.
718 1451 858 1504 Bona
904 1451 1018 1520 ejus
1066 1450 1220 1515 vide,
1270 1450 1404 1503 mala
1450 1449 1782 1502 obliviscere.

186 1542 426 1597 Prorsus
466 1541 720 1611 quidquid
767 1541 1105 1611 querelarum
1149 1548 1230 1594 est
1270 1538 1560 1594 carnalium
1605 1538 1782 1601 modo,

186 1641 318 1686 tunc
339 1632 413 1686 ibi
441 1648 541 1684 non
567 1632 684 1685 erit.
714 1630 924 1685 Eterni
945 1631 1167 1696 erimus,
1197 1629 1429 1699 aequales
1458 1628 1668 1698 Angelis
1692 1627 1784 1682 Dei

187 1722 414 1791 (Matth.
439 1738 566 1786 χιιι,
590 1722 702 1793 30).
726 1721 895 1777 Unam
918 1738 1038 1776 cum
1061 1721 1275 1792 Angelis
1298 1720 1493 1775 sanetis
1518 1720 1782 1773 civitatem

188 1815 514 1869 habebimus
535 1856 547 1873 ,
581 1830 609 1866 a
643 1814 864 1868 Domino
896 1812 1315 1883 possidebimur,
1349 1810 1632 1866 h:rreditas
1671 1809 1785 1878 ejus

185 1907 427 1968 erimus,
457 1914 512 1960 et
541 1906 653 1973 ipse
692 1905 975 1959 haereditas
1018 1913 1195 1956 nostra
1235 1902 1336 1955 erit
1367 1919 1378 1953 :
1409 1900 1654 1970 quoniam
1687 1900 1783 1968 ipsi

184 1996 423 2050 dicimus
455 1995 634 2061 modo,
676 1994 920 2047 Dominus
960 2010 1077 2063 pars
1112 1993 1416 2047 [Hereditatis
1455 2007 1577 2046 mea:
1610 1990 1780 2062 (Psal.

187 2106 275 2150 xv,
307 2090 392 2152 5).
430 2089 488 2142 El
520 2088 587 2142 de
618 2087 768 2141 nobis
797 2086 995 2140 dictum
1018 2094 1100 2139 est
1127 2085 1258 2138 Filio
1286 2084 1448 2153 ipsius
1475 2101 1487 2137 :
1517 2082 1729 2136 Postulo
1754 2101 1786 2134 ιι

186 2196 284 2243 me,
313 2191 360 2231 et
388 2178 518 2231 dabo
539 2178 627 2230 tibi
646 2188 813 2247 gentes
835 2177 1170 2230 Itau'edilalem
1194 2185 1329 2227 tuam
1354 2172 1464 2243 (Id.
1481 2190 1534 2236 II,
1560 2174 1639 2243 8).
1667 2174 1785 2229 Pos-

184 2269 506 2333 side-bimus,
530 2277 581 2321 et
606 2266 1021 2336 presidebimur;
1047 2267 1364 2331 tenebimus,
1388 2275 1440 2319 et
1461 2266 1780 2319 tenebimur.

184 2359 325 2425 Quid
371 2358 582 2425 dicam?
629 2357 896 2421 Colimur,
944 2367 997 2411 et
1044 2358 1285 2411 colimus.
1329 2356 1433 2411 Sed
1474 2357 1697 2410 coliums
1728 2367 1783 2409 ut

187 2450 387 2512 Deum,
423 2449 648 2504 colimur
675 2456 734 2503 ut
756 2463 901 2519 ager.
938 2447 1007 2501 Ut
1036 2448 1215 2501 sciatis
1243 2448 1364 2517 quia
1395 2448 1648 2512 colimur,
1684 2447 1784 2500 Do-

185 2541 394 2594 tuiuum
429 2539 605 2594 audite
637 2557 650 2592 :
680 2538 789 2609 Ego
816 2555 930 2593 sum
956 2539 1067 2592 vitis
1096 2555 1230 2604 vera,
1262 2554 1346 2592 vos
1370 2539 1485 2593 estis
1508 2547 1783 2605 sarmenta,

188 2631 351 2684 Pater
375 2646 513 2684 metu
537 2631 758 2702 agricola
772 2628 947 2700 (Joan.
969 2631 1124 2695 xv,I,
1143 2630 1219 2700 5).
1236 2629 1291 2684 Si
1314 2629 1542 2700 agricola
1568 2628 1782 2696 dicitur,

184 2736 375 2789 agrum
397 2721 541 2774 colit.
561 2721 729 2788 Quem
750 2720 967 2791 agrum?
990 2718 1127 2775 Colit
1151 2737 1269 2774 nos.
1290 2720 1355 2775 Et
1378 2721 1606 2790 agricola
1630 2730 1783 2777 terra:

187 2812 348 2882 hujus
392 2812 613 2866 visibilis
651 2827 803 2867 arare
846 2822 1051 2882 potest,
1092 2812 1274 2868 fodere
1304 2823 1511 2883 potest,
1545 2814 1784 2884 plautare

187 2912 400 2976 potest;
429 2905 599 2975 rigare
620 2946 634 2968 ,
667 2904 709 2957 si
740 2919 928 2973 aquam
960 2904 1219 2959 invenerit
1240 2951 1253 2965 ,
1284 2913 1495 2975 potest:
1527 2905 1781 2975 numquid

186 3003 368 3065 potest
396 2994 780 3048 incrementum
807 2993 953 3058 dare,
980 3009 1198 3063 germen
1226 2995 1453 3050 educere
1482 2996 1534 3050 in
1563 3004 1782 3063 terram,

188 3085 427 3140 radicem
457 3083 638 3154 ﬁgere,
670 3084 722 3138 in
748 3098 904 3139 auras
928 3100 1263 3155 promovere,
1290 3086 1454 3139 robur
1477 3085 1679 3141 addere
1701 3100 1789 3141 ra—

189 3177 328 3240 mis,
378 3173 638 3230 fructibus
682 3189 942 3239 onerare,
987 3173 1126 3228 foliis
1169 3173 1489 3230 li0uestare?
1528 3174 1785 3247 numquid

188 3267 421 3338 agricola
455 3268 664 3337 petest‘!
706 3266 949 3337 Agricola
995 3275 1171 3321 tamen
1215 3277 1396 3322 noster
1440 3268 1580 3324 Deus
1628 3268 1782 3325 Pater

188 3358 367 3411 omnia
404 3358 500 3412 ista
534 3365 706 3426 potest
743 3358 792 3410 in
832 3356 1001 3411 nobis.
1034 3357 1246 3425 Quare?
1275 3357 1403 3427 Quia
1432 3359 1700 3417 credimus
1728 3361 1781 3415 in

191 3447 361 3501 Deum
408 3448 617 3502 Putrem
663 3446 1103 3518 omnipotentem.
1158 3448 1297 3518 Ergo
1340 3458 1516 3505 tenete
1554 3452 1692 3521 quod
1728 3461 1781 3506 et

188 3539 568 3610 promsuimus
605 3538 786 3605 vobis,
827 3548 882 3595 et
915 3539 1183 3609 quomodo
1213 3541 1353 3597 Deus
1382 3542 1507 3597 dare
1536 3543 1781 3614 dignatus

188 3639 269 3683 est
298 3630 657 3699 exposuimus

717 3768 946 3825 SERMO
981 3771 1183 3825 CCXIV
1213 3777 1229 3794 ‘

622 3902 669 3942 In
711 3896 970 3945 traditione
1012 3895 1245 3960 Symboli,
1283 3913 1345 3946 ιιι.

264 4001 313 4051 ι.
348 3998 647 4069 Symbolum
667 3999 786 4068 ﬁdei
805 4016 894 4053 cur
913 4000 1214 4055 institutum.
1249 4002 1350 4056 Pro
1376 4004 1585 4058 modulo
1609 4007 1778 4058 artatis

192 4089 716 4160 rudimentorumque
757 4100 1091 4156 nostrorum,
1126 4107 1221 4162 pro
1261 4094 1507 4150 tirocinio
1546 4101 1777 4170 suscepti

193 4180 432 4235 muneris
458 4189 613 4250 atque
640 4182 692 4235 in
729 4196 821 4236 vos
847 4180 1146 4237 dilectionis
1174 4182 1394 4250 affectu,
1423 4189 1508 4256 qui
1533 4188 1641 4257 jam
1674 4191 1775 4244 mi-

194 4270 481 4325 uistrantes
506 4271 691 4337 altari,
723 4287 828 4340 quo
854 4274 1117 4327 accessuri
1146 4272 1303 4338 estis,
1330 4276 1649 4343 assistimus,
1682 4296 1778 4335 uec
1822 4268 1825 4271 ’

193 4359 488 4417 ministerio
525 4362 785 4416 sermonis
816 4378 909 4418 vos
940 4361 1185 4419 fraudare
1218 4363 1473 4421 debemus
1504 4368 1602 4439 (a).
1639 4374 1775 4440 Apo-

193 4454 358 4510 stolus
378 4453 507 4509 dicit
537 4472 548 4507 :
586 4474 600 4504 ι
635 4453 894 4520 Quoniam
922 4456 964 4510 si
996 4456 1271 4512 confessus
1298 4458 1458 4514 fueris
1490 4461 1540 4514 in
1567 4476 1660 4516 ore
1687 4472 1777 4517 tuo

193 4547 308 4613 quia
343 4545 599 4600 Dominus
633 4555 716 4600 est
742 4546 894 4600 Jesus
917 4588 929 4609 ,
962 4558 1012 4601 et
1054 4547 1342 4602 credideris
1388 4550 1437 4603 iu
1483 4552 1644 4608 corde
1689 4562 1777 4607 tuo

194 4636 309 4702 quia
347 4636 601 4690 Dominus
632 4636 778 4691 illum
809 4638 1080 4692 suscitavit
1109 4653 1139 4693 a
1166 4643 1415 4708 mortuis,
1446 4644 1620 4699 salvus
1648 4646 1774 4700 eris.

195 4727 362 4781 Corde
389 4731 532 4782 enim
561 4729 796 4784 creditur
818 4728 882 4784 ad
906 4730 1199 4799 justitiam;
1229 4746 1324 4787 ore
1347 4736 1611 4789 confessio
1630 4737 1691 4790 tit
1711 4740 1775 4792 ad

196 4818 418 4873 salutem
434 4838 451 4870 ο
482 4819 659 4891 (Rom.
683 4836 736 4885 χ,
757 4821 849 4874 9et
872 4821 980 4891 10).
1004 4820 1115 4876 Hoc
1133 4822 1185 4875 in
1201 4823 1349 4877 vobis
1375 4824 1600 4881 a2dificat
1626 4828 1778 4900 Sym-

198 4908 407 4977 bolum,
437 4911 579 4980 quod
613 4920 667 4964 et
693 4912 912 4967 credere
947 4923 998 4967 et
1027 4912 1265 4968 confiteri
1295 4914 1530 4982 debetis,
1567 4926 1621 4972 ut
1649 4920 1777 4975 salvi

196 5017 307 5054 esse
339 5002 573 5070 possitis.
609 5001 675 5056 Et
706 5017 765 5056 ea
796 5003 1008 5072 quidem
1032 5045 1046 5069 ,
1086 5020 1204 5074 qua:
1250 5005 1480 5061 breviter
1515 5012 1779 5078 accepturi

195 5094 356 5157 estis,
403 5092 700 5147 mandanda
748 5095 1017 5149 memorire
1060 5104 1114 5150 et
1151 5112 1243 5151 ore
1287 5097 1632 5165 proferenda,
1674 5118 1778 5159 non

256 5247 269 5264 ‘
291 5245 450 5312 Prodit
472 5257 599 5293 nunc
623 5248 826 5312 primum
857 5261 919 5312 ex
949 5249 1223 5309 Itemigiano
1245 5247 1368 5312 libro
1379 5258 1494 5300 ante
1513 5264 1665 5304 annos
1684 5256 1778 5312 eir-

195 5307 313 5380 ctter
347 5309 980 5380 octingentosﬂdesg'ipto,
1005 5307 1211 5380 postque
1253 5308 1516 5362 editionem
1552 5308 1780 5377 repertus

197 5374 269 5415 est
313 5369 460 5417 etiam
484 5369 534 5416 iu
556 5374 638 5418 Ms.
657 5369 894 5420 'tbeoderi
916 5369 1050 5420 ensi.

251 5429 327 5490 (α)
346 5430 463 5501 tunc
485 5429 682 5501 habitus
702 5444 867 5501 sermo
898 5432 1190 5501 intelligitur
1226 5450 1353 5489 anno
1373 5436 1483 5501 391,
1513 5451 1613 5500 quo
1634 5441 1780 5501 erepit

196 5494 487 5564 augustius
509 5499 705 5564 creatus
738 5494 1342 5564 ttippgneuﬁsjpresbyter
1373 5497 1511 5549 altari
1532 5494 1778 5564 ministra-

196 5563 276 5622 re;
304 5554 488 5622 mimus
514 5555 636 5603 torte
657 5554 927 5622 gueniille
968 5554 1102 5622 disit'
1123 5554 1253 5622 post-
1264 5575 1377 5611 eum
1421 5572 1691 5619 secessum,
1714 5563 1777 5611 de

195 5620 290 5687 (:qu
308 5614 400 5687 sibi
422 5614 869 5687 .uaqtteuad'lt’aselia
893 5614 1216 5687 permitteth
1251 5625 1361 5687 egit
1384 5625 1513 5687 apud
1541 5614 1779 5672 Valerium

199 5682 243 5717 In
264 5675 465 5737 epistola
490 5675 565 5724 ΞΙ.
587 5682 756 5727 ωιιέοι
781 5675 1033 5727 exoﬁfium
1055 5675 1420 5735 δριειιιοιιὶξὲιϐ.

382 5768 656 5829 ΡΑτιιωι..
704 5765 1065 5831 XXXVIII.

1538 243 1762 302 SEINO
1804 238 2027 329 (ἶιῗςὶἱγ.

3334 240 3469 296 I066

1890 368 2022 404 nova
2056 351 2137 406 vel
2169 351 2400 405 inaudita
2430 358 2552 404 sunt
2579 348 2743 403 vobis.
2778 346 2908 403 Nam
2937 349 2987 404 in
3016 346 3209 403 sanctis
3236 349 3470 419 Scriptu-

1888 446 1962 498 ris
2002 454 2053 498 et
2097 445 2146 497 in
2188 442 2525 497 sermonibus
2567 442 2936 497 ecclesiasticis
2980 458 3039 496 ea
3084 443 3261 496 multis
3301 443 3472 503 modis

1891 535 2058 602 posita
2088 533 2269 588 soletis
2294 532 2499 587 audire.
2528 532 2633 587 Sed
2664 532 2883 586 collecta
2910 531 3140 585 breviter
3169 541 3222 584 et
3248 533 3299 585 iu
3325 532 3472 586 ordi-

1890 642 2008 678 nem
2047 633 2250 678 certum
2290 622 2502 677 redacta
2541 632 2697 691 atque
2736 623 3024 675 constricta
3064 621 3317 675 tradenda
3348 633 3476 676 sunt

1889 717 2069 780 vobis;
2102 723 2159 768 ιιι
2186 714 2317 770 fides
2346 724 2519 768 vestra
2546 713 2836 768 :edifleetur
2854 753 2870 778 ,
2898 722 2948 767 et
2974 712 3236 768 confessio
3265 729 3471 783 pra-pa-

1842 835 1851 844 ο
1890 817 2052 872 retur,
2082 815 2136 860 et
2166 804 2420 859 memoria
2453 820 2554 858 non
2586 812 2855 875 gravetur.
2890 803 3014 858 Iltec
3043 813 3166 858 sunt
3192 819 3309 872 qum
3342 804 3471 859 lide-

1889 899 2008 953 liter
2048 899 2304 952 retenturi
2352 897 2517 962 estis,
2564 906 2617 951 et
2656 896 2965 951 memoriter
3005 895 3282 950 reddituri.
3316 895 3477 966 (Post

1891 989 2025 1042 hanc
2057 988 2491 1059 pra-locutionem
2539 985 2981 1056 pronuntiandum
3012 995 3094 1041 est
3122 995 3287 1040 totum
3317 985 3474 1057 Sym-

1890 1078 2095 1144 bolum,
2127 1080 2241 1133 sine
2267 1079 2440 1148 aliqua
2468 1078 2778 1147 interposita
2805 1078 3161 1147 disputatione
3188 1096 3199 1130 :
3228 1080 3397 1133 Credo
3423 1079 3474 1132 in

1893 1170 2054 1225 Deum
2086 1171 2294 1225 Patrem
2326 1174 2772 1241 omnipotentem,
2804 1182 2851 1225 et
2884 1181 3073 1225 caetera
3102 1186 3219 1241 qttte
3247 1186 3477 1241 sequuu-
3550 1162 3567 1227 ἕ

1890 1269 1977 1316 tur
2005 1262 2054 1314 iu
2082 1277 2167 1316 eo.
2196 1261 2346 1327 Quod
2376 1261 2685 1332 Symbolum
2719 1262 2884 1315 nostis
2912 1262 3031 1331 quia
3063 1262 3219 1317 scribi
3254 1279 3356 1316 non
3385 1278 3474 1316 so-
3541 1244 3556 1270 “

1889 1351 2005 1427 leti:
2037 1367 2143 1422 quo
2169 1351 2343 1418 dicto,
2376 1344 2710 1423 adjungeuda
2737 1361 2818 1406 est
2846 1352 2956 1405 haec
2977 1353 3261 1422 disputatio
3283 1353 3404 1427 [0].)

1957 1426 2011 1496 9..
2046 1442 2257 1497 Credere
2296 1445 2683 1515 omnipotentem
2725 1444 2891 1499 Deum
2935 1456 3158 1517 oportet,
3204 1460 3475 1502 creatorem

1888 1533 2254 1588 universorum.
2307 1533 2406 1589 Ista
2454 1551 2571 1606 qua:
2615 1536 2844 1592 breviter
2872 1536 3129 1603 audistis,
3169 1554 3272 1593 non
3304 1541 3473 1595 solmn

1888 1624 2127 1691 credere,
2164 1626 2255 1681 sed
2284 1627 2444 1681 etiam
2476 1628 2692 1684 totidem
2721 1630 2896 1684 verbis
2917 1632 3186 1686 memoria:
3204 1648 3477 1687 eommeu-
3507 1696 3519 1704 ,

1888 1713 2018 1769 dare
2046 1724 2098 1770 et
2126 1730 2218 1770 ore
2249 1716 2485 1787 proferre
2522 1719 2742 1774 debetis.
2773 1720 2877 1776 Sed
2906 1723 3154 1791 quoniam
3192 1725 3475 1780 munienda

1891 1815 2014 1858 sunt
2057 1805 2314 1861 adversus
2352 1807 2559 1863 diversa
2600 1812 2889 1865 sentientes
2917 1823 2968 1866 et
2998 1830 3026 1866 a
3055 1813 3269 1868 diabolo
3305 1818 3474 1884 capti-

1890 1902 2041 1947 vatos
2064 1935 2078 1961 ,
2111 1896 2198 1964 qui
2228 1895 2544 1951 insidiantur
2572 1898 2725 1965 fidei,
2761 1916 2882 1954 cum
2912 1902 3259 1958 adversantur
3284 1905 3435 1958 saluti
3460 1923 3473 1969 ;

1889 1995 2212 2041 mementote
2243 1987 2311 2041 ita
2344 1988 2563 2044 credere
2589 1992 3007 2061 omnipotentem
3038 1994 3221 2061 Deum,
3253 2006 3306 2050 ut
3333 1999 3475 2051 nulla

1888 2078 2103 2133 omnino
2134 2087 2317 2133 natura
2346 2080 2448 2146 sit,
2478 2095 2635 2150 quam
2668 2081 2778 2150 ipse
2815 2098 2920 2136 non
2952 2083 3206 2140 condidit.
3253 2086 3316 2140 Et
3359 2087 3477 2139 idm

1890 2178 2160 2237 pereatum
2190 2174 2356 2240 punit,
2387 2171 2526 2240 quod
2559 2171 2670 2241 ipse
2697 2187 2807 2235 non
2833 2174 2987 2239 fecit;
3013 2175 3135 2244 quia
3160 2191 3228 2231 eo
3250 2176 3478 2232 findatur

1889 2268 2073 2313 natura
2095 2301 2109 2324 ,
2144 2275 2299 2331 quam
2334 2261 2478 2316 fecit.
2510 2260 2711 2317 Omnes
2740 2279 2867 2334 ergo
2895 2266 3129 2322 visibiles
3158 2269 3476 2323 invisibiles-

1888 2364 1989 2419 que
2020 2360 2291 2405 creaturas
2312 2394 2337 2434 ,.
2358 2352 2439 2407 vel
2467 2352 2719 2423 quidquid
2758 2354 3054 2410 rationabili
3097 2367 3277 2415 mente
3306 2372 3478 2430 potest

1887 2455 2005 2496 esse
2031 2442 2301 2512 particeps
2328 2442 2776 2499 incommutabilis
2799 2445 3058 2513 veritatis,
3085 2448 3237 2504 sicuti
3259 2452 3477 2520 angelus

1887 2541 1939 2585 et
1970 2532 2163 2599 homo;
2194 2534 2448 2605 quidquid
2480 2535 2607 2588 vivit
2632 2545 2685 2589 et
2711 2537 2889 2602 sentit,
2917 2541 3160 2608 quamvis
3185 2553 3363 2597 careat
3393 2545 3476 2596 iu-

1888 2625 2126 2690 tellectu,
2151 2626 2289 2681 sicut
2308 2635 2432 2681 sunt
2458 2635 2649 2682 cuncta
2673 2628 2942 2692 animalia,
2972 2631 3207 2695 interra,
3233 2634 3281 2687 in
3303 2638 3476 2705 aquis,

1888 2716 1939 2769 in
1962 2731 2107 2782 aere,
2128 2716 2441 2785 gradientia,
2466 2719 2695 2786 reptilia,
2721 2720 2979 2785 nataliIia,
3008 2722 3237 2776 volatilia
3264 2727 3478 2795 ';quid-

1886 2809 2008 2879 quid
2037 2809 2151 2863 sine
2184 2810 2473 2875 intellectu,
2503 2811 2619 2865 siue
2644 2811 2822 2881 aliquo
2846 2827 3005 2866 sensu
3024 2856 3037 2878 ,
3066 2830 3280 2885 quoquo
3318 2820 3477 2871 modi

1886 2899 2079 2954 dicitur
2103 2900 2299 2965 vivere,
2332 2902 2463 2956 sicut
2493 2910 2614 2956 sunt
2639 2917 2700 2956 ea
2728 2918 2847 2972 qua:
2878 2903 3142 2960 radicibus
3170 2907 3399 2979 figuntur
3424 2910 3474 2964 iu

1886 2998 2024 3042 terra
2046 3032 2061 3055 ,
2088 2999 2144 3045 et
2182 2989 2234 3045 in
2276 3005 2436 3046 auras
2460 2992 2811 3061 germiuando
2840 3006 3126 3065 erumpunt
3157 3008 3315 3069 atque
3343 3016 3475 3055 cou-

1886 3090 2141 3153 surguut;
2182 3083 2436 3154 quidquid
2482 3085 2595 3138 sola
2640 3086 2970 3157 corpulentia
3016 3088 3184 3143 locum
3230 3105 3472 3162 occupat,

1886 3174 2025 3228 sicut
2054 3175 2187 3245 lapis
2207 3217 2219 3239 ,
2250 3184 2410 3245 atque
2439 3176 2605 3247 ipsius
2635 3177 2918 3233 mundana:
2946 3180 3102 3235 molis
3126 3197 3475 3254 quzceumque

1885 3275 2172 3323 cernuntur
2205 3269 2283 3323 vel
2312 3270 2471 3324 etiam
2502 3280 2786 3341 tanguntur
2815 3272 3077 3328 elementa
3109 3292 3124 3330 :
3155 3276 3267 3331 lucc
3297 3279 3473 3332 omnia

1886 3354 2009 3410 fecit
2044 3356 2415 3427 omnipotens,
2449 3360 2639 3416 mediis
2671 3342 2773 3416 iuia
2807 3373 2859 3416 et
2890 3379 3095 3419 summa
3126 3350 3473 3438 conjungens,

1884 3456 1937 3501 et
1958 3448 2209 3509 univerSa
2239 3464 2356 3517 qua:
2384 3451 2589 3505 creavit
2614 3451 2744 3506 locis
2768 3455 3016 3524 congruis
3040 3459 3475 3531 temporibusque

1882 3538 2191 3608 disponens.
2225 3537 2371 3593 Fecit
2410 3549 2584 3595 autem
2624 3558 2727 3597 non
2772 3559 2835 3597 ex
2866 3545 3037 3613 aliqua
3067 3549 3287 3603 materie
3312 3564 3468 3619 quam

1885 3631 1996 3700 ipse
2044 3645 2147 3682 non
2195 3628 2339 3684 fecit.
2387 3630 2499 3684 Non
2537 3632 2677 3686 enim
2715 3633 2888 3689 aliena
2927 3635 3204 3704 formavit,
3236 3641 3328 3695 sed
3362 3643 3473 3712 ipse

1882 3722 2021 3789 quod
2064 3720 2316 3776 formaret
2346 3721 2589 3776 instituit.
2621 3723 2723 3792 Qui
2753 3726 2895 3779 enim
2927 3728 3055 3782 dicit
3092 3732 3232 3801 quod
3273 3732 3471 3803 aliquid

1884 3811 2057 3865 facere
2084 3811 2151 3865 de
2182 3810 2345 3866 nihilo
2383 3827 2488 3866 non
2522 3817 2750 3882 potuerit
2772 3858 2786 3877 ,
2819 3819 3086 3886 quomodo
3122 3822 3290 3877 credit
3331 3827 3472 3895 quod

1884 3902 2221 3970 omnipotens
2251 3902 2473 3957 fecerit?
2502 3904 2628 3961 Siue
2668 3906 2828 3961 dubio
2871 3910 3067 3980 quippe
3108 3923 3264 3983 negat
3300 3918 3473 3970 muni-

1884 4003 2184 4061 potentem,
2217 3994 2304 4063 qui
2348 3994 2475 4049 dicit
2511 3997 2651 4067 quod
2699 3999 2953 4055 mundum
2987 4002 3124 4058 Deus
3164 4005 3336 4061 facere
3366 4025 3468 4061 nun

1886 4095 2095 4155 posset,
2126 4087 2168 4139 si
2197 4087 2335 4141 unde
2369 4087 2566 4143 faceret
2609 4106 2715 4146 non
2761 4092 2998 4149 haberet.
3052 4096 3183 4151 Nam
3229 4116 3347 4169 qua:
3389 4115 3471 4156 cst

1882 4180 2284 4248 omnipoteutla,
2317 4179 2404 4234 ubi
2435 4189 2575 4235 tanta
2608 4195 2687 4238 est
2717 4184 3023 4256 indigentia,
3058 4198 3115 4243 ut
3138 4190 3202 4245 ad
3230 4192 3310 4246 sui
3337 4209 3467 4263 ope-

1882 4271 1955 4323 ris
1997 4270 2275 4334 efl'ectum,
2317 4273 2763 4341 quemadmodum
2808 4276 2992 4345 faber,
3043 4284 3320 4350 pervenire
3365 4301 3468 4340 urn

1885 4371 2082 4429 posset,
2110 4362 2210 4416 nisi
2240 4378 2360 4417 eum
2391 4367 2639 4420 materies
2665 4382 2821 4436 quam
2853 4369 2964 4439 ipse
2995 4388 3098 4426 non
3128 4374 3350 4429 instituit
3376 4379 3471 4430 :id-

1878 4456 2131 4523 juvaret?
2162 4450 2240 4511 Ab
2267 4456 2348 4510 liis
2376 4457 2535 4529 igitur
2560 4462 2897 4530 opinionibus
2920 4473 2972 4519 ct
2992 4466 3262 4522 erroribus
3284 4482 3470 4541 purget

1911 4629 1963 4707 ξμί
1990 4633 2435 4707 ιιιιιιςξξοςριιιηιξοὶε
2454 4630 2577 4707 tigni,
2604 4634 2733 4707 addit
2746 4636 3275 4707 Ais.'l'lteodericensis.
3305 4642 3472 4707 [repli-

1885 4689 1969 4749 lt'a,
1989 4690 2239 4754 milia;
2262 4692 2498 4758 quitquid
2519 4695 2621 4746 sine
2642 4695 2721 4746 int.
2740 4696 2923 4761 flecto.)

1954 4772 2203 4849 (njhverba
2239 4784 2353 4847 sunt
2391 4790 2668 4849 sermonem
2689 4793 2830 4849 suum
2864 4783 3153 4849 scribentis,
3184 4787 3262 4849 cut
3296 4786 3473 4849 religio

1886 4840 1993 4907 erat
2008 4834 2664 4907 Symbolumipsumseripto
2688 4841 2911 4907 tradere:
2940 4861 2960 4887 α
2981 4845 3109 4907 (πιθα
3133 4834 3463 4907 ἐχιιιιχιΙιιιιῖζᾮ.

1884 4900 1967 4955 ait,
2001 4912 2023 4939 ιι
2048 4900 2333 4968 nostjsAquia
2352 4901 2511 4968 ‘SCI’iiil
2553 4914 2648 4948 non
2682 4900 2807 4968 sciet
2833 4916 2845 4949 :
2872 4919 2893 4947 ii
2933 4917 3027 4965 qua
3060 4905 3124 4953 de
3146 4900 3203 4955 re
3237 4920 3380 4968 supra
3410 4900 3467 4955 ἰρι

1884 4968 2114 5028 sermone
2137 4957 2249 5028 2_I2,
2273 4974 2320 5007 ιι.
2413 4968 2648 5028 (zu-terum
2675 4957 3115 5028 quodsem'tonem
3151 4957 3470 5028 quem'dixis-

1883 5024 1970 5089 set.
1986 5019 2303 5089 Augustinus,
2319 5020 2575 5089 aliquando
2620 5019 2765 5089 etiam
2798 5023 2987 5089 dictum
2995 5019 3360 5089 conscriberet.
3401 5036 3468 5077 ιι·-

1883 5084 2038 5148 statur
2046 5079 2162 5187 ipse
2182 5080 2232 5151 in
2260 5079 2382 5150 libro
2404 5079 2464 5129 I5
2483 5081 2547 5129 de
2567 5082 2815 5141 trinitate,
2834 5097 2939 5147 mp.
2962 5084 3040 5135 ‘27.
3064 5089 3296 5149 suspicari
3322 5079 3465 5140 ein".

1884 5136 2018 5187 beet.
2110 5140 2226 5187 αιιιι]
2249 5140 2327 5187 ιιιυ
2348 5143 2411 5187 ab
2434 5143 2538 5187 i080
2560 5142 2789 5187 addizum.
2828 5158 2936 5187 eum
2967 5146 3174 5187 allnnlm
3195 5150 3258 5187 {In
3282 5151 3393 5187 ΜΛ.»
3416 5165 3461 5187 ιιι

1884 5136 2018 5204 licet,
2046 5136 2226 5204 aliquid
2249 5140 2327 5190 hic
2348 5143 2411 5190 ab
2434 5143 2538 5204 ipso
2560 5142 2789 5203 addiium,
2803 5136 2812 5141 ’
2828 5136 2936 5195 cuin
2967 5136 3174 5197 alterum
3195 5136 3259 5199 de
3282 5136 3469 5202 inde

1883 5201 2103 5273 Symbolo
2152 5201 2467 5273 sermonem,
2496 5205 2574 5273 cui
2605 5201 2783 5253 sermo
2821 5207 2914 5273 iste
2974 5209 3335 5273 inbuemigiano
3380 5201 3464 5264 Ms.
3516 5232 3533 5237 θ

1884 5263 2103 5337 prosime
2140 5263 2473 5337 conjungitur,
2514 5266 2560 5314 in
2594 5269 2994 5337 detractationem
3013 5270 3150 5337 _l_i_b_ro
3179 5263 3356 5337 Lup.
3391 5263 3465 5333 t'i',

1884 5332 2277 5396 recognosceret.
2307 5325 2481 5396 todem
2504 5329 2698 5396 torsitan
2724 5336 2944 5396 tempore
2966 5333 3156 5396 addidit,
3177 5325 3323 5395 intra;
3342 5350 3388 5385 ιι.
3416 5325 3466 5396 κζ

1885 5383 2197 5458 eaemjlum,
2226 5388 2740 5458 quo-denservisntwi
2777 5383 3003 5458 observat
3042 5383 3317 5458 saepissime.
3343 5383 3463 5454 diei:

1890 5462 1911 5489 ι
1940 5452 2027 5494 't'ot
2048 5458 2198 5518 annos
2224 5447 2380 5518 ille_i_n
2406 5449 2491 5501 ιιιο
2512 5449 2591 5518 _veI
2617 5451 2699 5501 illo
2729 5454 3021 5518 monasterio
3042 5447 3185 5506 sedit.
3213 5473 3235 5502 ιι
3265 5459 3312 5509 td
3336 5447 3464 5510 enini

1885 5519 2048 5583 citem,
2122 5520 2248 5583 anno
2271 5509 2380 5583 501.
2398 5527 2494 5575 quo
2510 5513 2637 5583 bune
2678 5527 2955 5583 sermonem
2989 5517 3199 5583 habitum
3224 5507 3464 5583 putauit—is,

1885 5570 2105 5642 proferre
2136 5571 2218 5642 χιιι
2258 5570 2460 5642 loti-rat.
2496 5575 2537 5621 si
2581 5583 2741 5642 tamen
2772 5576 2965 5628 aliunde
2996 5582 3113 5630 satis
3144 5570 3331 5633 censuit
3367 5570 3465 5633 nio:

1886 5637 2078 5700 uastum
2102 5637 2212 5681 vita:
2254 5645 2410 5700 genus
2435 5637 2780 5700 isoLtrinunn
2802 5648 2996 5690 auctore
3030 5643 3099 5691 sie
3137 5643 3375 5695 invectum
3408 5650 3456 5695 iu

1888 5692 2102 5753 urnam,
2130 5702 2182 5742 ut
2205 5692 2298 5743 non
2322 5692 2479 5758 aliqua
2505 5692 2599 5747 illic
2616 5707 2729 5758 ante
2754 5710 3001 5752 exstarent
3019 5692 3322 5756 monasteria.

2763 5785 2782 5865 (
2796 5785 3301 5867 Trente-qualre.)
