3934 6188
512 406 645 461 1007

510 519 766 575 animum,
795 509 882 578 qui
905 502 1074 557 credit
1098 497 1152 551 in
1180 492 1360 560 omnip
1382 493 1591 540 ιιριιιυιιι
1619 482 1803 534 Deum.
1833 475 1923 530 Illa
1947 471 2087 526 enim

511 625 628 680 ιιιιω
655 602 847 658 dicitur
878 590 1121 649 informis
1156 599 1331 640 rerum
1372 574 1652 636 materies,
1685 570 1973 622 formarum
1997 575 2092 614 ca-

514 660 613 772 pax
640 703 696 751 et
723 689 958 758 subjecta
985 679 1130 751 aperi
1152 671 1419 732 Creatoris
1440 709 1453 733 ,
1481 667 1533 719 in
1561 660 1739 717 omnia
1767 664 1849 713 est
1872 667 2092 709 conver-

1098 770 1106 772 Α
1166 767 1185 772 ”“
1364 760 1398 772 ¹’
1490 756 1542 772 ’⁸⁸
1590 753 1627 772 -ε
1675 749 1787 772 κτυ-
1819 761 1929 772 ΛΑΜ
1959 743 2092 772 ηιμ-ο

879 743 1139 846 placuerit
1163 767 1335 820 facere
1360 753 1653 815 Conditori.
1675 749 1791 806 Non
1815 761 1931 801 eam
1959 743 2095 797 Deus

512 881 658 934 velut
688 873 789 930 sibi
814 875 1133 925 comtcrnam
1154 901 1170 923 ,
1200 854 1339 911 unde
1377 847 1632 906 mundum
1672 840 1985 901 fabricaret,
2018 836 2095 888 in-

516 970 659 1026 venit
685 985 698 1021 :
721 962 814 1019 sed
835 975 953 1016 eam
979 959 1091 1028 ipse
1115 967 1178 1006 ex
1199 945 1416 1003 omnino
1442 939 1625 999 nihilo,
1648 950 1769 989 cum
1793 932 1946 984 νυιιιιδ
1964 939 2097 995 quius

516 1066 584 1119 de
611 1061 696 1116 illa
740 1054 864 1111 fecit
884 1093 900 1119 ,
945 1023 1189 1104 insumit.
1232 1038 1345 1093 Nec
1373 1034 1471 1088 fuit
1504 1038 1625 1083 ante
1658 1041 1744 1081 res
1774 1023 1915 1091 ipsas
1936 1060 1950 1084 ,
1978 1031 2098 1088 qua

522 1248 631 1302 hilo
676 1239 919 1313 primitus
960 1203 1148 1287 cuncta
1188 1223 1338 1285 fecit,
1384 1232 1504 1274 cum
1535 1213 1727 1284 quibus
1756 1206 1879 1262 fecit
1907 1203 2104 1274 pariter

522 1336 663 1391 unde
678 1293 837 1387 rfecit.
870 1322 1112 1380 Materies
1138 1318 1313 1384 itaque
1333 1308 1454 1365 coeli
1476 1315 1530 1360 et
1555 1314 1731 1366 terrae,
1755 1299 1891 1353 sicut
1916 1294 2029 1349 haec
2050 1293 2103 1346 in

525 1425 784 1498 principio
809 1426 933 1475 sunt
957 1420 1158 1476 creata,
1187 1405 1345 1462 simul
1373 1414 1492 1456 cum
1519 1396 1646 1466 ipsis
1668 1401 1749 1447 est
1768 1398 1945 1444 creata
1969 1403 1983 1439 :
2007 1398 2106 1438 nec

525 1484 622 1577 iuit
647 1484 786 1571 unde
808 1512 995 1567 fierent
1016 1521 1135 1575 qua:
1160 1503 1295 1555 Deus
1323 1495 1373 1549 in
1398 1488 1653 1563 principio
1674 1484 1795 1539 fecit
1820 1499 1831 1534 :
1856 1489 1909 1534 et
1931 1490 2105 1532 tamen

527 1616 660 1668 facta
683 1615 807 1664 sunt
825 1618 941 1674 quae
964 1597 1301 1666 omnipotens
1322 1587 1463 1650 fecit,
1484 1596 1603 1652 qua:
1630 1577 1766 1632 facta
1789 1569 2105 1640 composuit,

527 1700 767 1772 implevit
787 1738 800 1761 ,
833 1690 1060 1749 ornavit.
1094 1687 1150 1741 Si
1176 1682 1317 1739 enim
1346 1692 1464 1747 quae
1491 1674 1542 1727 in
1571 1666 1829 1741 principio
1859 1662 2013 1725 fecit,
2044 1674 2110 1713 ex

1445 1766 1493 1772 -.
1704 1758 1725 1772 ,,
1786 1757 1818 1772 ,,
1867 1770 1892 1772 ξ
2007 1749 2108 1772 mu

531 1749 694 1850 niliilo
735 1749 916 1857 utique
961 1781 1115 1843 fecit;
1159 1775 1318 1830 etiam
1348 1785 1413 1824 ex
1445 1766 1526 1819 his
1554 1776 1671 1832 qua:
1702 1757 1826 1812 fecit
1857 1749 2109 1824 quidquid

531 1885 758 1943 voluerit
785 1884 955 1934 lacere
985 1883 1176 1945 potens
1204 1873 1305 1928 est,
1335 1861 1457 1932 quia
1486 1854 1822 1922 omnipotens
1846 1855 1945 1903 est.

603 1982 655 2034 5.
687 1974 1018 2042 Omnipotens
1055 1961 1239 2032 iniquis
1277 1956 1437 2009 multa
1476 1956 1652 2003 contra
1675 1945 1784 2016 ejus
1809 1940 2114 1994 uoluntatem

536 2067 830 2142 facientibus
877 2077 975 2115 non
1023 2058 1304 2124 superatur.
1358 2042 1468 2099 Nec
1513 2039 1633 2093 ideo
1678 2032 1899 2089 credant
1953 2026 2115 2097 iniqui

582 2132 593 2159 κ
1127 2145 1137 2155 ·
1162 2158 1165 2159 ν
1194 2146 1411 2159 γ-Αμιρω
1464 2130 1579 2159 ....:..
1607 2126 1767 2159 multo
1798 2131 1981 2159 nnntm
2003 2119 2115 2159 nine

539 2119 702 2216 lDium
730 2171 832 2210 non
854 2166 973 2207 esse
997 2145 1437 2214 omnipotentem,
1461 2130 1582 2201 quia
1607 2126 1769 2182 multa
1798 2131 1983 2178 contra
2003 2119 2118 2187 ejus

540 2252 742 2306 faciunt
783 2213 1308 2300 voluntatcmaQuia
1348 2236 1402 2282 et
1438 2239 1559 2279 cum
1599 2219 1800 2274 faciunt
1834 2213 1974 2284 quod
2014 2228 2117 2265 non

705 2301 807 2392 hoc
831 2335 898 2390 de
923 2334 1001 2386 eis
1030 2327 1150 2382 facit
1178 2319 1320 2393 quod
1351 2318 1467 2387 ipse
1492 2313 1619 2367 vult.
1650 2307 1808 2364 Nullo
1836 2301 1994 2359 modo
2023 2302 2119 2372 igi-

542 2449 627 2491 tur
655 2426 1037 2499 omnipotentis
1076 2419 1160 2474 vel
1198 2419 1437 2477 mutant,
1467 2407 1553 2462 vel
1590 2407 1843 2474 superant
1878 2397 2124 2451 volunta-

545 2538 651 2582 tem
681 2544 696 2578 :
726 2525 838 2578 sive
862 2519 1025 2572 homo
1051 2514 1197 2582 juste
1227 2506 1527 2565 damnetur,
1571 2497 1683 2551 sive
1711 2485 2125 2547 misericorditer

544 2620 824 2676 liberetur,
852 2578 1098 2663 voluntas
1122 2591 1503 2665 omnipotentis
1528 2587 1795 2657 impletur.
1819 2578 1969 2647 Quod
2001 2591 2128 2647 ergo

549 2725 655 2764 non
688 2705 799 2759 vult
834 2697 1209 2766 omnipotens,
1247 2686 1348 2741 hoc
1385 2682 1557 2738 solum
1597 2692 1701 2732 non
1732 2680 1924 2751 potest.
1956 2668 2129 2725 Utitur

548 2815 678 2872 ergo
698 2795 870 2858 malis,
896 2805 1003 2845 non
1025 2780 1312 2841 secundum
1342 2788 1527 2832 eorum
1554 2781 1792 2841 pravam,
1820 2762 1913 2818 sed
1943 2774 2131 2815 secun-

551 2856 677 2949 duin
707 2902 856 2945 suam
878 2892 1079 2939 rectam
1103 2876 1446 2930 voluntatem.
1473 2864 1604 2920 Nam
1628 2861 1765 2916 sicut
1792 2856 1915 2912 mali
1943 2862 2131 2909 natura

553 3001 646 3040 sua
674 2984 812 3038 bona
835 3020 850 3041 ,
884 2976 989 3030 hoc
1018 2978 1134 3035 est,
1177 2968 1316 3023 bono
1353 2961 1468 3032 ejus
1505 2970 1669 3028 opere
1702 2952 1839 3008 male
1877 2956 2130 3009 utuntur;

553 3077 631 3133 sic
657 3076 772 3146 ipse
802 3072 976 3126 bonus
1002 3063 1166 3120 etiam
1194 3071 1379 3115 eorum
1409 3051 1565 3108 malis
1589 3045 1838 3119 operibus
1867 3043 2001 3096 bene
2028 3039 2132 3093 uti-

556 3177 663 3233 tur,
677 3133 745 3219 ne
760 3154 1142 3230 omnipotentis
1156 3140 1401 3205 voluntas
1421 3143 1594 3212 aliqua
1615 3155 1679 3194 ex
1704 3143 1851 3207 parte
1872 3133 2131 3186 vincatur.

555 3260 610 3315 Si
637 3224 778 3312 enim
816 3224 929 3307 non
954 3247 1172 3303 haberet
1212 3237 1356 3312 quod
1392 3237 1565 3291 bonus
1600 3231 1668 3286 de
1706 3227 1859 3283 malis
1894 3224 2036 3294 juste
2074 3235 2136 3275 ac

558 3352 696 3405 bene
722 3345 939 3408 faceret,
971 3337 1118 3394 nullo
1145 3332 1303 3389 modo
1340 3342 1435 3384 eos
1460 3325 1546 3380 vel
1572 3320 1718 3377 nasci
1744 3318 1825 3373 vel
1857 3317 2035 3370 vivere
2060 3311 2136 3367 si-

561 3446 745 3502 nerct;
769 3447 905 3506 quos
924 3402 1095 3486 malos
1125 3426 1239 3495 ipse
1264 3435 1372 3476 non
1400 3414 1545 3477 fecit,
1569 3411 1691 3482 quia
1712 3407 1953 3465 homines
1978 3402 2134 3483 iecit:

560 3531 683 3601 quia
724 3542 826 3580 non
868 3528 1082 3593 peccata
1107 3530 1225 3586 qua:
1255 3519 1379 3567 sunt
1405 3515 1589 3563 contra
1628 3509 1891 3561 naturam,
1920 3490 2014 3549 sed
2043 3507 2138 3546 ua-

563 3591 707 3676 tixas
737 3591 882 3688 ipsas
908 3609 1130 3669 creavit.
1152 3604 1316 3660 Malos
1341 3610 1517 3656 tamen
1543 3610 1636 3650 eos
1657 3591 1863 3646 futuros
1889 3596 2141 3656 prmsctus

563 3679 810 3785 ignaram
831 3721 935 3762 non
957 3701 1126 3774 potuit
1150 3718 1163 3754 :
1186 3695 1281 3752 sed
1303 3696 1439 3749 sicut
1460 3695 1681 3744 noverat
1702 3698 1821 3755 quae
1843 3679 1943 3752 ipsi
1962 3684 2143 3733 essent

565 3769 702 3858 mala
733 3797 921 3855 facturi
943 3769 1064 3861 {sic
1087 3790 1248 3848 etiam
1271 3791 1490 3841 noverat
1517 3793 1636 3850 quae
1662 3776 1801 3831 bona
1830 3771 1898 3827 de
1924 3769 2027 3824 illis
2054 3783 2139 3823 es-

570 3902 654 3949 set
679 3892 791 3960 ipsc
813 3888 1070 3943 facturus.
1101 3880 1229 3947 Quis
1258 3874 1434 3932 verbis
1453 3869 1703 3941 ettplicet,
1720 3864 1840 3935 quis
1858 3861 2147 3931 mquiparet

568 3983 812 4039 laudibus
842 4022 856 4047 ,
907 3983 1162 4048 quantum
1208 3968 1364 4025 nobis
1409 3965 1603 4020 bonum
1652 3955 1935 4014 contulerit
1974 3951 2148 4023 passio

569 4072 881 4135 Salvatoris,
922 4067 1074 4137 cujus
1112 4065 1167 4119 in
1203 4058 1521 4117 remissione
1558 4057 1896 4124 peccatorum
1935 4042 2150 4114 sanguis

568 4168 772 4224 ell‘usus
788 4162 907 4219 est?
929 4136 1183 4215 ettamcn
1213 4161 1415 4208 tantum
1435 4147 1538 4202 hoc
1557 4145 1754 4200 bonum
1784 4153 1878 4209 per
1894 4136 2151 4192 malitiam

572 4258 742 4314 sabuli
765 4298 780 4321 ,
809 4270 904 4326 per
928 4250 1181 4307 malitiam
1211 4244 1514 4307 Judmorum
1535 4278 1549 4303 ,
1590 4249 1686 4305 per
1721 4230 1974 4286 malitiam
2003 4224 2152 4281 Judm

575 4318 846 4404 traditoris
868 4342 1143 4413 impletum
1162 4346 1262 4394 est.
1283 4334 1391 4390 Nec
1408 4330 1487 4387 eis
1502 4329 1645 4399 juste
1668 4321 1914 4378 tribuitur
1933 4318 2150 4382 bonum,

573 4440 715 4509 quod
745 4453 841 4507 per
868 4407 988 4489 illos
1016 4432 1172 4494 Deus,
1206 4442 1309 4482 non
1337 4422 1437 4493 ipsi
1465 4415 1766 4474 hominibus
1789 4407 2112 4468 contulerint
2138 4423 2153 4461 :

577 4531 671 4587 sed
700 4532 779 4585 eis
804 4528 945 4597 juste
975 4521 1288 4579 retribuitur
1319 4512 1656 4586 supplicium,
1684 4506 1933 4580 quoniam
1965 4516 2157 4558 nocere

578 4623 880 4677 voluerunt.
921 4616 1071 4671 Sicut
1108 4620 1286 4666 autem
1325 4605 1524 4678 aliquid
1573 4602 1811 4659 invenire
1848 4598 2115 4670 potuimus
2138 4637 2153 4662 ,

576 4730 685 4784 quo
723 4705 1064 4765 manifestum
1103 4709 1247 4758 esset
1284 4699 1436 4754 nobis
1468 4738 1483 4764 ,
1533 4690 1979 4765 quemadmodum
2019 4688 2159 4751 Deus

580 4779 740 4860 .Iuam
768 4802 924 4858 malis
952 4797 1203 4868 operibus
1223 4801 1277 4850 et
1302 4790 1605 4848 Judmorum
1635 4793 1688 4840 et
1714 4781 1865 4839 luda:
1893 4779 2159 4837 traditoris

581 4902 716 4953 bene
745 4908 873 4950 usus
896 4901 978 4948 est
997 4888 1063 4945 ad
1095 4895 1328 4942 nostram
1357 4878 1774 4950 redemptionem
1798 4888 1864 4930 ac
1884 4871 2108 4928 salutem
2143 4887 2156 4924 :

582 4993 656 5047 sic
677 4991 730 5045 in
757 4989 1001 5044 universa
1023 4990 1262 5039 creatura
1287 4976 1507 5033 occultis
1531 4981 1690 5044 atque
1716 4967 1908 5025 abditis
1937 4965 2157 5027 sinibus,

581 5095 715 5149 quos
744 5093 845 5134 nee
868 5076 1141 5131 oculorum
1169 5086 1266 5126 nec
1296 5068 1487 5123 mentis
1512 5066 1626 5120 acie
1657 5069 1993 5132 penetramus
2014 5097 2027 5119 ,
2063 5069 2161 5109 no-

582 5175 656 5226 vit
681 5166 1127 5243 quemadmodum
1158 5162 1308 5216 malis
1337 5161 1472 5215 Deus
1500 5158 1634 5213 bene
1661 5162 1855 5214 utatur,
1880 5148 2011 5203 utin
2043 5161 2160 5200 om-

586 5263 744 5317 nibus
791 5276 910 5329 qua:
958 5264 1246 5311 nascuntur
1291 5263 1343 5304 et
1390 5246 1826 5302 administrantur
1854 5243 1903 5294 in
1931 5236 2161 5302 mundo,

592 5355 833 5411 voluntas
862 5347 1243 5419 omnipotentis
1274 5344 1573 5412 impleatur.

662 5446 719 5500 4.
747 5444 1076 5513 Omnipotens
1102 5440 1152 5491 id
1179 5438 1343 5493 solum
1369 5450 1467 5487 non
1506 5440 1658 5500 potrst
1681 5471 1693 5490 ,
1734 5428 1865 5495 quod
1904 5441 2002 5477 non
2043 5420 2163 5474 vult.

590 5537 695 5593 Sed
741 5536 990 5606 quoniam
1034 5530 1140 5585 dixi
1206 5530 1306 5583 hoc
1356 5523 1526 5580 solum
1583 5519 1996 5588 omnipotentem
2064 5529 2167 5566 non

595 5642 770 5696 pnsw,
796 5624 934 5692 quod
960 5636 1065 5676 non
1089 5619 1203 5674 vult
1222 5639 1236 5674 :
1257 5634 1323 5672 ne
1346 5615 1461 5685 quis
1487 5628 1570 5667 me
1593 5621 1793 5666 temere
1814 5608 2010 5663 dixisse
2030 5604 2169 5659 arbi-

596 5727 766 5767 lnzlttr
795 5713 988 5781 aliquid
1018 5710 1431 5778 omnipotentem
1458 5719 1561 5757 non
1588 5716 1761 5772 posse;
1792 5699 1890 5753 huc
1916 5706 1967 5751 ct
1988 5697 2174 5751 beatus

598 5803 883 5871 Apost-slus
915 5802 1060 5854 dixit.
1098 5799 1154 5853 Si
1189 5813 1284 5850 non
1316 5795 1596 5859 credimus,
1627 5791 1713 5847 illc
1751 5792 1834 5862 qui
1870 5790 2035 5861 ﬁdelis
2062 5804 2171 5859 pcr-

1741 364 1797 418 S.
1839 348 2204 415 ALGUSTlNl
2244 348 2546 405 El‘lSCUl’l

3594 347 3706 406 1058

2199 476 2384 529 ntanet,
2416 479 2595 534 negare
2619 476 2670 514 se
2690 461 2855 529 ipsimi
2884 474 2983 510 non
3013 466 3167 527 potest
3192 456 3269 527 (ll
3295 455 3422 510 Tim?
3444 472 3494 521 ll,
3514 454 3609 530 l5).
3628 461 3708 517 Sed

2197 559 2317 627 quia
2355 572 2461 611 non
2501 556 2647 619 vult,
2680 568 2783 607 non
2816 560 3025 621 potest;
3051 551 3171 619 quia
3201 557 3256 604 et
3283 549 3409 604 velle
3436 565 3529 603 non
3555 561 3708 620 potest.

2198 651 2315 706 Non
2343 650 2483 705 enim
2514 655 2691 719 potest
2722 643 2924 715 justitia
2955 641 3102 696 velle
3139 640 3312 695 facere
3346 638 3477 709 quod
3509 640 3709 711 iniustum

2199 753 2315 809 est,
2342 749 2435 795 aut
2462 738 2721 810 sapientia
2752 734 2888 791 velle
2917 730 3061 803 quod
3090 731 3304 785 stultum
3331 738 3435 795 est,
3465 741 3545 783 aut
3560 730 3712 787 veritas

2202 835 2339 890 velle
2375 830 2518 903 quod
2544 829 2735 884 falsum
2772 834 2876 881 est.
2906 822 3062 879 Unde
3098 821 3440 875 admonemur
3463 820 3604 874 Deum
3627 837 3713 875 om-

2201 926 2549 997 nipotentem,
2574 935 2679 975 non
2708 920 2808 972 hoc
2836 917 3008 971 solum
3049 912 3190 984 quod
3217 912 3292 966 ait
3320 910 3604 980 Apostolus,
3633 910 3714 965 Ne—

2202 1035 2323 1090 gare
2361 1017 2582 1086 seipsum
2620 1029 2720 1065 non
2760 1017 2950 1081 potest,
2991 979 3084 1061 sed
3117 1004 3278 1058 multa
3309 979 3408 1056 non
3434 1016 3589 1071 posse.
3617 979 3715 1058 Ecci

2205 1126 2304 1182 ego
2334 1109 2475 1174 dico,
2506 1113 2560 1161 et
2582 1105 2697 1174 ejus
2727 1101 2949 1157 veritate
2973 1097 3150 1153 dicere
3178 1094 3369 1158 audeo,
3408 1091 3535 1162 quod
3568 1107 3716 1161 negaro

2206 1222 2310 1261 non
2350 1202 2522 1257 audeo
2552 1218 2563 1253 :
2592 1199 2732 1253 Deus
2770 1194 3106 1263 omnipotens
3138 1203 3245 1243 non
3285 1194 3453 1255 potest
3477 1183 3618 1251 mori,
3641 1200 3719 1238 non

2208 1303 2382 1367 potest
2411 1291 2626 1353 mutari,
2652 1304 2755 1342 non
2782 1294 2955 1356 potest
2984 1282 3112 1344 falli,
3137 1295 3245 1334 non
3268 1284 3437 1348 potest
3461 1276 3601 1329 miser
3618 1275 3720 1340 ﬁeri,

2210 1404 2313 1443 non
2339 1393 2507 1456 potest
2539 1381 2695 1436 vinci.
2721 1378 2844 1432 Haec
2870 1388 3031 1445 atque
3059 1368 3367 1440 hujusmodi
3393 1367 3518 1421 absit
3535 1375 3583 1420 ut
3596 1367 3720 1435 praeit

2208 1455 2563 1545 omnipotens.
2594 1472 2671 1526 Ac
2699 1484 2795 1539 per
2826 1466 2927 1520 hoc
2966 1478 3071 1517 non
3112 1462 3290 1515 solum
3329 1455 3548 1512 ostendit
3576 1455 3721 1508 veritas

2211 1570 2629 1640 omnipotentem
2658 1578 2797 1627 esse,
2836 1557 2979 1630 quod
3018 1558 3117 1610 ista
3149 1569 3257 1607 non
3286 1551 3477 1622 possit;
3506 1547 3586 1603 sed
3605 1548 3720 1601 etiam

2212 1661 2351 1730 cogit
2372 1659 2567 1713 veritas
2594 1655 3009 1723 omnipotentem
3043 1661 3152 1700 non
3179 1657 3322 1709 esse,
3350 1641 3434 1710 qui
3462 1639 3564 1692 haec
3585 1637 3721 1706 possit.

2216 1754 2409 1805 \‘olens
2433 1748 2572 1803 enim
2604 1753 2686 1801 est
2715 1744 2849 1798 Deus
2877 1735 3135 1810 quidquid
3174 1743 3289 1798 est;
3317 1740 3534 1785 mternus
3554 1736 3725 1795 ergo,et

2216 1826 2699 1903 incommutabilis,
2728 1843 2781 1889 et
2805 1846 2960 1887 verax
2981 1870 2997 1895 ,
3024 1837 3077 1882 et
3103 1827 3295 1880 beatus
3313 1862 3327 1888 ,
3353 1831 3403 1876 et
3429 1818 3725 1887 insuperabilis

2216 1937 2399 1990 volens
2425 1940 2525 1987 est.
2555 1929 2611 1986 Si
2641 1941 2770 1997 ergo
2799 1929 2979 1996 potest
3005 1934 3127 1975 esse
3156 1914 3301 1987 quod
3327 1928 3428 1967 non
3455 1910 3573 1975 vult,
3598 1910 3725 1962 omni-

2220 2038 2406 2099 potens
2427 2040 2530 2078 non
2552 2030 2635 2077 est
2658 2038 2672 2074 :
2698 2027 2780 2074 est
2802 2024 2976 2070 autem
2999 2010 3378 2078 omnipotens;
3399 2018 3517 2071 ergo
3534 1998 3726 2070 quidquid

2221 2097 2331 2177 vult
2362 2127 2551 2189 potest.
2582 2114 2649 2168 Et
2678 2110 2797 2166 ideo
2822 2105 2962 2178 quod
2992 2119 3097 2158 non
3139 2100 3290 2161 vult,
3320 2111 3434 2150 esse
3456 2109 3548 2148 non
3573 2097 3725 2160 potest;

2223 2213 2310 2283 qui
2351 2181 2632 2280 prOpterea
2656 2202 2849 2259 dicitur
2875 2196 3251 2265 omnipotens,
3279 2187 3511 2258 quoniam
3538 2181 3727 2253 quidquid

2228 2270 2556 2372 vult-potest.
2586 2295 2660 2347 De
2685 2305 2789 2362 quo
2815 2296 2869 2343 et
2912 2285 3164 2340 Psalmus
3205 2278 3336 2334 dicit
3368 2296 3381 2331 :
3409 2275 3468 2331 In
3503 2272 3607 2327 emta
3635 2279 3669 2324 et
3693 2270 3727 2322 in

2228 2361 2552 2444 terra-omnia
2578 2361 2897 2455 quaecumque
2918 2375 3073 2431 voluit
3103 2372 3228 2444 fecit
3255 2368 3416 2439 (Psat.
3441 2380 3603 2420 cmtv
3619 2361 3703 2427 ,6).

2300 2483 2353 2538 5.
2387 2452 2613 2536 Christus
2652 2473 2818 2528 Filius
2854 2469 2949 2524 Dei
2978 2466 3186 2521 unicus.
3217 2464 3355 2517 Deus
3378 2460 3523 2528 igitur
3547 2452 3729 2521 omnipo-

2233 2584 2371 2639 tens,
2397 2571 2486 2641 qui
2517 2577 2863 2638 quacumque
2890 2558 3057 2613 voluit
3085 2555 3221 2610 fecit
3246 2551 3418 2607 omnia
3437 2592 3451 2616 ,
3478 2546 3632 2618 genuit
3651 2542 3732 2597 uui-

2231 2637 2365 2719 cumv
2381 2637 2611 2717 verbum
2636 2672 2729 2727 per
2749 2651 2888 2725 quod
2913 2650 3047 2707 facta
3074 2654 3210 2703 sunt
3231 2643 3401 2699 omnia
3431 2658 3444 2693 :
3470 2638 3550 2693 sed
3568 2637 3734 2689 hocne-

2233 2755 2299 2810 de
2327 2752 2512 2817 nihilo,
2543 2724 2651 2804 sed'
2664 2746 2729 2801 de
2755 2724 2813 2800 se
2838 2744 2954 2812 ipso
2987 2758 3000 2794 :
3030 2738 3163 2793 ideo
3190 2750 3298 2791 non
3328 2731 3461 2796 fecit,
3486 2726 3564 2783 sed
3587 2724 3733 2796 genuit.

2236 2846 2302 2900 In
2332 2841 2582 2916 principio
2622 2838 2764 2894 enim
2796 2834 2913 2908 fecit
2949 2832 3141 2887 coelum
3172 2838 3219 2882 et
3249 2837 3425 2881 terram
3452 2821 3580 2895 (Gen.
3604 2833 3644 2882 t,
3668 2817 3735 2881 l):

2236 2904 2343 2993 noti
2370 2904 2546 2989 autem
2577 2928 2699 2984 fecit
2727 2904 3065 2996 in‘principio
3094 2917 3375 2979 Verbum;
3399 2912 3509 2983 quia
3527 2950 3540 2973 ,
3571 2906 3619 2960 In
3637 2904 3738 2976 prin-

2236 3028 2368 3099 cipio
2397 3032 2501 3078 erat
2542 3020 2776 3085 Verbum,
2800 2995 2845 3071 et
2878 3013 3093 3068 Verbum
3114 3019 3232 3063 erat
3254 3006 3390 3078 apud
3407 3002 3567 3064 Deum,
3589 3008 3626 3052 et
3646 2995 3739 3049 Dm

2238 3086 2347 3173 ειῖαε
2387 3111 2600 3170 Verbum
2642 3108 2817 3183 (Joan.
2846 3122 2885 3173 ι,
2919 3102 2996 3175 ι).
3036 3101 3146 3156 Hic
3171 3109 3255 3156 est
3286 3098 3417 3152 Deus
3442 3092 3504 3149 de
3529 3090 3621 3146 Deo
3642 3129 3653 3141 .
3673 3086 3740 3140 ra.

2240 3222 2323 3267 ter
2361 3216 2538 3264 autem
2580 3178 2756 3269 Deus,
2787 3198 2881 3255 sed
2910 3213 3013 3263 non
3043 3186 3115 3250 de
3154 3194 3283 3247 Deo.
3312 3188 3407 3245 llic
3432 3193 3506 3243 est
3526 3182 3659 3239 filius
3679 3178 3741 3231 Dei

2244 3302 2461 3364 unicus;
2493 3297 2614 3367 quia
2637 3294 2704 3348 de
2723 3288 3019 3349 substantia
3040 3285 3249 3348 Patris,
3274 3289 3567 3341 comternus,
3584 3267 3743 3344 aqualis

2245 3394 2383 3447 Patri
2415 3363 2557 3443 filius
2581 3385 2759 3440 nullus
2786 3381 2920 3436 alius
2945 3386 3046 3434 est.
3078 3375 3323 3431 Verbum
3352 3373 3481 3426 Deus
3504 3383 3517 3421 :
3542 3380 3628 3421 non
3649 3363 3744 3415 sicut

2244 3485 2496 3548 verbum,
2522 3479 2674 3549 cujus
2700 3489 2865 3530 sonus
2890 3483 2946 3527 et
2982 3468 3155 3525 corde
3177 3463 3398 3537 cogitari
3423 3467 3602 3532 potest,
3625 3463 3666 3509 et
3681 3466 3743 3503 ore

2245 3570 2505 3649 proferri;
2537 3570 2652 3634 sed,
2683 3567 2819 3621 sicut
2854 3563 3053 3618 dictum
3093 3568 3208 3625 est,
3237 3555 3376 3627 quod
3406 3551 3591 3608 brevius
3613 3555 3651 3600 et
3671 3552 3745 3595 mc-

2248 3639 2350 3723 iius
2375 3665 2478 3721 dici
2511 3678 2613 3717 non
2649 3674 2838 3729 porest.
2868 3654 3007 3708 Deus
3032 3661 3147 3706 erat
3181 3649 3415 3704 Verbum.
3442 3641 3574 3714 Apud
3596 3639 3744 3694 Patren

2252 3751 2754 3813 incommutabiliter
2788 3760 3048 3810 manens,
3088 3752 3154 3797 et
3191 3733 3607 3796 incommutabilis
3633 3729 3744 3783 etiam

2253 3852 2369 3920 ipse
2406 3860 2525 3900 cum
2566 3843 2723 3897 Patre
2755 3857 2766 3893 :
2795 3838 2862 3892 de
2887 3850 2995 3907 quo
3022 3833 3158 3888 dicit
3182 3828 3480 3901 Apostolus,
3510 3823 3593 3889 Qui
3614 3816 3747 3872 ninia

2255 3945 2419 4011 [arma
2436 3936 2530 3990 Dei
2554 3942 2699 3999 esset,
2726 3947 2827 3984 non
2852 3906 3085 3998 rapinam
3104 3924 3385 3977 arbitratus
3404 3928 3470 3973 est
3496 3930 3587 3969 esse
3601 3906 3748 3979 aqualis

2255 4006 2383 4086 Deo.
2412 4030 2544 4085 Esse
2570 4027 2763 4098 quippe
2788 4020 3046 4091 aequalem
3078 4016 3251 4080 Patri,
3274 4022 3455 4069 natura
3489 4006 3553 4062 illi
3578 4010 3656 4067 est,
3677 4012 3746 4051 non

2255 4123 2461 4194 rapina.
2492 4086 2876 4174 Sic-credimus
2914 4109 2966 4164 in
3005 4108 3194 4163 lesum
3224 4105 3483 4161 Christum
3511 4096 3663 4152 Filium
3684 4086 3747 4141 Dei

2258 4215 2431 4273 Patris
2457 4213 2691 4275 unicum,
2723 4205 3005 4261 Dominum
3037 4209 3307 4255 nostrum.

2333 4264 2660 4363 ἆ-ὶνξιλὶΰιαδ
2677 4264 2869 4355 δήνὶειί
2896 4294 2958 4348 de
2985 4290 3185 4363 Spiritu
3206 4296 3379 4344 sancto
3402 4300 3460 4339 ea:
3488 4264 3746 4348 VirgineSal

2262 4399 2381 4471 quia
2410 4397 2519 4460 ille,
2546 4393 2636 4465 qui
2664 4392 2715 4445 in
2744 4390 2909 4444 forma
2934 4384 3026 4439 Dei
3050 4397 3160 4437 non
3189 4379 3428 4448 rapinam
3454 4365 3749 4427 arbitratum!

3332 4470 3335 4471 ν
3623 4463 3634 4471 ι
3662 4447 3746 4471 η..-]

2263 4447 2380 4471 -ι--τ
2555 4447 2580 4465 τ
3256 4447 3264 4448 ,

2262 4507 2380 4551 csse
2418 4487 2637 4561 aequalis
2666 4484 2812 4549 Deo,
2846 4496 2938 4551 per
2975 4491 3132 4548 quem
3175 4470 3343 4528 creati
3380 4447 3747 4527 sumus,utqt=ad

2265 4585 2495 4656 perierat
2518 4583 2782 4650 quaereret
2810 4581 2865 4628 et
2901 4569 3157 4633 salvarct,
3190 4561 3503 4630 semetipsum
3525 4544 3746 4607 επὶιιατιὶιιέιο

3306 4652 3334 4656 --
3475 4647 3485 4656 -
3575 4642 3584 4653 -
3616 4650 3670 4656 η-..
3699 4630 3730 4656 1.

2267 4630 2493 4656 ι’νη---ν
2523 4630 2586 4650 1—
2620 4630 2649 4631 η
2680 4630 2687 4631 ί
3142 4630 3151 4633 _

2267 4681 2485 4748 fortnam
2522 4669 2647 4725 serui
2676 4665 2925 4735 accipiens
2943 4701 2958 4724 ,
2988 4660 3039 4712 in
3062 4652 3446 4711 similitudinem
3467 4642 3672 4700 hominum
3696 4630 3745 4698 [α’

2266 4720 2395 4832 Ltus,
2425 4720 2662 4820 et'hubitn
2691 4720 2919 4813 inventus
2943 4720 3001 4807 at
3029 4751 3177 4804 homo
3210 4744 3463 4819 (Philipp.
3487 4720 3745 4802 11.6.7):Sic

2268 4858 2320 4912 in
2359 4870 2481 4910 eum
2519 4849 2788 4907 credimus
2817 4843 2958 4916 quod
2989 4851 3142 4896 natus
3173 4838 3247 4892 sit
3285 4835 3301 4867 ⁸
3334 4832 3401 4888 de
3427 4825 3602 4899 Spiritu
3625 4820 3748 4872 sana“

2269 4961 2322 5006 et
2351 4947 2558 5019 virgine
2595 4941 2777 4998 Maria.
2818 4936 3054 5007 Utraque
3090 4932 3235 4987 enim
3274 4927 3390 4997 ejus
3426 4919 3636 4978 nativitas
3662 4906 3748 4960 miri

2270 5051 2380 5109 est,
2421 5000 2475 5095 éi
2511 5033 2802 5092 divinitatis
2840 5041 2894 5085 et
2930 5000 3296 5082 humanitatis.
3338 5017 3428 5073 illa
3463 5020 3537 5069 est
3566 5006 3621 5061 de
3647 5000 3751 5097 Pal"

2274 5088 2380 5109 η-.
2426 5088 2474 5095 --

2274 5137 2393 5191 sine
2420 5141 2610 5195 matre,
2635 5127 2735 5183 ista
2778 5123 2844 5179 de
2886 5129 3057 5176 matre
3094 5115 3211 5171 sine
3255 5119 3404 5182 patre
3444 5102 3564 5158 :illa
3592 5104 3656 5149 est
3677 5088 3753 5195 sine

2277 5228 2455 5298 aliquo
2491 5173 2771 5291 tempore,
2822 5215 2920 5269 ista
2964 5212 3017 5265 in
3061 5173 3371 5275 acceptabili
3417 5201 3623 5298 tempore
3657 5173 3755 5298 =1“

2278 5269 2452 5298 ηυγ...
2494 5269 2728 5291 --η-τ---
2755 5269 2771 5282 ,
3192 5269 3205 5275 _

2278 5331 2494 5381 aeterna,
2521 5317 2620 5370 ista
2650 5320 2943 5383 opportuna
2978 5324 2990 5359 :
3025 5304 3107 5358 illa
3129 5301 3247 5354 sine
3270 5305 3485 5364 corpore
3511 5286 3558 5339 in
3580 5280 3673 5376 sint!

2280 5362 2494 5381 ...ιηηη
2524 5362 2620 5370 η.-
2655 5362 2805 5383 -nh
3366 5362 3379 5364 ν

2280 5415 2375 5467 tris
2395 5453 2409 5477 ,
2439 5410 2536 5464 ista
2563 5421 2686 5461 cum
2711 5414 2955 5470 corpore,
2987 5411 3089 5466 quo
3116 5406 3222 5446 non
3249 5387 3435 5442 violata
3460 5387 3534 5437 est
3557 5362 3760 5438 νίτίηίυδ

2278 5503 2463 5560 matris
2493 5519 2505 5553 :
2535 5500 2623 5555 illa
2652 5497 2767 5552 sine
2797 5493 2905 5548 ullo
2934 5505 3092 5551 sexu,
3119 5485 3217 5539 ista
3249 5481 3363 5536 sine
3388 5475 3485 5529 ullo
3516 5463 3630 5522 virili
3652 5466 3760 5560 alii:

2281 5598 2457 5667 plexu.
2488 5592 2612 5646 ldco
2633 5596 2808 5644 autem
2830 5582 3053 5637 dicimus
3079 5583 3255 5631 natum
3281 5570 3346 5624 de
3364 5563 3542 5636 Spiritu
3566 5555 3709 5607 saneto
3725 5546 3763 5590 εί

2348 5736 2362 5765 ι
2388 5738 2471 5803 )ts.
2497 5720 2924 5778 Tliecdericcnsis,
2950 5715 3018 5769 sic
3042 5709 3278 5765 credimus
3299 5701 3419 5767 quod
3441 5701 3560 5747 mitur
3571 5688 3641 5741 sit,
3660 5684 3750 5728 om"

2284 5811 2356 5856 sa,
2382 5807 2429 5844 ut
2455 5803 2580 5842 cmn.
