3886 6188
238 304 381 361 ωδε)

241 415 415 472 naria
455 415 676 489 virgine,
717 420 835 488 quia
868 437 986 477 cum
1028 435 1205 478 sancta
1248 425 1395 496 virgo
1428 426 1735 496 inmisisset
1763 430 1830 483 ab

228 508 451 576 angelo,
483 507 747 573 Quomodo
784 514 871 580 ﬁet
909 515 1082 570 istud?
1120 518 1208 572 ille
1249 520 1522 590 respondit
1554 540 1567 575 :
1603 522 1827 593 Spiritus

224 608 446 652 amictus
470 603 785 667 superveniet
813 604 865 658 in
890 615 957 670 te,
990 618 1034 659 et
1063 608 1219 662 virtus
1243 610 1490 665 Altissimi
1518 612 1826 668 obumbrobit

225 689 342 741 tibi.
383 689 586 747 Deinde
614 692 819 749 addidit
862 713 875 748 :
918 694 1194 766 Propterea
1235 702 1370 771 quod
1412 716 1640 757 nascetur
1675 721 1736 758 ea:
1777 716 1826 758 te

224 777 510 845 Sanctam,
539 783 796 837 vocabitur
820 784 988 842 Filius
1026 787 1121 842 Dei
1158 790 1307 861 (Luc.
1339 808 1377 857 ι,
1421 793 1511 858 34,
1552 794 1664 865 55).
1707 794 1820 850 Non

221 870 342 934 ait,
385 871 539 937 Quod
580 884 830 931 nascetur
866 893 932 932 ex
972 889 1023 934 tc
1048 921 1062 943 ,
1102 883 1381 937 vocabitur
1420 885 1556 938 lilius
1593 885 1821 952 Spiritus

220 961 426 1016 sancti.
456 961 748 1034 Susceptus
769 968 964 1037 quippe
989 984 1020 1023 a
1047 970 1219 1025 Verbo
1250 983 1391 1026 totus
1423 973 1599 1041 homo,
1631 974 1683 1030 id
1712 984 1816 1041 est,

214 1053 408 1108 anima
439 1058 712 1113 rationalis
747 1071 800 1116 et
834 1078 1063 1132 corpus;
1116 1076 1172 1120 ut
1212 1083 1347 1123 unus
1374 1069 1649 1134 Christus,
1682 1087 1818 1127 unus

219 1144 372 1200 Deus
397 1146 499 1202 Dei
535 1147 702 1205 Filius
729 1168 832 1204 non
860 1161 1063 1208 tantum
1102 1156 1331 1213 Verbum
1360 1168 1530 1225 esset,
1559 1162 1653 1216 sed
1686 1161 1816 1215 Ver-

218 1234 355 1291 bum
377 1249 437 1292 et
462 1228 651 1306 homo,
668 1249 834 1296 totum
860 1243 962 1299 hoc
987 1246 1082 1300 Dei
1111 1248 1279 1302 Patris
1302 1260 1383 1304 est
1407 1250 1572 1306 Filius
1599 1264 1814 1321 pmpter

218 1320 463 1377 Verbum
489 1365 502 1387 ,
541 1334 595 1379 et
632 1325 867 1383 hominis
899 1328 1036 1383 lilius
1064 1342 1279 1401 propter
1304 1332 1591 1390 hominem.
1629 1320 1730 1390 Per
1761 1338 1809 1392 id

211 1411 363 1479 quod
402 1413 627 1469 Verbum
659 1427 772 1483 est,
798 1420 1018 1487 aqualis
1045 1430 1127 1474 est
1165 1422 1307 1477 Patri
1349 1442 1363 1476 :
1410 1441 1503 1494 per
1534 1427 1547 1457 '
1578 1426 1628 1480 id
1667 1429 1808 1497 quod

212 1502 384 1556 homo
423 1514 543 1569 est,
586 1508 756 1577 major
791 1519 874 1564 est
913 1511 1088 1566 Pater.
1133 1514 1199 1567 Et
1236 1514 1391 1568 simul
1431 1531 1551 1569 cum
1592 1516 1808 1572 homine

210 1592 254 1645 F
260 1593 390 1647 ilius
422 1595 516 1650 Dei
547 1609 648 1662 εει,
678 1598 771 1652 sed
802 1611 1021 1670 propter
1050 1602 1305 1671 Verbum,
1337 1620 1364 1657 a
1394 1621 1500 1676 quo
1529 1617 1806 1676 susceptus

208 1694 297 1738 est
329 1684 493 1740 homo
520 1704 534 1741 :
559 1697 611 1741 et
635 1689 795 1744 simul
817 1705 936 1745 cum
966 1692 1141 1748 Verbo
1168 1693 1309 1750 ﬁlius
1332 1695 1562 1751 hominis
1586 1708 1686 1763 est,
1712 1700 1803 1754 sed

210 1784 440 1844 propter
468 1776 761 1846 hominem,
785 1782 872 1850 qui
901 1793 983 1837 est
1003 1794 1282 1856 susceptus
1305 1803 1334 1840 a
1361 1787 1554 1843 Verbo.
1583 1790 1805 1860 Propter

204 1864 368 1931 cujus
406 1876 644 1921 sanctam
686 1869 738 1922 in
778 1871 995 1941 virginis
1036 1882 1188 1929 utero
1227 1879 1667 1946 conceptionem,
1698 1896 1800 1934 non

204 1955 647 2026 concupiscentia
675 1964 852 2017 carnis
879 1977 1065 2021 urente
1091 1966 1281 2022 factam
1305 2012 1319 2035 ,
1348 1971 1442 2026 sed
1472 1971 1591 2028 fidei
1622 1974 1797 2029 chari-

204 2053 321 2097 tate
347 2044 608 2113 fervente,
638 2049 757 2106 ideo
783 2051 978 2109 dicitur
1016 2064 1174 2113 natus
1199 2058 1266 2115 de
1304 2060 1501 2130 Spiritu
1533 2075 1717 2120 sancto
1746 2076 1800 2121 et

202 2137 418 2207 virgine
454 2139 615 2195 Maria
660 2161 673 2197 :
714 2152 775 2199 ut
827 2161 987 2201 unum
1027 2162 1213 2204 eorum
1252 2152 1544 2221 pertineat,
1587 2171 1690 2209 non
1729 2158 1795 2211 ad

201 2228 515 2297 gignentem
535 2273 550 2295 ,
591 2234 683 2290 sed
722 2235 789 2291 ad
827 2239 1246 2297 sanctificantem
1266 2284 1282 2309 ,
1310 2246 1536 2300 alterum
1577 2263 1704 2303 vero
1728 2250 1795 2302 ad

199 2321 595 2390 concipientem
645 2336 803 2397 atque
852 2330 1164 2400 parientem.
1219 2333 1525 2406 Propterea,
1582 2339 1789 2410 inquit,

196 2412 341 2478 quod
364 2423 599 2469 nascetur
619 2434 680 2471 ea:
698 2427 745 2472 te
765 2419 1033 2489 Sanctum,
1057 2425 1313 2480 vocabitur
1333 2426 1500 2484 Filius
1523 2430 1635 2485 Dei.
1658 2433 1790 2500 Quia

194 2498 455 2557 Sanctum
472 2545 487 2571 ,
516 2505 638 2561 ideo
664 2507 734 2563 de
760 2508 957 2580 Spiritu
980 2522 1201 2581 sancto;
1231 2517 1355 2587 quia
1380 2530 1613 2575 nascetur
1638 2498 1699 2576 ea;
1722 2533 1786 2588 te,

197 2591 325 2647 ideo
351 2595 423 2650 de
450 2598 652 2668 virgine
681 2601 840 2657 Maria
864 2620 879 2670 ;
909 2606 1033 2676 quia
1063 2607 1228 2665 Filius
1257 2609 1382 2677 Dei,
1416 2612 1535 2666 ideo
1574 2612 1789 2668 Verbum

192 2700 318 2739 caro
341 2691 532 2756 factum
558 2701 630 2745 est
655 2691 833 2756 (Joan.
869 2713 906 2760 ι,
939 2696 1052 2770 14).

268 2775 322 2828 7.
352 2777 580 2834 Christus
606 2781 772 2838 Filius
801 2785 891 2840 Dei
911 2790 1205 2860 cruciﬁxus,
1225 2803 1450 2847 mortuus
1467 2804 1515 2848 et
1532 2797 1782 2867 sepultus.

192 2864 493 2936 Oportebat
525 2882 701 2928 autem
732 2887 788 2930 ut
817 2877 870 2932 in
900 2878 1113 2937 homine
1139 2892 1445 2955 assumpto,
1480 2903 1583 2940 non
1611 2889 1781 2944 solum

192 2957 482 3016 invisibilis
514 2965 798 3035 videretur,
825 2978 882 3024 et
911 2971 1050 3026 Patri
1080 2985 1377 3032 cowternus
1419 2982 1783 3050 temporaliter

190 3060 537 3117 nasceretur;
578 3070 761 3110 verum
799 3060 961 3114 etiam
996 3061 1447 3123 incontrectahilis
1488 3078 1777 3136 teneretur,

189 3139 569 3212 insuperabilis
605 3148 750 3219 ligno
785 3154 1224 3223 suspenderetur,
1257 3158 1576 3218 inviolabilis
1610 3164 1778 3221 clavis

185 3233 569 3305 conﬁgeretur,
594 3249 648 3294 et
668 3239 773 3295 vita
791 3251 847 3296 et
868 3243 1185 3302 immortalis
1205 3247 1258 3303 in
1278 3263 1439 3307 cruce
1457 3266 1772 3323 moreretur,

184 3321 241 3376 in
281 3336 633 3383 monumento
676 3331 997 3400 sepeliretur
1045 3352 1058 3387 :
1108 3334 1210 3391 hoc
1257 3348 1422 3396 totum
1470 3343 1563 3399 Dei
1609 3321 1775 3404 Filius

184 3411 450 3470 Dominus
479 3430 659 3474 noster
689 3419 846 3477 Jcsus
868 3414 1134 3481 Christus.
1158 3425 1310 3484 Unde
1334 3445 1668 3505 consequens
1692 3448 1776 3494 est

180 3514 238 3557 ut
276 3507 527 3561 currulem
567 3509 740 3580 ipsum
781 3511 972 3568 Filium
1004 3515 1098 3570 Dei
1131 3519 1457 3590 unigenitum
1491 3524 1770 3583 Dominum

180 3606 428 3651 nostrum
464 3597 647 3654 Jesum
687 3600 995 3669 Christum,
1040 3621 1143 3661 non
1184 3608 1354 3663 solum
1396 3611 1664 3670 hominem
1703 3633 1767 3672 ex

179 3686 403 3744 homine
428 3700 630 3757 natum,
663 3708 845 3749 verum
868 3698 1025 3752 etiam
1058 3715 1224 3771 usque
1252 3702 1318 3757 ad
1350 3714 1576 3763 mortem
1603 3718 1655 3764 et
1683 3726 1771 3768 se-

176 3782 449 3849 pulturam
476 3781 707 3840 humana
737 3801 972 3856 possunt,
1007 3798 1062 3844 et
1088 3790 1251 3847 corde
1278 3793 1558 3853 credamus
1593 3800 1660 3857 ad
1679 3801 1767 3874 ju-

172 3870 401 3936 stitiam,
426 3881 481 3928 et
506 3888 603 3929 ore
637 3874 991 3934 conﬁteantur
1015 3880 1080 3935 ad
1106 3882 1355 3940 salutem.
1376 3885 1512 3943 Cum
1533 3870 1767 3950 enim'sit

172 3971 321 4018 totus
345 3962 517 4018 Filius
547 3962 643 4022 Dei
681 3967 871 4024 unicus
910 3969 1164 4028 Dominus
1202 3984 1385 4032 noster
1411 3977 1570 4037 Iesus
1604 3981 1761 4041 Chri-

168 4059 288 4107 stus
316 4051 550 4108 Verbum
588 4065 645 4115 et
676 4055 872 4124 homo,
913 4070 1073 4131 atque
1109 4072 1171 4118 ut
1207 4069 1514 4136 expressius
1550 4066 1787 4140 dicamp

173 4141 432 4209 Verbum,
461 4146 660 4214 anima,
692 4159 747 4204 et
773 4164 935 4218 caro;
960 4153 1027 4208 ad
1054 4162 1222 4211 totum
1263 4159 1491 4218 refertur
1527 4166 1667 4234 quod
1706 4168 1759 4222 in

170 4236 283 4290 sola
305 4236 483 4292 anima
511 4239 676 4295 tristis
706 4240 802 4296 fuit
826 4258 997 4314 usque
1017 4245 1082 4300 ad
1107 4258 1332 4304 mortem
1367 4251 1576 4322 (Matth.
1606 4273 1750 4325 xxvr,

164 4327 280 4397 38);
306 4328 430 4399 quia
465 4329 631 4386 Filius
653 4333 746 4387 Dei
776 4336 961 4391 unicus
981 4337 1137 4394 Jesus
1155 4340 1398 4399 Christus
1428 4346 1593 4403 tristis
1613 4347 1709 4405 fuit
1738 4370 1753 4406 :

165 4419 233 4472 ad
264 4428 437 4476 totum
464 4420 696 4478 refertur
715 4427 857 4494 quod
879 4427 931 4481 in
952 4429 1069 4484 solo
1097 4430 1312 4488 homine
1339 4437 1623 4494 crucifixus
1648 4451 1749 4509 est,

161 4514 417 4578 quoniam
458 4516 622 4574 Filius
650 4520 746 4577 Dei
773 4526 961 4579 unicus
989 4525 1145 4581 Jesus
1182 4528 1428 4587 Christus
1464 4535 1750 4593 crucifixus

160 4612 246 4656 est
275 4621 289 4656 :
321 4604 391 4659 ad
420 4615 590 4664 totum
618 4609 848 4667 refertur
886 4614 1028 4684 quod
1070 4616 1120 4670 in
1159 4619 1270 4673 sola
1312 4636 1472 4679 carne
1510 4627 1749 4694 sepultus

156 4702 260 4747 est.
289 4694 366 4750 Ex
397 4712 505 4767 quo
528 4700 672 4755 enim
702 4703 968 4772 coepimus
991 4705 1171 4762 dicere
1198 4710 1419 4766 credere
1450 4729 1549 4769 nos
1578 4715 1629 4769 in
1654 4716 1746 4773 Je-

155 4800 277 4841 sam
290 4786 560 4848 Christum
586 4794 779 4851 Filium
800 4798 917 4866 ejus
936 4803 1153 4855 unicum
1179 4801 1741 4877 Dominumnostrum,

155 4892 223 4933 ex
245 4879 339 4935 illo
365 4881 620 4955 quidquid
648 4887 793 4944 aliud
812 4889 881 4945 de
910 4890 998 4944 illo
1023 4891 1271 4959 dicimus,
1299 4911 1404 4950 non
1430 4897 1744 4957 subauditur

156 4971 257 5025 nisi
283 4971 444 5028 Iesus
460 4974 705 5034 Christus
732 4979 899 5037 Filius
924 4981 1018 5037 Dei
1043 4984 1231 5039 Unicus
1257 4986 1514 5043 Dominus
1536 5001 1738 5047 noster.

149 5060 265 5116 Nec
301 5063 568 5121 miremini
600 5085 612 5122 :
651 5069 728 5125 sic
763 5072 908 5127 enim
933 5072 1161 5130 dicimus
1180 5073 1372 5131 Filium
1404 5078 1501 5136 Dei
1527 5082 1738 5138 unicum

145 5150 335 5207 Iesum
366 5155 634 5215 Christum
682 5162 964 5221 Dominum
998 5158 1244 5224 nostrum
1283 5170 1550 5240 sepultum
1571 5214 1585 5237 ,
1616 5188 1738 5231 cum

145 5248 261 5299 sola
313 5262 440 5303 caro
484 5252 605 5321 ejus
653 5257 857 5324 sepulta
904 5259 1009 5324 sit;
1059 5262 1539 5332 quemadmodum,
1591 5268 1737 5324 verbi

142 5338 317 5402 gratia
344 5381 359 5405 ,
401 5341 628 5400 dicimus
679 5350 978 5417 apostolum
1019 5352 1233 5407 Petrum
1275 5353 1432 5410 hodie
1464 5355 1643 5427 jacere
1682 5360 1732 5415 in

141 5427 415 5495 sepulcro,
444 5446 568 5487 cum
596 5443 652 5490 et
675 5436 805 5492 illud
836 5439 1112 5497 verissime
1132 5442 1394 5510 dicamus,
1425 5462 1546 5501 eum
1575 5449 1625 5503 in
1653 5465 1737 5505 re-

138 5516 272 5582 quie
290 5532 411 5573 cum
434 5520 646 5580 Christo
662 5528 914 5598 gaudere.
941 5531 1198 5588 Eumdem
1221 5536 1415 5606 quippe
1436 5539 1730 5606 apostolum

143 5606 376 5666 dicimus
404 5630 416 5665 :
443 5630 549 5671 non
580 5620 722 5674 enim
752 5621 856 5678 duo
882 5625 1106 5694 apostoli
1136 5626 1305 5695 Petri,
1340 5629 1431 5684 sed
1464 5645 1597 5687 unus
1627 5644 1727 5688 cst.

206 5721 222 5754 ι
243 5728 409 5788 t'orte,
431 5735 643 5792 propter.

1615 316 1847 373 SERMO
1887 318 2107 378 CCXIV.

3380 363 3515 421 £070

1941 432 2197 493 Eumtlem
2229 457 2360 514 ergo
2390 446 2561 517 ipsum
2590 451 2816 515 dicimus
2834 500 2847 523 ,
2880 470 2931 517 ct
2961 464 3012 519 in
3041 469 3155 525 solo
3185 488 3408 545 corpore
3432 481 3516 550 ja-

1934 540 2057 581 cere
2085 530 2134 581 in
2162 533 2428 601 sepulcro.
2457 536 2513 595 et
2538 542 2589 599 in
2611 546 2727 600 solo
2752 551 2939 619 spiritu
2963 557 3198 625 gaudere
3219 530 3338 620 cuin
3361 530 3515 626 Ch’ri-

1933 627 2036 671 sto.
2082 622 2309 681 Additur
2343 641 2519 688 autem
2547 677 2562 701 ,
2602 637 2712 693 Sub
2750 640 2938 697 Pontio
2970 622 3181 720 “Pilato,
3222 656 3335 713 sive

1931 712 2208 782 colligatur
2250 724 2503 790 temporis
2549 730 2778 797 veritas,
2821 736 2932 791 sive
2981 742 3120 798 unde
3158 712 3351 807 Christi
3394 756 3511 825 plus

1929 807 2334 865 commendetur
2364 813 2648 885 humilitas,
2680 827 2819 893 quod
2847 832 2946 886 sub
2978 831 3192 893 homine
3223 807 3419 909 judicer
3441 852 3511 904 sit

1929 898 2070 947 tanta
2095 912 2400 970 perpessus,
2425 910 2513 977 qui
2532 910 2695 979 judex
2724 918 2961 976 vivorum
2993 936 3047 981 et
3074 942 3402 992 mortuorum
3426 950 3509 996 est

1923 996 2046 1038 cum
2072 994 2210 1043 tanta
2240 1004 2499 1063 potestate
2530 1014 2803 1062 venturus.

1992 1073 2046 1128 8.
2076 1076 2260 1135 Clu-isti
2285 1091 2579 1144 resurrectio
2605 1104 2650 1146 et
2668 1101 2911 1156 ascensio.
2950 1104 3117 1163 Sessio
3156 1113 3225 1166 ad
3247 1116 3502 1176 dexteram

1921 1163 2116 1223 Patris.
2142 1171 2322 1229 Tertio
2348 1194 2475 1235 vero
2518 1183 2604 1240 die
2646 1197 2935 1249 resurrexit
2964 1198 3016 1252 in
3047 1218 3205 1260 carne
3233 1224 3372 1274 vera,
3407 1217 3499 1271 sed

1919 1269 2252 1369 pequaquam
2283 1267 2499 1328 ulterius
2529 1280 2803 1335 moritura.
2828 1284 2938 1342 Hoc
2963 1289 3203 1362 discipuli
3227 1300 3339 1369 ejus
3572 1348 3585 1364 ι

3023 1345 3026 1346 7
3059 1345 3064 1346 7
3100 1345 3202 1362 Γ---
3231 1345 3339 1369 τω

1919 1345 1984 1400 lis
2009 1352 2356 1425 manibusque
2387 1364 2778 1439 probaverunt;
2812 1392 2909 1431 nec
2945 1395 3128 1438 eorum
3161 1387 3318 1446 ﬁdem
3349 1394 3497 1451 deci-

1919 1452 2065 1557 peret
2099 1456 2238 1501 tanta
2268 1449 2494 1522 bonitas,
2528 1474 2624 1514 nec
2656 1460 2862 1522 falleret
2894 1472 3104 1529 veritas.
3148 1478 3254 1535 Sed
3279 1498 3498 1557 propter

1916 1528 2226 1589 brevitatem
2257 1539 2364 1594 cito
2406 1546 2740 1620 subjuugitur
2768 1559 2908 1626 quod
2931 1567 3167 1622 ascendit
3196 1571 3247 1625 in
3275 1528 3493 1633 emilio].

1913 1619 2042 1676 Nam
2069 1627 2410 1700 quadraginta
2441 1619 2627 1695 diebus
2668 1643 2763 1699 fuit
2784 1619 2916 1704 cum
2947 1619 3493 1732 discipulis-suis:

1912 1721 2017 1767 tam
2040 1732 2284 1786 tnagnum
2313 1731 2719 1790 resurrectionis
2739 1738 2853 1806 ejus
2876 1745 3208 1820 miraculum,
3232 1756 3276 1810 si
3305 1774 3489 1818 eorum

1909 1803 2077 1859 oculis
2103 1808 2208 1862 cito
2253 1813 2675 1887 subtraheretur,
2722 1803 3008 1889 ludificatio
3050 1803 3344 1909 putaretur.
3391 1843 3492 1908 Ubi

1909 1909 2048 1948 nunc
2072 1897 2221 1953 sedet
2248 1903 2314 1956 ad
2342 1905 2612 1965 dexteram
2633 1914 2802 1970 Patris
2834 1939 2847 1973 :
2875 1927 3014 1991 quod
3043 1897 3161 1984 fidei
3184 1937 3351 1992 oculis
3373 1956 3490 2010 pm.

1909 1981 2096 2010 Αηηι-..
2124 1987 2248 2010 ,1-ι,,
2295 2009 2299 2010 7
2359 2009 2362 2010 7
2403 1996 2415 2008 ο
2465 2009 2469 2010 7
2579 2002 2591 2010 .

1905 1981 2096 2040 denter
2119 1987 2376 2049 debemus
2402 1996 2591 2055 intueri
2614 2019 2628 2065 ;
2653 2021 2719 2059 ne
2735 2010 3053 2071 arbitremur
3072 2019 3126 2074 in
3156 2023 3328 2096 aliqua
3356 1981 3486 2088 stcde

1906 2072 2205 2096 ,m_AL,..,7
2277 2082 2304 2096 η
2619 2094 2627 2096 -

1905 2072 2246 2135 immobiliter
2273 2082 2469 2154 fixum,
2503 2101 2560 2145 ut
2582 2094 2629 2147 ei
2662 2106 2803 2153 stare
2829 2103 2908 2156 vel
2956 2072 3383 2174 ambulare‘non
3418 2122 3485 2177 li-

1902 2173 2036 2217 ceat.
2069 2166 2184 2222 Non
2216 2173 2355 2227 enim
2386 2178 2507 2246 quia
2535 2180 2836 2253 Stephanus
2860 2206 3075 2253 sanctus
3099 2216 3220 2257 eum
3252 2182 3481 2267 statuent

1902 2254 2164 2359 videre-se
2189 2262 2504 2338 dixit(.4ct.
2539 2289 2626 2337 vn,
2654 2276 2771 2350 55),
2814 2283 2934 2339 ideo
2961 2291 3039 2343 vel

1899 2343 1993 2467 :lit,
2022 2348 2546 2467 velkSynliholi‘hujus
2589 2343 2765 2425 verba.
2791 2376 3039 2434 turbavit.

1898 2440 2031 2503 tare,
2059 2439 2199 2495 absit
2230 2443 2329 2501 hoc
2353 2447 2558 2508 dicere.
2597 2455 2705 2513 Sed
2730 2459 2868 2518 illius
2894 2439 3158 2531 habitatio
3190 2477 3241 2532 iu
3266 2439 3476 2543 exedi;

1893 2535 1949 2581 et
1974 2527 2223 2587 ineli'ahili
2252 2536 2575 2600 beatitudine
2597 2549 2667 2604 ita
2697 2552 2989 2623 signiﬁcata
3024 2527 3140 2633 est,
3572 2640 3579 2649 ,

1893 2620 2019 2649 ,ιη-,ι
2047 2622 2314 2649 ,Ιειυμηηη-
2364 2630 2404 2649 I1
2464 2632 2479 2649 ι
2582 2638 2613 2649 _.
2804 2644 2817 2649 -

1891 2620 2020 2676 dere
2045 2622 2333 2682 diceretur.
2362 2630 2514 2689 Unde
2543 2638 2703 2694 etiam
2725 2620 2881 2701 sedes
2908 2620 3477 2724 habitationes-dmi;

1895 2716 2009 2777 tur;
2045 2715 2188 2770 velut
2216 2733 2336 2773 cum
2382 2723 2773 2799 interrogamus
2829 2739 2915 2793 ubi
2956 2743 3025 2798 sit
3062 2715 3474 2819 aliquis,‘re.-

1889 2806 2199 2876 spondetur,
2242 2810 2297 2867 ln
2327 2818 2542 2873 sedibus
2574 2824 2704 2880 suis.
2734 2828 2800 2883 Et
2827 2831 2896 2887 de
2916 2838 3085 2893 servis
3113 2806 3204 2898 Dei
3234 2806 3474 2909 maxime

1887 2909 1949 2949 ac
1979 2899 2273 2967 siepissime
2297 2904 2509 2976 dicitur,
2540 2912 2640 2969 'l‘ot
2662 2930 2831 2974 annos
2872 2922 2963 2979 ille
2996 2926 3046 2981 in
3074 2928 3167 2986 illo
3198 2935 3278 2991 vel

1886 2991 2210 3045 monasterio
2252 2996 2431 3064 sedit;
2480 3001 2582 3059 hoc
2636 3019 2738 3071 est,
2779 3015 3057 3085 requievit,
3112 3037 3472 3090 commoratus

1885 3088 1987 3143 est,
2017 3080 2287 3142 habitavit.
2332 3090 2440 3148 Nec
2469 3108 2649 3151 sancta
2673 3080 2945 3174 Scriptura
2997 3080 3096 3168 hoc
3122 3131 3290 3186 genus
3320 3123 3469 3180 loeu-

1886 3169 2044 3275 tionis
2076 3175 2302 3245 ignorat.
2332 3181 2427 3239 ille
2452 3187 2651 3260 quippe
2679 3169 2856 3252 Seniei
2885 3213 2915 3254 a
2943 3218 3068 3275 rege
3097 3169 3384 3271 Salomone
3412 3218 3465 3274 in

1879 3258 2173 3323 Jerusalem
2196 3270 2412 3331 civitate
2438 3258 2618 3346 jussus
2652 3281 2912 3357 habitare,
2939 3258 3118 3352 addita
3167 3306 3466 3362 Comminu-

1881 3353 2045 3419 tione,
2071 3367 2147 3426 ut,
2169 3362 2211 3415 si
2239 3367 2453 3433 quando
2473 3369 2594 3427 inde
2620 3376 3020 3451 auderetexirc,
3049 3403 3236 3456 pmnas
3259 3395 3461 3455 debitas

1881 3445 2083 3516 lueret,
2114 3466 2207 3520 per
2235 3465 2342 3510 tres
2368 3458 2437 3512 ibi
2473 3477 2642 3517 anuos
2671 3467 2875 3524 sedisse
2899 3445 3459 3558 perhibeturtlaaiom)

1883 3534 1968 3558 nn
2003 3536 2068 3558 ι..
2097 3557 2100 3558 7
2232 3544 2299 3558 -..
2469 3549 2485 3558 .
2511 3550 2624 3558 ----.

1881 3534 1969 3636 gn
1993 3536 2121 3609 Reg.
2145 3558 2199 3606 ιι,
2230 3544 2320 3610 ss,
2343 3564 2446 3600 sec.
2467 3549 2653 3625 LXX),
2668 3557 2810 3626 quod
2837 3534 3144 3636 inielligitur
3170 3534 3453 3634 sive;

1876 3626 2104 3685 Dextera
2145 3646 2271 3689 vero
2320 3636 2431 3707 ipsa
2478 3639 2652 3699 Patris
2690 3662 2798 3703 non
2827 3648 2896 3704 ita
2942 3626 3136 3714 dicitur
3164 3665 3456 3723 secundum

1875 3717 2091 3776 humani
2121 3726 2361 3794 corporis
2389 3728 2571 3798 situm,
2611 3743 2860 3807 tanquam
2889 3740 3023 3800 Filio
3059 3750 3132 3804 sit
3160 3717 3275 3824 ipse
3293 3717 3360 3812 ad
3385 3759 3459 3814 si-

1873 3808 2119 3878 nistram,
2141 3816 2189 3870 si
2214 3816 2263 3871 ei
2292 3821 2581 3879 secundum
2606 3826 2739 3884 istos
2758 3844 3046 3905 corporeos
3063 3808 3195 3898 situs
3216 3843 3456 3907 habitus-

1869 3918 1974 4000 que
1998 3907 2359 3967 membrorum
2385 3911 2552 3973 Filius
2591 3922 2884 3982 collocatur
2933 3930 3002 3986 ad
3025 3930 3322 3997 dexteram.
3346 3941 3453 4000 Sed

1866 3994 1933 4050 ad
1966 3996 2249 4092 dexteram
2273 4003 2370 4061 Dei
2387 4005 2605 4079 dicitur,
2629 4012 2849 4073 honoris
2867 4027 2921 4075 et
2948 4019 3215 4084 felicitatis

1868 4085 2054 4161 rabilis
2079 4089 2364 4150 celsitudo.
2414 4096 2565 4154 Sicut
2590 4099 2659 4157 de
2702 4107 2961 4177 sapientia
2990 4112 3190 4172 dictum
3217 4085 3447 4193 regini:

1864 4175 2092 4235 Sinistra
2109 4183 2218 4253 ejus
2241 4186 2333 4241 sub
2353 4189 2516 4257 capite
2539 4208 2669 4260 meo,
2697 4205 2749 4250 et
2766 4175 2973 4256 dextera
2995 4205 3107 4275 ejus

1861 4285 1940 4324 me
1964 4269 2136 4347 (Cant.
2156 4290 2215 4340 ιι,
2242 4273 2319 4351 6).
2342 4277 2399 4335 Si
2432 4281 2576 4337 enim
2604 4284 2788 4342 subter
2799 4269 3030 4359 jacuerii
3058 4269 3267 4356 terrena
3293 4269 3443 4360 com;

1859 4361 2106 4453 moditas,
2151 4376 2261 4422 tum
2312 4368 2543 4443 desuper
2583 4367 2924 4446 amplectitur
2969 4396 3166 4445 :cterna
3197 4391 3439 4453 felicitas.

1928 4452 1981 4508 9.
2006 4452 2234 4512 Christus
2262 4460 2447 4516 uisibili
2486 4467 2656 4536 forma
2682 4469 2849 4540 juda:
2880 4475 3056 4530 ueniet.
3105 4479 3203 4536 De
3229 4452 3441 4545 sublimi

1856 4561 1983 4617 ergo
2010 4545 2338 4608 habitatione
2380 4554 2660 4627 ctelorum,
2707 4561 2795 4617 ubi
2821 4580 2962 4621 nunc
3007 4578 3092 4626 est
3122 4571 3236 4642 ejus
3277 4578 3437 4635 etiam

1854 4639 2155 4699 immortale
2168 4643 2279 4715 jam
2301 4661 2517 4718 corpus,
2540 4650 2796 4711 Dominus
2820 4668 3002 4715 noster
3023 4639 3180 4720 Iesus
3196 4665 3437 4726 Christus

1850 4733 1918 4788 ad
1941 4734 2257 4804 judicandos
2285 4739 2434 4796 vivos
2464 4753 2807 4817 mortuosque
2835 4760 3089 4809 venturus
3108 4766 3210 4819 est.
3239 4776 3435 4817 secun-

1848 4825 1973 4881 dum
2014 4828 2471 4888 evidentissimum
2511 4838 2807 4906 angelicum
2859 4843 3236 4913 testimonium,
3291 4854 3432 4922 quod

1849 4918 2103 4987 scriptum
2127 4930 2209 4976 est
2235 4922 2285 4974 in
2317 4924 2538 4978 Actibus
2568 4929 2959 4995 Apostolorum.
2995 4933 3258 4993 lntuentcs
3286 4918 3429 4997 enim

1846 5007 2093 5079 discipuli
2144 5006 2423 5066 Dominum
2468 5016 2846 5074 ascendentem
2892 5022 2943 5075 iu
2971 5024 3187 5093 caelum,
3226 5041 3281 5084 et
3305 5018 3426 5087 eum
3512 5088 3517 5097 ,

1846 5100 2120 5169 suspensis
2142 5102 2446 5182 aspectibus
2488 5102 2832 5173 deducentes,
2870 5112 3151 5170 audierunt
3196 5122 3427 5189 Angelos

1843 5187 2025 5244 dicere
2053 5206 2066 5242 ς
2105 5189 2127 5242 ι
2146 5189 2210 5243 iri
2233 5188 2453 5259 Galilei,
2473 5194 2595 5264 quid
2613 5195 2694 5248 hic
2718 5200 2860 5254 uno.
2877 5203 2905 5253 ι
2934 5199 3034 5256 Hic
3052 5203 3222 5273 Iesus,
3245 5187 3332 5280 qia
3350 5229 3426 5265 re-

1843 5290 2016 5350 ceptus
2041 5289 2114 5333 est
2138 5296 2172 5335 α
2191 5281 2347 5350 vobis,
2369 5282 2441 5337 sic
2462 5285 2637 5347 vestiet.
2661 5291 3080 5365 quenmdtnodum
3100 5299 3293 5356 vidistis
3312 5320 3423 5358 cum

1839 5378 2038 5423 euntem
2086 5369 2139 5424 iu
2182 5371 2363 5425 celant
2407 5371 2541 5447 (Act.
2575 5391 2611 5441 ι,
2651 5377 2760 5450 ll).
2784 5379 3044 5451 lli-pressa
3071 5397 3152 5442 est
3178 5392 3340 5446 multa
3369 5407 3423 5450 et

1839 5461 2045 5517 diversa
2074 5464 2354 5521 continens
2388 5466 2611 5524 humana
2664 5476 3023 5546 praesumptio.
3063 5481 3113 5536 lu
3152 5498 3212 5538 ea
3251 5484 3420 5545 for-uta

1834 5555 2092 5626 iudicabit
2115 5556 2377 5625 Christus,
2402 5560 2453 5615 in
2476 5578 2575 5634 qua
2595 5564 2861 5632 judicatus
2884 5580 2987 5626 est.
3018 5572 3107 5628 Sic
3131 5576 3272 5632 enim
3296 5594 3419 5637 cum

1840 5648 2080 5707 viderunt
2107 5651 2344 5718 Apestuli
2368 5654 2740 5713 ascendentem
2765 5658 2817 5715 in
2843 5664 3058 5730 cadunt,
3087 5671 3298 5738 quando
3320 5691 3416 5729 au-

1836 5736 2047 5794 dierunt
2098 5737 2172 5793 sic
2200 5755 2316 5796 esse
2346 5754 2639 5801 venturum.
2674 5745 2962 5808 Hladorma
3005 5736 3408 5836 criticonspicua
