  <div class='ocr_page' id='page_1' title='image "/cluster/home/n/w/nwhite01/storage/ocr_20150623/38/hvd.32044096580600/542.png"; bbox 0 0 3886 6188; ppageno 0'>
   <div class='ocr_carea' id='block_1_1' title="bbox 296 268 433 329">
    <p class='ocr_par' dir='ltr' id='par_1_1' title="bbox 296 268 433 329">
     <span class='ocr_line' id='line_1_1' title="bbox 296 268 433 329; baseline -0.015 0"><span class='ocrx_word' id='word_1_1' title='bbox 296 268 433 329; x_wconf 74' lang='grc' dir='ltr'><strong>10ῗὸ</strong></span> 
     </span>
    </p>
   </div>
   <div class='ocr_carea' id='block_1_2' title="bbox 293 368 1876 455">
    <p class='ocr_par' dir='ltr' id='par_1_2' title="bbox 293 368 1876 455">
     <span class='ocr_line' id='line_1_2' title="bbox 293 368 1876 455; baseline -0.014 -15"><span class='ocrx_word' id='word_1_2' title='bbox 293 388 563 455; x_wconf 86' lang='lat' dir='ltr'><strong>nipotens,</strong></span> <span class='ocrx_word' id='word_1_3' title='bbox 593 379 683 452; x_wconf 90' lang='lat' dir='ltr'><strong>qui</strong></span> <span class='ocrx_word' id='word_1_4' title='bbox 723 375 774 432; x_wconf 87' lang='lat' dir='ltr'><strong>in</strong></span> <span class='ocrx_word' id='word_1_5' title='bbox 820 374 1103 446; x_wconf 82' lang='lat' dir='ltr'><strong>primordio</strong></span> <span class='ocrx_word' id='word_1_6' title='bbox 1137 373 1315 428; x_wconf 88' lang='lat' dir='ltr'><strong>mundi</strong></span> <span class='ocrx_word' id='word_1_7' title='bbox 1371 380 1555 427; x_wconf 88' lang='lat' dir='ltr'><strong>cuncta</strong></span> <span class='ocrx_word' id='word_1_8' title='bbox 1598 384 1673 425; x_wconf 77' lang='lat' dir='ltr'><strong>‘cx</strong></span> <span class='ocrx_word' id='word_1_9' title='bbox 1712 368 1876 422; x_wconf 87' lang='lat' dir='ltr'><strong>nihilo</strong></span> 
     </span>
    </p>
   </div>
   <div class='ocr_carea' id='block_1_3' title="bbox 296 461 1871 545">
    <p class='ocr_par' dir='ltr' id='par_1_3' title="bbox 296 461 1871 545">
     <span class='ocr_line' id='line_1_3' title="bbox 296 461 1871 545; baseline -0.011 -14"><span class='ocrx_word' id='word_1_10' title='bbox 296 478 439 541; x_wconf 87' lang='lat' dir='ltr'><strong>fecit,</strong></span> <span class='ocrx_word' id='word_1_11' title='bbox 468 475 663 545; x_wconf 84' lang='lat' dir='ltr'><strong>quiest</strong></span> <span class='ocrx_word' id='word_1_12' title='bbox 710 480 834 524; x_wconf 88' lang='lat' dir='ltr'><strong>ante</strong></span> <span class='ocrx_word' id='word_1_13' title='bbox 872 468 1087 533; x_wconf 70' lang='lat' dir='ltr'><strong>szecula,</strong></span> <span class='ocrx_word' id='word_1_14' title='bbox 1120 467 1207 537; x_wconf 87' lang='lat' dir='ltr'><strong>qui</strong></span> <span class='ocrx_word' id='word_1_15' title='bbox 1261 466 1382 519; x_wconf 84' lang='lat' dir='ltr'><strong>fecit</strong></span> <span class='ocrx_word' id='word_1_16' title='bbox 1423 473 1477 520; x_wconf 89' lang='lat' dir='ltr'><strong>et</strong></span> <span class='ocrx_word' id='word_1_17' title='bbox 1502 463 1634 534; x_wconf 83' lang='lat' dir='ltr'><strong>regit</strong></span> <span class='ocrx_word' id='word_1_18' title='bbox 1658 461 1871 513; x_wconf 76' lang='lat' dir='ltr'><strong>smcula.</strong></span> 
     </span>
    </p>
   </div>
   <div class='ocr_carea' id='block_1_4' title="bbox 292 553 1877 631">
    <p class='ocr_par' dir='ltr' id='par_1_4' title="bbox 292 553 1877 631">
     <span class='ocr_line' id='line_1_4' title="bbox 292 553 1877 631; baseline -0.013 -7"><span class='ocrx_word' id='word_1_19' title='bbox 292 569 407 624; x_wconf 80' lang='lat' dir='ltr'><strong>Non</strong></span> <span class='ocrx_word' id='word_1_20' title='bbox 440 567 581 621; x_wconf 86' lang='lat' dir='ltr'><strong>enim</strong></span> <span class='ocrx_word' id='word_1_21' title='bbox 611 574 848 631; x_wconf 87' lang='lat' dir='ltr'><strong>tempore</strong></span> <span class='ocrx_word' id='word_1_22' title='bbox 896 568 1138 629; x_wconf 78' lang='lat' dir='ltr'><strong>augetur,</strong></span> <span class='ocrx_word' id='word_1_23' title='bbox 1162 566 1250 611; x_wconf 87' lang='lat' dir='ltr'><strong>aut</strong></span> <span class='ocrx_word' id='word_1_24' title='bbox 1278 558 1391 611; x_wconf 92' lang='lat' dir='ltr'><strong>loco</strong></span> <span class='ocrx_word' id='word_1_25' title='bbox 1417 553 1757 613; x_wconf 80' lang='lat' dir='ltr'><strong>distenditur,</strong></span> <span class='ocrx_word' id='word_1_26' title='bbox 1787 560 1877 604; x_wconf 89' lang='lat' dir='ltr'><strong>aut</strong></span> 
     </span>
    </p>
   </div>
   <div class='ocr_carea' id='block_1_5' title="bbox 292 644 1878 727">
    <p class='ocr_par' dir='ltr' id='par_1_5' title="bbox 292 644 1878 727">
     <span class='ocr_line' id='line_1_5' title="bbox 292 644 1878 727; baseline -0.011 -14"><span class='ocrx_word' id='word_1_27' title='bbox 292 658 465 727; x_wconf 87' lang='lat' dir='ltr'><strong>aliqua</strong></span> <span class='ocrx_word' id='word_1_28' title='bbox 489 654 711 709; x_wconf 90' lang='lat' dir='ltr'><strong>materia</strong></span> <span class='ocrx_word' id='word_1_29' title='bbox 737 651 1065 707; x_wconf 70' lang='lat' dir='ltr'><strong>concluditur</strong></span> <span class='ocrx_word' id='word_1_30' title='bbox 1088 657 1178 703; x_wconf 91' lang='lat' dir='ltr'><strong>aut</strong></span> <span class='ocrx_word' id='word_1_31' title='bbox 1205 647 1553 703; x_wconf 86' lang='lat' dir='ltr'><strong>terminatur:</strong></span> <span class='ocrx_word' id='word_1_32' title='bbox 1584 644 1676 699; x_wconf 89' lang='lat' dir='ltr'><strong>sed</strong></span> <span class='ocrx_word' id='word_1_33' title='bbox 1701 651 1878 697; x_wconf 87' lang='lat' dir='ltr'><strong>manet</strong></span> 
     </span>
    </p>
   </div>
   <div class='ocr_carea' id='block_1_6' title="bbox 294 726 1873 822">
    <p class='ocr_par' dir='ltr' id='par_1_6' title="bbox 294 726 1873 822">
     <span class='ocr_line' id='line_1_6' title="bbox 294 726 1873 822; baseline -0.009 -18"><span class='ocrx_word' id='word_1_34' title='bbox 294 726 433 819; x_wconf 84' lang='lat' dir='ltr'><strong>apud</strong></span> <span class='ocrx_word' id='word_1_35' title='bbox 472 761 533 801; x_wconf 84' lang='lat' dir='ltr'><strong>se</strong></span> <span class='ocrx_word' id='word_1_36' title='bbox 578 745 711 799; x_wconf 87' lang='lat' dir='ltr'><strong>etin</strong></span> <span class='ocrx_word' id='word_1_37' title='bbox 759 758 817 797; x_wconf 89' lang='lat' dir='ltr'><strong>se</strong></span> <span class='ocrx_word' id='word_1_38' title='bbox 842 742 967 813; x_wconf 49' lang='lat' dir='ltr'><strong>ipso,</strong></span> <span class='ocrx_word' id='word_1_39' title='bbox 992 726 1142 810; x_wconf 88' lang='lat' dir='ltr'><strong>plena</strong></span> <span class='ocrx_word' id='word_1_40' title='bbox 1191 747 1245 794; x_wconf 88' lang='lat' dir='ltr'><strong>et</strong></span> <span class='ocrx_word' id='word_1_41' title='bbox 1288 736 1521 808; x_wconf 86' lang='lat' dir='ltr'><strong>perfecta</strong></span> <span class='ocrx_word' id='word_1_42' title='bbox 1567 736 1873 822; x_wconf 60' lang='lat' dir='ltr'><strong>apernitas,</strong></span> 
     </span>
    </p>
   </div>
   <div class='ocr_carea' id='block_1_7' title="bbox 295 829 1874 911">
    <p class='ocr_par' dir='ltr' id='par_1_7' title="bbox 295 829 1874 911">
     <span class='ocr_line' id='line_1_7' title="bbox 295 829 1874 911; baseline -0.009 -19"><span class='ocrx_word' id='word_1_43' title='bbox 295 854 454 911; x_wconf 90' lang='lat' dir='ltr'><strong>quam</strong></span> <span class='ocrx_word' id='word_1_44' title='bbox 484 852 580 890; x_wconf 87' lang='lat' dir='ltr'><strong>nec</strong></span> <span class='ocrx_word' id='word_1_45' title='bbox 625 833 1081 904; x_wconf 82' lang='lat' dir='ltr'><strong>comprehendere</strong></span> <span class='ocrx_word' id='word_1_46' title='bbox 1130 832 1360 885; x_wconf 88' lang='lat' dir='ltr'><strong>humana</strong></span> <span class='ocrx_word' id='word_1_47' title='bbox 1403 829 1653 900; x_wconf 77' lang='lat' dir='ltr'><strong>cogitatio</strong></span> <span class='ocrx_word' id='word_1_48' title='bbox 1675 832 1874 897; x_wconf 84' lang='lat' dir='ltr'><strong>potest,</strong></span> 
     </span>
    </p>
   </div>
   <div class='ocr_carea' id='block_1_8' title="bbox 299 919 1877 1000">
    <p class='ocr_par' dir='ltr' id='par_1_8' title="bbox 299 919 1877 1000">
     <span class='ocr_line' id='line_1_8' title="bbox 299 919 1877 1000; baseline -0.01 -12"><span class='ocrx_word' id='word_1_49' title='bbox 299 948 399 988; x_wconf 89' lang='lat' dir='ltr'><strong>nec</strong></span> <span class='ocrx_word' id='word_1_50' title='bbox 445 931 624 1000; x_wconf 92' lang='lat' dir='ltr'><strong>lingua</strong></span> <span class='ocrx_word' id='word_1_51' title='bbox 656 941 892 982; x_wconf 86' lang='lat' dir='ltr'><strong>narrare.</strong></span> <span class='ocrx_word' id='word_1_52' title='bbox 924 924 1055 979; x_wconf 86' lang='lat' dir='ltr'><strong>Nam</strong></span> <span class='ocrx_word' id='word_1_53' title='bbox 1098 924 1142 978; x_wconf 97' lang='lat' dir='ltr'><strong>si</strong></span> <span class='ocrx_word' id='word_1_54' title='bbox 1190 937 1383 978; x_wconf 89' lang='lat' dir='ltr'><strong>munus</strong></span> <span class='ocrx_word' id='word_1_55' title='bbox 1424 921 1566 993; x_wconf 88' lang='lat' dir='ltr'><strong>quod</strong></span> <span class='ocrx_word' id='word_1_56' title='bbox 1620 919 1877 990; x_wconf 85' lang='lat' dir='ltr'><strong>promittit</strong></span> 
     </span>
    </p>
   </div>
   <div class='ocr_carea' id='block_1_9' title="bbox 292 1011 1874 1085">
    <p class='ocr_par' dir='ltr' id='par_1_9' title="bbox 292 1011 1874 1085">
     <span class='ocr_line' id='line_1_9' title="bbox 292 1011 1874 1085; baseline -0.007 -9"><span class='ocrx_word' id='word_1_57' title='bbox 292 1022 493 1076; x_wconf 84' lang='lat' dir='ltr'><strong>sanctis</strong></span> <span class='ocrx_word' id='word_1_58' title='bbox 517 1020 646 1085; x_wconf 88' lang='lat' dir='ltr'><strong>suis,</strong></span> <span class='ocrx_word' id='word_1_59' title='bbox 675 1033 776 1072; x_wconf 90' lang='lat' dir='ltr'><strong>nec</strong></span> <span class='ocrx_word' id='word_1_60' title='bbox 818 1016 1004 1071; x_wconf 90' lang='lat' dir='ltr'><strong>oculus</strong></span> <span class='ocrx_word' id='word_1_61' title='bbox 1027 1014 1178 1082; x_wconf 80' lang='lat' dir='ltr'><strong>vidit,</strong></span> <span class='ocrx_word' id='word_1_62' title='bbox 1208 1028 1308 1068; x_wconf 91' lang='lat' dir='ltr'><strong>nec</strong></span> <span class='ocrx_word' id='word_1_63' title='bbox 1347 1013 1492 1067; x_wconf 84' lang='lat' dir='ltr'><strong>auris</strong></span> <span class='ocrx_word' id='word_1_64' title='bbox 1517 1011 1734 1075; x_wconf 84' lang='lat' dir='ltr'><strong>audivit,</strong></span> <span class='ocrx_word' id='word_1_65' title='bbox 1777 1024 1874 1065; x_wconf 88' lang='lat' dir='ltr'><strong>nec</strong></span> 
     </span>
    </p>
   </div>
   <div class='ocr_carea' id='block_1_10' title="bbox 293 1101 1875 1179">
    <p class='ocr_par' dir='ltr' id='par_1_10' title="bbox 293 1101 1875 1179">
     <span class='ocr_line' id='line_1_10' title="bbox 293 1101 1875 1179; baseline -0.008 -13"><span class='ocrx_word' id='word_1_66' title='bbox 293 1114 347 1166; x_wconf 89' lang='lat' dir='ltr'><strong>in</strong></span> <span class='ocrx_word' id='word_1_67' title='bbox 377 1126 471 1165; x_wconf 88' lang='lat' dir='ltr'><strong>cor</strong></span> <span class='ocrx_word' id='word_1_68' title='bbox 488 1109 719 1164; x_wconf 82' lang='lat' dir='ltr'><strong>hominis</strong></span> <span class='ocrx_word' id='word_1_69' title='bbox 746 1106 982 1162; x_wconf 82' lang='lat' dir='ltr'><strong>ascendit</strong></span> <span class='ocrx_word' id='word_1_70' title='bbox 1003 1105 1043 1179; x_wconf 91' lang='lat' dir='ltr'><strong>(l</strong></span> <span class='ocrx_word' id='word_1_71' title='bbox 1067 1105 1182 1160; x_wconf 89' lang='lat' dir='ltr'><strong>Cor.</strong></span> <span class='ocrx_word' id='word_1_72' title='bbox 1210 1120 1267 1170; x_wconf 89' lang='grc' dir='ltr'>ιι,</span> <span class='ocrx_word' id='word_1_73' title='bbox 1296 1104 1386 1176; x_wconf 88' lang='lat'><strong>9);</strong></span> <span class='ocrx_word' id='word_1_74' title='bbox 1412 1101 1679 1173; x_wconf 68' lang='lat' dir='ltr'><strong>quomodo</strong></span> <span class='ocrx_word' id='word_1_75' title='bbox 1701 1108 1875 1170; x_wconf 88' lang='lat' dir='ltr'><strong>potest</strong></span> 
     </span>
    </p>
   </div>
   <div class='ocr_carea' id='block_1_11' title="bbox 293 1196 1874 1273">
    <p class='ocr_par' dir='ltr' id='par_1_11' title="bbox 293 1196 1874 1273">
     <span class='ocr_line' id='line_1_11' title="bbox 293 1196 1874 1273; baseline -0.007 -15"><span class='ocrx_word' id='word_1_76' title='bbox 293 1204 466 1273; x_wconf 86' lang='lat' dir='ltr'><strong>ipsum</strong></span> <span class='ocrx_word' id='word_1_77' title='bbox 497 1201 585 1272; x_wconf 89' lang='lat' dir='ltr'><strong>qui</strong></span> <span class='ocrx_word' id='word_1_78' title='bbox 616 1200 893 1271; x_wconf 84' lang='lat' dir='ltr'><strong>promittit,</strong></span> <span class='ocrx_word' id='word_1_79' title='bbox 916 1208 1005 1253; x_wconf 89' lang='lat' dir='ltr'><strong>aut</strong></span> <span class='ocrx_word' id='word_1_80' title='bbox 1030 1212 1180 1253; x_wconf 91' lang='lat' dir='ltr'><strong>mens</strong></span> <span class='ocrx_word' id='word_1_81' title='bbox 1208 1196 1513 1267; x_wconf 80' lang='lat' dir='ltr'><strong>concipere,</strong></span> <span class='ocrx_word' id='word_1_82' title='bbox 1548 1204 1639 1250; x_wconf 93' lang='lat' dir='ltr'><strong>aut</strong></span> <span class='ocrx_word' id='word_1_83' title='bbox 1664 1209 1758 1250; x_wconf 90' lang='lat' dir='ltr'><strong>eor</strong></span> <span class='ocrx_word' id='word_1_84' title='bbox 1779 1208 1874 1248; x_wconf 90' lang='lat' dir='ltr'><strong>co-</strong></span> 
     </span>
    </p>
   </div>
   <div class='ocr_carea' id='block_1_12' title="bbox 291 1290 1083 1365">
    <p class='ocr_par' dir='ltr' id='par_1_12' title="bbox 291 1290 1083 1365">
     <span class='ocr_line' id='line_1_12' title="bbox 291 1290 1083 1365; baseline -0.005 -18"><span class='ocrx_word' id='word_1_85' title='bbox 291 1296 482 1365; x_wconf 86' lang='lat' dir='ltr'><strong>gitare,</strong></span> <span class='ocrx_word' id='word_1_86' title='bbox 514 1302 605 1345; x_wconf 89' lang='lat' dir='ltr'><strong>aut</strong></span> <span class='ocrx_word' id='word_1_87' title='bbox 625 1292 798 1361; x_wconf 89' lang='lat' dir='ltr'><strong>lingua</strong></span> <span class='ocrx_word' id='word_1_88' title='bbox 829 1290 1083 1345; x_wconf 85' lang='lat' dir='ltr'><strong>narrare?</strong></span> 
     </span>
    </p>
   </div>
   <div class='ocr_carea' id='block_1_13' title="bbox 363 1378 1873 1449">
    <p class='ocr_par' dir='ltr' id='par_1_13' title="bbox 363 1378 1873 1449">
     <span class='ocr_line' id='line_1_13' title="bbox 363 1378 1873 1449; baseline -0.007 -10"><span class='ocrx_word' id='word_1_89' title='bbox 363 1385 417 1439; x_wconf 79' lang='grc'><strong>⁸5.</strong></span> <span class='ocrx_word' id='word_1_90' title='bbox 464 1381 539 1437; x_wconf 82' lang='lat' dir='ltr'><strong>De</strong></span> <span class='ocrx_word' id='word_1_91' title='bbox 565 1380 785 1437; x_wconf 79' lang='lat' dir='ltr'><strong>Christo.</strong></span> <span class='ocrx_word' id='word_1_92' title='bbox 835 1379 1093 1434; x_wconf 82' lang='lat' dir='ltr'><strong>Nativitas</strong></span> <span class='ocrx_word' id='word_1_93' title='bbox 1109 1381 1216 1449; x_wconf 82' lang='lat' dir='ltr'><strong>ejus</strong></span> <span class='ocrx_word' id='word_1_94' title='bbox 1243 1387 1431 1434; x_wconf 72' lang='lat' dir='ltr'><strong>(eterna</strong></span> <span class='ocrx_word' id='word_1_95' title='bbox 1453 1388 1500 1431; x_wconf 88' lang='lat' dir='ltr'><strong>et</strong></span> <span class='ocrx_word' id='word_1_96' title='bbox 1530 1378 1830 1448; x_wconf 76' lang='lat' dir='ltr'><strong>temporaria</strong></span> <span class='ocrx_word' id='word_1_97' title='bbox 1852 1416 1873 1441; x_wconf 84' lang='grc'><em>,</em></span> 
     </span>
    </p>
   </div>
   <div class='ocr_carea' id='block_1_14' title="bbox 293 1472 1874 1545">
    <p class='ocr_par' dir='ltr' id='par_1_14' title="bbox 293 1472 1874 1545">
     <span class='ocr_line' id='line_1_14' title="bbox 293 1472 1874 1545; baseline -0.004 -16"><span class='ocrx_word' id='word_1_98' title='bbox 293 1485 506 1545; x_wconf 72' lang='lat' dir='ltr'><strong>utrm/ne</strong></span> <span class='ocrx_word' id='word_1_99' title='bbox 539 1472 909 1527; x_wconf 75' lang='lat' dir='ltr'><strong>inenarrabilis.</strong></span> <span class='ocrx_word' id='word_1_100' title='bbox 948 1473 1013 1525; x_wconf 80' lang='lat' dir='ltr'><strong>In</strong></span> <span class='ocrx_word' id='word_1_101' title='bbox 1068 1487 1220 1525; x_wconf 87' lang='lat' dir='ltr'><strong>carne</strong></span> <span class='ocrx_word' id='word_1_102' title='bbox 1254 1480 1402 1525; x_wconf 87' lang='lat' dir='ltr'><strong>natus</strong></span> <span class='ocrx_word' id='word_1_103' title='bbox 1441 1480 1517 1526; x_wconf 91' lang='lat' dir='ltr'><strong>est</strong></span> <span class='ocrx_word' id='word_1_104' title='bbox 1558 1481 1721 1525; x_wconf 71' lang='lat' dir='ltr'><strong>tttwsa</strong></span> <span class='ocrx_word' id='word_1_105' title='bbox 1762 1488 1874 1523; x_wconf 76' lang='lat' dir='ltr'><strong>ina-</strong></span> 
     </span>
    </p>
   </div>
   <div class='ocr_carea' id='block_1_15' title="bbox 293 1560 1871 1636">
    <p class='ocr_par' dir='ltr' id='par_1_15' title="bbox 293 1560 1871 1636">
     <span class='ocr_line' id='line_1_15' title="bbox 293 1560 1871 1636; baseline -0.003 -17"><span class='ocrx_word' id='word_1_106' title='bbox 293 1567 385 1619; x_wconf 88' lang='lat' dir='ltr'><strong>tris</strong></span> <span class='ocrx_word' id='word_1_107' title='bbox 412 1566 710 1636; x_wconf 75' lang='lat' dir='ltr'><strong>virginitate.</strong></span> <span class='ocrx_word' id='word_1_108' title='bbox 751 1563 1029 1618; x_wconf 86' lang='lat' dir='ltr'><strong>Credimus</strong></span> <span class='ocrx_word' id='word_1_109' title='bbox 1064 1572 1116 1617; x_wconf 89' lang='lat' dir='ltr'><strong>et</strong></span> <span class='ocrx_word' id='word_1_110' title='bbox 1154 1562 1205 1616; x_wconf 92' lang='lat' dir='ltr'><strong>in</strong></span> <span class='ocrx_word' id='word_1_111' title='bbox 1233 1561 1420 1616; x_wconf 83' lang='lat' dir='ltr'><strong>Filium</strong></span> <span class='ocrx_word' id='word_1_112' title='bbox 1443 1561 1557 1630; x_wconf 88' lang='lat' dir='ltr'><strong>ejus</strong></span> <span class='ocrx_word' id='word_1_113' title='bbox 1593 1560 1871 1615; x_wconf 89' lang='lat' dir='ltr'><strong>Dominum</strong></span> 
     </span>
    </p>
   </div>
   <div class='ocr_carea' id='block_1_16' title="bbox 293 1652 1872 1721">
    <p class='ocr_par' dir='ltr' id='par_1_16' title="bbox 293 1652 1872 1721">
     <span class='ocr_line' id='line_1_16' title="bbox 293 1652 1872 1721; baseline -0.006 -6"><span class='ocrx_word' id='word_1_114' title='bbox 293 1669 536 1714; x_wconf 87' lang='lat' dir='ltr'><strong>nostrum</strong></span> <span class='ocrx_word' id='word_1_115' title='bbox 561 1655 738 1711; x_wconf 76' lang='lat' dir='ltr'><strong>Jesum</strong></span> <span class='ocrx_word' id='word_1_116' title='bbox 758 1652 1026 1710; x_wconf 85' lang='lat' dir='ltr'><strong>Christum</strong></span> <span class='ocrx_word' id='word_1_117' title='bbox 1052 1696 1066 1721; x_wconf 91' lang='lat'><strong>,</strong></span> <span class='ocrx_word' id='word_1_118' title='bbox 1099 1654 1262 1708; x_wconf 90' lang='lat' dir='ltr'><strong>Deum</strong></span> <span class='ocrx_word' id='word_1_119' title='bbox 1292 1668 1476 1707; x_wconf 83' lang='lat' dir='ltr'><strong>verum</strong></span> <span class='ocrx_word' id='word_1_120' title='bbox 1497 1652 1565 1707; x_wconf 89' lang='lat' dir='ltr'><strong>de</strong></span> <span class='ocrx_word' id='word_1_121' title='bbox 1594 1653 1701 1707; x_wconf 85' lang='lat' dir='ltr'><strong>Deo</strong></span> <span class='ocrx_word' id='word_1_122' title='bbox 1721 1665 1872 1717; x_wconf 88' lang='lat' dir='ltr'><strong>vero,</strong></span> 
     </span>
    </p>
   </div>
   <div class='ocr_carea' id='block_1_17' title="bbox 295 1742 1874 1811">
    <p class='ocr_par' dir='ltr' id='par_1_17' title="bbox 295 1742 1874 1811">
     <span class='ocr_line' id='line_1_17' title="bbox 295 1742 1874 1811; baseline -0.003 -10"><span class='ocrx_word' id='word_1_123' title='bbox 295 1747 387 1801; x_wconf 85' lang='lat' dir='ltr'><strong>Dei</strong></span> <span class='ocrx_word' id='word_1_124' title='bbox 431 1746 604 1801; x_wconf 74' lang='lat' dir='ltr'><strong>Patris</strong></span> <span class='ocrx_word' id='word_1_125' title='bbox 655 1745 846 1800; x_wconf 84' lang='lat' dir='ltr'><strong>Filium</strong></span> <span class='ocrx_word' id='word_1_126' title='bbox 880 1745 1043 1799; x_wconf 91' lang='lat' dir='ltr'><strong>Deum</strong></span> <span class='ocrx_word' id='word_1_127' title='bbox 1087 1762 1101 1798; x_wconf 92' lang='lat'><strong>:</strong></span> <span class='ocrx_word' id='word_1_128' title='bbox 1141 1743 1233 1797; x_wconf 86' lang='lat' dir='ltr'><strong>sed</strong></span> <span class='ocrx_word' id='word_1_129' title='bbox 1261 1757 1364 1797; x_wconf 90' lang='lat' dir='ltr'><strong>non</strong></span> <span class='ocrx_word' id='word_1_130' title='bbox 1403 1742 1536 1796; x_wconf 91' lang='lat' dir='ltr'><strong>duos</strong></span> <span class='ocrx_word' id='word_1_131' title='bbox 1568 1742 1730 1798; x_wconf 88' lang='lat' dir='ltr'><strong>Deos.</strong></span> <span class='ocrx_word' id='word_1_132' title='bbox 1759 1742 1874 1811; x_wconf 85' lang='lat' dir='ltr'><strong>Ipse</strong></span> 
     </span>
    </p>
   </div>
   <div class='ocr_carea' id='block_1_18' title="bbox 291 1833 1870 1907">
    <p class='ocr_par' dir='ltr' id='par_1_18' title="bbox 291 1833 1870 1907">
     <span class='ocr_line' id='line_1_18' title="bbox 291 1833 1870 1907; baseline -0.002 -17"><span class='ocrx_word' id='word_1_133' title='bbox 291 1837 436 1890; x_wconf 88' lang='lat' dir='ltr'><strong>enim</strong></span> <span class='ocrx_word' id='word_1_134' title='bbox 462 1846 515 1891; x_wconf 92' lang='lat' dir='ltr'><strong>ct</strong></span> <span class='ocrx_word' id='word_1_135' title='bbox 542 1837 700 1891; x_wconf 89' lang='lat' dir='ltr'><strong>Pater</strong></span> <span class='ocrx_word' id='word_1_136' title='bbox 718 1851 881 1890; x_wconf 88' lang='lat' dir='ltr'><strong>unum</strong></span> <span class='ocrx_word' id='word_1_137' title='bbox 900 1843 1019 1889; x_wconf 89' lang='lat' dir='ltr'><strong>sunt</strong></span> <span class='ocrx_word' id='word_1_138' title='bbox 1039 1833 1216 1907; x_wconf 84' lang='lat' dir='ltr'><strong>(Joan.</strong></span> <span class='ocrx_word' id='word_1_139' title='bbox 1240 1849 1297 1898; x_wconf 68' lang='grc' dir='ltr'><strong>Χ,</strong></span> <span class='ocrx_word' id='word_1_140' title='bbox 1317 1833 1408 1904; x_wconf 75' lang='grc'><strong>50)</strong></span> <span class='ocrx_word' id='word_1_141' title='bbox 1427 1850 1442 1889; x_wconf 86' lang='lat'><strong>:</strong></span> <span class='ocrx_word' id='word_1_142' title='bbox 1458 1842 1510 1888; x_wconf 87' lang='lat' dir='ltr'><strong>et</strong></span> <span class='ocrx_word' id='word_1_143' title='bbox 1535 1849 1631 1904; x_wconf 88' lang='lat' dir='ltr'><strong>per</strong></span> <span class='ocrx_word' id='word_1_144' title='bbox 1647 1834 1870 1905; x_wconf 80' lang='lat' dir='ltr'><strong>Moysen</strong></span> 
     </span>
    </p>
   </div>
   <div class='ocr_carea' id='block_1_19' title="bbox 293 1923 1873 1998">
    <p class='ocr_par' dir='ltr' id='par_1_19' title="bbox 293 1923 1873 1998">
     <span class='ocr_line' id='line_1_19' title="bbox 293 1923 1873 1998; baseline -0.003 -16"><span class='ocrx_word' id='word_1_145' title='bbox 293 1928 492 1998; x_wconf 89' lang='lat' dir='ltr'><strong>popqu</strong></span> <span class='ocrx_word' id='word_1_146' title='bbox 526 1928 757 1982; x_wconf 85' lang='lat' dir='ltr'><strong>insinuat</strong></span> <span class='ocrx_word' id='word_1_147' title='bbox 780 1927 962 1981; x_wconf 87' lang='lat' dir='ltr'><strong>dicens</strong></span> <span class='ocrx_word' id='word_1_148' title='bbox 981 1966 996 1990; x_wconf 90' lang='lat'><strong>,</strong></span> <span class='ocrx_word' id='word_1_149' title='bbox 1026 1926 1159 1979; x_wconf 82' lang='lat' dir='ltr'><strong>Audi</strong></span> <span class='ocrx_word' id='word_1_150' title='bbox 1182 1968 1196 1992; x_wconf 92' lang='lat'><strong>,</strong></span> <span class='ocrx_word' id='word_1_151' title='bbox 1226 1923 1423 1991; x_wconf 82' lang='lat' dir='ltr'><strong>Israel,</strong></span> <span class='ocrx_word' id='word_1_152' title='bbox 1461 1925 1701 1978; x_wconf 83' lang='lat' dir='ltr'><strong>mandata</strong></span> <span class='ocrx_word' id='word_1_153' title='bbox 1725 1925 1873 1988; x_wconf 77' lang='lat' dir='ltr'><strong>vitta;</strong></span> 
     </span>
    </p>
   </div>
   <div class='ocr_carea' id='block_1_20' title="bbox 292 2015 1874 2088">
    <p class='ocr_par' dir='ltr' id='par_1_20' title="bbox 292 2015 1874 2088">
     <span class='ocr_line' id='line_1_20' title="bbox 292 2015 1874 2088; baseline -0.002 -16"><span class='ocrx_word' id='word_1_154' title='bbox 292 2018 547 2072; x_wconf 82' lang='lat' dir='ltr'><strong>Dominus</strong></span> <span class='ocrx_word' id='word_1_155' title='bbox 574 2016 710 2071; x_wconf 86' lang='lat' dir='ltr'><strong>Deus</strong></span> <span class='ocrx_word' id='word_1_156' title='bbox 729 2026 870 2083; x_wconf 81' lang='lat' dir='ltr'><strong>tuas,</strong></span> <span class='ocrx_word' id='word_1_157' title='bbox 914 2017 1051 2070; x_wconf 64' lang='lat' dir='ltr'><strong>Deus</strong></span> <span class='ocrx_word' id='word_1_158' title='bbox 1086 2033 1217 2069; x_wconf 88' lang='lat' dir='ltr'><strong>unus</strong></span> <span class='ocrx_word' id='word_1_159' title='bbox 1246 2024 1316 2070; x_wconf 86' lang='lat' dir='ltr'><strong>est</strong></span> <span class='ocrx_word' id='word_1_160' title='bbox 1356 2016 1541 2088; x_wconf 60' lang='lat' dir='ltr'><strong>(Deut.</strong></span> <span class='ocrx_word' id='word_1_161' title='bbox 1572 2032 1623 2069; x_wconf 69' lang='grc' dir='ltr'>γι</span> <span class='ocrx_word' id='word_1_162' title='bbox 1649 2058 1664 2079; x_wconf 85' lang='grc'>,</span> <span class='ocrx_word' id='word_1_163' title='bbox 1710 2015 1786 2085; x_wconf 73' lang='grc'><strong>4).</strong></span> <span class='ocrx_word' id='word_1_164' title='bbox 1817 2015 1874 2069; x_wconf 88' lang='lat' dir='ltr'><strong>Si</strong></span> 
     </span>
    </p>
   </div>
   <div class='ocr_carea' id='block_1_21' title="bbox 291 2107 1874 2179">
    <p class='ocr_par' dir='ltr' id='par_1_21' title="bbox 291 2107 1874 2179">
     <span class='ocr_line' id='line_1_21' title="bbox 291 2107 1874 2179; baseline 0 -15"><span class='ocrx_word' id='word_1_165' title='bbox 291 2121 471 2165; x_wconf 87' lang='lat' dir='ltr'><strong>autem</strong></span> <span class='ocrx_word' id='word_1_166' title='bbox 498 2111 578 2164; x_wconf 88' lang='lat' dir='ltr'><strong>vis</strong></span> <span class='ocrx_word' id='word_1_167' title='bbox 609 2110 840 2178; x_wconf 75' lang='lat' dir='ltr'><strong>cogitare</strong></span> <span class='ocrx_word' id='word_1_168' title='bbox 866 2107 1310 2179; x_wconf 78' lang='lat' dir='ltr'><strong>quemadmodum</strong></span> <span class='ocrx_word' id='word_1_169' title='bbox 1358 2118 1588 2163; x_wconf 74' lang='lat' dir='ltr'><strong>:eternns</strong></span> <span class='ocrx_word' id='word_1_170' title='bbox 1616 2108 1781 2163; x_wconf 77' lang='lat' dir='ltr'><strong>Filius</strong></span> <span class='ocrx_word' id='word_1_171' title='bbox 1807 2109 1874 2164; x_wconf 90' lang='lat' dir='ltr'><strong>de</strong></span> 
     </span>
    </p>
   </div>
   <div class='ocr_carea' id='block_1_22' title="bbox 291 2200 1877 2270">
    <p class='ocr_par' dir='ltr' id='par_1_22' title="bbox 291 2200 1877 2270">
     <span class='ocr_line' id='line_1_22' title="bbox 291 2200 1877 2270; baseline 0 -14"><span class='ocrx_word' id='word_1_172' title='bbox 291 2211 496 2256; x_wconf 74' lang='lat' dir='ltr'><strong>aeterno</strong></span> <span class='ocrx_word' id='word_1_173' title='bbox 538 2201 691 2256; x_wconf 81' lang='lat' dir='ltr'><strong>Patre</strong></span> <span class='ocrx_word' id='word_1_174' title='bbox 734 2200 848 2254; x_wconf 87' lang='lat' dir='ltr'><strong>sine</strong></span> <span class='ocrx_word' id='word_1_175' title='bbox 893 2209 1133 2269; x_wconf 88' lang='lat' dir='ltr'><strong>tempore</strong></span> <span class='ocrx_word' id='word_1_176' title='bbox 1182 2207 1335 2254; x_wconf 89' lang='lat' dir='ltr'><strong>natus</strong></span> <span class='ocrx_word' id='word_1_177' title='bbox 1361 2201 1467 2264; x_wconf 92' lang='lat' dir='ltr'><strong>sit;</strong></span> <span class='ocrx_word' id='word_1_178' title='bbox 1514 2201 1783 2270; x_wconf 77' lang='lat' dir='ltr'><strong>redarguit</strong></span> <span class='ocrx_word' id='word_1_179' title='bbox 1827 2210 1877 2256; x_wconf 88' lang='lat' dir='ltr'><strong>te</strong></span> 
     </span>
    </p>
   </div>
   <div class='ocr_carea' id='block_1_23' title="bbox 292 2289 1879 2362">
    <p class='ocr_par' dir='ltr' id='par_1_23' title="bbox 292 2289 1879 2362">
     <span class='ocr_line' id='line_1_23' title="bbox 292 2289 1879 2362; baseline 0 -17"><span class='ocrx_word' id='word_1_180' title='bbox 292 2292 458 2347; x_wconf 80' lang='lat' dir='ltr'><strong>isaias</strong></span> <span class='ocrx_word' id='word_1_181' title='bbox 505 2291 758 2360; x_wconf 81' lang='lat' dir='ltr'><strong>propheta</strong></span> <span class='ocrx_word' id='word_1_182' title='bbox 786 2333 800 2358; x_wconf 95' lang='lat'><strong>,</strong></span> <span class='ocrx_word' id='word_1_183' title='bbox 849 2290 937 2362; x_wconf 86' lang='lat' dir='ltr'><strong>qui</strong></span> <span class='ocrx_word' id='word_1_184' title='bbox 973 2290 1157 2345; x_wconf 57' lang='lat' dir='ltr'><strong>dicit:</strong></span> <span class='ocrx_word' id='word_1_185' title='bbox 1204 2289 1585 2343; x_wconf 77' lang='lat' dir='ltr'><strong>Generationem</strong></span> <span class='ocrx_word' id='word_1_186' title='bbox 1618 2293 1728 2361; x_wconf 80' lang='lat' dir='ltr'><strong>ejus</strong></span> <span class='ocrx_word' id='word_1_187' title='bbox 1768 2293 1879 2361; x_wconf 82' lang='lat' dir='ltr'><strong>quis</strong></span> 
     </span>
    </p>
   </div>
   <div class='ocr_carea' id='block_1_24' title="bbox 294 2382 1878 2453">
    <p class='ocr_par' dir='ltr' id='par_1_24' title="bbox 294 2382 1878 2453">
     <span class='ocr_line' id='line_1_24' title="bbox 294 2382 1878 2453; baseline -0.001 -15"><span class='ocrx_word' id='word_1_188' title='bbox 294 2385 550 2438; x_wconf 83' lang='lat' dir='ltr'><strong>enarrabit</strong></span> <span class='ocrx_word' id='word_1_189' title='bbox 592 2383 741 2453; x_wconf 85' lang='lat' dir='ltr'><strong>(lsai.</strong></span> <span class='ocrx_word' id='word_1_190' title='bbox 771 2399 892 2449; x_wconf 80' lang='lat' dir='ltr'><strong>Lm,</strong></span> <span class='ocrx_word' id='word_1_191' title='bbox 935 2382 1037 2453; x_wconf 84' lang='lat'><strong>8)?</strong></span> <span class='ocrx_word' id='word_1_192' title='bbox 1071 2383 1423 2437; x_wconf 73' lang='lat' dir='ltr'><strong>Nativitatcn‘t</strong></span> <span class='ocrx_word' id='word_1_193' title='bbox 1457 2383 1633 2453; x_wconf 89' lang='lat' dir='ltr'><strong>itaque</strong></span> <span class='ocrx_word' id='word_1_194' title='bbox 1679 2383 1772 2438; x_wconf 90' lang='lat' dir='ltr'><strong>Dei</strong></span> <span class='ocrx_word' id='word_1_195' title='bbox 1813 2399 1878 2437; x_wconf 81' lang='lat' dir='ltr'><strong>ex</strong></span> 
     </span>
    </p>
   </div>
   <div class='ocr_carea' id='block_1_25' title="bbox 293 2473 1876 2545">
    <p class='ocr_par' dir='ltr' id='par_1_25' title="bbox 293 2473 1876 2545">
     <span class='ocr_line' id='line_1_25' title="bbox 293 2473 1876 2545; baseline -0.001 -16"><span class='ocrx_word' id='word_1_196' title='bbox 293 2475 407 2530; x_wconf 90' lang='lat' dir='ltr'><strong>Deo</strong></span> <span class='ocrx_word' id='word_1_197' title='bbox 435 2490 536 2529; x_wconf 83' lang='lat' dir='ltr'><strong>nec</strong></span> <span class='ocrx_word' id='word_1_198' title='bbox 560 2473 794 2544; x_wconf 86' lang='lat' dir='ltr'><strong>cogitare</strong></span> <span class='ocrx_word' id='word_1_199' title='bbox 821 2475 1041 2545; x_wconf 86' lang='lat' dir='ltr'><strong>poteris,</strong></span> <span class='ocrx_word' id='word_1_200' title='bbox 1088 2489 1185 2529; x_wconf 84' lang='lat' dir='ltr'><strong>nec</strong></span> <span class='ocrx_word' id='word_1_201' title='bbox 1214 2489 1434 2529; x_wconf 88' lang='lat' dir='ltr'><strong>narrare</strong></span> <span class='ocrx_word' id='word_1_202' title='bbox 1469 2493 1481 2527; x_wconf 90' lang='lat'><strong>:</strong></span> <span class='ocrx_word' id='word_1_203' title='bbox 1510 2473 1732 2529; x_wconf 84' lang='lat' dir='ltr'><strong>credere</strong></span> <span class='ocrx_word' id='word_1_204' title='bbox 1761 2483 1876 2529; x_wconf 79' lang='lat' dir='ltr'><strong>tan-</strong></span> 
     </span>
    </p>
   </div>
   <div class='ocr_carea' id='block_1_26' title="bbox 294 2564 1878 2636">
    <p class='ocr_par' dir='ltr' id='par_1_26' title="bbox 294 2564 1878 2636">
     <span class='ocr_line' id='line_1_26' title="bbox 294 2564 1878 2636; baseline -0.001 -17"><span class='ocrx_word' id='word_1_205' title='bbox 294 2575 409 2619; x_wconf 85' lang='lat' dir='ltr'><strong>tum</strong></span> <span class='ocrx_word' id='word_1_206' title='bbox 437 2564 529 2618; x_wconf 91' lang='lat' dir='ltr'><strong>tibi</strong></span> <span class='ocrx_word' id='word_1_207' title='bbox 577 2564 937 2636; x_wconf 88' lang='lat' dir='ltr'><strong>permittitur,</strong></span> <span class='ocrx_word' id='word_1_208' title='bbox 994 2574 1049 2618; x_wconf 93' lang='lat' dir='ltr'><strong>ut</strong></span> <span class='ocrx_word' id='word_1_209' title='bbox 1101 2565 1278 2619; x_wconf 82' lang='lat' dir='ltr'><strong>salvus</strong></span> <span class='ocrx_word' id='word_1_210' title='bbox 1329 2578 1448 2619; x_wconf 88' lang='lat' dir='ltr'><strong>esse</strong></span> <span class='ocrx_word' id='word_1_211' title='bbox 1482 2565 1693 2634; x_wconf 85' lang='lat' dir='ltr'><strong>possis;</strong></span> <span class='ocrx_word' id='word_1_212' title='bbox 1742 2564 1878 2619; x_wconf 86' lang='lat' dir='ltr'><strong>sicut</strong></span> 
     </span>
    </p>
   </div>
   <div class='ocr_carea' id='block_1_27' title="bbox 296 2654 1878 2727">
    <p class='ocr_par' dir='ltr' id='par_1_27' title="bbox 296 2654 1878 2727">
     <span class='ocr_line' id='line_1_27' title="bbox 296 2654 1878 2727; baseline -0.001 -18"><span class='ocrx_word' id='word_1_213' title='bbox 296 2656 585 2724; x_wconf 79' lang='lat' dir='ltr'><strong>Apostolus</strong></span> <span class='ocrx_word' id='word_1_214' title='bbox 612 2655 741 2709; x_wconf 84' lang='lat' dir='ltr'><strong>dicit</strong></span> <span class='ocrx_word' id='word_1_215' title='bbox 771 2673 782 2707; x_wconf 93' lang='lat'>:</span> <span class='ocrx_word' id='word_1_216' title='bbox 810 2654 1022 2709; x_wconf 79' lang='lat' dir='ltr'><strong>Credere</strong></span> <span class='ocrx_word' id='word_1_217' title='bbox 1041 2655 1173 2708; x_wconf 86' lang='lat' dir='ltr'><strong>enim</strong></span> <span class='ocrx_word' id='word_1_218' title='bbox 1203 2664 1392 2725; x_wconf 89' lang='lat' dir='ltr'><strong>oportet</strong></span> <span class='ocrx_word' id='word_1_219' title='bbox 1408 2657 1492 2727; x_wconf 85' lang='lat' dir='ltr'><strong>qui</strong></span> <span class='ocrx_word' id='word_1_220' title='bbox 1513 2657 1581 2708; x_wconf 85' lang='lat' dir='ltr'><strong>ad</strong></span> <span class='ocrx_word' id='word_1_221' title='bbox 1609 2654 1767 2709; x_wconf 84' lang='lat' dir='ltr'><strong>Deum</strong></span> <span class='ocrx_word' id='word_1_222' title='bbox 1793 2672 1878 2708; x_wconf 85' lang='lat' dir='ltr'><strong>ac-</strong></span> 
     </span>
    </p>
   </div>
   <div class='ocr_carea' id='block_1_28' title="bbox 296 2746 1881 2816">
    <p class='ocr_par' dir='ltr' id='par_1_28' title="bbox 296 2746 1881 2816">
     <span class='ocr_line' id='line_1_28' title="bbox 296 2746 1881 2816; baseline 0.001 -18"><span class='ocrx_word' id='word_1_223' title='bbox 296 2746 459 2807; x_wconf 80' lang='lat' dir='ltr'><strong>redit,</strong></span> <span class='ocrx_word' id='word_1_224' title='bbox 482 2746 601 2800; x_wconf 81' lang='lat' dir='ltr'><strong>ania</strong></span> <span class='ocrx_word' id='word_1_225' title='bbox 627 2755 700 2800; x_wconf 79' lang='lat' dir='ltr'><strong>est</strong></span> <span class='ocrx_word' id='word_1_226' title='bbox 724 2787 738 2808; x_wconf 87' lang='lat'><strong>.</strong></span> <span class='ocrx_word' id='word_1_227' title='bbox 785 2755 831 2800; x_wconf 86' lang='lat' dir='ltr'><strong>et</strong></span> <span class='ocrx_word' id='word_1_228' title='bbox 864 2746 1200 2816; x_wconf 75' lang='lat' dir='ltr'><strong>quwrentibus</strong></span> <span class='ocrx_word' id='word_1_229' title='bbox 1237 2763 1354 2800; x_wconf 88' lang='lat' dir='ltr'><strong>eum</strong></span> <span class='ocrx_word' id='word_1_230' title='bbox 1390 2746 1634 2801; x_wconf 82' lang='lat' dir='ltr'><strong>mercedis</strong></span> <span class='ocrx_word' id='word_1_231' title='bbox 1658 2747 1881 2801; x_wconf 88' lang='lat' dir='ltr'><strong>redditor</strong></span> 
     </span>
    </p>
   </div>
   <div class='ocr_carea' id='block_1_29' title="bbox 297 2834 1877 2910">
    <p class='ocr_par' dir='ltr' id='par_1_29' title="bbox 297 2834 1877 2910">
     <span class='ocr_line' id='line_1_29' title="bbox 297 2834 1877 2910; baseline 0.003 -20"><span class='ocrx_word' id='word_1_232' title='bbox 297 2838 391 2890; x_wconf 82' lang='lat' dir='ltr'><strong>erit</strong></span> <span class='ocrx_word' id='word_1_233' title='bbox 421 2834 603 2909; x_wconf 77' lang='lat' dir='ltr'><strong>(Hebr.</strong></span> <span class='ocrx_word' id='word_1_234' title='bbox 634 2838 822 2908; x_wconf 60' lang='lat' dir='ltr'><strong>x1,,6).</strong></span> <span class='ocrx_word' id='word_1_235' title='bbox 846 2837 899 2892; x_wconf 89' lang='lat' dir='ltr'><strong>Si</strong></span> <span class='ocrx_word' id='word_1_236' title='bbox 926 2852 1053 2892; x_wconf 91' lang='lat' dir='ltr'><strong>vero</strong></span> <span class='ocrx_word' id='word_1_237' title='bbox 1085 2839 1416 2894; x_wconf 87' lang='lat' dir='ltr'><strong>nativitatem</strong></span> <span class='ocrx_word' id='word_1_238' title='bbox 1447 2839 1562 2910; x_wconf 88' lang='lat' dir='ltr'><strong>ejus</strong></span> <span class='ocrx_word' id='word_1_239' title='bbox 1589 2840 1877 2896; x_wconf 80' lang='lat' dir='ltr'><strong>secundum</strong></span> 
     </span>
    </p>
   </div>
   <div class='ocr_carea' id='block_1_30' title="bbox 297 2931 1877 3005">
    <p class='ocr_par' dir='ltr' id='par_1_30' title="bbox 297 2931 1877 3005">
     <span class='ocr_line' id='line_1_30' title="bbox 297 2931 1877 3005; baseline 0.003 -21"><span class='ocrx_word' id='word_1_240' title='bbox 297 2946 514 2984; x_wconf 87' lang='lat' dir='ltr'><strong>carnem</strong></span> <span class='ocrx_word' id='word_1_241' title='bbox 542 2971 555 2991; x_wconf 84' lang='grc'>,</span> <span class='ocrx_word' id='word_1_242' title='bbox 609 2946 765 3000; x_wconf 87' lang='lat' dir='ltr'><strong>quam</strong></span> <span class='ocrx_word' id='word_1_243' title='bbox 806 2945 901 3000; x_wconf 92' lang='lat' dir='ltr'><strong>pro</strong></span> <span class='ocrx_word' id='word_1_244' title='bbox 929 2941 1107 2985; x_wconf 92' lang='lat' dir='ltr'><strong>nostra</strong></span> <span class='ocrx_word' id='word_1_245' title='bbox 1147 2932 1316 2987; x_wconf 90' lang='lat' dir='ltr'><strong>salute</strong></span> <span class='ocrx_word' id='word_1_246' title='bbox 1346 2931 1590 3003; x_wconf 89' lang='lat' dir='ltr'><strong>dignatus</strong></span> <span class='ocrx_word' id='word_1_247' title='bbox 1635 2934 1877 3005; x_wconf 74' lang='lat' dir='ltr'><strong>accepit,</strong></span> 
     </span>
    </p>
   </div>
   <div class='ocr_carea' id='block_1_31' title="bbox 298 3022 1882 3097">
    <p class='ocr_par' dir='ltr' id='par_1_31' title="bbox 298 3022 1882 3097">
     <span class='ocr_line' id='line_1_31' title="bbox 298 3022 1882 3097; baseline 0.005 -23"><span class='ocrx_word' id='word_1_248' title='bbox 298 3022 439 3075; x_wconf 86' lang='lat' dir='ltr'><strong>scire</strong></span> <span class='ocrx_word' id='word_1_249' title='bbox 473 3022 746 3077; x_wconf 85' lang='lat' dir='ltr'><strong>desideras</strong></span> <span class='ocrx_word' id='word_1_250' title='bbox 773 3039 786 3088; x_wconf 92' lang='lat'><strong>;</strong></span> <span class='ocrx_word' id='word_1_251' title='bbox 812 3023 952 3089; x_wconf 84' lang='lat' dir='ltr'><strong>audi,</strong></span> <span class='ocrx_word' id='word_1_252' title='bbox 983 3033 1036 3078; x_wconf 91' lang='lat' dir='ltr'><strong>et</strong></span> <span class='ocrx_word' id='word_1_253' title='bbox 1059 3024 1218 3080; x_wconf 87' lang='lat' dir='ltr'><strong>crede</strong></span> <span class='ocrx_word' id='word_1_254' title='bbox 1243 3034 1419 3079; x_wconf 89' lang='lat' dir='ltr'><strong>natum</strong></span> <span class='ocrx_word' id='word_1_255' title='bbox 1448 3026 1513 3081; x_wconf 90' lang='lat' dir='ltr'><strong>de</strong></span> <span class='ocrx_word' id='word_1_256' title='bbox 1539 3026 1735 3097; x_wconf 85' lang='lat' dir='ltr'><strong>Spiritu</strong></span> <span class='ocrx_word' id='word_1_257' title='bbox 1760 3043 1882 3082; x_wconf 89' lang='lat' dir='ltr'><strong>san-</strong></span> 
     </span>
    </p>
   </div>
   <div class='ocr_carea' id='block_1_32' title="bbox 299 3112 1848 3187">
    <p class='ocr_par' dir='ltr' id='par_1_32' title="bbox 299 3112 1848 3187">
     <span class='ocr_line' id='line_1_32' title="bbox 299 3112 1848 3187; baseline 0.005 -22"><span class='ocrx_word' id='word_1_258' title='bbox 299 3124 385 3165; x_wconf 79' lang='lat' dir='ltr'><strong>rto</strong></span> <span class='ocrx_word' id='word_1_259' title='bbox 416 3129 481 3166; x_wconf 78' lang='lat' dir='ltr'><strong>cx</strong></span> <span class='ocrx_word' id='word_1_260' title='bbox 513 3112 673 3167; x_wconf 77' lang='lat' dir='ltr'><strong>Maria</strong></span> <span class='ocrx_word' id='word_1_261' title='bbox 699 3116 920 3184; x_wconf 81' lang='lat' dir='ltr'><strong>virgine.</strong></span> <span class='ocrx_word' id='word_1_262' title='bbox 949 3114 1221 3184; x_wconf 87' lang='lat' dir='ltr'><strong>Qanqnam</strong></span> <span class='ocrx_word' id='word_1_263' title='bbox 1265 3129 1319 3170; x_wconf 84' lang='lat' dir='ltr'><strong>et</strong></span> <span class='ocrx_word' id='word_1_264' title='bbox 1354 3116 1490 3171; x_wconf 89' lang='lat' dir='ltr'><strong>hanc</strong></span> <span class='ocrx_word' id='word_1_265' title='bbox 1534 3118 1699 3187; x_wconf 84' lang='lat' dir='ltr'><strong>ipsam</strong></span> <span class='ocrx_word' id='word_1_266' title='bbox 1742 3120 1848 3173; x_wconf 88' lang='lat' dir='ltr'><strong>nati</strong></span> 
     </span>
    </p>
   </div>
   <div class='ocr_carea' id='block_1_33' title="bbox 299 3196 1881 3279">
    <p class='ocr_par' dir='ltr' id='par_1_33' title="bbox 299 3196 1881 3279">
     <span class='ocr_line' id='line_1_33' title="bbox 299 3196 1881 3279; baseline 0.007 -26"><span class='ocrx_word' id='word_1_267' title='bbox 299 3203 516 3258; x_wconf 76' lang='lat' dir='ltr'><strong>vitalem</strong></span> <span class='ocrx_word' id='word_1_268' title='bbox 544 3204 657 3272; x_wconf 85' lang='lat' dir='ltr'><strong>ejus</strong></span> <span class='ocrx_word' id='word_1_269' title='bbox 694 3204 813 3273; x_wconf 91' lang='lat' dir='ltr'><strong>quis</strong></span> <span class='ocrx_word' id='word_1_270' title='bbox 857 3204 1163 3259; x_wconf 83' lang='lat' dir='ltr'><strong>enarrabit?</strong></span> <span class='ocrx_word' id='word_1_271' title='bbox 1199 3205 1328 3273; x_wconf 80' lang='lat' dir='ltr'><strong>Quis</strong></span> <span class='ocrx_word' id='word_1_272' title='bbox 1368 3207 1508 3261; x_wconf 90' lang='lat' dir='ltr'><strong>enim</strong></span> <span class='ocrx_word' id='word_1_273' title='bbox 1553 3207 1709 3279; x_wconf 82' lang='lat' dir='ltr'><strong>digne</strong></span> <span class='ocrx_word' id='word_1_274' title='bbox 1737 3196 1881 3264; x_wconf 48' lang='lat' dir='ltr'><strong>aesti-</strong></span> 
     </span>
    </p>
   </div>
   <div class='ocr_carea' id='block_1_34' title="bbox 301 3295 1879 3366">
    <p class='ocr_par' dir='ltr' id='par_1_34' title="bbox 301 3295 1879 3366">
     <span class='ocr_line' id='line_1_34' title="bbox 301 3295 1879 3366; baseline 0.003 -16"><span class='ocrx_word' id='word_1_275' title='bbox 301 3312 451 3351; x_wconf 89' lang='lat' dir='ltr'><strong>mare</strong></span> <span class='ocrx_word' id='word_1_276' title='bbox 476 3303 646 3365; x_wconf 76' lang='lat' dir='ltr'><strong>potest</strong></span> <span class='ocrx_word' id='word_1_277' title='bbox 670 3295 834 3350; x_wconf 89' lang='lat' dir='ltr'><strong>Deum</strong></span> <span class='ocrx_word' id='word_1_278' title='bbox 865 3305 1080 3364; x_wconf 76' lang='lat' dir='ltr'><strong>propter</strong></span> <span class='ocrx_word' id='word_1_279' title='bbox 1119 3295 1361 3351; x_wconf 84' lang='lat' dir='ltr'><strong>homines</strong></span> <span class='ocrx_word' id='word_1_280' title='bbox 1391 3298 1406 3327; x_wconf 82' lang='grc'>¹</span> <span class='ocrx_word' id='word_1_281' title='bbox 1448 3299 1588 3351; x_wconf 88' lang='lat' dir='ltr'><strong>nasci</strong></span> <span class='ocrx_word' id='word_1_282' title='bbox 1612 3299 1840 3355; x_wconf 84' lang='lat' dir='ltr'><strong>voluisse</strong></span> <span class='ocrx_word' id='word_1_283' title='bbox 1863 3341 1879 3366; x_wconf 95' lang='lat'><strong>,</strong></span> 
     </span>
    </p>
   </div>
   <div class='ocr_carea' id='block_1_35' title="bbox 300 3387 1880 3458">
    <p class='ocr_par' dir='ltr' id='par_1_35' title="bbox 300 3387 1880 3458">
     <span class='ocr_line' id='line_1_35' title="bbox 300 3387 1880 3458; baseline 0.003 -17"><span class='ocrx_word' id='word_1_284' title='bbox 300 3390 419 3442; x_wconf 82' lang='lat' dir='ltr'><strong>sine</strong></span> <span class='ocrx_word' id='word_1_285' title='bbox 448 3387 583 3441; x_wconf 77' lang='lat' dir='ltr'><strong>virili</strong></span> <span class='ocrx_word' id='word_1_286' title='bbox 611 3387 816 3442; x_wconf 90' lang='lat' dir='ltr'><strong>semine</strong></span> <span class='ocrx_word' id='word_1_287' title='bbox 843 3388 1099 3457; x_wconf 72' lang='lat' dir='ltr'><strong>virginem</strong></span> <span class='ocrx_word' id='word_1_288' title='bbox 1139 3389 1449 3458; x_wconf 88' lang='lat' dir='ltr'><strong>concepisse</strong></span> <span class='ocrx_word' id='word_1_289' title='bbox 1477 3431 1491 3453; x_wconf 86' lang='lat'><strong>,</strong></span> <span class='ocrx_word' id='word_1_290' title='bbox 1539 3390 1654 3443; x_wconf 91' lang='lat' dir='ltr'><strong>sine</strong></span> <span class='ocrx_word' id='word_1_291' title='bbox 1701 3406 1880 3445; x_wconf 87' lang='lat' dir='ltr'><strong>corru-</strong></span> 
     </span>
    </p>
   </div>
   <div class='ocr_carea' id='block_1_36' title="bbox 304 3478 1881 3551">
    <p class='ocr_par' dir='ltr' id='par_1_36' title="bbox 304 3478 1881 3551">
     <span class='ocr_line' id='line_1_36' title="bbox 304 3478 1881 3551; baseline 0.003 -20"><span class='ocrx_word' id='word_1_292' title='bbox 304 3479 487 3547; x_wconf 62' lang='lat' dir='ltr'><strong>ptione</strong></span> <span class='ocrx_word' id='word_1_293' title='bbox 518 3478 787 3547; x_wconf 86' lang='lat' dir='ltr'><strong>peperisse</strong></span> <span class='ocrx_word' id='word_1_294' title='bbox 813 3520 825 3542; x_wconf 96' lang='lat'><strong>,</strong></span> <span class='ocrx_word' id='word_1_295' title='bbox 866 3488 924 3532; x_wconf 80' lang='lat' dir='ltr'><strong>et</strong></span> <span class='ocrx_word' id='word_1_296' title='bbox 950 3487 1067 3547; x_wconf 89' lang='lat' dir='ltr'><strong>post</strong></span> <span class='ocrx_word' id='word_1_297' title='bbox 1096 3489 1298 3548; x_wconf 85' lang='lat' dir='ltr'><strong>partum</strong></span> <span class='ocrx_word' id='word_1_298' title='bbox 1343 3480 1392 3532; x_wconf 91' lang='lat' dir='ltr'><strong>in</strong></span> <span class='ocrx_word' id='word_1_299' title='bbox 1434 3480 1736 3549; x_wconf 79' lang='lat' dir='ltr'><strong>integritate</strong></span> <span class='ocrx_word' id='word_1_300' title='bbox 1762 3498 1881 3551; x_wconf 78' lang='lat' dir='ltr'><strong>pcr-</strong></span> 
     </span>
    </p>
   </div>
   <div class='ocr_carea' id='block_1_37' title="bbox 303 3568 1887 3628">
    <p class='ocr_par' dir='ltr' id='par_1_37' title="bbox 303 3568 1887 3628">
     <span class='ocr_line' id='line_1_37' title="bbox 303 3568 1887 3628; baseline 0.004 -7"><span class='ocrx_word' id='word_1_301' title='bbox 303 3569 571 3622; x_wconf 85' lang='lat' dir='ltr'><strong>mansisse</strong></span> <span class='ocrx_word' id='word_1_302' title='bbox 592 3568 621 3604; x_wconf 67' lang='grc' dir='ltr'><strong>θ’</strong></span> <span class='ocrx_word' id='word_1_303' title='bbox 642 3569 897 3622; x_wconf 90' lang='lat' dir='ltr'><strong>Dominus</strong></span> <span class='ocrx_word' id='word_1_304' title='bbox 921 3570 1065 3623; x_wconf 91' lang='lat' dir='ltr'><strong>enim</strong></span> <span class='ocrx_word' id='word_1_305' title='bbox 1095 3579 1279 3625; x_wconf 89' lang='lat' dir='ltr'><strong>noster</strong></span> <span class='ocrx_word' id='word_1_306' title='bbox 1299 3571 1452 3626; x_wconf 82' lang='lat' dir='ltr'><strong>Jcsus</strong></span> <span class='ocrx_word' id='word_1_307' title='bbox 1500 3570 1741 3626; x_wconf 80' lang='lat' dir='ltr'><strong>Christus</strong></span> <span class='ocrx_word' id='word_1_308' title='bbox 1772 3581 1887 3628; x_wconf 89' lang='lat' dir='ltr'><strong>ute-</strong></span> 
     </span>
    </p>
   </div>
   <div class='ocr_carea' id='block_1_38' title="bbox 303 3659 1883 3730">
    <p class='ocr_par' dir='ltr' id='par_1_38' title="bbox 303 3659 1883 3730">
     <span class='ocr_line' id='line_1_38' title="bbox 303 3659 1883 3730; baseline 0.003 -18"><span class='ocrx_word' id='word_1_309' title='bbox 303 3676 422 3713; x_wconf 87' lang='lat' dir='ltr'><strong>rum</strong></span> <span class='ocrx_word' id='word_1_310' title='bbox 482 3660 699 3730; x_wconf 78' lang='lat' dir='ltr'><strong>virginis</strong></span> <span class='ocrx_word' id='word_1_311' title='bbox 740 3659 985 3730; x_wconf 88' lang='lat' dir='ltr'><strong>dignalus</strong></span> <span class='ocrx_word' id='word_1_312' title='bbox 1044 3662 1315 3725; x_wconf 86' lang='lat' dir='ltr'><strong>intravit,</strong></span> <span class='ocrx_word' id='word_1_313' title='bbox 1376 3662 1614 3716; x_wconf 89' lang='lat' dir='ltr'><strong>membra</strong></span> <span class='ocrx_word' id='word_1_314' title='bbox 1675 3662 1883 3717; x_wconf 76' lang='lat' dir='ltr'><strong>feminae</strong></span> 
     </span>
    </p>
   </div>
   <div class='ocr_carea' id='block_1_39' title="bbox 302 3755 1883 3825">
    <p class='ocr_par' dir='ltr' id='par_1_39' title="bbox 302 3755 1883 3825">
     <span class='ocr_line' id='line_1_39' title="bbox 302 3755 1883 3825; baseline 0.002 -17"><span class='ocrx_word' id='word_1_315' title='bbox 302 3757 676 3810; x_wconf 85' lang='lat' dir='ltr'><strong>immaculatns</strong></span> <span class='ocrx_word' id='word_1_316' title='bbox 706 3755 981 3824; x_wconf 88' lang='lat' dir='ltr'><strong>implevit,</strong></span> <span class='ocrx_word' id='word_1_317' title='bbox 1035 3762 1256 3809; x_wconf 89' lang='lat' dir='ltr'><strong>matrem</strong></span> <span class='ocrx_word' id='word_1_318' title='bbox 1287 3755 1402 3808; x_wconf 90' lang='lat' dir='ltr'><strong>sine</strong></span> <span class='ocrx_word' id='word_1_319' title='bbox 1432 3756 1777 3825; x_wconf 87' lang='lat' dir='ltr'><strong>corruptione</strong></span> <span class='ocrx_word' id='word_1_320' title='bbox 1804 3755 1883 3811; x_wconf 87' lang='lat' dir='ltr'><strong>fe-</strong></span> 
     </span>
    </p>
   </div>
   <div class='ocr_carea' id='block_1_40' title="bbox 306 3844 1886 3917">
    <p class='ocr_par' dir='ltr' id='par_1_40' title="bbox 306 3844 1886 3917">
     <span class='ocr_line' id='line_1_40' title="bbox 306 3844 1886 3917; baseline 0.001 -18"><span class='ocrx_word' id='word_1_321' title='bbox 306 3846 437 3899; x_wconf 85' lang='lat' dir='ltr'><strong>tavit</strong></span> <span class='ocrx_word' id='word_1_322' title='bbox 458 3888 471 3906; x_wconf 82' lang='grc'>,</span> <span class='ocrx_word' id='word_1_323' title='bbox 503 3860 528 3896; x_wconf 89' lang='lat' dir='ltr'><strong>a</strong></span> <span class='ocrx_word' id='word_1_324' title='bbox 561 3859 619 3899; x_wconf 91' lang='lat' dir='ltr'><strong>se</strong></span> <span class='ocrx_word' id='word_1_325' title='bbox 649 3845 763 3914; x_wconf 91' lang='lat' dir='ltr'><strong>ipso</strong></span> <span class='ocrx_word' id='word_1_326' title='bbox 790 3844 1047 3899; x_wconf 90' lang='lat' dir='ltr'><strong>formatus</strong></span> <span class='ocrx_word' id='word_1_327' title='bbox 1073 3845 1273 3911; x_wconf 76' lang='lat' dir='ltr'><strong>exivit,</strong></span> <span class='ocrx_word' id='word_1_328' title='bbox 1318 3856 1477 3915; x_wconf 92' lang='lat' dir='ltr'><strong>atque</strong></span> <span class='ocrx_word' id='word_1_329' title='bbox 1504 3848 1703 3917; x_wconf 79' lang='lat' dir='ltr'><strong>integra</strong></span> <span class='ocrx_word' id='word_1_330' title='bbox 1735 3849 1886 3917; x_wconf 82' lang='lat' dir='ltr'><strong>geni-</strong></span> 
     </span>
    </p>
   </div>
   <div class='ocr_carea' id='block_1_41' title="bbox 306 3934 1891 4009">
    <p class='ocr_par' dir='ltr' id='par_1_41' title="bbox 306 3934 1891 4009">
     <span class='ocr_line' id='line_1_41' title="bbox 306 3934 1891 4009; baseline 0.004 -22"><span class='ocrx_word' id='word_1_331' title='bbox 306 3935 454 3990; x_wconf 77' lang='lat' dir='ltr'><strong>tricis</strong></span> <span class='ocrx_word' id='word_1_332' title='bbox 468 3938 667 3990; x_wconf 80' lang='lat' dir='ltr'><strong>viscera</strong></span> <span class='ocrx_word' id='word_1_333' title='bbox 687 3934 973 3989; x_wconf 83' lang='lat' dir='ltr'><strong>reservavit</strong></span> <span class='ocrx_word' id='word_1_334' title='bbox 990 3934 1086 4006; x_wconf 76' lang='lat' dir='ltr'><strong>(rt);</strong></span> <span class='ocrx_word' id='word_1_335' title='bbox 1108 3944 1163 3988; x_wconf 88' lang='lat' dir='ltr'><strong>nt</strong></span> <span class='ocrx_word' id='word_1_336' title='bbox 1188 3951 1303 3990; x_wconf 87' lang='lat' dir='ltr'><strong>eam</strong></span> <span class='ocrx_word' id='word_1_337' title='bbox 1332 3936 1397 3990; x_wconf 87' lang='lat' dir='ltr'><strong>de</strong></span> <span class='ocrx_word' id='word_1_338' title='bbox 1413 3951 1512 4006; x_wconf 88' lang='lat' dir='ltr'><strong>qua</strong></span> <span class='ocrx_word' id='word_1_339' title='bbox 1531 3938 1675 3991; x_wconf 77' lang='lat' dir='ltr'><strong>nasci</strong></span> <span class='ocrx_word' id='word_1_340' title='bbox 1707 3938 1891 4009; x_wconf 81' lang='lat' dir='ltr'><strong>digna-</strong></span> 
     </span>
    </p>
   </div>
   <div class='ocr_carea' id='block_1_42' title="bbox 306 4025 1889 4100">
    <p class='ocr_par' dir='ltr' id='par_1_42' title="bbox 306 4025 1889 4100">
     <span class='ocr_line' id='line_1_42' title="bbox 306 4025 1889 4100; baseline 0.001 -20"><span class='ocrx_word' id='word_1_341' title='bbox 306 4036 393 4080; x_wconf 90' lang='lat' dir='ltr'><strong>tus</strong></span> <span class='ocrx_word' id='word_1_342' title='bbox 434 4036 516 4081; x_wconf 86' lang='lat' dir='ltr'><strong>est</strong></span> <span class='ocrx_word' id='word_1_343' title='bbox 546 4067 558 4089; x_wconf 90' lang='lat'><strong>,</strong></span> <span class='ocrx_word' id='word_1_344' title='bbox 611 4035 663 4079; x_wconf 87' lang='lat' dir='ltr'><strong>et</strong></span> <span class='ocrx_word' id='word_1_345' title='bbox 708 4026 892 4080; x_wconf 86' lang='lat' dir='ltr'><strong>matris</strong></span> <span class='ocrx_word' id='word_1_346' title='bbox 922 4025 1124 4081; x_wconf 83' lang='lat' dir='ltr'><strong>honore</strong></span> <span class='ocrx_word' id='word_1_347' title='bbox 1154 4026 1531 4095; x_wconf 76' lang='lat' dir='ltr'><strong>perfunderet,</strong></span> <span class='ocrx_word' id='word_1_348' title='bbox 1579 4036 1633 4083; x_wconf 88' lang='lat' dir='ltr'><strong>ct</strong></span> <span class='ocrx_word' id='word_1_349' title='bbox 1674 4030 1889 4100; x_wconf 74' lang='lat' dir='ltr'><strong>virginis</strong></span> 
     </span>
    </p>
   </div>
   <div class='ocr_carea' id='block_1_43' title="bbox 304 4116 1891 4189">
    <p class='ocr_par' dir='ltr' id='par_1_43' title="bbox 304 4116 1891 4189">
     <span class='ocr_line' id='line_1_43' title="bbox 304 4116 1891 4189; baseline 0.003 -21"><span class='ocrx_word' id='word_1_350' title='bbox 304 4118 608 4170; x_wconf 78' lang='lat' dir='ltr'><strong>sanctitate.</strong></span> <span class='ocrx_word' id='word_1_351' title='bbox 637 4116 764 4184; x_wconf 82' lang='lat' dir='ltr'><strong>Quis</strong></span> <span class='ocrx_word' id='word_1_352' title='bbox 798 4117 897 4170; x_wconf 92' lang='lat' dir='ltr'><strong>hoc</strong></span> <span class='ocrx_word' id='word_1_353' title='bbox 934 4117 1167 4185; x_wconf 79' lang='lat' dir='ltr'><strong>cogitat?</strong></span> <span class='ocrx_word' id='word_1_354' title='bbox 1209 4118 1328 4185; x_wconf 83' lang='lat' dir='ltr'><strong>quis</strong></span> <span class='ocrx_word' id='word_1_355' title='bbox 1359 4119 1614 4172; x_wconf 85' lang='lat' dir='ltr'><strong>enarrat?</strong></span> <span class='ocrx_word' id='word_1_356' title='bbox 1655 4119 1795 4189; x_wconf 85' lang='lat' dir='ltr'><strong>Ergo</strong></span> <span class='ocrx_word' id='word_1_357' title='bbox 1837 4130 1891 4174; x_wconf 89' lang='lat' dir='ltr'><strong>et</strong></span> 
     </span>
    </p>
   </div>
   <div class='ocr_carea' id='block_1_44' title="bbox 307 4205 1894 4277">
    <p class='ocr_par' dir='ltr' id='par_1_44' title="bbox 307 4205 1894 4277">
     <span class='ocr_line' id='line_1_44' title="bbox 307 4205 1894 4277; baseline 0.004 -18"><span class='ocrx_word' id='word_1_358' title='bbox 307 4207 447 4260; x_wconf 85' lang='lat' dir='ltr'><strong>hanc</strong></span> <span class='ocrx_word' id='word_1_359' title='bbox 468 4207 789 4261; x_wconf 84' lang='lat' dir='ltr'><strong>nativitatem</strong></span> <span class='ocrx_word' id='word_1_360' title='bbox 813 4206 929 4274; x_wconf 89' lang='lat' dir='ltr'><strong>ejus</strong></span> <span class='ocrx_word' id='word_1_361' title='bbox 944 4205 1063 4276; x_wconf 84' lang='lat' dir='ltr'><strong>quis</strong></span> <span class='ocrx_word' id='word_1_362' title='bbox 1083 4207 1384 4261; x_wconf 79' lang='lat' dir='ltr'><strong>enarmbit?</strong></span> <span class='ocrx_word' id='word_1_363' title='bbox 1405 4208 1564 4277; x_wconf 79' lang='lat' dir='ltr'><strong>Cujus</strong></span> <span class='ocrx_word' id='word_1_364' title='bbox 1584 4210 1723 4264; x_wconf 88' lang='lat' dir='ltr'><strong>enim</strong></span> <span class='ocrx_word' id='word_1_365' title='bbox 1744 4226 1894 4265; x_wconf 91' lang='lat' dir='ltr'><strong>mens</strong></span> 
     </span>
    </p>
   </div>
   <div class='ocr_carea' id='block_1_45' title="bbox 306 4295 1890 4368">
    <p class='ocr_par' dir='ltr' id='par_1_45' title="bbox 306 4295 1890 4368">
     <span class='ocr_line' id='line_1_45' title="bbox 306 4295 1890 4368; baseline 0.003 -19"><span class='ocrx_word' id='word_1_366' title='bbox 306 4295 755 4364; x_wconf 72' lang='lat' dir='ltr'><strong>adcagitandum,</strong></span> <span class='ocrx_word' id='word_1_367' title='bbox 779 4296 927 4364; x_wconf 87' lang='lat' dir='ltr'><strong>cujus</strong></span> <span class='ocrx_word' id='word_1_368' title='bbox 947 4295 1011 4349; x_wconf 82' lang='lat' dir='ltr'><strong>ad</strong></span> <span class='ocrx_word' id='word_1_369' title='bbox 1034 4296 1409 4349; x_wconf 89' lang='lat' dir='ltr'><strong>enuntiandum</strong></span> <span class='ocrx_word' id='word_1_370' title='bbox 1434 4299 1604 4368; x_wconf 87' lang='lat' dir='ltr'><strong>lingua</strong></span> <span class='ocrx_word' id='word_1_371' title='bbox 1628 4299 1851 4354; x_wconf 81' lang='lat' dir='ltr'><strong>sufficiat</strong></span> <span class='ocrx_word' id='word_1_372' title='bbox 1876 4343 1890 4367; x_wconf 91' lang='lat'><strong>,</strong></span> 
     </span>
    </p>
   </div>
   <div class='ocr_carea' id='block_1_46' title="bbox 308 4387 1895 4457">
    <p class='ocr_par' dir='ltr' id='par_1_46' title="bbox 308 4387 1895 4457">
     <span class='ocr_line' id='line_1_46' title="bbox 308 4387 1895 4457; baseline 0.004 -16"><span class='ocrx_word' id='word_1_373' title='bbox 308 4405 413 4441; x_wconf 84' lang='lat' dir='ltr'><strong>non</strong></span> <span class='ocrx_word' id='word_1_374' title='bbox 436 4387 607 4441; x_wconf 88' lang='lat' dir='ltr'><strong>solum</strong></span> <span class='ocrx_word' id='word_1_375' title='bbox 629 4387 775 4457; x_wconf 85' lang='lat' dir='ltr'><strong>quod</strong></span> <span class='ocrx_word' id='word_1_376' title='bbox 804 4388 858 4441; x_wconf 92' lang='lat' dir='ltr'><strong>in</strong></span> <span class='ocrx_word' id='word_1_377' title='bbox 886 4387 1143 4457; x_wconf 86' lang='lat' dir='ltr'><strong>principio</strong></span> <span class='ocrx_word' id='word_1_378' title='bbox 1158 4395 1273 4442; x_wconf 89' lang='lat' dir='ltr'><strong>erat</strong></span> <span class='ocrx_word' id='word_1_379' title='bbox 1291 4387 1543 4454; x_wconf 80' lang='lat' dir='ltr'><strong>Verbum,</strong></span> <span class='ocrx_word' id='word_1_380' title='bbox 1570 4405 1672 4444; x_wconf 90' lang='lat' dir='ltr'><strong>non</strong></span> <span class='ocrx_word' id='word_1_381' title='bbox 1695 4390 1895 4447; x_wconf 77' lang='lat' dir='ltr'><strong>habens</strong></span> 
     </span>
    </p>
   </div>
   <div class='ocr_carea' id='block_1_47' title="bbox 308 4478 1894 4551">
    <p class='ocr_par' dir='ltr' id='par_1_47' title="bbox 308 4478 1894 4551">
     <span class='ocr_line' id='line_1_47' title="bbox 308 4478 1894 4551; baseline 0.004 -20"><span class='ocrx_word' id='word_1_382' title='bbox 308 4480 478 4532; x_wconf 86' lang='lat' dir='ltr'><strong>ullum</strong></span> <span class='ocrx_word' id='word_1_383' title='bbox 511 4479 758 4533; x_wconf 86' lang='lat' dir='ltr'><strong>nascendi</strong></span> <span class='ocrx_word' id='word_1_384' title='bbox 788 4478 1135 4547; x_wconf 90' lang='lat' dir='ltr'><strong>principium;</strong></span> <span class='ocrx_word' id='word_1_385' title='bbox 1168 4494 1350 4534; x_wconf 84' lang='lat' dir='ltr'><strong>verum</strong></span> <span class='ocrx_word' id='word_1_386' title='bbox 1394 4481 1549 4535; x_wconf 83' lang='lat' dir='ltr'><strong>etiam</strong></span> <span class='ocrx_word' id='word_1_387' title='bbox 1595 4483 1732 4551; x_wconf 89' lang='lat' dir='ltr'><strong>quod</strong></span> <span class='ocrx_word' id='word_1_388' title='bbox 1766 4483 1894 4539; x_wconf 88' lang='lat' dir='ltr'><strong>Ver-</strong></span> 
     </span>
    </p>
   </div>
   <div class='ocr_carea' id='block_1_48' title="bbox 310 4568 1893 4644">
    <p class='ocr_par' dir='ltr' id='par_1_48' title="bbox 310 4568 1893 4644">
     <span class='ocr_line' id='line_1_48' title="bbox 310 4568 1893 4644; baseline 0.002 -19"><span class='ocrx_word' id='word_1_389' title='bbox 310 4571 438 4626; x_wconf 81' lang='lat' dir='ltr'><strong>bum</strong></span> <span class='ocrx_word' id='word_1_390' title='bbox 457 4586 580 4625; x_wconf 87' lang='lat' dir='ltr'><strong>caro</strong></span> <span class='ocrx_word' id='word_1_391' title='bbox 612 4570 804 4624; x_wconf 86' lang='lat' dir='ltr'><strong>factum</strong></span> <span class='ocrx_word' id='word_1_392' title='bbox 826 4578 908 4625; x_wconf 88' lang='lat' dir='ltr'><strong>est</strong></span> <span class='ocrx_word' id='word_1_393' title='bbox 937 4568 1111 4640; x_wconf 81' lang='lat' dir='ltr'><strong>(loan.</strong></span> <span class='ocrx_word' id='word_1_394' title='bbox 1138 4587 1174 4637; x_wconf 85' lang='grc' dir='ltr'>ι,</span> <span class='ocrx_word' id='word_1_395' title='bbox 1205 4572 1257 4638; x_wconf 83' lang='lat' dir='ltr'><strong>i,</strong></span> <span class='ocrx_word' id='word_1_396' title='bbox 1285 4572 1397 4641; x_wconf 74' lang='grc' dir='ltr'><strong>Η),</strong></span> <span class='ocrx_word' id='word_1_397' title='bbox 1417 4572 1616 4643; x_wconf 86' lang='lat' dir='ltr'><strong>eligens</strong></span> <span class='ocrx_word' id='word_1_398' title='bbox 1638 4576 1893 4644; x_wconf 78' lang='lat' dir='ltr'><strong>virginem</strong></span> 
     </span>
    </p>
   </div>
   <div class='ocr_carea' id='block_1_49' title="bbox 310 4660 1895 4735">
    <p class='ocr_par' dir='ltr' id='par_1_49' title="bbox 310 4660 1895 4735">
     <span class='ocr_line' id='line_1_49' title="bbox 310 4660 1895 4735; baseline 0.003 -22"><span class='ocrx_word' id='word_1_399' title='bbox 310 4677 468 4730; x_wconf 87' lang='lat' dir='ltr'><strong>quam</strong></span> <span class='ocrx_word' id='word_1_400' title='bbox 518 4661 616 4715; x_wconf 87' lang='lat' dir='ltr'><strong>sibi</strong></span> <span class='ocrx_word' id='word_1_401' title='bbox 668 4660 864 4716; x_wconf 87' lang='lat' dir='ltr'><strong>faceret</strong></span> <span class='ocrx_word' id='word_1_402' title='bbox 908 4669 1170 4725; x_wconf 90' lang='lat' dir='ltr'><strong>matrem,</strong></span> <span class='ocrx_word' id='word_1_403' title='bbox 1216 4661 1412 4717; x_wconf 89' lang='lat' dir='ltr'><strong>faciens</strong></span> <span class='ocrx_word' id='word_1_404' title='bbox 1466 4674 1688 4718; x_wconf 86' lang='lat' dir='ltr'><strong>matrem</strong></span> <span class='ocrx_word' id='word_1_405' title='bbox 1739 4680 1895 4735; x_wconf 89' lang='lat' dir='ltr'><strong>quam</strong></span> 
     </span>
    </p>
   </div>
   <div class='ocr_carea' id='block_1_50' title="bbox 313 4750 1894 4822">
    <p class='ocr_par' dir='ltr' id='par_1_50' title="bbox 313 4750 1894 4822">
     <span class='ocr_line' id='line_1_50' title="bbox 313 4750 1894 4822; baseline 0.003 -15"><span class='ocrx_word' id='word_1_406' title='bbox 313 4750 554 4807; x_wconf 79' lang='lat' dir='ltr'><strong>servaret</strong></span> <span class='ocrx_word' id='word_1_407' title='bbox 580 4762 631 4806; x_wconf 89' lang='lat' dir='ltr'><strong>et</strong></span> <span class='ocrx_word' id='word_1_408' title='bbox 653 4753 950 4822; x_wconf 85' lang='lat' dir='ltr'><strong>virginem;</strong></span> <span class='ocrx_word' id='word_1_409' title='bbox 994 4753 1084 4807; x_wconf 90' lang='lat' dir='ltr'><strong>Dei</strong></span> <span class='ocrx_word' id='word_1_410' title='bbox 1115 4752 1281 4808; x_wconf 88' lang='lat' dir='ltr'><strong>Filius</strong></span> <span class='ocrx_word' id='word_1_411' title='bbox 1310 4755 1451 4809; x_wconf 90' lang='lat' dir='ltr'><strong>nulla</strong></span> <span class='ocrx_word' id='word_1_412' title='bbox 1503 4764 1671 4812; x_wconf 85' lang='lat' dir='ltr'><strong>matre</strong></span> <span class='ocrx_word' id='word_1_413' title='bbox 1715 4760 1894 4812; x_wconf 86' lang='lat' dir='ltr'><strong>conci-</strong></span> 
     </span>
    </p>
   </div>
   <div class='ocr_carea' id='block_1_51' title="bbox 309 4844 1899 4913">
    <p class='ocr_par' dir='ltr' id='par_1_51' title="bbox 309 4844 1899 4913">
     <span class='ocr_line' id='line_1_51' title="bbox 309 4844 1899 4913; baseline 0.005 -17"><span class='ocrx_word' id='word_1_414' title='bbox 309 4845 507 4913; x_wconf 87' lang='lat' dir='ltr'><strong>piente,</strong></span> <span class='ocrx_word' id='word_1_415' title='bbox 541 4844 768 4899; x_wconf 85' lang='lat' dir='ltr'><strong>hominis</strong></span> <span class='ocrx_word' id='word_1_416' title='bbox 793 4845 929 4899; x_wconf 84' lang='lat' dir='ltr'><strong>filius</strong></span> <span class='ocrx_word' id='word_1_417' title='bbox 951 4844 1094 4899; x_wconf 91' lang='lat' dir='ltr'><strong>nullo</strong></span> <span class='ocrx_word' id='word_1_418' title='bbox 1114 4844 1329 4901; x_wconf 89' lang='lat' dir='ltr'><strong>homine</strong></span> <span class='ocrx_word' id='word_1_419' title='bbox 1353 4845 1647 4901; x_wconf 85' lang='lat' dir='ltr'><strong>seminante</strong></span> <span class='ocrx_word' id='word_1_420' title='bbox 1671 4867 1682 4911; x_wconf 90' lang='lat'><strong>;</strong></span> <span class='ocrx_word' id='word_1_421' title='bbox 1716 4849 1899 4904; x_wconf 84' lang='lat' dir='ltr'><strong>fecun-</strong></span> 
     </span>
    </p>
   </div>
   <div class='ocr_carea' id='block_1_52' title="bbox 308 4924 1898 5009">
    <p class='ocr_par' dir='ltr' id='par_1_52' title="bbox 308 4924 1898 5009">
     <span class='ocr_line' id='line_1_52' title="bbox 308 4924 1898 5009; baseline 0.002 -18"><span class='ocrx_word' id='word_1_422' title='bbox 308 4938 527 4992; x_wconf 75' lang='lat' dir='ltr'><strong>ditatem</strong></span> <span class='ocrx_word' id='word_1_423' title='bbox 560 4924 1064 4993; x_wconf 37' lang='lat' dir='ltr'><strong>feminaa‘veniendo</strong></span> <span class='ocrx_word' id='word_1_424' title='bbox 1106 4937 1353 5002; x_wconf 82' lang='lat' dir='ltr'><strong>aii&#39;erens,</strong></span> <span class='ocrx_word' id='word_1_425' title='bbox 1405 4939 1758 5009; x_wconf 81' lang='lat' dir='ltr'><strong>integritatem</strong></span> <span class='ocrx_word' id='word_1_426' title='bbox 1809 4959 1898 4995; x_wconf 89' lang='lat' dir='ltr'><strong>na-</strong></span> 
     </span>
    </p>
   </div>
   <div class='ocr_carea' id='block_1_53' title="bbox 309 5026 1901 5101">
    <p class='ocr_par' dir='ltr' id='par_1_53' title="bbox 309 5026 1901 5101">
     <span class='ocr_line' id='line_1_53' title="bbox 309 5026 1901 5101; baseline 0.003 -21"><span class='ocrx_word' id='word_1_427' title='bbox 309 5026 513 5082; x_wconf 73' lang='lat' dir='ltr'><strong>scendo</strong></span> <span class='ocrx_word' id='word_1_428' title='bbox 547 5043 652 5081; x_wconf 89' lang='lat' dir='ltr'><strong>non</strong></span> <span class='ocrx_word' id='word_1_429' title='bbox 676 5026 966 5082; x_wconf 82' lang='lat' dir='ltr'><strong>auferens?</strong></span> <span class='ocrx_word' id='word_1_430' title='bbox 990 5026 1125 5094; x_wconf 86' lang='lat' dir='ltr'><strong>Quid</strong></span> <span class='ocrx_word' id='word_1_431' title='bbox 1153 5036 1234 5081; x_wconf 91' lang='lat' dir='ltr'><strong>est</strong></span> <span class='ocrx_word' id='word_1_432' title='bbox 1261 5027 1404 5081; x_wconf 84' lang='lat' dir='ltr'><strong>hoc?</strong></span> <span class='ocrx_word' id='word_1_433' title='bbox 1433 5043 1466 5097; x_wconf 86' lang='lat' dir='ltr'><strong>q</strong></span> <span class='ocrx_word' id='word_1_434' title='bbox 1490 5029 1554 5083; x_wconf 87' lang='lat' dir='ltr'><strong>tis</strong></span> <span class='ocrx_word' id='word_1_435' title='bbox 1577 5028 1758 5084; x_wconf 85' lang='lat' dir='ltr'><strong>dicat?</strong></span> <span class='ocrx_word' id='word_1_436' title='bbox 1782 5033 1901 5101; x_wconf 89' lang='lat' dir='ltr'><strong>quis</strong></span> 
     </span>
    </p>
   </div>
   <div class='ocr_carea' id='block_1_54' title="bbox 311 5118 1897 5189">
    <p class='ocr_par' dir='ltr' id='par_1_54' title="bbox 311 5118 1897 5189">
     <span class='ocr_line' id='line_1_54' title="bbox 311 5118 1897 5189; baseline 0.001 -15"><span class='ocrx_word' id='word_1_437' title='bbox 311 5119 530 5176; x_wconf 79' lang='lat' dir='ltr'><strong>taceat?</strong></span> <span class='ocrx_word' id='word_1_438' title='bbox 568 5119 636 5174; x_wconf 80' lang='lat' dir='ltr'><strong>Et</strong></span> <span class='ocrx_word' id='word_1_439' title='bbox 664 5121 853 5175; x_wconf 91' lang='lat' dir='ltr'><strong>mirum</strong></span> <span class='ocrx_word' id='word_1_440' title='bbox 883 5119 1025 5177; x_wconf 89' lang='lat' dir='ltr'><strong>dictu</strong></span> <span class='ocrx_word' id='word_1_441' title='bbox 1078 5137 1091 5172; x_wconf 90' lang='lat'><strong>:</strong></span> <span class='ocrx_word' id='word_1_442' title='bbox 1138 5118 1275 5188; x_wconf 91' lang='lat' dir='ltr'><strong>quod</strong></span> <span class='ocrx_word' id='word_1_443' title='bbox 1305 5118 1478 5189; x_wconf 77' lang='lat' dir='ltr'><strong>eloqui</strong></span> <span class='ocrx_word' id='word_1_444' title='bbox 1509 5136 1610 5174; x_wconf 89' lang='lat' dir='ltr'><strong>non</strong></span> <span class='ocrx_word' id='word_1_445' title='bbox 1642 5123 1897 5184; x_wconf 75' lang='lat' dir='ltr'><strong>valemus,</strong></span> 
     </span>
    </p>
   </div>
   <div class='ocr_carea' id='block_1_55' title="bbox 311 5210 1902 5283">
    <p class='ocr_par' dir='ltr' id='par_1_55' title="bbox 311 5210 1902 5283">
     <span class='ocr_line' id='line_1_55' title="bbox 311 5210 1902 5283; baseline 0.003 -18"><span class='ocrx_word' id='word_1_446' title='bbox 311 5214 473 5267; x_wconf 81' lang='lat' dir='ltr'><strong>silere</strong></span> <span class='ocrx_word' id='word_1_447' title='bbox 499 5228 604 5266; x_wconf 91' lang='lat' dir='ltr'><strong>non</strong></span> <span class='ocrx_word' id='word_1_448' title='bbox 635 5213 864 5266; x_wconf 89' lang='lat' dir='ltr'><strong>sinimur</strong></span> <span class='ocrx_word' id='word_1_449' title='bbox 894 5229 908 5275; x_wconf 96' lang='lat'><strong>;</strong></span> <span class='ocrx_word' id='word_1_450' title='bbox 952 5210 1193 5266; x_wconf 90' lang='lat' dir='ltr'><strong>sonando</strong></span> <span class='ocrx_word' id='word_1_451' title='bbox 1230 5211 1601 5280; x_wconf 57' lang='lat' dir='ltr'><strong>praedicamus,</strong></span> <span class='ocrx_word' id='word_1_452' title='bbox 1631 5213 1770 5283; x_wconf 86' lang='lat' dir='ltr'><strong>quod</strong></span> <span class='ocrx_word' id='word_1_453' title='bbox 1804 5231 1902 5270; x_wconf 76' lang='lat' dir='ltr'><strong>nec</strong></span> 
     </span>
    </p>
   </div>
   <div class='ocr_carea' id='block_1_56' title="bbox 310 5303 1899 5375">
    <p class='ocr_par' dir='ltr' id='par_1_56' title="bbox 310 5303 1899 5375">
     <span class='ocr_line' id='line_1_56' title="bbox 310 5303 1899 5375; baseline 0 -18"><span class='ocrx_word' id='word_1_454' title='bbox 310 5304 598 5373; x_wconf 74' lang='lat' dir='ltr'><strong>cngitando</strong></span> <span class='ocrx_word' id='word_1_455' title='bbox 646 5303 1169 5373; x_wconf 87' lang='lat' dir='ltr'><strong>comprehendimus.</strong></span> <span class='ocrx_word' id='word_1_456' title='bbox 1200 5303 1424 5358; x_wconf 89' lang='lat' dir='ltr'><strong>Tantum</strong></span> <span class='ocrx_word' id='word_1_457' title='bbox 1464 5305 1659 5375; x_wconf 86' lang='lat' dir='ltr'><strong>quippe</strong></span> <span class='ocrx_word' id='word_1_458' title='bbox 1688 5307 1774 5359; x_wconf 89' lang='lat' dir='ltr'><strong>Dei</strong></span> <span class='ocrx_word' id='word_1_459' title='bbox 1801 5306 1899 5360; x_wconf 90' lang='lat' dir='ltr'><strong>do-</strong></span> 
     </span>
    </p>
   </div>
   <div class='ocr_carea' id='block_1_57' title="bbox 317 5396 1901 5467">
    <p class='ocr_par' dir='ltr' id='par_1_57' title="bbox 317 5396 1901 5467">
     <span class='ocr_line' id='line_1_57' title="bbox 317 5396 1901 5467; baseline 0.002 -17"><span class='ocrx_word' id='word_1_460' title='bbox 317 5412 444 5450; x_wconf 91' lang='lat' dir='ltr'><strong>num</strong></span> <span class='ocrx_word' id='word_1_461' title='bbox 474 5411 573 5451; x_wconf 83' lang='lat' dir='ltr'><strong>nec</strong></span> <span class='ocrx_word' id='word_1_462' title='bbox 612 5396 758 5451; x_wconf 71' lang='grc' dir='ltr'><strong>εστιτί</strong></span> <span class='ocrx_word' id='word_1_463' title='bbox 799 5411 1081 5466; x_wconf 85' lang='lat' dir='ltr'><strong>possumus</strong></span> <span class='ocrx_word' id='word_1_464' title='bbox 1107 5437 1119 5459; x_wconf 95' lang='lat'><strong>,</strong></span> <span class='ocrx_word' id='word_1_465' title='bbox 1153 5396 1411 5465; x_wconf 85' lang='lat' dir='ltr'><strong>quoniam</strong></span> <span class='ocrx_word' id='word_1_466' title='bbox 1454 5410 1635 5452; x_wconf 91' lang='lat' dir='ltr'><strong>sumus</strong></span> <span class='ocrx_word' id='word_1_467' title='bbox 1679 5396 1744 5452; x_wconf 87' lang='lat' dir='ltr'><strong>ad</strong></span> <span class='ocrx_word' id='word_1_468' title='bbox 1785 5398 1901 5467; x_wconf 86' lang='lat' dir='ltr'><strong>ejus</strong></span> 
     </span>
    </p>
   </div>
   <div class='ocr_carea' id='block_1_58' title="bbox 317 5486 1899 5559">
    <p class='ocr_par' dir='ltr' id='par_1_58' title="bbox 317 5486 1899 5559">
     <span class='ocr_line' id='line_1_58' title="bbox 317 5486 1899 5559; baseline 0.004 -19"><span class='ocrx_word' id='word_1_469' title='bbox 317 5486 669 5543; x_wconf 85' lang='lat' dir='ltr'><strong>enarrandam</strong></span> <span class='ocrx_word' id='word_1_470' title='bbox 698 5488 1115 5559; x_wconf 79' lang='lat' dir='ltr'><strong>magnitudinem</strong></span> <span class='ocrx_word' id='word_1_471' title='bbox 1144 5489 1351 5559; x_wconf 83' lang='lat' dir='ltr'><strong>parvuli</strong></span> <span class='ocrx_word' id='word_1_472' title='bbox 1374 5505 1391 5555; x_wconf 80' lang='lat'><strong>;</strong></span> <span class='ocrx_word' id='word_1_473' title='bbox 1414 5497 1465 5545; x_wconf 89' lang='lat' dir='ltr'><strong>et</strong></span> <span class='ocrx_word' id='word_1_474' title='bbox 1491 5498 1663 5546; x_wconf 84' lang='lat' dir='ltr'><strong>tamen</strong></span> <span class='ocrx_word' id='word_1_475' title='bbox 1689 5491 1899 5547; x_wconf 89' lang='lat' dir='ltr'><strong>laudare</strong></span> 
     </span>
    </p>
   </div>
   <div class='ocr_carea' id='block_1_59' title="bbox 380 5631 1249 5693">
    <p class='ocr_par' dir='ltr' id='par_1_59' title="bbox 380 5631 1249 5693">
     <span class='ocr_line' id='line_1_59' title="bbox 380 5631 1249 5693; baseline 0.003 -15"><span class='ocrx_word' id='word_1_476' title='bbox 380 5632 393 5662; x_wconf 86' lang='grc'>¹</span> <span class='ocrx_word' id='word_1_477' title='bbox 423 5635 506 5679; x_wconf 79' lang='lat' dir='ltr'><strong>Hic</strong></span> <span class='ocrx_word' id='word_1_478' title='bbox 526 5631 623 5680; x_wconf 84' lang='lat' dir='ltr'><strong>duo</strong></span> <span class='ocrx_word' id='word_1_479' title='bbox 648 5640 750 5682; x_wconf 74' lang='lat' dir='ltr'><strong>Mss.</strong></span> <span class='ocrx_word' id='word_1_480' title='bbox 777 5632 972 5693; x_wconf 82' lang='lat' dir='ltr'><strong>addunt,</strong></span> <span class='ocrx_word' id='word_1_481' title='bbox 999 5632 1249 5684; x_wconf 71' lang='lat' dir='ltr'><strong>hominem.</strong></span> 
     </span>
    </p>
   </div>
   <div class='ocr_carea' id='block_1_60' title="bbox 378 5692 902 5756">
    <p class='ocr_par' dir='ltr' id='par_1_60' title="bbox 378 5692 902 5756">
     <span class='ocr_line' id='line_1_60' title="bbox 378 5692 902 5756; baseline 0.006 -16"><span class='ocrx_word' id='word_1_482' title='bbox 378 5692 452 5754; x_wconf 83' lang='grc' dir='ltr'><strong>(α)</strong></span> <span class='ocrx_word' id='word_1_483' title='bbox 477 5698 630 5756; x_wconf 72' lang='grc' dir='ltr'><strong>ενοι-ιο,</strong></span> <span class='ocrx_word' id='word_1_484' title='bbox 660 5702 902 5748; x_wconf 68' lang='lat' dir='ltr'><strong>reseratu.</strong></span> 
     </span>
    </p>
   </div>
   <div class='ocr_carea' id='block_1_61' title="bbox 1740 249 2200 311">
    <p class='ocr_par' dir='ltr' id='par_1_61' title="bbox 1740 249 2200 311">
     <span class='ocr_line' id='line_1_61' title="bbox 1740 249 2200 311; baseline -0.011 0"><span class='ocrx_word' id='word_1_485' title='bbox 1740 249 1963 311; x_wconf 72' lang='lat' dir='ltr'><strong>SERMO</strong></span> <span class='ocrx_word' id='word_1_486' title='bbox 2000 252 2200 309; x_wconf 77' lang='lat' dir='ltr'><strong>CCXV.</strong></span> 
     </span>
    </p>
   </div>
   <div class='ocr_carea' id='block_1_62' title="bbox 3426 258 3574 316">
    <p class='ocr_par' dir='ltr' id='par_1_62' title="bbox 3426 258 3574 316">
     <span class='ocr_line' id='line_1_62' title="bbox 3426 258 3574 316; baseline 0.02 -3"><span class='ocrx_word' id='word_1_487' title='bbox 3426 258 3574 316; x_wconf 63' lang='lat'><strong>{075&#39;</strong></span> 
     </span>
    </p>
   </div>
   <div class='ocr_carea' id='block_1_63' title="bbox 1983 368 3559 443">
    <p class='ocr_par' dir='ltr' id='par_1_63' title="bbox 1983 368 3559 443">
     <span class='ocr_line' id='line_1_63' title="bbox 1983 368 3559 443; baseline 0.006 -25"><span class='ocrx_word' id='word_1_488' title='bbox 1983 368 2388 437; x_wconf 85' lang='lat' dir='ltr'><strong>compellimur,</strong></span> <span class='ocrx_word' id='word_1_489' title='bbox 2431 385 2497 425; x_wconf 91' lang='lat' dir='ltr'><strong>ne</strong></span> <span class='ocrx_word' id='word_1_490' title='bbox 2544 371 2765 427; x_wconf 86' lang='lat' dir='ltr'><strong>tacendo</strong></span> <span class='ocrx_word' id='word_1_491' title='bbox 2810 388 3182 429; x_wconf 87' lang='lat' dir='ltr'><strong>remaneamus</strong></span> <span class='ocrx_word' id='word_1_492' title='bbox 3211 374 3420 443; x_wconf 83' lang='lat' dir='ltr'><strong>ingrati.</strong></span> <span class='ocrx_word' id='word_1_493' title='bbox 3455 373 3559 430; x_wconf 77' lang='lat' dir='ltr'><strong>Sed</strong></span> 
     </span>
    </p>
   </div>
   <div class='ocr_carea' id='block_1_64' title="bbox 1981 459 3557 534">
    <p class='ocr_par' dir='ltr' id='par_1_64' title="bbox 1981 459 3557 534">
     <span class='ocr_line' id='line_1_64' title="bbox 1981 459 3557 534; baseline 0.004 -22"><span class='ocrx_word' id='word_1_494' title='bbox 1981 459 2092 513; x_wconf 90' lang='lat' dir='ltr'><strong>Deo</strong></span> <span class='ocrx_word' id='word_1_495' title='bbox 2110 460 2327 529; x_wconf 84' lang='lat' dir='ltr'><strong>gratias,</strong></span> <span class='ocrx_word' id='word_1_496' title='bbox 2341 461 2462 530; x_wconf 87' lang='lat' dir='ltr'><strong>quia</strong></span> <span class='ocrx_word' id='word_1_497' title='bbox 2483 460 2533 515; x_wconf 91' lang='lat' dir='ltr'><strong>id</strong></span> <span class='ocrx_word' id='word_1_498' title='bbox 2551 462 2692 532; x_wconf 90' lang='lat' dir='ltr'><strong>quod</strong></span> <span class='ocrx_word' id='word_1_499' title='bbox 2712 473 3085 533; x_wconf 83' lang='lat' dir='ltr'><strong>competenter</strong></span> <span class='ocrx_word' id='word_1_500' title='bbox 3108 480 3214 520; x_wconf 84' lang='lat' dir='ltr'><strong>non</strong></span> <span class='ocrx_word' id='word_1_501' title='bbox 3242 464 3557 534; x_wconf 74' lang='lat' dir='ltr'><strong>potestdici,</strong></span> 
     </span>
    </p>
   </div>
   <div class='ocr_carea' id='block_1_65' title="bbox 1983 550 2601 620">
    <p class='ocr_par' dir='ltr' id='par_1_65' title="bbox 1983 550 2601 620">
     <span class='ocr_line' id='line_1_65' title="bbox 1983 550 2601 620; baseline 0.01 -17"><span class='ocrx_word' id='word_1_502' title='bbox 1983 559 2158 620; x_wconf 88' lang='lat' dir='ltr'><strong>potest</strong></span> <span class='ocrx_word' id='word_1_503' title='bbox 2184 550 2412 607; x_wconf 65' lang='lat' dir='ltr'><strong>fideliter</strong></span> <span class='ocrx_word' id='word_1_504' title='bbox 2433 553 2601 609; x_wconf 86' lang='lat' dir='ltr'><strong>credi.</strong></span> 
     </span>
    </p>
   </div>
   <div class='ocr_carea' id='block_1_66' title="bbox 2050 634 3567 719">
    <p class='ocr_par' dir='ltr' id='par_1_66' title="bbox 2050 634 3567 719">
     <span class='ocr_line' id='line_1_66' title="bbox 2050 634 3567 719; baseline 0.005 -21"><span class='ocrx_word' id='word_1_505' title='bbox 2050 645 2105 698; x_wconf 75' lang='grc'><strong>4.</strong></span> <span class='ocrx_word' id='word_1_506' title='bbox 2140 644 2306 699; x_wconf 72' lang='lat' dir='ltr'><strong>Maria</strong></span> <span class='ocrx_word' id='word_1_507' title='bbox 2345 634 2591 701; x_wconf 75' lang='lat' dir='ltr'><strong>credendo</strong></span> <span class='ocrx_word' id='word_1_508' title='bbox 2615 650 2842 719; x_wconf 79' lang='lat' dir='ltr'><strong>concepit</strong></span> <span class='ocrx_word' id='word_1_509' title='bbox 2865 650 2974 704; x_wconf 81' lang='lat' dir='ltr'><strong>sine</strong></span> <span class='ocrx_word' id='word_1_510' title='bbox 3000 636 3124 704; x_wconf 74' lang='lat' dir='ltr'><strong>viro.</strong></span> <span class='ocrx_word' id='word_1_511' title='bbox 3158 649 3386 705; x_wconf 81' lang='lat' dir='ltr'><strong>Christus</strong></span> <span class='ocrx_word' id='word_1_512' title='bbox 3405 654 3567 706; x_wconf 83' lang='lat' dir='ltr'><strong>nostri</strong></span> 
     </span>
    </p>
   </div>
   <div class='ocr_carea' id='block_1_67' title="bbox 1981 737 3563 812">
    <p class='ocr_par' dir='ltr' id='par_1_67' title="bbox 1981 737 3563 812">
     <span class='ocr_line' id='line_1_67' title="bbox 1981 737 3563 812; baseline 0.007 -25"><span class='ocrx_word' id='word_1_513' title='bbox 1981 737 2144 805; x_wconf 82' lang='lat' dir='ltr'><strong>gratia</strong></span> <span class='ocrx_word' id='word_1_514' title='bbox 2189 747 2339 803; x_wconf 82' lang='lat' dir='ltr'><strong>natus</strong></span> <span class='ocrx_word' id='word_1_515' title='bbox 2379 746 2451 792; x_wconf 87' lang='lat' dir='ltr'><strong>est</strong></span> <span class='ocrx_word' id='word_1_516' title='bbox 2478 739 2531 792; x_wconf 89' lang='lat' dir='ltr'><strong>in</strong></span> <span class='ocrx_word' id='word_1_517' title='bbox 2573 756 2744 793; x_wconf 85' lang='lat' dir='ltr'><strong>carne.</strong></span> <span class='ocrx_word' id='word_1_518' title='bbox 2780 741 3063 796; x_wconf 71' lang='lat' dir='ltr'><strong>Credimus</strong></span> <span class='ocrx_word' id='word_1_519' title='bbox 3108 756 3238 812; x_wconf 74' lang='lat' dir='ltr'><strong>ergo</strong></span> <span class='ocrx_word' id='word_1_520' title='bbox 3268 742 3335 796; x_wconf 80' lang='lat' dir='ltr'><strong>in</strong></span> <span class='ocrx_word' id='word_1_521' title='bbox 3380 741 3563 799; x_wconf 71' lang='lat' dir='ltr'><strong>Jesutl</strong></span> 
     </span>
    </p>
   </div>
   <div class='ocr_carea' id='block_1_68' title="bbox 1978 825 3562 904">
    <p class='ocr_par' dir='ltr' id='par_1_68' title="bbox 1978 825 3562 904">
     <span class='ocr_line' id='line_1_68' title="bbox 1978 825 3562 904; baseline 0.004 -22"><span class='ocrx_word' id='word_1_522' title='bbox 1978 825 2247 882; x_wconf 83' lang='lat' dir='ltr'><strong>Christum</strong></span> <span class='ocrx_word' id='word_1_523' title='bbox 2280 829 2560 884; x_wconf 88' lang='lat' dir='ltr'><strong>Dominum</strong></span> <span class='ocrx_word' id='word_1_524' title='bbox 2608 840 2845 887; x_wconf 88' lang='lat' dir='ltr'><strong>nostrum</strong></span> <span class='ocrx_word' id='word_1_525' title='bbox 2867 873 2882 899; x_wconf 90' lang='lat'><strong>,</strong></span> <span class='ocrx_word' id='word_1_526' title='bbox 2910 844 3092 888; x_wconf 89' lang='lat' dir='ltr'><strong>natum</strong></span> <span class='ocrx_word' id='word_1_527' title='bbox 3131 834 3199 888; x_wconf 89' lang='lat' dir='ltr'><strong>de</strong></span> <span class='ocrx_word' id='word_1_528' title='bbox 3220 834 3417 904; x_wconf 86' lang='lat' dir='ltr'><strong>Spiritu</strong></span> <span class='ocrx_word' id='word_1_529' title='bbox 3441 849 3562 888; x_wconf 87' lang='lat' dir='ltr'><strong>san-</strong></span> 
     </span>
    </p>
   </div>
   <div class='ocr_carea' id='block_1_69' title="bbox 1980 921 3562 995">
    <p class='ocr_par' dir='ltr' id='par_1_69' title="bbox 1980 921 3562 995">
     <span class='ocr_line' id='line_1_69' title="bbox 1980 921 3562 995; baseline 0.006 -24"><span class='ocrx_word' id='word_1_530' title='bbox 1980 927 2068 972; x_wconf 92' lang='lat' dir='ltr'><strong>cto</strong></span> <span class='ocrx_word' id='word_1_531' title='bbox 2092 935 2158 973; x_wconf 75' lang='lat' dir='ltr'><strong>es</strong></span> <span class='ocrx_word' id='word_1_532' title='bbox 2190 921 2393 991; x_wconf 87' lang='lat' dir='ltr'><strong>virgine</strong></span> <span class='ocrx_word' id='word_1_533' title='bbox 2414 922 2594 976; x_wconf 78' lang='lat' dir='ltr'><strong>Maria.</strong></span> <span class='ocrx_word' id='word_1_534' title='bbox 2624 924 2755 977; x_wconf 85' lang='lat' dir='ltr'><strong>Nam</strong></span> <span class='ocrx_word' id='word_1_535' title='bbox 2782 933 2834 978; x_wconf 89' lang='lat' dir='ltr'><strong>et</strong></span> <span class='ocrx_word' id='word_1_536' title='bbox 2860 926 2972 994; x_wconf 90' lang='lat' dir='ltr'><strong>ipsa</strong></span> <span class='ocrx_word' id='word_1_537' title='bbox 3015 926 3166 980; x_wconf 88' lang='lat' dir='ltr'><strong>beata</strong></span> <span class='ocrx_word' id='word_1_538' title='bbox 3194 925 3380 991; x_wconf 85' lang='lat' dir='ltr'><strong>Maria,</strong></span> <span class='ocrx_word' id='word_1_539' title='bbox 3402 941 3562 995; x_wconf 81' lang='lat' dir='ltr'><strong>quem</strong></span> 
     </span>
    </p>
   </div>
   <div class='ocr_carea' id='block_1_70' title="bbox 1979 1009 3560 1086">
    <p class='ocr_par' dir='ltr' id='par_1_70' title="bbox 1979 1009 3560 1086">
     <span class='ocr_line' id='line_1_70' title="bbox 1979 1009 3560 1086; baseline 0.005 -23"><span class='ocrx_word' id='word_1_540' title='bbox 1979 1009 2247 1065; x_wconf 88' lang='lat' dir='ltr'><strong>credendo</strong></span> <span class='ocrx_word' id='word_1_541' title='bbox 2312 1014 2555 1081; x_wconf 90' lang='lat' dir='ltr'><strong>peperit,</strong></span> <span class='ocrx_word' id='word_1_542' title='bbox 2602 1014 2872 1070; x_wconf 89' lang='lat' dir='ltr'><strong>credendo</strong></span> <span class='ocrx_word' id='word_1_543' title='bbox 2921 1017 3184 1086; x_wconf 87' lang='lat' dir='ltr'><strong>concepit.</strong></span> <span class='ocrx_word' id='word_1_544' title='bbox 3236 1016 3367 1071; x_wconf 89' lang='lat' dir='ltr'><strong>Cum</strong></span> <span class='ocrx_word' id='word_1_545' title='bbox 3417 1017 3560 1072; x_wconf 84' lang='lat' dir='ltr'><strong>enim</strong></span> 
     </span>
    </p>
   </div>
   <div class='ocr_carea' id='block_1_71' title="bbox 1979 1102 3561 1175">
    <p class='ocr_par' dir='ltr' id='par_1_71' title="bbox 1979 1102 3561 1175">
     <span class='ocr_line' id='line_1_71' title="bbox 1979 1102 3561 1175; baseline 0.006 -22"><span class='ocrx_word' id='word_1_546' title='bbox 1979 1102 2243 1169; x_wconf 83' lang='lat' dir='ltr'><strong>promisso</strong></span> <span class='ocrx_word' id='word_1_547' title='bbox 2269 1103 2369 1158; x_wconf 88' lang='lat' dir='ltr'><strong>sibi</strong></span> <span class='ocrx_word' id='word_1_548' title='bbox 2416 1104 2544 1169; x_wconf 85' lang='lat' dir='ltr'><strong>lilio,</strong></span> <span class='ocrx_word' id='word_1_549' title='bbox 2570 1107 2851 1174; x_wconf 68' lang='lat' dir='ltr'><strong>quaesisset</strong></span> <span class='ocrx_word' id='word_1_550' title='bbox 2888 1106 3332 1175; x_wconf 77' lang='lat' dir='ltr'><strong>quemadmodum</strong></span> <span class='ocrx_word' id='word_1_551' title='bbox 3373 1102 3561 1173; x_wconf 77' lang='lat' dir='ltr'><strong>fieret,</strong></span> 
     </span>
    </p>
   </div>
   <div class='ocr_carea' id='block_1_72' title="bbox 1976 1193 3556 1267">
    <p class='ocr_par' dir='ltr' id='par_1_72' title="bbox 1976 1193 3556 1267">
     <span class='ocr_line' id='line_1_72' title="bbox 1976 1193 3556 1267; baseline 0.004 -22"><span class='ocrx_word' id='word_1_552' title='bbox 1976 1193 2229 1262; x_wconf 86' lang='lat' dir='ltr'><strong>quoniam</strong></span> <span class='ocrx_word' id='word_1_553' title='bbox 2259 1196 2428 1250; x_wconf 87' lang='lat' dir='ltr'><strong>virum</strong></span> <span class='ocrx_word' id='word_1_554' title='bbox 2451 1211 2562 1251; x_wconf 88' lang='lat' dir='ltr'><strong>non</strong></span> <span class='ocrx_word' id='word_1_555' title='bbox 2581 1207 2955 1266; x_wconf 83' lang='lat' dir='ltr'><strong>cognosceret;</strong></span> <span class='ocrx_word' id='word_1_556' title='bbox 2987 1199 3165 1267; x_wconf 89' lang='lat' dir='ltr'><strong>utique</strong></span> <span class='ocrx_word' id='word_1_557' title='bbox 3191 1197 3337 1253; x_wconf 87' lang='lat' dir='ltr'><strong>solus</strong></span> <span class='ocrx_word' id='word_1_558' title='bbox 3364 1199 3415 1257; x_wconf 84' lang='lat' dir='ltr'><strong>ei</strong></span> <span class='ocrx_word' id='word_1_559' title='bbox 3441 1213 3556 1254; x_wconf 62' lang='lat' dir='ltr'><strong>mo.</strong></span> 
     </span>
    </p>
   </div>
   <div class='ocr_carea' id='block_1_73' title="bbox 1981 1282 3559 1359">
    <p class='ocr_par' dir='ltr' id='par_1_73' title="bbox 1981 1282 3559 1359">
     <span class='ocr_line' id='line_1_73' title="bbox 1981 1282 3559 1359; baseline 0.004 -23"><span class='ocrx_word' id='word_1_560' title='bbox 1981 1282 2081 1337; x_wconf 89' lang='lat' dir='ltr'><strong>dus</strong></span> <span class='ocrx_word' id='word_1_561' title='bbox 2126 1287 2480 1355; x_wconf 77' lang='lat' dir='ltr'><strong>cognoscendi</strong></span> <span class='ocrx_word' id='word_1_562' title='bbox 2533 1295 2693 1357; x_wconf 88' lang='lat' dir='ltr'><strong>atque</strong></span> <span class='ocrx_word' id='word_1_563' title='bbox 2732 1289 2972 1357; x_wconf 87' lang='lat' dir='ltr'><strong>pariendi</strong></span> <span class='ocrx_word' id='word_1_564' title='bbox 3020 1290 3176 1343; x_wconf 84' lang='lat' dir='ltr'><strong>notus</strong></span> <span class='ocrx_word' id='word_1_565' title='bbox 3214 1296 3363 1351; x_wconf 80' lang='lat' dir='ltr'><strong>erat.</strong></span> <span class='ocrx_word' id='word_1_566' title='bbox 3401 1304 3559 1359; x_wconf 80' lang='lat' dir='ltr'><strong>quem</strong></span> 
     </span>
    </p>
   </div>
   <div class='ocr_carea' id='block_1_74' title="bbox 1982 1375 3562 1447">
    <p class='ocr_par' dir='ltr' id='par_1_74' title="bbox 1982 1375 3562 1447">
     <span class='ocr_line' id='line_1_74' title="bbox 1982 1375 3562 1447; baseline 0.004 -18"><span class='ocrx_word' id='word_1_567' title='bbox 1982 1375 2197 1444; x_wconf 77' lang='lat' dir='ltr'><strong>quidem</strong></span> <span class='ocrx_word' id='word_1_568' title='bbox 2227 1377 2338 1446; x_wconf 88' lang='lat' dir='ltr'><strong>ipsa</strong></span> <span class='ocrx_word' id='word_1_569' title='bbox 2367 1387 2585 1447; x_wconf 78' lang='lat' dir='ltr'><strong>experta</strong></span> <span class='ocrx_word' id='word_1_570' title='bbox 2615 1394 2719 1433; x_wconf 88' lang='lat' dir='ltr'><strong>non</strong></span> <span class='ocrx_word' id='word_1_571' title='bbox 2758 1379 2971 1446; x_wconf 88' lang='lat' dir='ltr'><strong>fuerat,</strong></span> <span class='ocrx_word' id='word_1_572' title='bbox 2998 1379 3091 1434; x_wconf 81' lang='lat' dir='ltr'><strong>sed</strong></span> <span class='ocrx_word' id='word_1_573' title='bbox 3115 1395 3179 1434; x_wconf 75' lang='lat' dir='ltr'><strong>ex</strong></span> <span class='ocrx_word' id='word_1_574' title='bbox 3206 1378 3323 1435; x_wconf 81' lang='lat' dir='ltr'><strong>aliis</strong></span> <span class='ocrx_word' id='word_1_575' title='bbox 3352 1379 3562 1435; x_wconf 78' lang='lat' dir='ltr'><strong>feminis</strong></span> 
     </span>
    </p>
   </div>
   <div class='ocr_carea' id='block_1_75' title="bbox 1980 1462 3560 1539">
    <p class='ocr_par' dir='ltr' id='par_1_75' title="bbox 1980 1462 3560 1539">
     <span class='ocr_line' id='line_1_75' title="bbox 1980 1462 3560 1539; baseline 0.005 -19"><span class='ocrx_word' id='word_1_576' title='bbox 1980 1477 2165 1522; x_wconf 87' lang='lat' dir='ltr'><strong>natura</strong></span> <span class='ocrx_word' id='word_1_577' title='bbox 2197 1467 2561 1539; x_wconf 84' lang='lat' dir='ltr'><strong>frequentante</strong></span> <span class='ocrx_word' id='word_1_578' title='bbox 2586 1471 2876 1536; x_wconf 87' lang='lat' dir='ltr'><strong>didicerat,</strong></span> <span class='ocrx_word' id='word_1_579' title='bbox 2905 1487 2968 1527; x_wconf 77' lang='lat' dir='ltr'><strong>ex</strong></span> <span class='ocrx_word' id='word_1_580' title='bbox 3017 1462 3132 1526; x_wconf 84' lang='lat' dir='ltr'><strong>viro</strong></span> <span class='ocrx_word' id='word_1_581' title='bbox 3170 1472 3377 1527; x_wconf 83' lang='lat' dir='ltr'><strong>scilicet</strong></span> <span class='ocrx_word' id='word_1_582' title='bbox 3398 1481 3453 1527; x_wconf 85' lang='lat' dir='ltr'><strong>et</strong></span> <span class='ocrx_word' id='word_1_583' title='bbox 3480 1473 3560 1528; x_wconf 80' lang='lat' dir='ltr'><strong>fe-</strong></span> 
     </span>
    </p>
   </div>
   <div class='ocr_carea' id='block_1_76' title="bbox 1978 1560 3558 1634">
    <p class='ocr_par' dir='ltr' id='par_1_76' title="bbox 1978 1560 3558 1634">
     <span class='ocr_line' id='line_1_76' title="bbox 1978 1560 3558 1634; baseline 0.003 -20"><span class='ocrx_word' id='word_1_584' title='bbox 1978 1560 2118 1614; x_wconf 89' lang='lat' dir='ltr'><strong>mina</strong></span> <span class='ocrx_word' id='word_1_585' title='bbox 2146 1561 2413 1617; x_wconf 81' lang='lat' dir='ltr'><strong>hominem</strong></span> <span class='ocrx_word' id='word_1_586' title='bbox 2443 1563 2588 1617; x_wconf 88' lang='lat' dir='ltr'><strong>nasei</strong></span> <span class='ocrx_word' id='word_1_587' title='bbox 2623 1581 2636 1617; x_wconf 92' lang='lat'><strong>:</strong></span> <span class='ocrx_word' id='word_1_588' title='bbox 2666 1577 2978 1633; x_wconf 85' lang='lat' dir='ltr'><strong>responsum</strong></span> <span class='ocrx_word' id='word_1_589' title='bbox 3004 1563 3073 1618; x_wconf 87' lang='lat' dir='ltr'><strong>ab</strong></span> <span class='ocrx_word' id='word_1_590' title='bbox 3097 1563 3300 1634; x_wconf 81' lang='lat' dir='ltr'><strong>Angela</strong></span> <span class='ocrx_word' id='word_1_591' title='bbox 3322 1563 3558 1634; x_wconf 84' lang='lat' dir='ltr'><strong>accepit,</strong></span> 
     </span>
    </p>
   </div>
   <div class='ocr_carea' id='block_1_77' title="bbox 1983 1650 3563 1725">
    <p class='ocr_par' dir='ltr' id='par_1_77' title="bbox 1983 1650 3563 1725">
     <span class='ocr_line' id='line_1_77' title="bbox 1983 1650 3563 1725; baseline 0.001 -19"><span class='ocrx_word' id='word_1_592' title='bbox 1983 1650 2213 1722; x_wconf 82' lang='lat' dir='ltr'><strong>Spiritus</strong></span> <span class='ocrx_word' id='word_1_593' title='bbox 2255 1663 2459 1707; x_wconf 87' lang='lat' dir='ltr'><strong>sanctus</strong></span> <span class='ocrx_word' id='word_1_594' title='bbox 2507 1656 2815 1725; x_wconf 77' lang='lat' dir='ltr'><strong>superveniet</strong></span> <span class='ocrx_word' id='word_1_595' title='bbox 2843 1655 2896 1707; x_wconf 86' lang='lat' dir='ltr'><strong>in</strong></span> <span class='ocrx_word' id='word_1_596' title='bbox 2927 1664 2973 1708; x_wconf 89' lang='lat' dir='ltr'><strong>te</strong></span> <span class='ocrx_word' id='word_1_597' title='bbox 2997 1696 3012 1720; x_wconf 89' lang='lat'><strong>,</strong></span> <span class='ocrx_word' id='word_1_598' title='bbox 3046 1664 3091 1708; x_wconf 91' lang='lat' dir='ltr'><strong>et</strong></span> <span class='ocrx_word' id='word_1_599' title='bbox 3130 1656 3291 1710; x_wconf 80' lang='lat' dir='ltr'><strong>uirtus</strong></span> <span class='ocrx_word' id='word_1_600' title='bbox 3316 1653 3563 1711; x_wconf 69' lang='lat' dir='ltr'><strong>Altissimi</strong></span> 
     </span>
    </p>
   </div>
   <div class='ocr_carea' id='block_1_78' title="bbox 1979 1744 3564 1814">
    <p class='ocr_par' dir='ltr' id='par_1_78' title="bbox 1979 1744 3564 1814">
     <span class='ocr_line' id='line_1_78' title="bbox 1979 1744 3564 1814; baseline 0.004 -19"><span class='ocrx_word' id='word_1_601' title='bbox 1979 1744 2287 1797; x_wconf 84' lang='lat' dir='ltr'><strong>obumbrabit</strong></span> <span class='ocrx_word' id='word_1_602' title='bbox 2334 1745 2462 1808; x_wconf 88' lang='lat' dir='ltr'><strong>tibi;</strong></span> <span class='ocrx_word' id='word_1_603' title='bbox 2492 1755 2757 1814; x_wconf 83' lang='lat' dir='ltr'><strong>propterea</strong></span> <span class='ocrx_word' id='word_1_604' title='bbox 2797 1747 2933 1813; x_wconf 84' lang='lat' dir='ltr'><strong>quod</strong></span> <span class='ocrx_word' id='word_1_605' title='bbox 2982 1757 3217 1800; x_wconf 83' lang='lat' dir='ltr'><strong>nascetur</strong></span> <span class='ocrx_word' id='word_1_606' title='bbox 3244 1762 3323 1811; x_wconf 78' lang='lat' dir='ltr'><strong>ea:</strong></span> <span class='ocrx_word' id='word_1_607' title='bbox 3341 1759 3390 1801; x_wconf 86' lang='lat' dir='ltr'><strong>te</strong></span> <span class='ocrx_word' id='word_1_608' title='bbox 3425 1747 3564 1801; x_wconf 80' lang='lat' dir='ltr'><strong>San-</strong></span> 
     </span>
    </p>
   </div>
   <div class='ocr_carea' id='block_1_79' title="bbox 1980 1834 3558 1907">
    <p class='ocr_par' dir='ltr' id='par_1_79' title="bbox 1980 1834 3558 1907">
     <span class='ocr_line' id='line_1_79' title="bbox 1980 1834 3558 1907; baseline 0.003 -20"><span class='ocrx_word' id='word_1_609' title='bbox 1980 1843 2135 1899; x_wconf 84' lang='lat' dir='ltr'><strong>ctum,</strong></span> <span class='ocrx_word' id='word_1_610' title='bbox 2160 1835 2417 1888; x_wconf 75' lang='lat' dir='ltr'><strong>vocabitur</strong></span> <span class='ocrx_word' id='word_1_611' title='bbox 2438 1834 2609 1889; x_wconf 75' lang='lat' dir='ltr'><strong>Filius</strong></span> <span class='ocrx_word' id='word_1_612' title='bbox 2630 1835 2744 1888; x_wconf 86' lang='lat' dir='ltr'><strong>Dei.</strong></span> <span class='ocrx_word' id='word_1_613' title='bbox 2763 1836 2891 1903; x_wconf 70' lang='lat' dir='ltr'><strong>Qua:</strong></span> <span class='ocrx_word' id='word_1_614' title='bbox 2914 1853 3036 1893; x_wconf 89' lang='lat' dir='ltr'><strong>cum</strong></span> <span class='ocrx_word' id='word_1_615' title='bbox 3055 1838 3283 1892; x_wconf 71' lang='lat' dir='ltr'><strong>dixisset</strong></span> <span class='ocrx_word' id='word_1_616' title='bbox 3305 1838 3558 1907; x_wconf 67' lang='lat' dir='ltr'><strong>Angelus;</strong></span> 
     </span>
    </p>
   </div>
   <div class='ocr_carea' id='block_1_80' title="bbox 1980 1925 3563 1999">
    <p class='ocr_par' dir='ltr' id='par_1_80' title="bbox 1980 1925 3563 1999">
     <span class='ocr_line' id='line_1_80' title="bbox 1980 1925 3563 1999; baseline 0.003 -20"><span class='ocrx_word' id='word_1_617' title='bbox 1980 1925 2072 1980; x_wconf 87' lang='lat' dir='ltr'><strong>illa</strong></span> <span class='ocrx_word' id='word_1_618' title='bbox 2105 1925 2205 1980; x_wconf 80' lang='lat' dir='ltr'><strong>title</strong></span> <span class='ocrx_word' id='word_1_619' title='bbox 2236 1927 2412 1996; x_wconf 88' lang='lat' dir='ltr'><strong>plena,</strong></span> <span class='ocrx_word' id='word_1_620' title='bbox 2436 1937 2492 1982; x_wconf 90' lang='lat' dir='ltr'><strong>et</strong></span> <span class='ocrx_word' id='word_1_621' title='bbox 2519 1926 2786 1981; x_wconf 80' lang='lat' dir='ltr'><strong>Christum</strong></span> <span class='ocrx_word' id='word_1_622' title='bbox 2819 1929 2968 1998; x_wconf 86' lang='lat' dir='ltr'><strong>prius</strong></span> <span class='ocrx_word' id='word_1_623' title='bbox 2990 1937 3169 1984; x_wconf 85' lang='lat' dir='ltr'><strong>mente</strong></span> <span class='ocrx_word' id='word_1_624' title='bbox 3193 1944 3354 1999; x_wconf 83' lang='lat' dir='ltr'><strong>quam</strong></span> <span class='ocrx_word' id='word_1_625' title='bbox 3370 1938 3563 1985; x_wconf 59' lang='lat' dir='ltr'><strong>uentre</strong></span> 
     </span>
    </p>
   </div>
   <div class='ocr_carea' id='block_1_81' title="bbox 1984 2019 3564 2089">
    <p class='ocr_par' dir='ltr' id='par_1_81' title="bbox 1984 2019 3564 2089">
     <span class='ocr_line' id='line_1_81' title="bbox 1984 2019 3564 2089; baseline 0.003 -18"><span class='ocrx_word' id='word_1_626' title='bbox 1984 2019 2310 2086; x_wconf 82' lang='lat' dir='ltr'><strong>concipiens,</strong></span> <span class='ocrx_word' id='word_1_627' title='bbox 2353 2019 2482 2073; x_wconf 80' lang='lat' dir='ltr'><strong>Ecce</strong></span> <span class='ocrx_word' id='word_1_628' title='bbox 2503 2060 2518 2084; x_wconf 96' lang='lat'><strong>,</strong></span> <span class='ocrx_word' id='word_1_629' title='bbox 2548 2019 2735 2088; x_wconf 70' lang='lat' dir='ltr'><strong>inquit,</strong></span> <span class='ocrx_word' id='word_1_630' title='bbox 2767 2020 2956 2073; x_wconf 81' lang='lat' dir='ltr'><strong>ancilla</strong></span> <span class='ocrx_word' id='word_1_631' title='bbox 2976 2019 3205 2085; x_wconf 86' lang='lat' dir='ltr'><strong>Domini,</strong></span> <span class='ocrx_word' id='word_1_632' title='bbox 3228 2021 3319 2089; x_wconf 79' lang='lat' dir='ltr'><strong>ﬁat</strong></span> <span class='ocrx_word' id='word_1_633' title='bbox 3343 2021 3564 2075; x_wconf 58' lang='lat' dir='ltr'><strong>minim:L</strong></span> 
     </span>
    </p>
   </div>
   <div class='ocr_carea' id='block_1_82' title="bbox 1982 2108 3559 2181">
    <p class='ocr_par' dir='ltr' id='par_1_82' title="bbox 1982 2108 3559 2181">
     <span class='ocr_line' id='line_1_82' title="bbox 1982 2108 3559 2181; baseline 0.001 -19"><span class='ocrx_word' id='word_1_634' title='bbox 1982 2109 2201 2162; x_wconf 80' lang='lat' dir='ltr'><strong>cundum</strong></span> <span class='ocrx_word' id='word_1_635' title='bbox 2242 2109 2443 2163; x_wconf 83' lang='lat' dir='ltr'><strong>verbum</strong></span> <span class='ocrx_word' id='word_1_636' title='bbox 2464 2146 2469 2149; x_wconf 65' lang='grc'><strong>»</strong></span> <span class='ocrx_word' id='word_1_637' title='bbox 2490 2120 2629 2163; x_wconf 82' lang='lat' dir='ltr'><strong>tuum</strong></span> <span class='ocrx_word' id='word_1_638' title='bbox 2672 2108 2834 2181; x_wconf 85' lang='lat' dir='ltr'><strong>(Luc.</strong></span> <span class='ocrx_word' id='word_1_639' title='bbox 2864 2126 2916 2175; x_wconf 63' lang='grc' dir='ltr'><strong>ι’,</strong></span> <span class='ocrx_word' id='word_1_640' title='bbox 2949 2108 3160 2181; x_wconf 66' lang='lat'><strong>34-58).</strong></span> <span class='ocrx_word' id='word_1_641' title='bbox 3193 2109 3329 2174; x_wconf 84' lang='lat' dir='ltr'><strong>Fiat,</strong></span> <span class='ocrx_word' id='word_1_642' title='bbox 3352 2110 3559 2179; x_wconf 84' lang='lat' dir='ltr'><strong>inquit,</strong></span> 
     </span>
    </p>
   </div>
   <div class='ocr_carea' id='block_1_83' title="bbox 1982 2199 3562 2280">
    <p class='ocr_par' dir='ltr' id='par_1_83' title="bbox 1982 2199 3562 2280">
     <span class='ocr_line' id='line_1_83' title="bbox 1982 2199 3562 2280; baseline 0.001 -26"><span class='ocrx_word' id='word_1_643' title='bbox 1982 2200 2099 2255; x_wconf 89' lang='lat' dir='ltr'><strong>sine</strong></span> <span class='ocrx_word' id='word_1_644' title='bbox 2126 2199 2268 2254; x_wconf 85' lang='lat' dir='ltr'><strong>virili</strong></span> <span class='ocrx_word' id='word_1_645' title='bbox 2295 2201 2498 2254; x_wconf 79' lang='lat' dir='ltr'><strong>semine</strong></span> <span class='ocrx_word' id='word_1_646' title='bbox 2527 2210 2817 2270; x_wconf 79' lang='lat' dir='ltr'><strong>conceptus</strong></span> <span class='ocrx_word' id='word_1_647' title='bbox 2842 2201 2894 2254; x_wconf 91' lang='lat' dir='ltr'><strong>in</strong></span> <span class='ocrx_word' id='word_1_648' title='bbox 2934 2200 3175 2271; x_wconf 82' lang='lat' dir='ltr'><strong>virgine;</strong></span> <span class='ocrx_word' id='word_1_649' title='bbox 3216 2208 3468 2280; x_wconf 79' lang='lat' dir='ltr'><strong>nascatur</strong></span> <span class='ocrx_word' id='word_1_650' title='bbox 3494 2200 3562 2255; x_wconf 85' lang='lat' dir='ltr'><strong>de</strong></span> 
     </span>
    </p>
   </div>
   <div class='ocr_carea' id='block_1_84' title="bbox 1980 2289 3563 2362">
    <p class='ocr_par' dir='ltr' id='par_1_84' title="bbox 1980 2289 3563 2362">
     <span class='ocr_line' id='line_1_84' title="bbox 1980 2289 3563 2362; baseline 0.001 -16"><span class='ocrx_word' id='word_1_651' title='bbox 1980 2291 2177 2361; x_wconf 88' lang='lat' dir='ltr'><strong>Spiritu</strong></span> <span class='ocrx_word' id='word_1_652' title='bbox 2202 2299 2389 2345; x_wconf 90' lang='lat' dir='ltr'><strong>sancto</strong></span> <span class='ocrx_word' id='word_1_653' title='bbox 2415 2302 2470 2345; x_wconf 89' lang='lat' dir='ltr'><strong>et</strong></span> <span class='ocrx_word' id='word_1_654' title='bbox 2499 2293 2701 2361; x_wconf 79' lang='lat' dir='ltr'><strong>integra</strong></span> <span class='ocrx_word' id='word_1_655' title='bbox 2718 2289 2937 2354; x_wconf 86' lang='lat' dir='ltr'><strong>femina,</strong></span> <span class='ocrx_word' id='word_1_656' title='bbox 2955 2294 3011 2345; x_wconf 91' lang='lat' dir='ltr'><strong>in</strong></span> <span class='ocrx_word' id='word_1_657' title='bbox 3032 2307 3137 2362; x_wconf 88' lang='lat' dir='ltr'><strong>quo</strong></span> <span class='ocrx_word' id='word_1_658' title='bbox 3162 2299 3473 2347; x_wconf 82' lang='lat' dir='ltr'><strong>renascatur</strong></span> <span class='ocrx_word' id='word_1_659' title='bbox 3495 2291 3563 2347; x_wconf 80' lang='lat' dir='ltr'><strong>de</strong></span> 
     </span>
    </p>
   </div>
   <div class='ocr_carea' id='block_1_85' title="bbox 1982 2382 3565 2455">
    <p class='ocr_par' dir='ltr' id='par_1_85' title="bbox 1982 2382 3565 2455">
     <span class='ocr_line' id='line_1_85' title="bbox 1982 2382 3565 2455; baseline 0.002 -18"><span class='ocrx_word' id='word_1_660' title='bbox 1982 2382 2179 2451; x_wconf 85' lang='lat' dir='ltr'><strong>Spiritu</strong></span> <span class='ocrx_word' id='word_1_661' title='bbox 2207 2391 2391 2438; x_wconf 87' lang='lat' dir='ltr'><strong>sancto</strong></span> <span class='ocrx_word' id='word_1_662' title='bbox 2420 2383 2621 2453; x_wconf 85' lang='lat' dir='ltr'><strong>integra</strong></span> <span class='ocrx_word' id='word_1_663' title='bbox 2657 2383 2916 2439; x_wconf 86' lang='lat' dir='ltr'><strong>Ecclesia.</strong></span> <span class='ocrx_word' id='word_1_664' title='bbox 2934 2383 3186 2439; x_wconf 88' lang='lat' dir='ltr'><strong>Sanctum</strong></span> <span class='ocrx_word' id='word_1_665' title='bbox 3206 2384 3349 2455; x_wconf 80' lang='lat' dir='ltr'><strong>quod</strong></span> <span class='ocrx_word' id='word_1_666' title='bbox 3379 2398 3565 2441; x_wconf 78' lang='lat' dir='ltr'><strong>nasce-</strong></span> 
     </span>
    </p>
   </div>
   <div class='ocr_carea' id='block_1_86' title="bbox 1985 2473 3563 2545">
    <p class='ocr_par' dir='ltr' id='par_1_86' title="bbox 1985 2473 3563 2545">
     <span class='ocr_line' id='line_1_86' title="bbox 1985 2473 3563 2545; baseline 0.003 -20"><span class='ocrx_word' id='word_1_667' title='bbox 1985 2484 2069 2526; x_wconf 87' lang='lat' dir='ltr'><strong>tur</strong></span> <span class='ocrx_word' id='word_1_668' title='bbox 2112 2473 2180 2527; x_wconf 90' lang='lat' dir='ltr'><strong>de</strong></span> <span class='ocrx_word' id='word_1_669' title='bbox 2224 2473 2437 2527; x_wconf 89' lang='lat' dir='ltr'><strong>homine</strong></span> <span class='ocrx_word' id='word_1_670' title='bbox 2474 2483 2645 2528; x_wconf 87' lang='lat' dir='ltr'><strong>matre</strong></span> <span class='ocrx_word' id='word_1_671' title='bbox 2689 2473 2805 2528; x_wconf 89' lang='lat' dir='ltr'><strong>sine</strong></span> <span class='ocrx_word' id='word_1_672' title='bbox 2846 2474 3061 2530; x_wconf 90' lang='lat' dir='ltr'><strong>homine</strong></span> <span class='ocrx_word' id='word_1_673' title='bbox 3106 2484 3295 2545; x_wconf 83' lang='lat' dir='ltr'><strong>patre,</strong></span> <span class='ocrx_word' id='word_1_674' title='bbox 3345 2482 3563 2531; x_wconf 82' lang='lat' dir='ltr'><strong>vocetur</strong></span> 
     </span>
    </p>
   </div>
   <div class='ocr_carea' id='block_1_87' title="bbox 1985 2564 3565 2645">
    <p class='ocr_par' dir='ltr' id='par_1_87' title="bbox 1985 2564 3565 2645">
     <span class='ocr_line' id='line_1_87' title="bbox 1985 2564 3565 2645; baseline 0.002 -26"><span class='ocrx_word' id='word_1_675' title='bbox 1985 2565 2077 2619; x_wconf 83' lang='lat' dir='ltr'><strong>Dei</strong></span> <span class='ocrx_word' id='word_1_676' title='bbox 2103 2564 2302 2632; x_wconf 89' lang='lat' dir='ltr'><strong>Filius;</strong></span> <span class='ocrx_word' id='word_1_677' title='bbox 2331 2566 2585 2636; x_wconf 87' lang='lat' dir='ltr'><strong>quoniam</strong></span> <span class='ocrx_word' id='word_1_678' title='bbox 2614 2564 2705 2636; x_wconf 89' lang='lat' dir='ltr'><strong>qui</strong></span> <span class='ocrx_word' id='word_1_679' title='bbox 2734 2573 2889 2620; x_wconf 81' lang='lat' dir='ltr'><strong>natus</strong></span> <span class='ocrx_word' id='word_1_680' title='bbox 2917 2574 3001 2621; x_wconf 88' lang='lat' dir='ltr'><strong>est</strong></span> <span class='ocrx_word' id='word_1_681' title='bbox 3028 2565 3097 2621; x_wconf 88' lang='lat' dir='ltr'><strong>de</strong></span> <span class='ocrx_word' id='word_1_682' title='bbox 3125 2567 3240 2623; x_wconf 88' lang='lat' dir='ltr'><strong>Deo</strong></span> <span class='ocrx_word' id='word_1_683' title='bbox 3262 2567 3421 2624; x_wconf 86' lang='lat' dir='ltr'><strong>Patre</strong></span> <span class='ocrx_word' id='word_1_684' title='bbox 3448 2567 3565 2645; x_wconf 83' lang='lat' dir='ltr'><strong>sine</strong></span> 
     </span>
    </p>
   </div>
   <div class='ocr_carea' id='block_1_88' title="bbox 1984 2655 3563 2725">
    <p class='ocr_par' dir='ltr' id='par_1_88' title="bbox 1984 2655 3563 2725">
     <span class='ocr_line' id='line_1_88' title="bbox 1984 2655 3563 2725; baseline 0.001 -15"><span class='ocrx_word' id='word_1_685' title='bbox 1984 2655 2090 2710; x_wconf 90' lang='lat' dir='ltr'><strong>ulla</strong></span> <span class='ocrx_word' id='word_1_686' title='bbox 2141 2664 2346 2725; x_wconf 88' lang='lat' dir='ltr'><strong>matre,</strong></span> <span class='ocrx_word' id='word_1_687' title='bbox 2404 2655 2722 2711; x_wconf 90' lang='lat' dir='ltr'><strong>mirabiliter</strong></span> <span class='ocrx_word' id='word_1_688' title='bbox 2765 2657 3000 2725; x_wconf 87' lang='lat' dir='ltr'><strong>oportuit</strong></span> <span class='ocrx_word' id='word_1_689' title='bbox 3034 2664 3093 2711; x_wconf 90' lang='lat' dir='ltr'><strong>ut</strong></span> <span class='ocrx_word' id='word_1_690' title='bbox 3137 2655 3291 2713; x_wconf 81' lang='lat' dir='ltr'><strong>fieret</strong></span> <span class='ocrx_word' id='word_1_691' title='bbox 3332 2657 3563 2713; x_wconf 84' lang='lat' dir='ltr'><strong>hominis</strong></span> 
     </span>
    </p>
   </div>
   <div class='ocr_carea' id='block_1_89' title="bbox 1985 2749 3564 2821">
    <p class='ocr_par' dir='ltr' id='par_1_89' title="bbox 1985 2749 3564 2821">
     <span class='ocr_line' id='line_1_89' title="bbox 1985 2749 3564 2821; baseline 0.001 -19"><span class='ocrx_word' id='word_1_692' title='bbox 1985 2749 2161 2815; x_wconf 82' lang='lat' dir='ltr'><strong>illius;</strong></span> <span class='ocrx_word' id='word_1_693' title='bbox 2205 2749 2257 2802; x_wconf 90' lang='lat' dir='ltr'><strong>in</strong></span> <span class='ocrx_word' id='word_1_694' title='bbox 2283 2763 2345 2804; x_wconf 91' lang='lat' dir='ltr'><strong>ea</strong></span> <span class='ocrx_word' id='word_1_695' title='bbox 2386 2763 2551 2804; x_wconf 88' lang='lat' dir='ltr'><strong>carne</strong></span> <span class='ocrx_word' id='word_1_696' title='bbox 2578 2756 2732 2803; x_wconf 89' lang='lat' dir='ltr'><strong>natus</strong></span> <span class='ocrx_word' id='word_1_697' title='bbox 2754 2790 2767 2809; x_wconf 90' lang='lat'><strong>.</strong></span> <span class='ocrx_word' id='word_1_698' title='bbox 2791 2757 2848 2804; x_wconf 88' lang='lat' dir='ltr'><strong>ut</strong></span> <span class='ocrx_word' id='word_1_699' title='bbox 2874 2764 2969 2817; x_wconf 88' lang='lat' dir='ltr'><strong>per</strong></span> <span class='ocrx_word' id='word_1_700' title='bbox 3003 2749 3182 2805; x_wconf 85' lang='lat' dir='ltr'><strong>clausa</strong></span> <span class='ocrx_word' id='word_1_701' title='bbox 3212 2750 3416 2806; x_wconf 83' lang='lat' dir='ltr'><strong>viscera</strong></span> <span class='ocrx_word' id='word_1_702' title='bbox 3446 2765 3564 2821; x_wconf 84' lang='lat' dir='ltr'><strong>par-</strong></span> 
     </span>
    </p>
   </div>
   <div class='ocr_carea' id='block_1_90' title="bbox 1985 2838 3564 2910">
    <p class='ocr_par' dir='ltr' id='par_1_90' title="bbox 1985 2838 3564 2910">
     <span class='ocr_line' id='line_1_90' title="bbox 1985 2838 3564 2910; baseline -0.001 -17"><span class='ocrx_word' id='word_1_703' title='bbox 1985 2855 2081 2894; x_wconf 88' lang='lat' dir='ltr'><strong>vus</strong></span> <span class='ocrx_word' id='word_1_704' title='bbox 2110 2838 2313 2906; x_wconf 81' lang='lat' dir='ltr'><strong>exiret,</strong></span> <span class='ocrx_word' id='word_1_705' title='bbox 2355 2839 2408 2893; x_wconf 92' lang='lat' dir='ltr'><strong>in</strong></span> <span class='ocrx_word' id='word_1_706' title='bbox 2431 2854 2532 2910; x_wconf 90' lang='lat' dir='ltr'><strong>qua</strong></span> <span class='ocrx_word' id='word_1_707' title='bbox 2561 2839 2910 2893; x_wconf 85' lang='lat' dir='ltr'><strong>resuscitatus</strong></span> <span class='ocrx_word' id='word_1_708' title='bbox 2934 2853 3030 2909; x_wconf 87' lang='lat' dir='ltr'><strong>per</strong></span> <span class='ocrx_word' id='word_1_709' title='bbox 3053 2838 3234 2894; x_wconf 83' lang='lat' dir='ltr'><strong>clausa</strong></span> <span class='ocrx_word' id='word_1_710' title='bbox 3280 2840 3415 2895; x_wconf 80' lang='lat' dir='ltr'><strong>ostia</strong></span> <span class='ocrx_word' id='word_1_711' title='bbox 3452 2854 3564 2895; x_wconf 86' lang='lat' dir='ltr'><strong>ma-</strong></span> 
     </span>
    </p>
   </div>
   <div class='ocr_carea' id='block_1_91' title="bbox 1984 2929 3561 3001">
    <p class='ocr_par' dir='ltr' id='par_1_91' title="bbox 1984 2929 3561 3001">
     <span class='ocr_line' id='line_1_91' title="bbox 1984 2929 3561 3001; baseline -0.001 -16"><span class='ocrx_word' id='word_1_712' title='bbox 1984 2946 2121 3001; x_wconf 85' lang='lat' dir='ltr'><strong>gnus</strong></span> <span class='ocrx_word' id='word_1_713' title='bbox 2169 2931 2410 2986; x_wconf 86' lang='lat' dir='ltr'><strong>intraret.</strong></span> <span class='ocrx_word' id='word_1_714' title='bbox 2463 2929 2591 2984; x_wconf 82' lang='lat' dir='ltr'><strong>Mira</strong></span> <span class='ocrx_word' id='word_1_715' title='bbox 2638 2937 2763 2985; x_wconf 88' lang='lat' dir='ltr'><strong>sunt</strong></span> <span class='ocrx_word' id='word_1_716' title='bbox 2810 2929 2961 2997; x_wconf 62' lang='lat' dir='ltr'><strong>hare,</strong></span> <span class='ocrx_word' id='word_1_717' title='bbox 3003 2930 3125 3000; x_wconf 83' lang='lat' dir='ltr'><strong>quia</strong></span> <span class='ocrx_word' id='word_1_718' title='bbox 3172 2929 3350 2984; x_wconf 82' lang='lat' dir='ltr'><strong>divina</strong></span> <span class='ocrx_word' id='word_1_719' title='bbox 3400 2938 3561 2994; x_wconf 91' lang='lat' dir='ltr'><strong>sunt;</strong></span> 
     </span>
    </p>
   </div>
   <div class='ocr_carea' id='block_1_92' title="bbox 1986 3018 3568 3092">
    <p class='ocr_par' dir='ltr' id='par_1_92' title="bbox 1986 3018 3568 3092">
     <span class='ocr_line' id='line_1_92' title="bbox 1986 3018 3568 3092; baseline -0.002 -16"><span class='ocrx_word' id='word_1_720' title='bbox 1986 3021 2270 3077; x_wconf 67' lang='lat' dir='ltr'><strong>ineffabilia</strong></span> <span class='ocrx_word' id='word_1_721' title='bbox 2297 3063 2313 3086; x_wconf 92' lang='lat'><strong>,</strong></span> <span class='ocrx_word' id='word_1_722' title='bbox 2364 3023 2487 3092; x_wconf 89' lang='lat' dir='ltr'><strong>quia</strong></span> <span class='ocrx_word' id='word_1_723' title='bbox 2514 3029 2570 3076; x_wconf 87' lang='lat' dir='ltr'><strong>et</strong></span> <span class='ocrx_word' id='word_1_724' title='bbox 2596 3020 2957 3076; x_wconf 87' lang='lat' dir='ltr'><strong>inscrutabilia</strong></span> <span class='ocrx_word' id='word_1_725' title='bbox 2986 3038 3000 3074; x_wconf 89' lang='lat'><strong>:</strong></span> <span class='ocrx_word' id='word_1_726' title='bbox 3031 3035 3138 3076; x_wconf 91' lang='lat' dir='ltr'><strong>non</strong></span> <span class='ocrx_word' id='word_1_727' title='bbox 3168 3018 3361 3077; x_wconf 81' lang='lat' dir='ltr'><strong>sufﬁcit</strong></span> <span class='ocrx_word' id='word_1_728' title='bbox 3400 3021 3568 3091; x_wconf 76' lang='lat' dir='ltr'><strong>expli-</strong></span> 
     </span>
    </p>
   </div>
   <div class='ocr_carea' id='block_1_93' title="bbox 1986 3110 3564 3182">
    <p class='ocr_par' dir='ltr' id='par_1_93' title="bbox 1986 3110 3564 3182">
     <span class='ocr_line' id='line_1_93' title="bbox 1986 3110 3564 3182; baseline -0.003 -14"><span class='ocrx_word' id='word_1_729' title='bbox 1986 3112 2156 3168; x_wconf 89' lang='lat' dir='ltr'><strong>cando</strong></span> <span class='ocrx_word' id='word_1_730' title='bbox 2175 3127 2237 3168; x_wconf 90' lang='lat' dir='ltr'><strong>os</strong></span> <span class='ocrx_word' id='word_1_731' title='bbox 2259 3112 2509 3178; x_wconf 88' lang='lat' dir='ltr'><strong>hominis,</strong></span> <span class='ocrx_word' id='word_1_732' title='bbox 2536 3113 2658 3182; x_wconf 87' lang='lat' dir='ltr'><strong>quia</strong></span> <span class='ocrx_word' id='word_1_733' title='bbox 2685 3125 2785 3167; x_wconf 91' lang='lat' dir='ltr'><strong>nec</strong></span> <span class='ocrx_word' id='word_1_734' title='bbox 2807 3110 3173 3181; x_wconf 85' lang='lat' dir='ltr'><strong>investigando</strong></span> <span class='ocrx_word' id='word_1_735' title='bbox 3192 3124 3286 3166; x_wconf 90' lang='lat' dir='ltr'><strong>cor</strong></span> <span class='ocrx_word' id='word_1_736' title='bbox 3314 3110 3564 3166; x_wconf 80' lang='lat' dir='ltr'><strong>hominis.</strong></span> 
     </span>
    </p>
   </div>
   <div class='ocr_carea' id='block_1_94' title="bbox 1985 3201 3566 3274">
    <p class='ocr_par' dir='ltr' id='par_1_94' title="bbox 1985 3201 3566 3274">
     <span class='ocr_line' id='line_1_94' title="bbox 1985 3201 3566 3274; baseline -0.003 -14"><span class='ocrx_word' id='word_1_737' title='bbox 1985 3203 2224 3261; x_wconf 87' lang='lat' dir='ltr'><strong>Credidit</strong></span> <span class='ocrx_word' id='word_1_738' title='bbox 2264 3204 2427 3259; x_wconf 79' lang='lat' dir='ltr'><strong>Maria</strong></span> <span class='ocrx_word' id='word_1_739' title='bbox 2453 3246 2468 3271; x_wconf 88' lang='lat'><strong>,</strong></span> <span class='ocrx_word' id='word_1_740' title='bbox 2514 3212 2571 3259; x_wconf 88' lang='lat' dir='ltr'><strong>et</strong></span> <span class='ocrx_word' id='word_1_741' title='bbox 2606 3204 2661 3258; x_wconf 92' lang='lat' dir='ltr'><strong>in</strong></span> <span class='ocrx_word' id='word_1_742' title='bbox 2703 3218 2766 3259; x_wconf 89' lang='lat' dir='ltr'><strong>ea</strong></span> <span class='ocrx_word' id='word_1_743' title='bbox 2809 3203 2950 3274; x_wconf 82' lang='lat' dir='ltr'><strong>quod</strong></span> <span class='ocrx_word' id='word_1_744' title='bbox 2991 3201 3218 3259; x_wconf 89' lang='lat' dir='ltr'><strong>credidit</strong></span> <span class='ocrx_word' id='word_1_745' title='bbox 3242 3202 3436 3261; x_wconf 88' lang='lat' dir='ltr'><strong>factum</strong></span> <span class='ocrx_word' id='word_1_746' title='bbox 3462 3209 3566 3257; x_wconf 86' lang='lat' dir='ltr'><strong>est.</strong></span> 
     </span>
    </p>
   </div>
   <div class='ocr_carea' id='block_1_95' title="bbox 1987 3293 3568 3365">
    <p class='ocr_par' dir='ltr' id='par_1_95' title="bbox 1987 3293 3568 3365">
     <span class='ocr_line' id='line_1_95' title="bbox 1987 3293 3568 3365; baseline -0.004 -12"><span class='ocrx_word' id='word_1_747' title='bbox 1987 3297 2281 3353; x_wconf 85' lang='lat' dir='ltr'><strong>Credamus</strong></span> <span class='ocrx_word' id='word_1_748' title='bbox 2308 3308 2360 3352; x_wconf 87' lang='lat' dir='ltr'><strong>et</strong></span> <span class='ocrx_word' id='word_1_749' title='bbox 2389 3311 2488 3351; x_wconf 89' lang='lat' dir='ltr'><strong>nos</strong></span> <span class='ocrx_word' id='word_1_750' title='bbox 2511 3337 2526 3362; x_wconf 96' lang='lat'><strong>,</strong></span> <span class='ocrx_word' id='word_1_751' title='bbox 2560 3304 2617 3351; x_wconf 90' lang='lat' dir='ltr'><strong>ut</strong></span> <span class='ocrx_word' id='word_1_752' title='bbox 2640 3302 2695 3350; x_wconf 90' lang='lat' dir='ltr'><strong>et</strong></span> <span class='ocrx_word' id='word_1_753' title='bbox 2721 3295 2877 3351; x_wconf 87' lang='lat' dir='ltr'><strong>nobis</strong></span> <span class='ocrx_word' id='word_1_754' title='bbox 2924 3295 3092 3365; x_wconf 86' lang='lat' dir='ltr'><strong>possit</strong></span> <span class='ocrx_word' id='word_1_755' title='bbox 3132 3294 3388 3364; x_wconf 82' lang='lat' dir='ltr'><strong>prodesse</strong></span> <span class='ocrx_word' id='word_1_756' title='bbox 3425 3293 3568 3364; x_wconf 87' lang='lat' dir='ltr'><strong>quod</strong></span> 
     </span>
    </p>
   </div>
   <div class='ocr_carea' id='block_1_96' title="bbox 1990 3387 3572 3458">
    <p class='ocr_par' dir='ltr' id='par_1_96' title="bbox 1990 3387 3572 3458">
     <span class='ocr_line' id='line_1_96' title="bbox 1990 3387 3572 3458; baseline -0.003 -15"><span class='ocrx_word' id='word_1_757' title='bbox 1990 3389 2184 3444; x_wconf 88' lang='lat' dir='ltr'><strong>factum</strong></span> <span class='ocrx_word' id='word_1_758' title='bbox 2216 3397 2316 3443; x_wconf 87' lang='lat' dir='ltr'><strong>est.</strong></span> <span class='ocrx_word' id='word_1_759' title='bbox 2345 3388 2598 3457; x_wconf 78' lang='lat' dir='ltr'><strong>Quamvis</strong></span> <span class='ocrx_word' id='word_1_760' title='bbox 2626 3402 2758 3458; x_wconf 82' lang='lat' dir='ltr'><strong>ergo</strong></span> <span class='ocrx_word' id='word_1_761' title='bbox 2782 3387 3037 3442; x_wconf 88' lang='lat' dir='ltr'><strong>mirabilis</strong></span> <span class='ocrx_word' id='word_1_762' title='bbox 3062 3388 3131 3441; x_wconf 91' lang='lat' dir='ltr'><strong>sit</strong></span> <span class='ocrx_word' id='word_1_763' title='bbox 3152 3388 3315 3442; x_wconf 91' lang='lat' dir='ltr'><strong>etiam</strong></span> <span class='ocrx_word' id='word_1_764' title='bbox 3352 3387 3452 3441; x_wconf 86' lang='lat' dir='ltr'><strong>ista</strong></span> <span class='ocrx_word' id='word_1_765' title='bbox 3479 3400 3572 3439; x_wconf 85' lang='lat' dir='ltr'><strong>na-</strong></span> 
     </span>
    </p>
   </div>
   <div class='ocr_carea' id='block_1_97' title="bbox 1991 3476 3568 3549">
    <p class='ocr_par' dir='ltr' id='par_1_97' title="bbox 1991 3476 3568 3549">
     <span class='ocr_line' id='line_1_97' title="bbox 1991 3476 3568 3549; baseline -0.003 -14"><span class='ocrx_word' id='word_1_766' title='bbox 1991 3482 2166 3535; x_wconf 84' lang='lat' dir='ltr'><strong>tivitas</strong></span> <span class='ocrx_word' id='word_1_767' title='bbox 2197 3498 2211 3534; x_wconf 89' lang='lat'><strong>:</strong></span> <span class='ocrx_word' id='word_1_768' title='bbox 2243 3490 2421 3535; x_wconf 85' lang='lat' dir='ltr'><strong>tamen</strong></span> <span class='ocrx_word' id='word_1_769' title='bbox 2447 3479 2640 3549; x_wconf 85' lang='lat' dir='ltr'><strong>cogita,</strong></span> <span class='ocrx_word' id='word_1_770' title='bbox 2666 3493 2701 3533; x_wconf 95' lang='lat' dir='ltr'><strong>o</strong></span> <span class='ocrx_word' id='word_1_771' title='bbox 2723 3479 2902 3541; x_wconf 79' lang='lat' dir='ltr'><strong>homo,</strong></span> <span class='ocrx_word' id='word_1_772' title='bbox 2927 3476 3051 3546; x_wconf 88' lang='lat' dir='ltr'><strong>quid</strong></span> <span class='ocrx_word' id='word_1_773' title='bbox 3076 3492 3171 3545; x_wconf 89' lang='lat' dir='ltr'><strong>pro</strong></span> <span class='ocrx_word' id='word_1_774' title='bbox 3192 3485 3242 3530; x_wconf 90' lang='lat' dir='ltr'><strong>te</strong></span> <span class='ocrx_word' id='word_1_775' title='bbox 3264 3476 3408 3530; x_wconf 89' lang='lat' dir='ltr'><strong>Deus</strong></span> <span class='ocrx_word' id='word_1_776' title='bbox 3426 3485 3568 3539; x_wconf 84' lang='lat' dir='ltr'><strong>tuus,</strong></span> 
     </span>
    </p>
   </div>
   <div class='ocr_carea' id='block_1_98' title="bbox 1992 3568 3573 3640">
    <p class='ocr_par' dir='ltr' id='par_1_98' title="bbox 1992 3568 3573 3640">
     <span class='ocr_line' id='line_1_98' title="bbox 1992 3568 3573 3640; baseline -0.002 -14"><span class='ocrx_word' id='word_1_777' title='bbox 1992 3572 2219 3626; x_wconf 88' lang='lat' dir='ltr'><strong>Creator</strong></span> <span class='ocrx_word' id='word_1_778' title='bbox 2265 3585 2361 3640; x_wconf 89' lang='lat' dir='ltr'><strong>pro</strong></span> <span class='ocrx_word' id='word_1_779' title='bbox 2404 3578 2648 3624; x_wconf 89' lang='lat' dir='ltr'><strong>creatura</strong></span> <span class='ocrx_word' id='word_1_780' title='bbox 2692 3569 3030 3637; x_wconf 85' lang='lat' dir='ltr'><strong>susceperit;</strong></span> <span class='ocrx_word' id='word_1_781' title='bbox 3072 3576 3130 3622; x_wconf 89' lang='lat' dir='ltr'><strong>ut</strong></span> <span class='ocrx_word' id='word_1_782' title='bbox 3181 3569 3318 3623; x_wconf 88' lang='lat' dir='ltr'><strong>Deus</strong></span> <span class='ocrx_word' id='word_1_783' title='bbox 3364 3568 3416 3623; x_wconf 91' lang='lat' dir='ltr'><strong>in</strong></span> <span class='ocrx_word' id='word_1_784' title='bbox 3462 3568 3573 3623; x_wconf 88' lang='lat' dir='ltr'><strong>Deo</strong></span> 
     </span>
    </p>
   </div>
   <div class='ocr_carea' id='block_1_99' title="bbox 1991 3657 3573 3729">
    <p class='ocr_par' dir='ltr' id='par_1_99' title="bbox 1991 3657 3573 3729">
     <span class='ocr_line' id='line_1_99' title="bbox 1991 3657 3573 3729; baseline -0.002 -13"><span class='ocrx_word' id='word_1_785' title='bbox 1991 3677 2234 3726; x_wconf 89' lang='lat' dir='ltr'><strong>manens,</strong></span> <span class='ocrx_word' id='word_1_786' title='bbox 2264 3671 2494 3716; x_wconf 87' lang='lat' dir='ltr'><strong>aeternus</strong></span> <span class='ocrx_word' id='word_1_787' title='bbox 2520 3675 2641 3713; x_wconf 91' lang='lat' dir='ltr'><strong>cum</strong></span> <span class='ocrx_word' id='word_1_788' title='bbox 2670 3667 2874 3713; x_wconf 64' lang='lat' dir='ltr'><strong>aeterno</strong></span> <span class='ocrx_word' id='word_1_789' title='bbox 2899 3659 3084 3715; x_wconf 79' lang='lat' dir='ltr'><strong>vivens</strong></span> <span class='ocrx_word' id='word_1_790' title='bbox 3103 3701 3117 3724; x_wconf 91' lang='lat'><strong>,</strong></span> <span class='ocrx_word' id='word_1_791' title='bbox 3150 3657 3371 3729; x_wconf 70' lang='lat' dir='ltr'><strong>aequalis</strong></span> <span class='ocrx_word' id='word_1_792' title='bbox 3406 3657 3573 3714; x_wconf 81' lang='lat' dir='ltr'><strong>Filius</strong></span> 
     </span>
    </p>
   </div>
   <div class='ocr_carea' id='block_1_100' title="bbox 1996 3738 3573 3821">
    <p class='ocr_par' dir='ltr' id='par_1_100' title="bbox 1996 3738 3573 3821">
     <span class='ocr_line' id='line_1_100' title="bbox 1996 3738 3573 3821; baseline -0.001 -14"><span class='ocrx_word' id='word_1_793' title='bbox 1996 3752 2162 3816; x_wconf 84' lang='lat' dir='ltr'><strong>Patri,</strong></span> <span class='ocrx_word' id='word_1_794' title='bbox 2204 3765 2301 3821; x_wconf 91' lang='lat' dir='ltr'><strong>pro</strong></span> <span class='ocrx_word' id='word_1_795' title='bbox 2340 3752 2446 3806; x_wconf 91' lang='lat' dir='ltr'><strong>reis</strong></span> <span class='ocrx_word' id='word_1_796' title='bbox 2484 3760 2539 3805; x_wconf 83' lang='lat' dir='ltr'><strong>et</strong></span> <span class='ocrx_word' id='word_1_797' title='bbox 2584 3738 2679 3820; x_wconf 84' lang='lat' dir='ltr'><strong>pro</strong></span> <span class='ocrx_word' id='word_1_798' title='bbox 2725 3750 3093 3820; x_wconf 86' lang='lat' dir='ltr'><strong>peccatoribus</strong></span> <span class='ocrx_word' id='word_1_799' title='bbox 3136 3750 3306 3805; x_wconf 84' lang='lat' dir='ltr'><strong>servis</strong></span> <span class='ocrx_word' id='word_1_800' title='bbox 3347 3748 3573 3806; x_wconf 87' lang='lat' dir='ltr'><strong>formam</strong></span> 
     </span>
    </p>
   </div>
   <div class='ocr_carea' id='block_1_101' title="bbox 1996 3839 3576 3912">
    <p class='ocr_par' dir='ltr' id='par_1_101' title="bbox 1996 3839 3576 3912">
     <span class='ocr_line' id='line_1_101' title="bbox 1996 3839 3576 3912; baseline 0 -16"><span class='ocrx_word' id='word_1_801' title='bbox 1996 3842 2134 3897; x_wconf 83' lang='lat' dir='ltr'><strong>servi</strong></span> <span class='ocrx_word' id='word_1_802' title='bbox 2162 3857 2265 3896; x_wconf 92' lang='lat' dir='ltr'><strong>non</strong></span> <span class='ocrx_word' id='word_1_803' title='bbox 2294 3840 2671 3912; x_wconf 85' lang='lat' dir='ltr'><strong>dedignaretur</strong></span> <span class='ocrx_word' id='word_1_804' title='bbox 2699 3839 2936 3895; x_wconf 89' lang='lat' dir='ltr'><strong>induere.</strong></span> <span class='ocrx_word' id='word_1_805' title='bbox 2968 3839 3150 3911; x_wconf 84' lang='lat' dir='ltr'><strong>Neque</strong></span> <span class='ocrx_word' id='word_1_806' title='bbox 3171 3840 3311 3897; x_wconf 91' lang='lat' dir='ltr'><strong>enim</strong></span> <span class='ocrx_word' id='word_1_807' title='bbox 3335 3839 3439 3896; x_wconf 86' lang='lat' dir='ltr'><strong>hoc</strong></span> <span class='ocrx_word' id='word_1_808' title='bbox 3463 3855 3576 3896; x_wconf 85' lang='lat' dir='ltr'><strong>me-</strong></span> 
     </span>
    </p>
   </div>
   <div class='ocr_carea' id='block_1_102' title="bbox 1999 3933 3576 4004">
    <p class='ocr_par' dir='ltr' id='par_1_102' title="bbox 1999 3933 3576 4004">
     <span class='ocr_line' id='line_1_102' title="bbox 1999 3933 3576 4004; baseline -0.003 -12"><span class='ocrx_word' id='word_1_809' title='bbox 1999 3939 2119 3992; x_wconf 90' lang='lat' dir='ltr'><strong>ritis</strong></span> <span class='ocrx_word' id='word_1_810' title='bbox 2146 3936 2395 3991; x_wconf 88' lang='lat' dir='ltr'><strong>humanis</strong></span> <span class='ocrx_word' id='word_1_811' title='bbox 2438 3935 2855 3991; x_wconf 77' lang='lat' dir='ltr'><strong>estcxhibitum.</strong></span> <span class='ocrx_word' id='word_1_812' title='bbox 2894 3933 3024 3988; x_wconf 87' lang='lat' dir='ltr'><strong>Nam</strong></span> <span class='ocrx_word' id='word_1_813' title='bbox 3070 3949 3166 4003; x_wconf 90' lang='lat' dir='ltr'><strong>pro</strong></span> <span class='ocrx_word' id='word_1_814' title='bbox 3209 3934 3576 4004; x_wconf 84' lang='lat' dir='ltr'><strong>iniquitatibus</strong></span> 
     </span>
    </p>
   </div>
   <div class='ocr_carea' id='block_1_103' title="bbox 1999 4025 3574 4097">
    <p class='ocr_par' dir='ltr' id='par_1_103' title="bbox 1999 4025 3574 4097">
     <span class='ocr_line' id='line_1_103' title="bbox 1999 4025 3574 4097; baseline -0.002 -13"><span class='ocrx_word' id='word_1_815' title='bbox 1999 4031 2193 4084; x_wconf 88' lang='lat' dir='ltr'><strong>nostris</strong></span> <span class='ocrx_word' id='word_1_816' title='bbox 2225 4042 2409 4097; x_wconf 64' lang='lat' dir='ltr'><strong>pinnas</strong></span> <span class='ocrx_word' id='word_1_817' title='bbox 2434 4028 2610 4097; x_wconf 89' lang='lat' dir='ltr'><strong>potius</strong></span> <span class='ocrx_word' id='word_1_818' title='bbox 2637 4027 2974 4081; x_wconf 82' lang='lat' dir='ltr'><strong>merebantur</strong></span> <span class='ocrx_word' id='word_1_819' title='bbox 3016 4044 3030 4081; x_wconf 90' lang='lat'><strong>:</strong></span> <span class='ocrx_word' id='word_1_820' title='bbox 3070 4025 3162 4080; x_wconf 88' lang='lat' dir='ltr'><strong>sed</strong></span> <span class='ocrx_word' id='word_1_821' title='bbox 3188 4026 3233 4080; x_wconf 90' lang='lat' dir='ltr'><strong>si</strong></span> <span class='ocrx_word' id='word_1_822' title='bbox 3274 4025 3574 4096; x_wconf 85' lang='lat' dir='ltr'><strong>iniquitates</strong></span> 
     </span>
    </p>
   </div>
   <div class='ocr_carea' id='block_1_104' title="bbox 1997 4116 3577 4188">
    <p class='ocr_par' dir='ltr' id='par_1_104' title="bbox 1997 4116 3577 4188">
     <span class='ocr_line' id='line_1_104' title="bbox 1997 4116 3577 4188; baseline -0.003 -14"><span class='ocrx_word' id='word_1_823' title='bbox 1997 4121 2369 4184; x_wconf 86' lang='lat' dir='ltr'><strong>observasset,</strong></span> <span class='ocrx_word' id='word_1_824' title='bbox 2423 4118 2540 4188; x_wconf 91' lang='lat' dir='ltr'><strong>quis</strong></span> <span class='ocrx_word' id='word_1_825' title='bbox 2589 4117 2961 4172; x_wconf 84' lang='lat' dir='ltr'><strong>sustinuisset?</strong></span> <span class='ocrx_word' id='word_1_826' title='bbox 3011 4116 3116 4171; x_wconf 85' lang='lat' dir='ltr'><strong>Pro</strong></span> <span class='ocrx_word' id='word_1_827' title='bbox 3146 4116 3323 4187; x_wconf 89' lang='lat' dir='ltr'><strong>impiis</strong></span> <span class='ocrx_word' id='word_1_828' title='bbox 3362 4131 3490 4188; x_wconf 85' lang='lat' dir='ltr'><strong>ergo</strong></span> <span class='ocrx_word' id='word_1_829' title='bbox 3524 4125 3577 4171; x_wconf 87' lang='lat' dir='ltr'><strong>et</strong></span> 
     </span>
    </p>
   </div>
   <div class='ocr_carea' id='block_1_105' title="bbox 2002 4208 3574 4280">
    <p class='ocr_par' dir='ltr' id='par_1_105' title="bbox 2002 4208 3574 4280">
     <span class='ocr_line' id='line_1_105' title="bbox 2002 4208 3574 4280; baseline -0.001 -18"><span class='ocrx_word' id='word_1_830' title='bbox 2002 4226 2096 4280; x_wconf 86' lang='lat' dir='ltr'><strong>pro</strong></span> <span class='ocrx_word' id='word_1_831' title='bbox 2148 4209 2515 4279; x_wconf 87' lang='lat' dir='ltr'><strong>peccatoribus</strong></span> <span class='ocrx_word' id='word_1_832' title='bbox 2548 4209 2717 4263; x_wconf 85' lang='lat' dir='ltr'><strong>servis</strong></span> <span class='ocrx_word' id='word_1_833' title='bbox 2747 4208 3002 4262; x_wconf 86' lang='lat' dir='ltr'><strong>Dominus</strong></span> <span class='ocrx_word' id='word_1_834' title='bbox 3038 4208 3204 4262; x_wconf 87' lang='lat' dir='ltr'><strong>factus</strong></span> <span class='ocrx_word' id='word_1_835' title='bbox 3242 4217 3324 4262; x_wconf 90' lang='lat' dir='ltr'><strong>est</strong></span> <span class='ocrx_word' id='word_1_836' title='bbox 3365 4208 3527 4261; x_wconf 84' lang='lat' dir='ltr'><strong>homo</strong></span> <span class='ocrx_word' id='word_1_837' title='bbox 3559 4248 3574 4272; x_wconf 90' lang='lat'><strong>,</strong></span> 
     </span>
    </p>
   </div>
   <div class='ocr_carea' id='block_1_106' title="bbox 2000 4299 3575 4372">
    <p class='ocr_par' dir='ltr' id='par_1_106' title="bbox 2000 4299 3575 4372">
     <span class='ocr_line' id='line_1_106' title="bbox 2000 4299 3575 4372; baseline -0.004 -15"><span class='ocrx_word' id='word_1_838' title='bbox 2000 4304 2066 4357; x_wconf 90' lang='lat' dir='ltr'><strong>de</strong></span> <span class='ocrx_word' id='word_1_839' title='bbox 2108 4301 2304 4372; x_wconf 88' lang='lat' dir='ltr'><strong>Spiritu</strong></span> <span class='ocrx_word' id='word_1_840' title='bbox 2333 4309 2518 4355; x_wconf 86' lang='lat' dir='ltr'><strong>sancto</strong></span> <span class='ocrx_word' id='word_1_841' title='bbox 2547 4309 2600 4355; x_wconf 87' lang='lat' dir='ltr'><strong>et</strong></span> <span class='ocrx_word' id='word_1_842' title='bbox 2625 4301 2827 4369; x_wconf 79' lang='lat' dir='ltr'><strong>virgine</strong></span> <span class='ocrx_word' id='word_1_843' title='bbox 2855 4300 3011 4354; x_wconf 78' lang='lat' dir='ltr'><strong>Maria</strong></span> <span class='ocrx_word' id='word_1_844' title='bbox 3032 4300 3177 4356; x_wconf 89' lang='lat' dir='ltr'><strong>nasci</strong></span> <span class='ocrx_word' id='word_1_845' title='bbox 3199 4299 3447 4371; x_wconf 83' lang='lat' dir='ltr'><strong>dignatus</strong></span> <span class='ocrx_word' id='word_1_846' title='bbox 3470 4308 3575 4354; x_wconf 85' lang='lat' dir='ltr'><strong>est.</strong></span> 
     </span>
    </p>
   </div>
   <div class='ocr_carea' id='block_1_107' title="bbox 2072 4388 3576 4448">
    <p class='ocr_par' dir='ltr' id='par_1_107' title="bbox 2072 4388 3576 4448">
     <span class='ocr_line' id='line_1_107' title="bbox 2072 4388 3576 4448; baseline -0.004 0"><span class='ocrx_word' id='word_1_847' title='bbox 2072 4394 2146 4448; x_wconf 76' lang='lat'><strong>5..</strong></span> <span class='ocrx_word' id='word_1_848' title='bbox 2169 4392 2273 4447; x_wconf 89' lang='lat' dir='ltr'><strong>Pro</strong></span> <span class='ocrx_word' id='word_1_849' title='bbox 2296 4391 2459 4445; x_wconf 86' lang='lat' dir='ltr'><strong>nobis</strong></span> <span class='ocrx_word' id='word_1_850' title='bbox 2487 4400 2730 4445; x_wconf 84' lang='lat' dir='ltr'><strong>mortuus.</strong></span> <span class='ocrx_word' id='word_1_851' title='bbox 2772 4389 2910 4444; x_wconf 70' lang='lat' dir='ltr'><strong>Crux</strong></span> <span class='ocrx_word' id='word_1_852' title='bbox 2948 4406 3049 4444; x_wconf 86' lang='lat' dir='ltr'><strong>non</strong></span> <span class='ocrx_word' id='word_1_853' title='bbox 3081 4388 3433 4445; x_wconf 78' lang='lat' dir='ltr'><strong>erubescenda.</strong></span> <span class='ocrx_word' id='word_1_854' title='bbox 3480 4388 3576 4443; x_wconf 86' lang='lat' dir='ltr'><strong>Pa-</strong></span> 
     </span>
    </p>
   </div>
   <div class='ocr_carea' id='block_1_108' title="bbox 2002 4479 3576 4551">
    <p class='ocr_par' dir='ltr' id='par_1_108' title="bbox 2002 4479 3576 4551">
     <span class='ocr_line' id='line_1_108' title="bbox 2002 4479 3576 4551; baseline -0.003 -11"><span class='ocrx_word' id='word_1_855' title='bbox 2002 4500 2117 4540; x_wconf 90' lang='lat' dir='ltr'><strong>rum</strong></span> <span class='ocrx_word' id='word_1_856' title='bbox 2145 4484 2247 4540; x_wconf 92' lang='lat' dir='ltr'><strong>hoc</strong></span> <span class='ocrx_word' id='word_1_857' title='bbox 2271 4483 2489 4538; x_wconf 90' lang='lat' dir='ltr'><strong>forsitan</strong></span> <span class='ocrx_word' id='word_1_858' title='bbox 2519 4482 2777 4548; x_wconf 81' lang='lat' dir='ltr'><strong>videatur,</strong></span> <span class='ocrx_word' id='word_1_859' title='bbox 2800 4482 2939 4551; x_wconf 81' lang='lat' dir='ltr'><strong>quod</strong></span> <span class='ocrx_word' id='word_1_860' title='bbox 2972 4495 3067 4550; x_wconf 89' lang='lat' dir='ltr'><strong>pro</strong></span> <span class='ocrx_word' id='word_1_861' title='bbox 3091 4479 3392 4536; x_wconf 84' lang='lat' dir='ltr'><strong>hominibus</strong></span> <span class='ocrx_word' id='word_1_862' title='bbox 3417 4479 3576 4546; x_wconf 81' lang='lat' dir='ltr'><strong>Deus,</strong></span> 
     </span>
    </p>
   </div>
   <div class='ocr_carea' id='block_1_109' title="bbox 2004 4573 3579 4646">
    <p class='ocr_par' dir='ltr' id='par_1_109' title="bbox 2004 4573 3579 4646">
     <span class='ocr_line' id='line_1_109' title="bbox 2004 4573 3579 4646; baseline -0.003 -18"><span class='ocrx_word' id='word_1_863' title='bbox 2004 4592 2101 4646; x_wconf 87' lang='lat' dir='ltr'><strong>pro</strong></span> <span class='ocrx_word' id='word_1_864' title='bbox 2128 4574 2494 4645; x_wconf 88' lang='lat' dir='ltr'><strong>peccatoribus</strong></span> <span class='ocrx_word' id='word_1_865' title='bbox 2529 4575 2703 4642; x_wconf 88' lang='lat' dir='ltr'><strong>justus</strong></span> <span class='ocrx_word' id='word_1_866' title='bbox 2724 4615 2738 4639; x_wconf 88' lang='lat'><strong>,</strong></span> <span class='ocrx_word' id='word_1_867' title='bbox 2766 4586 2866 4642; x_wconf 86' lang='lat' dir='ltr'><strong>pro</strong></span> <span class='ocrx_word' id='word_1_868' title='bbox 2904 4577 3009 4627; x_wconf 91' lang='lat' dir='ltr'><strong>reis</strong></span> <span class='ocrx_word' id='word_1_869' title='bbox 3038 4573 3332 4636; x_wconf 86' lang='lat' dir='ltr'><strong>innocens,</strong></span> <span class='ocrx_word' id='word_1_870' title='bbox 3363 4586 3460 4642; x_wconf 89' lang='lat' dir='ltr'><strong>pro</strong></span> <span class='ocrx_word' id='word_1_871' title='bbox 3486 4586 3579 4625; x_wconf 85' lang='lat' dir='ltr'><strong>ca-</strong></span> 
     </span>
    </p>
   </div>
   <div class='ocr_carea' id='block_1_110' title="bbox 2005 4662 3579 4736">
    <p class='ocr_par' dir='ltr' id='par_1_110' title="bbox 2005 4662 3579 4736">
     <span class='ocr_line' id='line_1_110' title="bbox 2005 4662 3579 4736; baseline -0.003 -16"><span class='ocrx_word' id='word_1_872' title='bbox 2005 4667 2160 4736; x_wconf 81' lang='lat' dir='ltr'><strong>ptivis</strong></span> <span class='ocrx_word' id='word_1_873' title='bbox 2190 4681 2303 4725; x_wconf 79' lang='lat' dir='ltr'><strong>rex,</strong></span> <span class='ocrx_word' id='word_1_874' title='bbox 2332 4678 2428 4735; x_wconf 86' lang='lat' dir='ltr'><strong>pro</strong></span> <span class='ocrx_word' id='word_1_875' title='bbox 2456 4665 2624 4718; x_wconf 89' lang='lat' dir='ltr'><strong>servis</strong></span> <span class='ocrx_word' id='word_1_876' title='bbox 2652 4664 2918 4718; x_wconf 88' lang='lat' dir='ltr'><strong>Dominus</strong></span> <span class='ocrx_word' id='word_1_877' title='bbox 2948 4678 3107 4719; x_wconf 70' lang='lat' dir='ltr'><strong>carne</strong></span> <span class='ocrx_word' id='word_1_878' title='bbox 3136 4663 3477 4717; x_wconf 85' lang='lat' dir='ltr'><strong>immanitatis</strong></span> <span class='ocrx_word' id='word_1_879' title='bbox 3503 4662 3579 4716; x_wconf 87' lang='lat' dir='ltr'><strong>in-</strong></span> 
     </span>
    </p>
   </div>
   <div class='ocr_carea' id='block_1_111' title="bbox 2006 4752 3582 4818">
    <p class='ocr_par' dir='ltr' id='par_1_111' title="bbox 2006 4752 3582 4818">
     <span class='ocr_line' id='line_1_111' title="bbox 2006 4752 3582 4818; baseline -0.004 -6"><span class='ocrx_word' id='word_1_880' title='bbox 2006 4757 2164 4812; x_wconf 89' lang='lat' dir='ltr'><strong>dutus</strong></span> <span class='ocrx_word' id='word_1_881' title='bbox 2188 4756 2397 4811; x_wconf 82' lang='lat' dir='ltr'><strong>advenit</strong></span> <span class='ocrx_word' id='word_1_882' title='bbox 2426 4798 2438 4818; x_wconf 85' lang='lat'><strong>,</strong></span> <span class='ocrx_word' id='word_1_883' title='bbox 2474 4756 2525 4809; x_wconf 92' lang='lat' dir='ltr'><strong>in</strong></span> <span class='ocrx_word' id='word_1_884' title='bbox 2555 4757 2713 4810; x_wconf 87' lang='lat' dir='ltr'><strong>terris</strong></span> <span class='ocrx_word' id='word_1_885' title='bbox 2736 4756 2882 4811; x_wconf 84' lang='lat' dir='ltr'><strong>visus</strong></span> <span class='ocrx_word' id='word_1_886' title='bbox 2910 4764 2991 4809; x_wconf 88' lang='lat' dir='ltr'><strong>est</strong></span> <span class='ocrx_word' id='word_1_887' title='bbox 3015 4764 3069 4810; x_wconf 90' lang='lat' dir='ltr'><strong>et</strong></span> <span class='ocrx_word' id='word_1_888' title='bbox 3111 4770 3230 4809; x_wconf 92' lang='lat' dir='ltr'><strong>cum</strong></span> <span class='ocrx_word' id='word_1_889' title='bbox 3278 4752 3582 4807; x_wconf 88' lang='lat' dir='ltr'><strong>hominibus</strong></span> 
     </span>
    </p>
   </div>
   <div class='ocr_carea' id='block_1_112' title="bbox 2005 4842 3579 4910">
    <p class='ocr_par' dir='ltr' id='par_1_112' title="bbox 2005 4842 3579 4910">
     <span class='ocr_line' id='line_1_112' title="bbox 2005 4842 3579 4910; baseline -0.004 -8"><span class='ocrx_word' id='word_1_890' title='bbox 2005 4856 2350 4902; x_wconf 83' lang='lat' dir='ltr'><strong>conversatus</strong></span> <span class='ocrx_word' id='word_1_891' title='bbox 2391 4854 2475 4898; x_wconf 92' lang='lat' dir='ltr'><strong>cst</strong></span> <span class='ocrx_word' id='word_1_892' title='bbox 2501 4863 2512 4897; x_wconf 91' lang='lat'><strong>:</strong></span> <span class='ocrx_word' id='word_1_893' title='bbox 2567 4846 2850 4899; x_wconf 77' lang='lat' dir='ltr'><strong>crucifixus</strong></span> <span class='ocrx_word' id='word_1_894' title='bbox 2871 4842 3089 4910; x_wconf 87' lang='lat' dir='ltr'><strong>insuper</strong></span> <span class='ocrx_word' id='word_1_895' title='bbox 3108 4884 3121 4905; x_wconf 88' lang='lat'><strong>,</strong></span> <span class='ocrx_word' id='word_1_896' title='bbox 3150 4851 3393 4896; x_wconf 87' lang='lat' dir='ltr'><strong>mortuus</strong></span> <span class='ocrx_word' id='word_1_897' title='bbox 3413 4850 3465 4894; x_wconf 91' lang='lat' dir='ltr'><strong>et</strong></span> <span class='ocrx_word' id='word_1_898' title='bbox 3494 4856 3579 4895; x_wconf 82' lang='lat' dir='ltr'><strong>se-</strong></span> 
     </span>
    </p>
   </div>
   <div class='ocr_carea' id='block_1_113' title="bbox 2007 4928 3585 5009">
    <p class='ocr_par' dir='ltr' id='par_1_113' title="bbox 2007 4928 3585 5009">
     <span class='ocr_line' id='line_1_113' title="bbox 2007 4928 3585 5009; baseline -0.006 -18"><span class='ocrx_word' id='word_1_899' title='bbox 2007 4941 2181 5009; x_wconf 89' lang='lat' dir='ltr'><strong>pultus</strong></span> <span class='ocrx_word' id='word_1_900' title='bbox 2208 4949 2307 4994; x_wconf 85' lang='lat' dir='ltr'><strong>est.</strong></span> <span class='ocrx_word' id='word_1_901' title='bbox 2340 4938 2454 4989; x_wconf 88' lang='lat' dir='ltr'><strong>Non</strong></span> <span class='ocrx_word' id='word_1_902' title='bbox 2482 4936 2693 4989; x_wconf 83' lang='lat' dir='ltr'><strong>credis?</strong></span> <span class='ocrx_word' id='word_1_903' title='bbox 2726 4934 2863 4987; x_wconf 92' lang='lat' dir='ltr'><strong>Dicis</strong></span> <span class='ocrx_word' id='word_1_904' title='bbox 2904 4932 3040 4986; x_wconf 89' lang='lat' dir='ltr'><strong>forte</strong></span> <span class='ocrx_word' id='word_1_905' title='bbox 3083 4947 3099 4984; x_wconf 88' lang='lat'><strong>:</strong></span> <span class='ocrx_word' id='word_1_906' title='bbox 3129 4929 3351 4998; x_wconf 86' lang='lat' dir='ltr'><strong>Quando</strong></span> <span class='ocrx_word' id='word_1_907' title='bbox 3377 4929 3481 4984; x_wconf 87' lang='lat' dir='ltr'><strong>hoc</strong></span> <span class='ocrx_word' id='word_1_908' title='bbox 3510 4928 3585 4983; x_wconf 88' lang='lat' dir='ltr'><strong>fa-</strong></span> 
     </span>
    </p>
   </div>
   <div class='ocr_carea' id='block_1_114' title="bbox 2005 5018 3581 5096">
    <p class='ocr_par' dir='ltr' id='par_1_114' title="bbox 2005 5018 3581 5096">
     <span class='ocr_line' id='line_1_114' title="bbox 2005 5018 3581 5096; baseline -0.008 -13"><span class='ocrx_word' id='word_1_909' title='bbox 2005 5038 2146 5083; x_wconf 89' lang='lat' dir='ltr'><strong>ctum</strong></span> <span class='ocrx_word' id='word_1_910' title='bbox 2178 5030 2303 5083; x_wconf 89' lang='lat' dir='ltr'><strong>est?</strong></span> <span class='ocrx_word' id='word_1_911' title='bbox 2344 5028 2478 5081; x_wconf 85' lang='lat' dir='ltr'><strong>Audi</strong></span> <span class='ocrx_word' id='word_1_912' title='bbox 2503 5042 2611 5096; x_wconf 90' lang='lat' dir='ltr'><strong>quo</strong></span> <span class='ocrx_word' id='word_1_913' title='bbox 2654 5036 2891 5091; x_wconf 89' lang='lat' dir='ltr'><strong>tempore</strong></span> <span class='ocrx_word' id='word_1_914' title='bbox 2921 5040 2934 5074; x_wconf 87' lang='lat'>:</span> <span class='ocrx_word' id='word_1_915' title='bbox 2967 5022 3067 5077; x_wconf 88' lang='lat' dir='ltr'><strong>sub</strong></span> <span class='ocrx_word' id='word_1_916' title='bbox 3094 5020 3280 5074; x_wconf 86' lang='lat' dir='ltr'><strong>Pontio</strong></span> <span class='ocrx_word' id='word_1_917' title='bbox 3309 5018 3499 5076; x_wconf 85' lang='lat' dir='ltr'><strong>Pilato.</strong></span> <span class='ocrx_word' id='word_1_918' title='bbox 3530 5020 3581 5073; x_wconf 87' lang='lat' dir='ltr'><strong>lu</strong></span> 
     </span>
    </p>
   </div>
   <div class='ocr_carea' id='block_1_115' title="bbox 2006 5112 3584 5189">
    <p class='ocr_par' dir='ltr' id='par_1_115' title="bbox 2006 5112 3584 5189">
     <span class='ocr_line' id='line_1_115' title="bbox 2006 5112 3584 5189; baseline -0.004 -15"><span class='ocrx_word' id='word_1_919' title='bbox 2006 5118 2389 5189; x_wconf 73' lang='lat' dir='ltr'><strong>significatione</strong></span> <span class='ocrx_word' id='word_1_920' title='bbox 2438 5118 2528 5172; x_wconf 87' lang='lat' dir='ltr'><strong>tibi</strong></span> <span class='ocrx_word' id='word_1_921' title='bbox 2565 5119 2727 5172; x_wconf 88' lang='lat' dir='ltr'><strong>etiam</strong></span> <span class='ocrx_word' id='word_1_922' title='bbox 2752 5129 2947 5169; x_wconf 90' lang='lat' dir='ltr'><strong>nomen</strong></span> <span class='ocrx_word' id='word_1_923' title='bbox 2984 5113 3176 5183; x_wconf 76' lang='lat' dir='ltr'><strong>judicia</strong></span> <span class='ocrx_word' id='word_1_924' title='bbox 3204 5112 3433 5182; x_wconf 88' lang='lat' dir='ltr'><strong>positum</strong></span> <span class='ocrx_word' id='word_1_925' title='bbox 3461 5121 3584 5173; x_wconf 32' lang='lat' dir='ltr'><strong>esti,</strong></span> 
     </span>
    </p>
   </div>
   <div class='ocr_carea' id='block_1_116' title="bbox 2008 5203 3583 5276">
    <p class='ocr_par' dir='ltr' id='par_1_116' title="bbox 2008 5203 3583 5276">
     <span class='ocr_line' id='line_1_116' title="bbox 2008 5203 3583 5276; baseline -0.004 -12"><span class='ocrx_word' id='word_1_926' title='bbox 2008 5227 2075 5264; x_wconf 87' lang='lat' dir='ltr'><strong>ne</strong></span> <span class='ocrx_word' id='word_1_927' title='bbox 2112 5209 2196 5263; x_wconf 86' lang='lat' dir='ltr'><strong>vel</strong></span> <span class='ocrx_word' id='word_1_928' title='bbox 2223 5207 2288 5262; x_wconf 88' lang='lat' dir='ltr'><strong>de</strong></span> <span class='ocrx_word' id='word_1_929' title='bbox 2332 5215 2568 5276; x_wconf 86' lang='lat' dir='ltr'><strong>tempore</strong></span> <span class='ocrx_word' id='word_1_930' title='bbox 2594 5206 2885 5261; x_wconf 82' lang='lat' dir='ltr'><strong>dubitares.</strong></span> <span class='ocrx_word' id='word_1_931' title='bbox 2915 5204 3091 5260; x_wconf 84' lang='lat' dir='ltr'><strong>Crede</strong></span> <span class='ocrx_word' id='word_1_932' title='bbox 3113 5218 3240 5273; x_wconf 83' lang='lat' dir='ltr'><strong>ergo</strong></span> <span class='ocrx_word' id='word_1_933' title='bbox 3270 5203 3459 5258; x_wconf 86' lang='lat' dir='ltr'><strong>Filium</strong></span> <span class='ocrx_word' id='word_1_934' title='bbox 3489 5204 3583 5259; x_wconf 83' lang='lat' dir='ltr'><strong>Dei</strong></span> 
     </span>
    </p>
   </div>
   <div class='ocr_carea' id='block_1_117' title="bbox 2007 5293 3586 5366">
    <p class='ocr_par' dir='ltr' id='par_1_117' title="bbox 2007 5293 3586 5366">
     <span class='ocr_line' id='line_1_117' title="bbox 2007 5293 3586 5366; baseline -0.005 -11"><span class='ocrx_word' id='word_1_935' title='bbox 2007 5299 2317 5356; x_wconf 75' lang='lat' dir='ltr'><strong>cruciﬁxum</strong></span> <span class='ocrx_word' id='word_1_936' title='bbox 2356 5296 2459 5353; x_wconf 91' lang='lat' dir='ltr'><strong>sub</strong></span> <span class='ocrx_word' id='word_1_937' title='bbox 2504 5298 2692 5352; x_wconf 88' lang='lat' dir='ltr'><strong>Pontio</strong></span> <span class='ocrx_word' id='word_1_938' title='bbox 2723 5296 2896 5351; x_wconf 87' lang='lat' dir='ltr'><strong>Pilato</strong></span> <span class='ocrx_word' id='word_1_939' title='bbox 2933 5306 2985 5350; x_wconf 89' lang='lat' dir='ltr'><strong>et</strong></span> <span class='ocrx_word' id='word_1_940' title='bbox 3016 5295 3298 5364; x_wconf 87' lang='lat' dir='ltr'><strong>sepultmn.</strong></span> <span class='ocrx_word' id='word_1_941' title='bbox 3334 5293 3586 5366; x_wconf 76' lang='lat' dir='ltr'><strong>Majorem</strong></span> 
     </span>
    </p>
   </div>
   <div class='ocr_carea' id='block_1_118' title="bbox 2006 5385 3586 5454">
    <p class='ocr_par' dir='ltr' id='par_1_118' title="bbox 2006 5385 3586 5454">
     <span class='ocr_line' id='line_1_118' title="bbox 2006 5385 3586 5454; baseline -0.004 -7"><span class='ocrx_word' id='word_1_942' title='bbox 2006 5400 2182 5447; x_wconf 89' lang='lat' dir='ltr'><strong>autem</strong></span> <span class='ocrx_word' id='word_1_943' title='bbox 2216 5391 2310 5444; x_wconf 83' lang='lat' dir='ltr'><strong>hac</strong></span> <span class='ocrx_word' id='word_1_944' title='bbox 2333 5387 2628 5442; x_wconf 75' lang='lat' dir='ltr'><strong>cltaritatem</strong></span> <span class='ocrx_word' id='word_1_945' title='bbox 2654 5403 2798 5441; x_wconf 78' lang='lat' dir='ltr'><strong>nemo</strong></span> <span class='ocrx_word' id='word_1_946' title='bbox 2822 5385 2983 5452; x_wconf 85' lang='lat' dir='ltr'><strong>habet,</strong></span> <span class='ocrx_word' id='word_1_947' title='bbox 3010 5394 3064 5438; x_wconf 87' lang='lat' dir='ltr'><strong>ut</strong></span> <span class='ocrx_word' id='word_1_948' title='bbox 3086 5385 3307 5439; x_wconf 67' lang='lat' dir='ltr'><strong>annnam</strong></span> <span class='ocrx_word' id='word_1_949' title='bbox 3332 5401 3473 5439; x_wconf 86' lang='lat' dir='ltr'><strong>suam</strong></span> <span class='ocrx_word' id='word_1_950' title='bbox 3497 5404 3586 5454; x_wconf 79' lang='lat' dir='ltr'><strong>po-</strong></span> 
     </span>
    </p>
   </div>
   <div class='ocr_carea' id='block_1_119' title="bbox 2007 5476 3582 5552">
    <p class='ocr_par' dir='ltr' id='par_1_119' title="bbox 2007 5476 3582 5552">
     <span class='ocr_line' id='line_1_119' title="bbox 2007 5476 3582 5552; baseline -0.003 -17"><span class='ocrx_word' id='word_1_951' title='bbox 2007 5492 2095 5536; x_wconf 86' lang='lat' dir='ltr'><strong>nat</strong></span> <span class='ocrx_word' id='word_1_952' title='bbox 2132 5482 2244 5551; x_wconf 82' lang='lat' dir='ltr'><strong>quis</strong></span> <span class='ocrx_word' id='word_1_953' title='bbox 2283 5497 2374 5552; x_wconf 82' lang='lat' dir='ltr'><strong>pro</strong></span> <span class='ocrx_word' id='word_1_954' title='bbox 2413 5479 2589 5533; x_wconf 83' lang='lat' dir='ltr'><strong>amicis</strong></span> <span class='ocrx_word' id='word_1_955' title='bbox 2623 5479 2727 5532; x_wconf 86' lang='lat' dir='ltr'><strong>suis</strong></span> <span class='ocrx_word' id='word_1_956' title='bbox 2767 5476 2953 5549; x_wconf 78' lang='lat' dir='ltr'><strong>(Joan.</strong></span> <span class='ocrx_word' id='word_1_957' title='bbox 2991 5492 3079 5542; x_wconf 81' lang='lat' dir='ltr'><strong>xv,</strong></span> <span class='ocrx_word' id='word_1_958' title='bbox 3126 5476 3234 5545; x_wconf 82' lang='grc'><strong>15).</strong></span> <span class='ocrx_word' id='word_1_959' title='bbox 3263 5476 3421 5531; x_wconf 82' lang='lat' dir='ltr'><strong>Putas</strong></span> <span class='ocrx_word' id='word_1_960' title='bbox 3444 5516 3461 5544; x_wconf 90' lang='lat'><strong>,</strong></span> <span class='ocrx_word' id='word_1_961' title='bbox 3489 5492 3582 5531; x_wconf 84' lang='lat' dir='ltr'><strong>ne-</strong></span> 
     </span>
    </p>
   </div>
   <div class='ocr_carea' id='block_1_120' title="bbox 2006 5562 3585 5635">
    <p class='ocr_par' dir='ltr' id='par_1_120' title="bbox 2006 5562 3585 5635">
     <span class='ocr_line' id='line_1_120' title="bbox 2006 5562 3585 5635; baseline -0.003 -7"><span class='ocrx_word' id='word_1_962' title='bbox 2006 5574 2136 5629; x_wconf 90' lang='lat' dir='ltr'><strong>mo?</strong></span> <span class='ocrx_word' id='word_1_963' title='bbox 2169 5572 2396 5627; x_wconf 91' lang='lat' dir='ltr'><strong>Omnino</strong></span> <span class='ocrx_word' id='word_1_964' title='bbox 2428 5586 2602 5625; x_wconf 89' lang='lat' dir='ltr'><strong>nemo.</strong></span> <span class='ocrx_word' id='word_1_965' title='bbox 2632 5568 2823 5623; x_wconf 78' lang='lat' dir='ltr'><strong>Verum</strong></span> <span class='ocrx_word' id='word_1_966' title='bbox 2846 5576 2928 5623; x_wconf 91' lang='lat' dir='ltr'><strong>est</strong></span> <span class='ocrx_word' id='word_1_967' title='bbox 2951 5610 2964 5631; x_wconf 87' lang='lat'><strong>,</strong></span> <span class='ocrx_word' id='word_1_968' title='bbox 3002 5562 3253 5635; x_wconf 74' lang='lat' dir='ltr'><strong>Christus</strong></span> <span class='ocrx_word' id='word_1_969' title='bbox 3294 5568 3395 5624; x_wconf 89' lang='lat' dir='ltr'><strong>hoc</strong></span> <span class='ocrx_word' id='word_1_970' title='bbox 3433 5568 3585 5623; x_wconf 77' lang='lat' dir='ltr'><strong>dixit.</strong></span> 
     </span>
    </p>
   </div>
   <div class='ocr_carea' id='block_1_121' title="bbox 2009 5663 3587 5738">
    <p class='ocr_par' dir='ltr' id='par_1_121' title="bbox 2009 5663 3587 5738">
     <span class='ocr_line' id='line_1_121' title="bbox 2009 5663 3587 5738; baseline -0.001 -17"><span class='ocrx_word' id='word_1_971' title='bbox 2009 5670 2396 5738; x_wconf 77' lang='lat' dir='ltr'><strong>lntcrrogemus</strong></span> <span class='ocrx_word' id='word_1_972' title='bbox 2449 5663 2793 5736; x_wconf 84' lang='lat' dir='ltr'><strong>Apostolum,</strong></span> <span class='ocrx_word' id='word_1_973' title='bbox 2843 5664 3000 5717; x_wconf 77' lang='lat' dir='ltr'><strong>etiam</strong></span> <span class='ocrx_word' id='word_1_974' title='bbox 3046 5664 3360 5732; x_wconf 83' lang='lat' dir='ltr'><strong>respondeat</strong></span> <span class='ocrx_word' id='word_1_975' title='bbox 3411 5664 3587 5721; x_wconf 84' lang='lat' dir='ltr'><strong>nobis.</strong></span> 
     </span>
    </p>
   </div>
  </div>
