3886 6188
344 355 482 413 10⁷6

340 471 568 527 Christus
596 514 611 536 ,
638 468 841 539 inquit.
894 483 984 534 pro
1025 466 1192 535 impiis
1233 475 1457 519 mortuus
1489 474 1586 519 est.
1627 464 1696 519 Et
1723 467 1911 523 itcrum

339 563 469 618 dicit
498 579 511 616 :
539 560 668 617 Cum
693 560 884 613 inimici
908 572 1123 613 essemus
1140 600 1155 619 .
1182 557 1487 612 reconciliati
1506 572 1680 611 sumus
1700 555 1807 611 Deo
1827 572 1915 625 per

340 656 554 709 πωπω
583 651 707 707 Filii
722 653 850 721 ejus.
876 650 1017 706 Ecce
1040 666 1166 721 ergo
1194 651 1251 705 in
1265 632 1481 707 Chrisio
1499 650 1753 721 majorem
1775 649 1914 705 inve-

338 744 517 800 nimus
532 742 867 809 cbaritatcm,
889 742 1011 813 quia
1037 742 1266 795 animam
1287 754 1451 795 suam
1466 755 1574 796 non
1592 754 1691 811 pro
1703 740 1910 806 amicis,

338 836 433 890 sed
463 849 558 904 pro
584 833 698 888 suis
725 833 939 888 tradidit
970 832 1221 888 inimicis.
1247 831 1487 899 Quantus
1506 846 1635 903 ergo
1656 831 1749 887 Dei
1764 843 1914 884 amor

332 940 459 996 erga
520 925 767 981 homines
806 933 862 981 et
911 925 1081 994 qualis
1127 923 1371 991 affectio,
1417 925 1721 980 sicamare
1751 923 1910 977 etiam

331 1026 675 1086 peccatores,
720 1026 780 1072 ut
819 1031 1001 1072 amore
1026 1030 1209 1071 eorum
1240 1023 1558 1071 moreretur.
1589 1012 1912 1069 Commendat

329 1108 476 1163 enim
502 1108 799 1162 charitatem
819 1124 965 1163 suam
1009 1110 1065 1162 in
1100 1109 1242 1163 nobis
1260 1151 1276 1176 ,
1302 1108 1540 1178 Apostoli
1570 1107 1727 1163 verba
1752 1113 1908 1168 sunt;

328 1200 447 1268 quia
469 1215 586 1255 cum
621 1198 790 1253 adhuc
817 1207 1098 1269 peccatores
1130 1214 1347 1253 essemus
1363 1239 1380 1265 ,
1402 1196 1630 1277 Christus
1652 1213 1743 1267 pro
1769 1194 1910 1249 nobis

329 1300 556 1347 mortuus
580 1300 668 1347 est.
685 1291 860 1362 (Rom.
888 1307 942 1358 v,
972 1292 1027 1358 6,
1056 1292 1146 1358 l0,
1175 1290 1255 1362 8).
1281 1290 1449 1345 Crede
1472 1305 1598 1360 ergo
1625 1289 1725 1344 hoc
1747 1297 1801 1344 et
1831 1298 1906 1352 tu,

328 1390 386 1436 et
405 1396 502 1451 pro
523 1382 695 1436 salute
724 1390 810 1435 tua
836 1381 943 1436 noli
969 1381 1287 1437 erubescere
1303 1380 1565 1436 conﬁteri.
1586 1380 1752 1435 Corde
1777 1379 1908 1433 enim

328 1473 552 1528 creditur
576 1473 644 1527 ad
654 1473 908 1545 justitiam
923 1513 943 1539 ,
970 1489 1057 1527 ore
1088 1481 1258 1526 autem
1277 1470 1523 1541 confessio
1539 1471 1596 1540 fit
1614 1470 1685 1524 ad
1695 1469 1909 1524 salutent

328 1562 861 1635 (11.x,lh).Denique
871 1578 939 1620 ne
947 1562 1238 1629 dubitares,
1252 1577 1319 1618 ne
1331 1559 1910 1631 erubesceres,quando

328 1656 558 1727 primum
584 1656 861 1713 credidisti
880 1697 897 1721 ,
929 1656 1136 1727 signum
1160 1654 1357 1710 Christi
1381 1655 1434 1709 in
1460 1652 1637 1710 fronte
1661 1661 1907 1723 tanquam

330 1748 385 1801 in
420 1747 586 1803 domo
630 1746 851 1819 pudoris
886 1746 1157 1817 accepisti.
1213 1744 1409 1801 Recole
1452 1744 1678 1800 frontem
1722 1751 1865 1797 tuam
1890 1782 1904 1804 ,

329 1851 406 1893 tte
450 1840 1037 1918 lingua-extimescas
1061 1838 1308 1894 alienam.
1356 1837 1456 1903 Qui
1500 1836 1652 1901 enim,
1701 1834 1903 1906 inquit,

328 1929 447 1998 ipse
499 1929 757 1986 Dominus
777 1970 796 1996 ,
839 1933 1081 2001 confusus
1126 1945 1207 1984 me
1265 1928 1421 1999 fuerit
1464 1943 1635 1983 coram
1686 1926 1906 1981 homini-

328 2018 423 2074 bus
437 2059 454 2081 .
505 2019 780 2090 confundet
815 2017 962 2073 illum
1001 2017 1181 2075 Filius
1218 2018 1437 2073 hominis
1480 2032 1653 2075 coram
1701 2015 1908 2087 Angelis

330 2107 427 2163 Dei
454 2110 472 2141 ⁸
518 2106 723 2182 (Herc.
767 2123 899 2176 rut,
935 2108 1050 2180 38).
1094 2106 1212 2163 Noli
1255 2121 1383 2178 ergo
1409 2106 1723 2163 erubescere
1758 2105 1907 2176 igno-

329 2198 548 2254 miniam
572 2200 785 2265 crucis,
804 2215 963 2270 quam
994 2212 1099 2269 pro
1126 2208 1180 2254 te
1208 2197 1350 2254 Deus
1374 2198 1489 2267 ipse
1512 2212 1621 2253 non
1647 2196 1909 2253 dubitavit

325 2290 608 2361 excipere;
637 2298 695 2346 et
711 2290 798 2346 die
828 2305 949 2346 eum
978 2290 1269 2361 Apostolo:
1290 2288 1421 2343 lilii
1437 2297 1604 2343 autem
1625 2288 1754 2342 absit
1793 2287 1906 2359 glo-

323 2382 472 2447 riari,
493 2382 593 2437 nisi
609 2382 664 2437 in
687 2396 838 2437 cruce
862 2380 1071 2437 Domini
1090 2380 1251 2435 nostri
1270 2378 1398 2434 Jestt
1415 2377 1604 2435 Christi
1623 2376 1816 2449 (Colat.
1833 2391 1903 2441 vt,

326 2472 442 2543 η).
496 2472 564 2527 Et
589 2471 879 2542 respondet
907 2472 1001 2527 tibi
1037 2470 1177 2526 idem
1207 2470 1320 2540 ipse
1347 2468 1619 2540 apostolus
1644 2486 1658 2523 :
1684 2466 1805 2522 Non
1829 2484 1910 2522 me

322 2562 548 2632 iudicaui
581 2560 780 2633 aliquid
806 2562 938 2617 scire
976 2560 1030 2614 in
1073 2559 1245 2626 vobis,
1289 2559 1387 2615 nisi
1410 2557 1589 2614 Iesum
1606 2557 1863 2614 Christum
1885 2597 1903 2624 ,

323 2663 374 2705 et
413 2654 547 2707 hanc
574 2653 876 2722 cruciﬁxum
904 2652 963 2726 (1
989 2651 1111 2708 Cor.
1142 2668 1201 2717 tt,
1230 2651 1322 2723 2).
1353 2652 1446 2708 Ille
1463 2653 1553 2723 qui
1579 2652 1646 2708 ab
1672 2666 1782 2708 uno
1807 2667 1907 2722 po-

325 2743 453 2813 pulo
476 2751 559 2799 est
588 2751 715 2798 tunc
738 2744 1047 2813 cruciﬁxus,
1086 2743 1139 2798 in
1193 2741 1430 2798 omnium
1482 2743 1796 2814 populorum
1823 2752 1906 2799 est

324 2848 466 2889 nunc
487 2832 739 2889 cordibus
755 2833 914 2889 ﬁxus.

394 2926 446 2981 6.
468 2925 874 2982 Resurrectiouis
903 2926 1089 2983 Christi
1112 2926 1258 2997 ﬁdes.
1280 2926 1408 2984 Htec
1435 2928 1564 2997 ﬁdes
1590 2926 1904 2983 Christianos

323 3010 583 3073 discernii.
625 3019 706 3075 Tu
734 3028 934 3087 autem,
960 3019 1205 3091 quisquis
1231 3035 1290 3076 es
1315 3019 1410 3091 qui
1427 3020 1495 3075 de
1524 3019 1759 3090 potentia
1793 3034 1904 3073 ma-

325 3111 408 3179 gis
426 3127 586 3183 quam
607 3112 678 3167 de
698 3112 999 3167 humilitate
1008 3111 1093 3167 vis
1105 3111 1341 3183 gloriari,
1366 3112 1549 3181 accipe
1577 3111 1901 3168 consolatio.—

324 3220 466 3271 ncm,
483 3204 619 3260 habe
637 3203 1062 3260 exsultationem.
1077 3202 1177 3268 Qui
1194 3202 1336 3259 enim
1353 3203 1636 3258 crucifixus
1654 3204 1754 3258 sub
1772 3201 1902 3259 Pon-

323 3297 398 3350 tio
446 3295 617 3350 l‘ilato
655 3303 709 3350 et
741 3295 979 3364 sepultus
1022 3304 1140 3362 est,
1191 3293 1368 3350 Tertia
1397 3293 1483 3350 die
1527 3294 1817 3363 resurrexit
1870 3310 1900 3349 a

323 3386 567 3441 mortuis.
592 3384 753 3441 Forte
775 3394 831 3441 et
859 3386 946 3441 hic
962 3385 1172 3441 dubitas
1192 3425 1211 3452 ,
1236 3384 1370 3440 forte
1400 3384 1653 3454 trepidas.
1680 3385 1902 3453 Quando

323 3476 415 3531 tibi
440 3475 644 3532 dictum
687 3484 806 3543 est,
828 3475 1002 3531 Crede
1040 3484 1220 3531 natum
1245 3516 1263 3543 ,
1306 3474 1464 3531 crede
1494 3489 1703 3544 passum
1731 3515 1747 3540 ,
1778 3490 1902 3532 cru-

320 3567 577 3639 ciﬁxum,
625 3575 893 3622 mortuum
936 3574 992 3622 et
1029 3566 1340 3637 sepultum;
1380 3565 1529 3637 quasi
1572 3566 1641 3621 de
1687 3566 1900 3622 homine

320 3655 527 3712 facilius
549 3656 860 3712 credidisti:
895 3672 1036 3713 nunc
1060 3656 1185 3727 quia
1209 3656 1421 3722 dicitur,
1473 3656 1650 3713 Tertia
1677 3656 1765 3713 die
1811 3672 1899 3712 re-

316 3749 550 3805 surrexit
574 3763 606 3803 a
647 3749 871 3804 mortuis
889 3789 908 3816 ,
951 3748 1165 3804 dubitas
1187 3788 1203 3815 ,
1229 3747 1503 3834 σιμ)ωοῖ
1529 3747 1599 3804 Ut
1624 3748 1691 3803 de
1722 3749 1899 3803 multis

319 3855 482 3895 unum
524 3838 859 3911 proieramus
900 3841 1248 3910 exemplum;
1297 3841 1462 3896 Deum
1501 3839 1736 3906 attende,
1779 3856 1897 3895 om-

320 3933 646 4003 nipotentem
675 3931 871 4002 cogita,
888 3939 945 3987 et
969 3931 1077 3987 noli
1096 3930 1358 3986 dubitare.
1381 3930 1434 3986 Si
1458 3931 1599 3985 enim
1627 3932 1796 4001 potuit
1825 3941 1897 3998 te,

317 4036 440 4077 cum
467 4037 573 4077 non
601 4034 750 4079 esses
776 4062 791 4087 ,
832 4037 898 4078 ex
927 4020 1096 4077 nihilo
1120 4021 1293 4076 facere
1317 4037 1331 4085 ;
1359 4038 1456 4076 cur
1478 4038 1582 4076 non
1610 4023 1776 4092 potuit
1805 4023 1901 4077 ho-

317 4116 515 4170 minem
548 4129 729 4182 suum,
755 4129 912 4184 quem
935 4114 1046 4182 jam
1073 4112 1289 4179 fecerat,
1318 4129 1346 4168 a
1378 4114 1600 4169 mortuis
1625 4115 1898 4170 excitare?

316 4206 532 4263 Credite
569 4221 698 4278 ergo
720 4247 736 4274 ,
776 4206 966 4261 fratres
993 4222 1007 4259 :
1036 4204 1123 4260 ubi
1150 4204 1217 4260 de
1259 4204 1362 4259 (ide
1393 4205 1597 4275 agitur,
1639 4205 1798 4274 longo
1823 4205 1896 4258 uti

319 4311 573 4352 sermone
596 4311 702 4351 non
729 4310 864 4366 opus
883 4304 986 4350 est.
1016 4293 1140 4351 Sola
1181 4294 1296 4350 haec
1338 4295 1467 4348 lidcs
1495 4304 1597 4360 est,
1616 4310 1734 4365 quia:
1752 4294 1899 4349 Chri-

315 4389 523 4444 stianos
569 4389 637 4443 ab
687 4387 933 4444 ominibus
965 4386 1267 4441 hominibus
1294 4385 1548 4441 discernit
1587 4394 1639 4442 et
1667 4397 1894 4455 separat.

314 4481 448 4536 Nam
490 4481 612 4548 quia
639 4485 880 4534 mortuus
906 4487 989 4533 est
1028 4486 1081 4533 et
1113 4479 1351 4546 sepultus
1371 4520 1384 4540 ,
1415 4489 1468 4532 et
1515 4478 1705 4550 Pagani
1739 4478 1895 4533 modo

312 4569 541 4626 credunt
557 4609 571 4632 ,
602 4577 658 4623 et
679 4567 849 4624 Judai
876 4576 999 4621 tunc
1014 4566 1260 4621 viderunt
1288 4583 1300 4618 :
1324 4569 1444 4636 quin
1480 4583 1606 4623 vero
1631 4569 1784 4623 tertia
1809 4568 1896 4623 die

316 4657 617 4714 resurrexit
640 4671 671 4711 a
699 4655 926 4711 mortuis
947 4696 963 4720 ,
994 4670 1096 4711 nec
1125 4655 1365 4725 Pagauns
1409 4670 1507 4731 nec
1549 4656 1760 4711 indutus
1805 4657 1897 4712 ad-

318 4749 497 4804 mittit.
521 4746 784 4804 Discernit
805 4760 951 4818 .ergo
990 4763 1020 4800 a
1070 4746 1297 4801 mortuis
1326 4746 1541 4815 perfidis
1568 4748 1731 4801 vitam
1775 4748 1900 4802 lidci

317 4850 536 4909 nostrm,
575 4838 898 4896 resurrectio
949 4847 1305 4895 mortuorum.
1350 4838 1479 4893 Nam
1529 4846 1587 4894 et
1623 4841 1903 4910 apostolus

317 4934 514 4990 Paulus
536 4947 658 4988 cum
686 4930 971 4987 Timotheo
1013 4929 1273 4987 scriberet
1308 4951 1322 4983 :
1351 4928 1603 4985 Memento
1628 4972 1643 4996 ,
1684 4930 1893 5000 inquit,

312 5023 493 5080 Iesum
525 5024 781 5078 Christum
820 5021 1150 5078 "surrexisse
1171 5036 1204 5075 a
1248 5021 1460 5076 mortuis
1490 5018 1553 5094 (ll
1584 5021 1714 5076 Tim.
1740 5037 1797 5087 tt,
1815 5021 1893 5093 8).

313 5114 605 5174 Credamus
627 5128 758 5185 ergo
781 5154 796 5178 ,
826 5112 1015 5168 fratres
1038 5153 1056 5178 ,
1094 5118 1150 5167 et
1171 5110 1311 5182 quod
1351 5112 1403 5166 in
1445 5110 1660 5167 Christo
1697 5111 1897 5168 factum

311 5207 601 5270 credimus,
628 5205 729 5260 hoc
753 5204 983 5259 futurum
1014 5217 1291 5273 speremus
1316 5200 1370 5256 in
1398 5201 1570 5255 nobis.
1592 5202 1731 5257 Deus
1752 5202 1897 5257 enim

282 5296 400 5365 -qui
433 5296 710 5366 promittit,
739 5310 842 5348 non
870 5293 1023 5349 fallit.

381 5388 435 5443 7.
469 5386 656 5442 Christi
683 5386 840 5441 sessio
866 5384 934 5438 ad
959 5383 1219 5440 dexteram
1244 5381 1435 5437 Patris.
1455 5382 1737 5453 Postquam
1767 5397 1901 5452 ergo

310 5477 604 5533 resurrexit
642 5493 669 5529 ιι
721 5476 978 5540 mortuis,
1005 5472 1246 5531 ascendit
1282 5472 1351 5528 ad
1388 5472 1553 5529 cados
1580 5513 1600 5539 ,
1642 5471 1790 5529 sedet
1828 5472 1899 5528 ad

316 5705 390 5774 ω’
421 5708 576 5763 νεκηλ
592 5707 837 5774 ronrrssns
860 5719 934 5774 utr
954 5706 1098 5774 fuerit
1125 5719 1287 5757 coram
1305 5705 1899 5774 hominibusconﬁtcbitur

310 5764 469 5823 illm.
493 5775 586 5815 etc.
616 5775 633 5807 \
651 5770 781 5817 crius
798 5776 873 5816 νε.
895 5768 950 5827 1.,
969 5770 1266 5819 ronﬁrsus....
1330 5768 1601 5831 conftmdt‘t.

1570 348 1623 404 S.
1669 344 2033 404 AUCUSTINI
2069 344 2368 405 EPlSCOPl

3456 353 3597 413 1078

2023 460 2294 518 dexteram
2328 464 2418 521 Dci
2446 464 2635 523 Patris.
2685 464 2867 521 Adhuc
2914 464 3052 522 forte
3095 482 3197 521 non
3235 468 3427 524 credis.
3457 471 3600 526 Audi

2018 554 2331 621 Apostol‘um
2376 573 2390 608 :
2431 556 2532 620 Qui
2572 555 2867 623 descendit,
2914 558 3119 628 inquit,
3160 559 3271 630 ipse
3297 571 3369 616 est
3413 571 3462 617 et
3508 565 3598 631 qui

2015 646 2240 699 ascendit
2292 662 2448 715 super
2488 662 2660 702 omnes
2708 650 2860 704 celos
2883 690 2900 718 ,
2960 660 3021 703 ut
3078 651 3374 722 adimpleret
3422 634 3599 708 omnia

2016 732 2231 804 (Ephes.
2253 751 2328 803 tv,
2363 737 2472 808 l0).
2502 737 2635 795 Vide
2658 753 2728 794 ne
2746 753 2903 810 quem
2919 755 3028 795 non
3055 740 3134 796 vis
3160 741 3384 799 credere
3409 758 3599 800 resuro

2013 835 2265 896 gentem,
2312 831 2511 885 sentias
2536 829 2916 885 vindicantem.
2942 831 3043 898 Qui
3086 832 3229 887 enim
3267 848 3375 889 non
3414 834 3600 889 credi-

2013 916 2190 985 derit,
2232 919 2343 989 jam
2380 917 2647 990 judicatus
2682 928 2764 975 est
2789 920 2981 985 (locis.
3034 936 3127 989 tu,
3172 921 3302 993 18).
3342 921 3472 979 Nam
3503 924 3598 994 qui

2016 1006 2175 1063 modo
2201 1007 2353 1064 sedet
2382 1009 2448 1062 ad
2477 1010 2748 1075 dexteram
2777 1011 2951 1068 Patris
2968 1012 3255 1069 advocatus
3274 1028 3375 1086 pro
3396 1015 3558 1072 nobis
3577 1055 3601 1083 ,

2015 1096 2140 1153 inde
2180 1107 2437 1156 venturus
2460 1109 2544 1155 cst
2580 1101 2821 1169 judicare
2846 1102 3000 1160 vivos
3021 1112 3077 1159 et
3103 1113 3365 1162 mortuos.
3389 1105 3602 1162 Creda-

2014 1201 2138 1243 mus
2160 1203 2328 1259 ergo;
2367 1199 2424 1245 ut
2447 1191 2560 1246 sive
2585 1191 2827 1249 vivamus
2847 1233 2864 1257 .
2893 1193 3009 1250 sive
3033 1195 3356 1260 moriamur,
3382 1196 3599 1252 Domini

2013 1278 2179 1333 simus
2208 1277 2383 1352 (Rom.
2408 1297 2523 1347 xiv,
2550 1283 2631 1352 8).
3338 1332 3341 1333 ν

2083 1368 2136 1424 8.
2177 1368 2257 1426 De
2284 1369 2485 1442 Spiritu
2511 1384 2687 1429 sancto
2704 1414 2724 1439 ,
2759 1375 3052 1431 remissione
3090 1384 3406 1446 peccatorum
3422 1417 3442 1444 ,
3479 1387 3595 1434 etc.

2010 1460 2304 1518 Credamus
2342 1473 2398 1521 et
2438 1464 2494 1519 in
2534 1464 2793 1536 Spiritum
2834 1476 3100 1522 sanctum.
3131 1467 3274 1524 Deus
3295 1467 3443 1525 enim
3469 1477 3598 1533 est;

2012 1554 2134 1622 quia
2171 1554 2425 1626 scriptum
2464 1562 2585 1625 est,
2627 1556 2761 1612 Deus
2782 1558 3011 1629 Spiritus
3032 1567 3107 1615 est
3127 1558 3305 1631 (locu.
3335 1575 3426 1627 iv,
3462 1559 3599 1632 ει).

2017 1644 2121 1707 Per
2143 1646 2316 1717 ipsum
2355 1648 2727 1706 remissionem
2772 1650 3065 1721 accipimus
3089 1659 3467 1722 peccatorum;
3499 1666 3601 1723 per

2014 1736 2185 1806 ipsum
2236 1739 2681 1797 resurrectionem
2723 1739 2990 1807 credimus
3043 1741 3261 1808 carnis;
3299 1756 3395 1813 per
3418 1742 3599 1815 ipsum

2012 1825 2174 1880 vitam
2200 1840 2480 1896 speramus
2498 1836 2773 1883 internata.
2804 1827 2912 1886 Sed
2940 1830 3116 1887 videte
3154 1845 3223 1887 ne
3264 1831 3599 1889 numerando

2012 1933 2254 1975 errorem
2293 1920 2587 1989 patiamini,
2610 1929 2668 1977 et
2706 1936 2792 1977 me
2831 1923 3026 1993 putetis
3069 1934 3178 1979 tres
3211 1924 3344 1980 deos
3371 1924 3594 1992 dixisse,

2010 2010 2134 2079 quia
2164 2025 2326 2065 unum
2365 2010 2535 2067 Deum
2568 2012 2724 2067 tertio
2750 2012 3036 2067 nominavi.
3068 2012 3182 2070 Una
3211 2022 3296 2069 est
3324 2013 3377 2069 in
3418 2005 3597 2070 Trini-

2013 2109 2124 2159 tate
2149 2102 2443 2159 substantia
2470 2102 2705 2171 deitatis,
2726 2117 2830 2158 una
2848 2104 3035 2171 virtus,
3070 2119 3174 2159 una
3198 2112 3456 2174 potestas,
3483 2121 3593 2162 una

2011 2192 2284 2261 maiestas,
2320 2208 2483 2249 unum
2505 2208 2701 2249 nomen
2717 2192 3011 2249 divinitatis
3032 2210 3049 2261 ;
3069 2193 3594 2265 sicutipserristus

2010 2283 2143 2338 dixit
2169 2282 2440 2355 discipulis
2463 2284 2595 2353 suis,
2614 2299 2736 2340 cum
2756 2284 3138 2340 resurrexisset
3155 2299 3187 2340 a
3203 2285 3429 2340 mortuis
3452 2303 3467 2340 :
3489 2284 3590 2353 Ite,

2010 2375 2259 2448 baptizata
2275 2387 2465 2449 gentes,
2505 2391 2611 2433 non
2640 2379 2695 2433 in
2719 2375 2902 2433 multis
2928 2376 3255 2443 nominibus,
3285 2376 3382 2432 sed
3407 2377 3463 2431 in
3485 2392 3591 2432 uno

2012 2469 2211 2524 nomine
2231 2467 2406 2524 Patris
2429 2477 2477 2524 et
2502 2467 2629 2524 Filii
2640 2478 2690 2523 et
2712 2469 2938 2540 Spiritus
2958 2467 3119 2522 uncti
3143 2466 3358 2539 (Matth.
3383 2484 3548 2523 xxvut
3569 2508 3586 2535 ,

2013 2560 2124 2632 l9).
2143 2558 2438 2616 Credentes
2453 2575 2581 2628 ergo
2595 2559 2826 2615 divinam
2839 2558 3174 2626 Trinitatem,
3189 2568 3245 2613 et
3264 2557 3461 2613 trinam
3476 2560 3589 2615 uei-

2013 2658 2197 2717 tatem,
2228 2661 2448 2718 cavete,
2474 2649 2841 2716 dilectissimi,
2873 2663 2943 2704 ne
2969 2649 3092 2719 quis
3118 2662 3212 2704 ros
3240 2650 3310 2704 ab
3337 2648 3590 2706 Ecclesia

2009 2739 2289 2796 catholica:
2317 2740 2423 2797 ﬁde
2447 2755 2513 2797 ac
2549 2740 2752 2797 unitate
2784 2740 3027 2796 seducat.
3078 2759 3101 2793 ‹
3126 2739 3225 2809 Qui
3269 2741 3415 2796 enim
3441 2741 3588 2798 vobis

2007 2829 2165 2885 aliter
2190 2818 2634 2901 cvangelizaverit
2653 2871 2669 2896 ,
2713 2840 3063 2901 prmterquam
3093 2829 3237 2901 quod
3274 2830 3587 2901 accepistis,

2008 2919 2289 2976 anathema
2319 2922 2407 2975 sit.
2444 2939 2462 2973 ι
2490 2920 2824 2990 Apostolum,
2852 2935 2960 2975 non
2989 2935 3076 2976 me
3094 2919 3294 2988 audito,
3316 2990 3319 2991 ν
3340 2921 3436 2991 qui
3458 2921 3535 2976 ait
3568 2938 3584 2976 :

2014 3032 2034 3065 ι
2070 3011 2174 3068 Sed
2205 3014 2305 3068 etsi
2331 3029 2450 3078 nos,
2473 3023 2562 3068 aut
2588 3013 2808 3085 angelus
2833 3012 2904 3069 de
2926 3011 3063 3068 ctelo
3084 3012 3239 3068 aliter
3257 3013 3413 3068 vobis
3432 3028 3593 3069 evan-

2007 3106 2352 3177 gelizaverit,
2385 3114 2736 3176 praeterquam
2778 3104 2919 3176 quod
2954 3105 3233 3176 accepistis
3257 3147 3277 3171 ,
3301 3104 3588 3161 anathema

2006 3196 2123 3251 sit'i
2158 3194 2361 3266 (Galat.
2390 3211 2442 3263 ι,
2470 3195 2524 3260 9,
2553 3195 2632 3267 8).
3633 3178 3651 3188 ’

2077 3285 2130 3339 9.
2175 3283 2241 3339 In
2287 3285 2496 3340 ecclesia
2539 3284 2789 3339 catholica
2833 3285 3117 3339 uiuendum.
3167 3285 3376 3342 Videtis
3419 3296 3584 3352 certe,

2005 3376 2300 3432 charissimi
2324 3418 2340 3442 ,
2364 3375 2600 3431 etiamin
2626 3376 2755 3445 ipsis
2778 3375 2947 3430 sancti
2968 3374 3207 3446 Symboli
3231 3376 3435 3445 verbis,
3455 3391 3585 3448 quo-

2005 3466 2166 3520 modo
2189 3466 2515 3522 conclusioni
2541 3467 2777 3521 omnium
2809 3466 3135 3536 regularum,
3163 3481 3283 3536 qua:
3308 3466 3380 3521 ad
3405 3481 3583 3522 sacra~

2003 3566 2238 3614 mentum
2263 3557 2388 3614 ﬁdei
2411 3558 2695 3628 pertinent,
2708 3557 2857 3629 quasi
2872 3559 3296 3629 supplementum
3316 3558 3583 3630 quoddam

2002 3650 2265 3717 additum,
2283 3657 2344 3705 ut
2358 3648 2646 3716 diceretur,
2670 3649 2775 3705 Per
2794 3659 3032 3706 sanctam
3053 3648 3377 3705 Ecclesium.
3404 3650 3585 3722 Fugite

2004 3756 2131 3813 ergo
2148 3758 2171 3807 ,ι
2190 3751 2446 3811 quantum
2490 3740 2711 3811 potestis
2732 3780 2748 3805 ,
2778 3740 3017 3796 diversos
3040 3750 3095 3797 et
3119 3741 3298 3796 varios
3330 3741 3584 3813 decepto-

2004 3850 2118 3899 res,
2151 3849 2376 3902 quorum
2405 3842 2579 3888 sectas
2607 3842 2661 3887 et
2688 3832 2905 3888 nomina
2948 3846 3060 3902 pne
3103 3831 3443 3887 multitudine
3468 3831 3579 3894 sui,

2004 3938 2144 3977 nunc
2174 3923 2388 3993 longum
2417 3932 2499 3979 est
2525 3937 2796 3978 enarrare.
2828 3923 2988 3978 Multa
3027 3923 3169 3978 enim
3211 3921 3474 3979 habemus
3505 3922 3582 3979 di-

2002 4028 2126 4067 core
2172 4013 2361 4078 vobis;
2407 4012 2501 4068 sed
2563 4028 2670 4069 non
2726 4013 2947 4083 potestis
2998 4013 3087 4067 illa
3133 4011 3351 4083 portare
3406 4013 3576 4070 modo.

2004 4103 2176 4165 Unum
2229 4104 2421 4159 vestris
2490 4104 2738 4174 precibus
2785 4103 3140 4171 commendo,
3186 4112 3244 4159 ut
3279 4104 3351 4160 ab
3391 4120 3458 4162 eo
3492 4105 3577 4175 qui

2002 4195 2299 4251 catholicus
2344 4211 2457 4253 non
2512 4205 2632 4263 est,
2697 4196 2931 4251 animum
2975 4209 3032 4252 et
3066 4195 3302 4252 auditum
3347 4206 3576 4253 vestrum

2003 4288 2325 4344 omnimodis
2377 4289 2631 4344 avertatis
2681 4305 2694 4340 :
2741 4302 2849 4359 quo
2909 4287 3278 4344 remissionem
3336 4296 3575 4359 peccato-

2002 4393 2118 4432 rum
2163 4386 2221 4433 et
2266 4378 2711 4445 resurrectionem
2759 4378 2936 4434 carnis
2986 4386 3042 4432 et
3083 4378 3244 4432 vitam
3290 4387 3573 4444 aeternam,

2002 4483 2098 4538 per
2119 4483 2274 4523 unam
2300 4484 2478 4524 veram
2496 4479 2553 4524 et
2572 4477 2811 4524 sanctam
2840 4467 3131 4524 Ecclesiam
3147 4467 3467 4525 catholicam
3484 4483 3573 4538 ap-

2000 4558 2329 4626 prchendere
2354 4558 2598 4624 valeatis;
2634 4558 2687 4613 in
2723 4573 2825 4628 qua
2866 4556 3086 4613 discitur
3122 4558 3281 4613 Pater
3321 4567 3382 4616 et
3421 4558 3578 4614 Filius

2000 4646 2295 4718 etSpiritus
2320 4658 2537 4704 sanctus
2564 4663 2702 4703 unus
2728 4649 2903 4715 Deus;
2926 4648 3008 4704 cui
3037 4657 3121 4705 est
3150 4647 3325 4704 honor
3342 4659 3400 4705 et
3417 4649 3574 4721 gloria

2004 4739 2059 4795 iu
2086 4738 2276 4792 szrcula
2304 4739 2648 4796 saeculorum.

2475 4892 2705 4948 SERMO
2742 4892 2946 4949 ccxw
2973 4897 2992 4916 ο
3023 4895 3119 4965 (a).

2573 5027 2636 5075 Ad
2660 5034 2998 5090 competentes

2080 5157 2302 5213 CAPUT
2332 5155 2615 5210 PRIMUM.
2637 5186 2706 5197 —-
2730 5156 2784 5219 l.
2823 5155 3167 5227 Competentes
3206 5157 3436 5227 quinm.
3471 5159 3574 5214 Ru-

2001 5251 2232 5305 dimcnta
2259 5247 2536 5302 ministerii
2564 5248 2730 5301 nostri
2763 5245 2860 5317 (ὁ),
2887 5258 2939 5302 et
2967 5249 3131 5303 vestri
3161 5259 3456 5321 conceptus
3482 5265 3584 5319 quo

2061 5403 2080 5422 ⁹
2102 5400 2310 5465 collatus
2333 5407 2411 5465 est
2441 5400 2500 5452 ad
2530 5413 2607 5465 gr.
2641 5400 2778 5465 plim.
2804 5407 2904 5450 Par.
2932 5408 3037 5452 Lov.

2082 5464 2135 5523 a)
2158 5463 2296 5523 Alias,
2320 5463 2385 5513 de
2406 5461 2616 5513 Diversis
2637 5461 2686 5511 8.

2082 5523 2132 5587 lt)
2156 5524 2353 5590 W108
2394 5526 2558 5588 itaque
2590 5535 2753 5590 seum
2788 5536 2914 5590 an?!)
2935 5523 3046 5586 Ἦν
3069 5539 3166 5590 (in!)
3202 5526 3463 5590 resima
3482 5529 3581 5588 ωρ-

1999 5585 2231 5650 ponensis
2253 5594 2453 5650 creatur
2477 5585 2782 5650 Augustinus.
2810 5585 2927 5635 vide
2949 5585 3109 5650 notam
3131 5588 3179 5637 in
3199 5585 3454 5639 exordium
3485 5585 3574 5650 scis

1999 5646 2156 5695 inonis
2176 5646 2228 5694 2t
2243 5647 2286 5699 i.
2300 5648 2474 5698 eodem
2497 5646 2719 5709 tempore
2737 5648 3045 5709 pronuntiati.
3064 5654 3111 5697 tn
3135 5650 3329 5700 Possidii
3354 5648 3578 5706 lndiculo,

2001 5721 2104 5770 cap.
2132 5709 2206 5763 10.
2226 5717 2435 5770 notatur,
2467 5726 2488 5755 α
2512 5709 2873 5761 Exhortatorius
2909 5709 2968 5757 ad
2987 5714 3332 5770 competentes
3356 5717 3576 5760 mantus

2013 5793 2031 5817 α
2052 5785 2195 5822 unus.
2218 5786 2240 5813 δ
