3886 6188
199 485 322 543 ﬁdei
345 477 629 551 concipitis
651 474 726 548 (α)
753 481 906 532 utero
936 471 1179 547 generari
1215 468 1417 527 caelesti
1455 467 1621 538 gratia
1641 507 1656 532 ,
1686 464 1782 520 ad-

198 571 433 646 iuvanda
473 576 601 626 sunt
626 582 722 623 ore
752 583 766 620 :
795 573 856 622 ut
881 573 936 622 et
958 572 1143 621 noster
1167 577 1265 619 vos
1292 575 1470 617 sermo
1497 558 1782 615 salubriter

199 666 525 735 alloquetur,
550 668 606 715 et
622 673 723 716 nos
740 664 917 714 vester
934 663 1223 726 conceptus
1240 653 1438 709 utiliter
1455 650 1781 707 consoletur.

201 759 310 815 Nos
338 754 654 813 instruimus
689 749 1057 817 sermonibus,
1098 764 1193 806 vos
1233 746 1482 820 proﬁcite
1525 743 1780 800 moribus.

202 847 515 919 Spargimus
534 857 834 901 sermonem
850 841 1017 907 verbi,
1034 840 1259 896 fructum
1278 839 1483 896 reddite
1502 837 1644 893 ﬁdei.
1660 836 1786 891 0m-

205 955 298 995 nes
313 935 612 995 secundum
632 932 964 991 vocationem
981 947 1084 1003 qua
1105 931 1275 987 vocati
1292 945 1474 985 sumus
1493 945 1522 984 a
1536 928 1783 995 Domino,

205 1034 256 1087 in
286 1030 408 1102 ejus
434 1029 519 1084 via
533 1028 831 1097 semitaque
842 1038 1120 1081 curramus
1138 1041 1151 1088 ;
1172 1023 1349 1078 nullus
1360 1031 1502 1078 retro
1517 1020 1785 1089 respiciat.

206 1124 418 1178 Veritas
445 1121 588 1177 enim
612 1134 733 1189 qua:
762 1133 863 1174 nec
893 1116 1031 1173 fallit
1053 1131 1154 1172 nec
1178 1115 1358 1170 fallere
1388 1122 1579 1183 potest,
1605 1121 1790 1182 aperte

204 1217 532 1272 denuntiat:
563 1212 730 1271 Nemo
762 1229 951 1285 ponens
992 1227 1198 1266 manum
1239 1225 1389 1280 super
1440 1219 1700 1274 aratrum,
1743 1220 1791 1263 et

206 1309 482 1385 respiciens
500 1319 658 1374 retro,
680 1315 829 1378 aptus
845 1306 940 1360 erit
964 1322 1116 1376 regno
1134 1303 1374 1359 calorum
1396 1302 1542 1376 (Luc.
1571 1318 1650 1366 lx,
1673 1301 1788 1372 62).

208 1400 326 1455 lloc
347 1412 542 1468 nempe
565 1411 663 1452 vos
690 1397 1086 1466 concupiscere,
1109 1395 1176 1449 ad
1203 1396 1302 1450 hoc
1321 1394 1525 1449 ambire
1545 1393 1795 1448 omnibus

209 1491 412 1546 mentis
455 1497 651 1544 vestras
689 1487 972 1544 conatibus
993 1528 1008 1552 ,
1057 1488 1229 1558 ipsum
1273 1496 1507 1542 vestrum
1556 1500 1752 1541 nomen
1776 1528 1791 1551 ,

210 1581 356 1652 quod
373 1587 740 1650 competentes
759 1579 1041 1646 vocamini,
1059 1577 1310 1634 ostendit.
1333 1576 1468 1644 Quid
1490 1577 1634 1632 enim
1654 1577 1795 1633 aliud

210 1681 341 1727 sunt
372 1672 780 1741 Competentes,
809 1684 968 1740 quam
998 1668 1157 1724 simul
1188 1668 1468 1738 petentes?
1499 1667 1633 1723 Nam
1661 1682 1797 1738 quo-

216 1762 382 1817 modo
408 1760 790 1827 condocentes,
819 1768 1201 1815 concurrentes
1219 1800 1235 1826 ,
1262 1758 1601 1815 considentes
1620 1800 1634 1823 ,
1668 1758 1798 1813 nihil

212 1854 360 1909 aliud
389 1863 572 1919 sonat,
602 1868 760 1924 quam
799 1853 957 1908 simul
988 1853 1268 1921 docentes,
1295 1853 1454 1909 simul
1485 1863 1796 1918 currentes,

215 1946 380 2001 simul
420 1945 700 2011 sedentes;
735 1946 808 2000 ita
837 1946 994 1999 etiam
1020 1944 1445 2016 Competentium
1484 1948 1798 2003 vocabulum

217 2053 329 2092 non
347 2037 563 2093 aliunde
581 2051 738 2108 quam
752 2036 819 2092 de
837 2036 991 2091 simul
1008 2036 1237 2106 petendo
1251 2046 1408 2108 atque
1424 2053 1586 2093 unum
1602 2040 1800 2110 aliquid

219 2128 525 2198 appetendo
571 2129 922 2197 compositum
959 2135 1057 2182 est.
1090 2127 1159 2182 Et
1196 2129 1338 2197 quod
1364 2129 1493 2185 illud
1513 2138 1597 2186 est
1616 2146 1799 2198 unum,

224 2219 372 2287 quod
400 2219 579 2289 petitis
603 2218 688 2272 vel
714 2218 1086 2289 concupiscitis
1105 2259 1120 2282 ,
1142 2218 1244 2273 nisi
1274 2219 1415 2289 quod
1455 2220 1667 2292 quidam
1709 2221 1803 2277 ab-

219 2310 382 2379 jectis
420 2309 707 2365 desideriis
761 2309 1061 2364 carnalibus
1101 2317 1156 2364 et
1199 2311 1463 2379 superatis
1512 2312 1805 2367 terroribus

219 2401 408 2455 smculi
451 2400 648 2454 clamat
692 2399 1018 2470 intrepidus?
1043 2400 1105 2455 Si
1132 2401 1404 2456 consistant
1439 2403 1705 2458 adversum
1728 2421 1808 2459 me

223 2503 413 2556 castra,
434 2508 535 2546 non
551 2492 736 2546 timebit
756 2508 843 2547 cor
865 2509 1030 2547 meum
1050 2493 1130 2557 ;si
1141 2503 1382 2564 exsurgat
1406 2493 1459 2548 in
1484 2511 1565 2548 me
1600 2494 1804 2560 bellum,

220 2585 277 2637 in
299 2584 395 2637 hoc
418 2600 509 2654 ego
537 2583 765 2651 sperabo.
793 2583 989 2653 thum
1011 2583 1096 2638 illa
1126 2583 1197 2638 sit
1223 2584 1549 2652 exprimens,
1570 2584 1810 2655 adjunxit

221 2683 280 2727 et
310 2674 443 2728 dixit
467 2691 481 2726 :
514 2672 680 2728 Unam
704 2675 823 2744 petii
847 2690 878 2727 a
906 2673 1152 2741 Domino,
1179 2674 1308 2728 hanc
1335 2675 1625 2744 requiram;
1651 2684 1706 2730 ut
1725 2677 1810 2730 in-

224 2763 444 2818 habitem
479 2765 534 2817 in
560 2764 711 2818 domo
750 2764 957 2818 Domini
993 2780 1161 2818 omnes
1200 2764 1306 2817 dies
1331 2765 1443 2818 vitae
1468 2768 1812 2836 ntrw._Atque

228 2853 390 2921 hujus
408 2854 639 2923 regionis
662 2864 710 2908 et
734 2853 1072 2909 habitationis
1091 2853 1472 2910 beatitudinem
1498 2855 1809 2925 explanans,

226 2946 499 3002 connectit
545 2954 600 3002 et
641 2946 886 3015 exprimit
919 2964 933 3001 :
967 2944 1034 3000 Ut
1084 2947 1392 3016 contempler
1435 2946 1813 3002 delectationem

220 3037 465 3101 Domini,
495 3047 540 3092 et
566 3047 799 3109 protegar
824 3055 855 3091 a
876 3038 1061 3105 templo
1082 3039 1189 3109 ejus
1217 3038 1387 3110 (Psal.
1416 3055 1560 3105 xxvi,
1584 3040 1638 3105 3,
1660 3038 1740 3110 4).

310 3130 541 3186 CAPUT
570 3130 632 3185 ll.
653 3131 791 3183 -2.
816 3129 1067 3184 Hortatur
1094 3139 1149 3184 ut
1172 3132 1456 3185 renuntient
1483 3132 1689 3189 uacula.
1717 3131 1815 3187 Vi-

233 3221 399 3278 detis.
422 3220 730 3276 contirones
755 3221 880 3287 mei,
900 3221 965 3274 ad
994 3236 1150 3291 quam
1171 3220 1577 3276 delectationem
1605 3221 1814 3278 Domini

233 3313 467 3367 venietis
490 3354 505 3377 ,
534 3324 654 3366 cum
697 3311 1101 3366 delectationem
1134 3311 1313 3367 surculi
1343 3310 1609 3383 abjicitis‘l
1633 3313 1690 3368 Si
1719 3313 1815 3369 de-

234 3404 444 3474 spicitis
469 3402 746 3469 mundum,
773 3402 1034 3459 habebitis
1064 3417 1158 3457 cor
1186 3402 1460 3470 mundum,
1490 3413 1543 3459 et
1569 3405 1818 3460 videbitis

234 3511 361 3548 eum
392 3493 482 3563 qui
510 3494 632 3547 fecit
660 3492 913 3547 mundum
939 3511 952 3543 :
976 3502 1028 3548 et
1054 3493 1190 3547 sicut
1210 3493 1298 3548 ille
1323 3494 1480 3560 vicit,
1517 3494 1587 3548 ita
1626 3505 1680 3549 et
1723 3511 1819 3550 vos

239 3585 293 3639 in
316 3585 433 3655 ejus
458 3585 625 3654 gratia
649 3584 871 3639 vincetis
899 3583 1040 3639 hunc
1065 3584 1338 3639 mundum.
1387 3586 1554 3652 Quem
1582 3586 1819 3655 profecto

236 3677 346 3748 jam
388 3677 608 3746 jamque
651 3675 969 3745 superabitis
1018 3683 1176 3745 atque
1218 3674 1524 3742 calcabitis,
1551 3677 1593 3729 si
1622 3690 1726 3731 non
1746 3677 1821 3731 de

236 3768 433 3822 vestris
463 3766 685 3832 viribus,
717 3764 813 3820 sed
837 3764 904 3820 de
929 3764 1025 3819 Dei
1051 3764 1534 3819 misericordissimi
1558 3764 1822 3836 adjutorio

238 3857 597 3928 pra'sumalis.
625 3855 798 3910 Nolite
825 3869 919 3910 vos
939 3853 1234 3924 despicere,
1257 3854 1379 3924 quia
1401 3855 1632 3910 nondum
1658 3871 1823 3927 appa-

240 3950 347 4005 ruit
377 3948 520 4018 quod
550 3948 718 4002 eritis.
747 3946 948 4002 Scitote
988 3954 1163 4000 autem
1184 3988 1199 4012 ,
1228 3947 1478 4016 quoniam
1505 3962 1624 4002 cum
1658 3963 1823 4018 appa-

245 4040 434 4101 ruerit,
462 4038 668 4093 similes
693 4037 743 4092 ei
767 4037 946 4102 eritis,
972 4035 1099 4091 dum
1132 4036 1433 4106 apparuerit
1472 4036 1613 4107 quod
1655 4038 1825 4093 eritis.

248 4133 451 4187 Scitote
477 4139 656 4186 autem
677 4173 693 4199 ,
717 4130 965 4201 quoniam
986 4128 1235 4184 videbitis
1258 4142 1379 4184 eum
1399 4168 1415 4194 ,
1439 4144 1546 4184 non
1573 4129 1744 4199 qualis
1772 4128 1828 4184 in

248 4223 509 4293 temporis
537 4222 867 4292 plenitudine
895 4222 1049 4277 venit
1065 4221 1130 4275 ad
1156 4235 1286 4287 nos,
1304 4220 1395 4274 sed
1423 4221 1596 4291 qualis
1620 4235 1831 4292 semper

253 4329 477 4370 manens
500 4314 736 4370 condidit
761 4328 858 4369 nos
887 4313 927 4383 (l
956 4312 1113 4368 Joan.
1136 4328 1212 4376 ill,
1238 4312 1318 4382 2).
1349 4311 1541 4366 Exuite
1563 4327 1659 4368 vos
1686 4321 1834 4369 vete-

250 4423 363 4460 rem
387 4404 681 4472 hominem,
714 4413 775 4459 ut
799 4403 1085 4459 induamini
1116 4419 1254 4458 novo
1280 4401 1495 4474 (ϐρίσει.
1527 4419 1600 4469 nt,
1632 4403 1685 4469 9,
1717 4404 1830 4476 10).

256 4503 476 4555 Pactum
503 4499 777 4554 Vobiscum
824 4499 1078 4553 Dominus
1118 4496 1345 4553 inchoat.
1372 4496 1589 4553 Vixistis
1616 4498 1832 4565 sa‘culo,

254 4592 401 4645 carui
450 4605 547 4644 vos
588 4599 643 4645 et
686 4590 926 4660 sanguini
972 4588 1226 4656 dedistis,
1276 4588 1555 4657 imaginem
1607 4588 1837 4643 hominis

260 4679 458 4735 terreni
486 4681 759 4749 portastis.
786 4679 933 4735 Sicut
966 4694 1093 4750 ergo
1126 4679 1404 4749 imaginem
1449 4679 1693 4747 portastis
1724 4680 1839 4751 ejus

259 4773 347 4842 qui
370 4774 440 4827 de
471 4782 609 4827 terra
640 4779 757 4837 est,
785 4773 857 4826 ita
879 4772 1039 4826 etiam
1066 4772 1182 4842 ejus
1212 4772 1298 4842 qui
1327 4772 1395 4826 de
1427 4773 1565 4826 coelo
1596 4782 1678 4828 est
1704 4775 1839 4828 ultra

261 4872 469 4932 portate
490 4862 603 4932 (Id.
630 4880 719 4930 xv,
748 4864 860 4935 49).
905 4863 1171 4918 Humanus
1207 4880 1389 4930 sermo,
1417 4865 1537 4936 quia
1563 4866 1683 4921 ideo
1716 4866 1844 4922 Ver-

262 4954 385 5008 bum
415 4968 544 5009 caro
572 4963 652 5008 est
678 4953 870 5009 factum
889 4996 903 5019 ,
934 4963 988 5007 ut
1025 4956 1153 5009 sicut
1190 4954 1477 5009 exhibuislis
1505 4972 1719 5027 corpora
1758 4973 1843 5012 ve-

264 5057 368 5099 stra
393 5062 537 5099 arma
552 5046 831 5117 iniquitatis
854 5055 1072 5117 peccato,
1093 5048 1163 5100 ita
1187 5063 1321 5101 nunc
1336 5046 1607 5102 exhibeatis
1623 5049 1844 5104 membra

265 5147 427 5189 uestra
455 5151 599 5189 arma
626 5137 842 5207 justilt'te
878 5136 986 5190 Deo
1017 5135 1189 5212 (Rom.
1214 5153 1300 5204 vr,
1330 5136 1440 5209 19).
1474 5138 1529 5193 in
1554 5141 1845 5211 perniciem

266 5225 524 5281 adversus
549 5241 646 5283 vos
674 5235 852 5282 vester
878 5236 1210 5299 oppugnatur
1245 5229 1434 5284 vestris
1457 5229 1649 5300 jaculis
1674 5246 1848 5286 anna-

270 5317 421 5371 batur
459 5335 473 5371 :
514 5318 564 5371 in
614 5319 837 5373 salutem
879 5327 1113 5374 vestram
1152 5319 1407 5375 adversus
1449 5336 1569 5376 eum
1615 5320 1846 5378 vicissim

270 5408 522 5462 membris
551 5409 744 5464 vestris
769 5417 944 5466 vester
971 5417 1239 5480 protector
1258 5420 1516 5467 armetur.
1537 5411 1676 5467 Nihil
1700 5413 1858 5469 vobis.

334 5583 409 5655 (ρ)
434 5592 501 5655 an
523 5583 807 5655 legendum,
842 5586 1094 5655 incipitis?
1124 5595 1180 5640 ut
1194 5603 1317 5655 quos
1350 5591 1442 5655 hic
1466 5589 1745 5654 alloquitur,
1784 5596 1852 5645 si-

270 5645 468 5708 gniﬁcet
487 5645 602 5698 tum'
1020 5664 1085 5702 ex
1105 5645 1474 5703 Cate'chumenis
1492 5645 1856 5717 Cornpetentes,

274 5709 591 5759 perceptione
675 5712 722 5759 ei
749 5718 800 5759 et
822 5714 1055 5759 Demiano
1078 5714 1317 5759 Bantismi.
1343 5721 1462 5759 Item
1483 5714 1613 5759 infra
1626 5714 1732 5759 loco
1754 5729 1853 5759 ore-

273 5709 602 5821 mem;
612 5709 835 5824 13ῧῶ
822 5712 1055 5773 petitione
1078 5714 1317 5778 Baptismi.
1343 5721 1462 5766 Item
1483 5709 1618 5766 infra'
1626 5714 1732 5767 loco
1754 5709 1854 5779 ore;

1594 346 1820 407 ΒεζΜο
1856 346 2080 404 CCXVI.

3324 350 3462 406 {078

1886 460 1976 517 ille
2000 462 2233 531 nocebit,
2255 463 2299 519 si
2326 464 2565 520 membra
2596 473 2769 522 vestra
2799 466 2948 523 vobis
2972 464 3333 521 aufereutibus
3358 482 3464 522 non

1887 554 2106 610 tenebit.
2140 553 2244 610 Iste
2269 569 2365 611 vos
2385 553 2506 627 jure
2527 556 2893 628 derelinquet,
2934 555 2978 613 si
3024 556 3193 612 abeo
3231 567 3464 615 vestrum

1886 656 2065 701 votum
2097 645 2450 718 voluntasque
2476 646 2772 704 dissentiet.

1958 735 2182 793 CAPUT
2211 737 2374 792 lll.—
2391 740 2445 794 5.
2472 738 2549 793 De
2566 755 2719 811 regno
2739 740 2975 795 celarunt
3003 742 3214 798 emendo
3231 747 3459 814 cogitent.

1892 826 2013 883 Non
2028 829 2219 896 abiecte
2237 830 2299 885 de
2315 847 2369 884 se
2388 832 2626 887 sentiant.
2646 831 2904 887 Bonorum
2925 849 3131 902 Operam
3150 835 3345 906 [ructus
3363 840 3468 890 reti-

1891 920 2033 975 dant.
2058 923 2193 978 Ecce
2211 938 2332 979 cum
2357 925 2601 980 auctione
2618 935 2673 981 et
2693 935 2931 981 mercatu
2960 926 3111 995 ﬁdei,
3129 943 3350 998 regnum
3376 948 3472 981 νο·-

1891 1011 1976 1067 bis
2003 1012 2261 1068 ctelorum
2283 1014 2469 1071 venale
2489 1016 2804 1086 preponitur
2822 1034 2836 1071 :
2856 1017 3098 1087 inspicite
3121 1025 3183 1075 et
3204 1021 3472 1089 congerite

1892 1113 2086 1160 vestras
2109 1106 2453 1165 conscientias
2474 1106 2748 1165 facultates
2764 1149 2780 1176 ,
2804 1109 3084 1165 thesauros
3107 1110 3286 1165 cordis
3311 1114 3483 1166 vestri;

1894 1197 2218 1255 unanimiter
2264 1198 2600 1270 congregate.
2653 1200 2720 1255 Et
2764 1210 2940 1256 tamen
2985 1202 3149 1271 gratis
3187 1203 3397 1268 emitis,
3424 1204 3476 1259 si

1894 1297 2100 1358 gratam
2141 1291 2367 1360 gratiam
2393 1305 2516 1361 quae
2545 1291 2694 1347 vobis
2721 1292 2961 1359 oll'ertur,
2994 1294 3300 1363 agnoscitis.
3332 1294 3477 1351 Nihil

1898 1380 2223 1450 impenditis,
2263 1390 2320 1438 et
2361 1390 2537 1439 tamen
2586 1397 2833 1453 magnum
2877 1392 2962 1439 est
2998 1385 3140 1455 quod
3183 1388 3475 1457 acquiritis.

1898 1469 2014 1526 Non
2039 1474 2155 1529 sitis
2180 1475 2311 1531 viles
2335 1475 2506 1541 vobis,
2535 1493 2670 1548 quos
2693 1485 3007 1533 cunctorum
3043 1477 3264 1536 Creator
3296 1490 3352 1537 et
3382 1497 3477 1536 ve-

1900 1572 2008 1618 ster
2040 1573 2145 1619 tam
2184 1565 2376 1622 charos
2413 1568 2661 1633 aestimat,
2688 1576 2745 1623 ut
2770 1569 2921 1625 vobis
2946 1568 3184 1640 quotidie
3211 1571 3478 1642 Unigeniti

1900 1656 1981 1709 sui
2011 1656 2449 1726 pretiosissimum
2473 1660 2783 1730 sanguinem
2826 1660 3029 1717 fundat.
3059 1662 3175 1717 Non
3214 1663 3293 1718 sic
3330 1664 3481 1719 eritis

1904 1746 2037 1800 viles
2056 1748 2100 1802 si
2127 1749 2417 1817 pretiosum
2443 1749 2777 1822 distinguatis
2803 1768 2831 1806 a
2855 1754 2980 1818 vili;
3004 1754 3049 1808 si
3072 1770 3180 1808 non
3199 1764 3478 1819 creawrm,

1903 1835 1997 1890 sed
2021 1834 2257 1892 Creatori
2289 1840 2560 1903 servietis;
2602 1841 2646 1896 si
2692 1843 2843 1897 vobis
2890 1842 3139 1897 inferiora
3172 1853 3346 1899 vestra
3375 1860 3482 1900 non

1904 1925 2100 1982 fuerint
2122 1929 2390 1985 dominata
2409 1973 2425 1996 ,
2450 1942 2508 1985 ut
2533 1933 2857 1988 immaculati
2877 1949 2906 1987 a
2931 1935 3144 2005 capitali
3187 1951 3484 2007 magnoque

1904 2025 2121 2086 peccdo
2147 2020 2474 2075 mundemini
2498 2020 2666 2093 (Psal.
2696 2039 2844 2091 xvm,
2877 2024 2997 2096 14);
3028 2026 3071 2080 si
3099 2041 3204 2081 non
3246 2028 3296 2080 in
3337 2028 3486 2083 vobis

1905 2122 2087 2165 semen
2127 2110 2277 2166 verbi
2319 2112 2447 2176 Dei,
2495 2113 2634 2183 quod
2673 2115 2835 2169 etiam
2882 2130 3025 2170 nunc
3072 2118 3275 2188 spargit
3322 2118 3486 2174 cccle-

1905 2202 2002 2256 stis
2042 2202 2271 2273 agricola
2316 2203 2369 2258 in
2409 2220 2537 2274 agro
2578 2206 2756 2261 cordis
2800 2208 3003 2271 vestri,
3035 2216 3126 2262 aut
3155 2217 3403 2279 tanquam
3433 2209 3486 2263 in

1910 2294 1991 2347 via
2044 2294 2381 2362 indignorum
2427 2296 2648 2351 transitu
2693 2297 3054 2364 conculcetur,
3101 2307 3192 2353 aut
3235 2308 3486 2370 tanquam

1913 2386 2053 2440 inter
2080 2394 2290 2455 petrosa
2311 2385 2610 2441 durissima:
2629 2388 2970 2444 conscientias
2990 2399 3183 2445 vestrae
3199 2390 3491 2449 stoliditate

1906 2475 2017 2543 jam
2043 2477 2350 2546 germinans
2376 2478 2778 2547 comprimatur,
2805 2489 2894 2534 aut
2924 2480 3061 2534 inter
3082 2481 3261 2550 spinas
3284 2481 3490 2550 cupidi-

1914 2575 2080 2620 tatum
2112 2576 2409 2627 vestrarum
2461 2568 2775 2636 perniciosis
2817 2569 3016 2623 aculeis
3040 2569 3349 2624 sufl'ocetur.
3377 2570 3433 2624 Si
3459 2584 3489 2625 a
3548 2608 3555 2615 ρ

1916 2668 2021 2711 tam
2050 2657 2321 2715 damnosae
2348 2658 2768 2729 dammndteque
2798 2667 2954 2715 terra:
2981 2660 3263 2716 sterilitate
3298 2660 3493 2717 abhor-

1913 2748 2110 2813 reatis,
2158 2747 2431 2804 fructifera
2485 2764 2580 2803 vos
2622 2749 2860 2819 profecto
2926 2760 3068 2805 terra
3119 2751 3491 2821 uberrimaque

1913 2841 2207 2909 suscipiet,
2237 2848 2438 2896 etcum
2469 2855 2661 2911 magno
2688 2840 2879 2911 gaudio
2902 2840 3211 2896 semiuatori
3251 2849 3308 2896 et
3346 2855 3496 2895 com-

1920 2931 2117 3000 plutori
2142 2940 2321 2987 vestro
2350 2930 2751 3001 multiplicatam
2775 2932 2986 2987 centeni
3014 2931 3248 2987 reddetis
3276 2931 3497 2988 uberta—

1921 3030 2025 3074 tem
2049 3037 2064 3085 ;
2092 3029 2185 3074 aut
2208 3021 2255 3075 si
2280 3021 2347 3075 ad
2373 3021 2477 3077 hoc
2514 3021 2749 3091 impares
2790 3022 2929 3077 forte
2973 3021 3206 3089 fueritis,
3248 3024 3495 3092 sexageni

1917 3110 2124 3165 fructus
2155 3125 2342 3166 usuras
2361 3112 2648 3168 exsolvetis
2678 3133 2693 3167 :
2720 3112 2861 3182 quod
2890 3113 2934 3168 si
2964 3127 3063 3169 nec
3088 3112 3154 3167 ad
3186 3112 3287 3168 hoc
3310 3126 3501 3193 occur-

1920 3202 2068 3269 retis,
2089 3219 2191 3257 nou
2222 3202 2329 3258 erit
2353 3211 2528 3258 vester
2555 3204 2789 3272 ingratus
2813 3203 2973 3257 etiam
3001 3201 3192 3272 trigeni
3213 3212 3499 3271 proventus

1925 3294 2137 3367 (Matth.
2166 3312 2293 3363 xm,
2326 3296 2484 3368 l-23)
2510 3314 2524 3356 :
2551 3298 2670 3368 quia
2717 3299 3022 3354 coelestibus
3066 3313 3253 3354 omnes
3294 3298 3501 3354 horreis

1920 3388 2277 3456 excipientur,
2306 3404 2490 3444 omnes
2517 3390 2569 3442 in
2598 3397 2794 3443 atterna
2820 3388 3000 3458 requie
3024 3388 3401 3443 recondentur.
3428 3390 3502 3444 De

1920 3479 2156 3532 omnium
2205 3479 2466 3532 fructibus
2508 3479 2741 3532 caelestis
2794 3479 2945 3546 panis
2976 3477 3063 3532 ille
3090 3477 3419 3542 conﬁcietur,
3449 3488 3505 3532 et

1922 3569 2099 3620 omnis
2124 3567 2399 3635 operarius
2420 3566 2470 3618 in
2497 3566 2762 3620 dominica
2787 3566 2936 3620 vinea
2959 3566 3073 3619 sine
3087 3566 3212 3620 dolo
3234 3566 3500 3628 laborans,

1928 3657 2044 3726 ipso
2071 3655 2407 3710 abundanter
2434 3670 2496 3709 ac
2521 3656 2805 3709 salubriter
2834 3656 3156 3711 saturabitur
3180 3676 3193 3711 :
3215 3656 3341 3711 dum
3373 3658 3502 3711 tanti
3530 3692 3537 3699 .

1925 3746 2283 3810 seminatoris,
2313 3745 2556 3814 plutoris,
2584 3754 2636 3799 et
2663 3746 2928 3814 rigatoris,
2959 3757 3119 3816 atque
3146 3747 3310 3815 ipsius
3332 3748 3508 3802 incre-

1928 3838 2093 3892 menti
2118 3838 2358 3903 datoris,
2390 3837 2689 3908 evangelica
2737 3837 3113 3908 przrdicatione
3151 3838 3316 3909 gloria
3355 3838 3506 3894 dill'a-

1930 3939 2133 3985 matur-

2000 4019 2225 4077 CAPUT
2266 4022 2499 4078 ιν.-4.
2518 4021 2600 4076 Ad
2624 4022 2783 4076 Deum
2808 4022 3032 4076 conuersi
3055 4022 3262 4077 tendant
3281 4022 3348 4076 ad
3364 4032 3511 4077 atter-

1933 4130 2050 4168 nam
2078 4115 2248 4167 vitam.
2275 4113 2524 4169 Accedite
2550 4130 2675 4184 ergo
2718 4114 2784 4167 ad
2826 4129 2948 4169 eum
2991 4114 3043 4168 in
3082 4113 3365 4170 obtritione
3392 4128 3512 4168 eor-

1935 4207 2021 4261 dis
2047 4225 2058 4259 -.
2092 4207 2340 4277 quoniam
2362 4222 2529 4278 prope
2548 4217 2630 4263 est
2657 4206 2904 4263 omnibus
2931 4206 3021 4276 qui
3048 4206 3380 4261 obtriverunt
3395 4221 3509 4268 eor,

1936 4309 1989 4353 et
2019 4300 2251 4368 ipsevos
2273 4298 2502 4353 humiles
2530 4299 2718 4369 spiritu
2746 4299 2923 4353 salvos
2950 4297 3104 4353 faciet
3128 4296 3301 4369 (Psal.
3324 4312 3511 4360 xxxm,

1940 4393 2048 4463 l9).
2082 4391 2334 4447 Certatim
2361 4392 2627 4458 accedite,
2660 4401 2717 4446 ut
2764 4391 3153 4446 illuminemini.
3196 4390 3338 4446 Estis
3373 4390 3516 4447 enim

1939 4483 2111 4537 adhuc
2142 4483 2191 4536 in
2226 4483 2462 4538 tenebris
2482 4524 2495 4547 ,
2518 4493 2574 4538 et
2599 4483 2833 4538 tenebrae
2857 4483 2909 4536 in
2937 4482 3107 4538 vobis.
3138 4482 3300 4537 Eritis
3337 4491 3515 4536 autem

1943 4574 2033 4628 lux
2061 4574 2113 4628 in
2138 4575 2381 4641 Domino,
2415 4574 2508 4644 qui
2535 4574 2785 4629 illuminat
2813 4589 3010 4628 omnem
3047 4572 3296 4627 hominem
3321 4571 3522 4626 venien-

1946 4675 2042 4720 tem
2070 4666 2121 4720 in
2152 4666 2283 4720 hunc
2306 4665 2552 4720 mundum
2578 4663 2755 4737 (Joan.
2787 4680 2833 4730 I,
2861 4661 2939 4735 9).
2964 4661 3348 4718 Confortamini
3377 4661 3394 4692 ¹
3421 4676 3523 4713 su:-

1945 4757 2470 4823 Culo,reformamini
2513 4758 2645 4813 Deo.
2696 4754 3026 4826 Babylonica:
3065 4750 3524 4823 captivitatisvos

1946 4851 2227 4918 aliquando
2248 4851 2356 4921 jam
2386 4851 2594 4905 taedeat.
2624 4849 2763 4904 Ecce
2788 4847 3078 4902 Jerusalem
3105 4854 3277 4899 mater
3302 4842 3391 4897 illa
3417 4857 3527 4896 cte-

1950 4942 2126 5003 lestis.
2150 4943 2203 4996 in
2232 4943 2332 4996 viis
2357 4938 2850 4995 hilariterinvitans
2877 4935 3149 5000 occurrit,
3190 4941 3248 4989 et
3282 4933 3528 4988 obsecrat

1952 5041 2009 5086 ut
2032 5033 2209 5086 \elilis
2234 5033 2420 5096 vitam,
2453 5038 2508 5085 et
2534 5028 2767 5098 diligatis
2802 5026 2984 5082 videre
3022 5025 3140 5080 dies
3181 5025 3372 5090 bonos,
3394 5037 3530 5093 quos

1954 5138 2222 5192 nunquam
2253 5121 2531 5185 habuistis,
2559 5134 2658 5173 nec
2683 5133 2913 5187 unquam
2943 5117 2993 5170 in
3020 5115 3125 5170 hoc
3147 5113 3344 5170 sarculo
3369 5112 3531 5168 babe—

1954 5214 2098 5270 bitis.
2131 5211 2200 5266 lbi
2240 5212 2384 5266 enim
2404 5210 2736 5272 deﬁciebant,
2765 5208 2902 5264 sicut
2943 5206 3120 5262 fumus
3139 5246 3154 5271 ,
3179 5204 3297 5259 dies
3325 5202 3487 5258 vestri
3511 5218 3528 5257 :

1955 5308 2147 5378 quibus
2175 5304 2388 5374 augeri,
2420 5303 2621 5366 minui;
2651 5311 2704 5354 ot
2732 5301 2939 5370 quibus.
2963 5312 3236 5361 crescere,
3266 5294 3532 5359 deﬁcere;

1957 5409 2012 5456 et
2036 5396 2540 5470 quibusascendere
2555 5437 2569 5457 ,
2601 5408 2886 5449 vanescere
2908 5391 3031 5447 fuit.
3057 5391 3158 5458 Qui
3188 5388 3393 5444 vixistis
3416 5402 3537 5457 pec-

1958 5477 2080 5545 cato
2103 5503 2272 5544 annos
2309 5487 2505 5542 multos
2533 5495 2587 5541 et
2622 5484 2812 5549 malos,
2835 5481 3132 5538 desiderate
3170 5481 3350 5535 vivere
3378 5477 3489 5534 Deo
3510 5492 3534 5531 ~:
3616 5496 3623 5503 ’

1961 5598 2073 5637 nun
2101 5581 2295 5635 multos
2317 5593 2487 5633 annos
2530 5577 2848 5646 quandoque
2874 5572 3154 5640 ﬁniendos,
3180 5580 3233 5627 et
3271 5569 3339 5626 ad
3378 5571 3535 5626 inter-

1963 5714 2041 5838 ro!
2069 5720 2147 5823 tnb
2161 5712 2469 5761 Gertmucnsi
2514 5717 2625 5768 διε..
2669 5704 3052 5770 rattfonnantini.
3097 5711 3235 5755 Forte
3276 5716 3380 5766 pro,
3423 5708 3569 5753 mm-

2012 5788 2116 5825 rma
2149 5787 2309 5826 anum.

2012 5787 2309 5826 rmaeamtm.
