3886 6188
374 464 396 516 1
408 461 512 517 079

374 575 603 629 cundum
634 572 683 623 in
712 568 897 623 umbra
929 563 1114 621 mortis
1140 556 1445 622 currentes;
1471 556 1564 610 sed
1595 556 1783 616 bonos,
1807 559 1862 604 et
1893 551 1942 602 in

378 669 603 721 veritate
647 661 842 714 vivacis
888 657 1011 712 vita:
1055 636 1415 725 propinquosj
1461 648 1548 702 ubi
1584 645 1727 725 nulla
1770 644 1942 703 fame,

376 756 516 812 nulla
561 752 646 808 siti
696 750 992 815 lassabitis;
1032 746 1153 817 quia
1200 744 1349 799 cibus
1393 749 1569 796 vester
1612 736 1763 801 fides,
1793 742 1948 804 potus

376 844 634 915 sapientia
660 842 781 897 erit.
809 838 957 895 Nunc
999 837 1137 892 enim
1169 836 1219 888 in
1248 831 1485 888 Ecclesia
1515 830 1569 882 in
1599 827 1700 882 lide
1726 823 1945 881 benedi-

373 938 491 993 citis
539 934 861 989 Dominum:
898 940 1022 985 tunc
1062 936 1235 980 autem
1269 925 1319 978 in
1346 920 1523 992 Specie
1549 915 1948 975 afﬂuentissime

372 1023 667 1096 rigabintini
698 1023 766 1077 de
797 1019 1029 1074 fontibus
1054 1014 1233 1071 Israel.

442 1114 666 1171 CAPUT
714 1111 776 1166 ν.
799 1142 871 1152 -—-
889 1111 940 1163 5.
975 1107 1071 1163 Hic
1098 1118 1211 1161 tnta.-
1233 1114 1430 1159 teternte
1453 1101 1698 1156 desiderio
1722 1099 1944 1170 lugeant,

371 1220 419 1263 et
447 1208 665 1261 membra
713 1220 804 1257 sua
849 1202 1164 1271 morti/iacnt.
1210 1197 1312 1253 Sed
1341 1198 1391 1250 in
1420 1195 1517 1249 hac
1543 1193 1751 1249 interim
1780 1204 1948 1261 pere-

373 1298 673 1367 grinatione
701 1297 810 1349 sint
852 1294 999 1346 vobis
1041 1292 1290 1361 lacrymm
1330 1294 1519 1341 vestra:
1561 1284 1711 1352 panis
1755 1282 1842 1336 die
1885 1295 1948 1334 ac

374 1404 528 1446 nocte
554 1407 567 1454 ;
595 1388 719 1443 dum
753 1383 1048 1440 dicentibus
1078 1381 1226 1436 vobis
1249 1376 1511 1449 quotidie,
1537 1374 1636 1429 Ubi
1684 1382 1765 1427 est
1812 1371 1948 1425 Deus

374 1490 551 1534 vester
581 1477 751 1548 (Paul.
781 1492 866 1530 xu
886 1517 900 1538 ,
925 1473 1018 1543 4)?
1040 1487 1141 1526 non
1169 1469 1385 1540 potestis
1408 1466 1705 1521 carnalibus
1730 1462 1950 1517 demens

373 1584 544 1626 strare
567 1568 707 1639 quod
730 1567 915 1622 oculus
937 1579 1039 1617 non
1061 1562 1212 1625 vidit,
1245 1575 1343 1613 nec
1371 1557 1512 1611 auris
1536 1555 1752 1616 audivit,
1780 1560 1868 1606 aut
1895 1551 1946 1605 in

371 1680 467 1717 cor
494 1660 725 1717 hominis
752 1655 987 1711 ascendit
1008 1654 1026 1725 (
1049 1654 1064 1707 Ι
1091 1650 1211 1707 Cor.
1238 1666 1309 1715 tt,
1338 1648 1417 1718 9).
1446 1647 1626 1702 Donec
1653 1642 1875 1699 veniatis
1896 1649 1950 1695 et

372 1752 673 1823 appareatis
697 1760 835 1820 ante,
851 1746 1033 1802 oculos
1064 1744 1154 1799 Dei
1182 1740 1364 1805 vestri,
1388 1738 1551 1793 nolite
1570 1734 1817 1791 deiicere.
1846 1731 1950 1787 Ve-

372 1850 483 1898 niet
508 1842 649 1897 enim
682 1850 733 1893 et
766 1841 877 1908 ipse
919 1836 1176 1905 promissa
1204 1831 1525 1902 persolvere,
1556 1827 1643 1896 qui
1674 1840 1733 1880 se
1759 1832 1949 1894 sponte

379 1935 648 2003 professus
674 1941 752 1987 est
776 1930 1070 1983 debitorem
1103 1944 1115 1978 :
1144 1925 1230 1995 qui
1275 1922 1404 1977 nihil
1431 1922 1499 1975 ab
1525 1920 1701 1987 aliquo
1744 1925 1953 1972 mutua-

377 2041 461 2083 tus
488 2037 565 2083 est
586 2068 600 2092 ,
633 2035 684 2081 et
714 2040 811 2080 suo
846 2021 1109 2093 promisso
1150 2016 1361 2093 debitor
1402 2028 1520 2069 esse
1565 2012 1809 2081 dignatus
1844 2016 1945 2063 est.

373 2120 483 2174 Nos
505 2092 861 2177 debebamusi
884 2119 938 2167 et
963 2118 1165 2164 tantum
1191 2092 1531 2166 debebamus,
1556 2110 1806 2169 quantum
1830 2113 1951 2168 pcco

374 2220 701 2262 caveramus.
736 2203 893 2256 Venit
923 2201 1010 2255 ille
1037 2198 1155 2252 sine
1180 2194 1382 2257 debito,
1408 2194 1531 2263 quia
1561 2192 1675 2247 sine
1703 2190 1810 2245 ullo
1829 2203 1952 2259 pec—

379 2307 537 2358 rato;
568 2293 767 2348 invenit
792 2306 889 2345 nos
915 2289 1172 2344 damnoso
1215 2301 1277 2340 ac
1315 2282 1613 2339 daumando
1643 2280 1824 2336 fenore
1851 2295 1951 2348 op-

374 2403 610 2458 pressos,
641 2394 691 2442 et
716 2398 837 2455 qute
868 2397 971 2437 non
1016 2389 1265 2451 rapuerat
1304 2376 1603 2436 exsolvens,
1633 2389 1730 2428 nos
1752 2388 1781 2426 a
1807 2387 1950 2427 sem-

378 2480 587 2545 piterno
616 2475 795 2530 debito
825 2471 1243 2527 misericorditer
1280 2465 1542 2522 liberavit.
1575 2462 1683 2517 Nos
1720 2461 1950 2515 admise-

378 2582 560 2622 rantus
611 2564 861 2633 culpam,
925 2558 1363 2629 exspectabamus
1413 2568 1658 2623 plenam;
1711 2552 1797 2606 ille
1849 2566 1951 2604 non

379 2659 548 2712 factus
594 2655 770 2711 socius
821 2653 990 2721 eulpze
1040 2658 1234 2705 nostra:
1262 2664 1283 2713 ,‘
1323 2647 1415 2709 sed
1473 2646 1640 2701 factus
1692 2644 1954 2714 particeps

377 2762 584 2816 pinum,
613 2744 766 2799 simul
810 2753 861 2795 rt
904 2740 1076 2810 eulpae
1116 2753 1234 2794 esse
1282 2736 1448 2791 voluit
1496 2735 1720 2790 donator
1752 2741 1807 2788 et
1844 2746 1957 2802 pce-

378 2853 481 2892 u;e.
508 2838 622 2907 Ipse
647 2844 731 2891 est
755 2834 893 2889 enim
931 2832 1019 2903 qui
1065 2847 1126 2886 ex
1174 2831 1344 2884 usuris
1390 2838 1446 2883 ct
1492 2827 1767 2898 iniquitate
1809 2832 1955 2880 eruet

379 2933 585 2986 animas
632 2927 961 2984 credentium
1009 2923 1200 2995 (Psal.
1263 2939 1382 2978 ιιι-ι
1416 2963 1429 2986 ,
1497 2921 1622 2988 ll),
1674 2926 1831 2989 atque
1890 2932 1955 2971 ex

380 3024 543 3079 corde
583 3024 634 3076 in
678 3034 997 3090 unoquoque
1040 3016 1326 3072 dicentium
1372 3033 1383 3066 :
1428 3012 1585 3069 Credo
1636 3012 1801 3065 uidere
1828 3010 1957 3063 bona

382 3114 587 3188 Domini
633 3113 685 3165 in
738 3120 872 3165 terra
922 3108 1185 3163 viventium
1234 3104 1423 3175 (Psal.
1471 3118 1629 3169 xxvi,
1674 3101 1783 3172 15).
1835 3100 1958 3154 Hauc

384 3215 525 3257 terra
548 3244 562 3268 ,
605 3218 711 3257 non
753 3209 963 3256 terreno
988 3199 1079 3254 vel
1097 3205 1305 3253 mortuo
1324 3237 1339 3259 ,
1367 3194 1461 3249 sed
1501 3192 1702 3248 ctelesti
1731 3190 1955 3261 quodam

383 3294 543 3351 modo
568 3308 631 3348 ac
655 3293 776 3349 vivo
799 3292 961 3347 corde
989 3288 1409 3360 concupiscenda
1435 3295 1535 3342 est.
1562 3286 1677 3356 ipsa
1706 3294 1788 3340 est
1816 3284 1955 3339 enim

381 3388 468 3439 cui
499 3386 548 3439 in
579 3385 783 3456 psalmo
804 3383 909 3438 alio
938 3383 1167 3453 ﬂagrans
1191 3380 1402 3450 quidam
1425 3378 1542 3449 ejus
1570 3391 1750 3432 amore
1775 3386 1826 3430 et
1852 3376 1960 3429 ala-

362 3480 545 3533 -rritcr
589 3487 812 3535 cantans
853 3477 981 3532 dicit
1010 3494 1024 3508 '
1050 3476 1180 3547 Spes
1218 3491 1328 3528 mea
1356 3491 1406 3529 es
1435 3483 1486 3527 tu
1506 3516 1520 3539 ,
1553 3473 1714 3544 portio
1758 3490 1865 3527 mea
1907 3474 1958 3526 in

386 3581 516 3622 terra
538 3570 800 3623 viventium
832 3567 1002 3641 fPsal.
1034 3582 1173 3633 cru,
1207 3564 1287 3637 6).
1319 3565 1399 3619 Ad
1423 3580 1580 3635 quam
1612 3564 1685 3618 illi
1717 3564 1956 3629 tendunt,

324 3692 330 3697 -
383 3661 471 3728 qui
518 3660 748 3714 vitaliter
786 3658 1106 3713 utortilicant
1150 3656 1384 3712 membra
1414 3671 1507 3710 sua
1536 3670 1697 3724 super
1726 3663 1916 3709 terram
1944 3672 1956 3706 :

387 3768 490 3806 non
530 3751 765 3805 membra
796 3750 985 3820 quibus
1013 3748 1253 3818 corporis
1284 3745 1463 3803 mundi
1509 3744 1664 3815 hujus
1706 3758 1962 3814 compago

360 3843 658 3905 consistit,
689 3840 782 3897 sed
815 3841 898 3895 illa
928 3839 1163 3894 membra
1195 3838 1381 3909 quibus
1404 3837 1594 3890 animm
1618 3836 1838 3889 virilitas
1867 3835 1963 3888 nti-

385 3934 679 3988 scrabiliter
737 3933 1050 3986 inﬁrmatur.
1118 3929 1461 3999 Apertissime
1510 3942 1570 3983 ea
1623 3928 1964 3982 dinumerans

362 4042 448 4081 ~ac
487 4026 771 4095 designans
802 4023 901 4078 Vas
934 4022 1209 4097 elccdonis
1252 4020 1444 4075 Paulus
1489 4018 1759 4089 apostolus
1799 4016 1959 4072 dicit:

392 4139 409 4167 ι
443 4115 749 4170 Mortiﬁcate
798 4114 1033 4170 membra
1075 4123 1280 4176 vestra,
1331 4125 1450 4180 qua:
1497 4118 1621 4164 sunt
1669 4123 1828 4178 super
1857 4117 1966 4162 ter-

385 4223 546 4273 ram;
596 4206 992 4260 fornicationem
1031 4245 1045 4269 ,
1114 4201 1547 4267 immunditiam,
1618 4198 1970 4268 perturbatio-

388 4313 507 4351 nem
532 4340 546 4362 ,
591 4296 1077 4367 concupiscentiam
1122 4294 1354 4356 malam,
1396 4300 1451 4346 et
1490 4290 1798 4353 avaritiam,
1851 4304 1967 4357 qua:

385 4397 470 4441 est
515 4387 774 4443 idolorum
818 4385 1047 4441 servitus
1071 4404 1095 4437 ι
1123 4382 1342 4453 (Coloss.
1374 4398 1456 4446 ιιι,
1496 4379 1574 4452 5).
1608 4381 1742 4435 Ecce
1771 4394 1887 4447 qua:
1914 4378 1966 4432 in

387 4478 488 4531 hac
516 4486 656 4531 terra
688 4476 1024 4530 morientium
1049 4472 1369 4529 mortiﬁeare
1397 4472 1654 4538 debeatis,
1677 4471 1765 4540 qui
1790 4471 1841 4523 in
1883 4469 1967 4523 illa

389 4579 534 4622 terra
566 4566 850 4621 viventium
882 4565 1062 4619 vivere
1088 4562 1479 4632 concupiscitis.
1509 4563 1597 4617 Sic
1623 4576 1749 4632 ergo
1776 4561 1972 4616 efﬁcia-

385 4659 515 4713 miui
562 4659 796 4712 membra
835 4655 1063 4717 Christi,
1094 4666 1148 4709 ut
1178 4669 1281 4708 non
1312 4668 1370 4708 ea
1403 4653 1600 4708 tollatis
1616 4693 1640 4720 ,.
1671 4663 1725 4708 et
1768 4651 1971 4707 faciatis

388 4749 635 4804 metnbra
680 4747 994 4803 meretricis.
1025 4747 1153 4813 Qum
1179 4746 1318 4799 enim
1347 4743 1568 4812 turpior,
1595 4757 1714 4813 qua:
1741 4741 1971 4797 dedeco-

388 4842 560 4895 rosior
585 4851 667 4895 est
697 4838 945 4893 meretrix
979 4881 993 4903 ,
1024 4852 1181 4907 quam
1230 4836 1337 4906 ipsa
1361 4849 1477 4905 quae
1499 4834 1666 4903 prima
1698 4833 1866 4904 posita
1891 4843 1975 4890 est

391 4931 689 4995 fornicatio,
726 4940 779 4985 et
821 4930 1000 4983 ultima
1048 4925 1492 4992 avaritia?Qu~nn
1524 4923 1781 4980 idolorum
1811 4924 1976 4979 servi-
2034 4982 2039 4987 λ

392 5034 554 5079 tntcm
595 5021 855 5081 veraciter
880 5019 1199 5091 appellavit;
1225 5018 1346 5089 quia
1371 5031 1474 5071 non
1506 5015 1677 5072 solum
1708 5015 1758 5068 in
1787 5029 1977 5084 corpo-

393 5116 464 5170 ris
490 5116 636 5181 luxu,
659 5112 754 5170 sed
777 5113 939 5169 etiam
963 5112 1017 5167 in
1045 5111 1239 5165 anima:
1260 5107 1406 5164 ﬂuxu
1428 5122 1717 5179 agnoscere
1737 5117 1791 5162 et
1813 5108 1976 5161 vitare

390 5207 599 5263 debetis
620 5249 633 5271 ,
663 5221 730 5263 ne
761 5205 904 5260 illam
939 5203 1291 5274 perditionem
1326 5200 1547 5255 minacis
1566 5208 1623 5256 et
1637 5200 1766 5254 casti
1796 5198 1973 5268 sponsi

376 5315 455 5354 ~ac
489 5300 614 5368 justi
655 5297 849 5367 judicis
911 5294 1191 5351 incurratis
1216 5336 1231 5360 ,
1273 5292 1358 5348 cui
1404 5292 1600 5348 dicitur
1644 5310 1659 5346 :
1703 5290 1978 5345 Perdidisti

393 5407 590 5444 onmem
620 5389 707 5461 qui
733 5388 1015 5459 fornicatur
1055 5385 1146 5440 ab:
1183 5395 1250 5439 te.
1296 5384 1504 5452 Quanto
1536 5383 1751 5454 justius,
1781 5391 1980 5461 quanto

397 5482 598 5543 utilius,
628 5459 679 5533 in
708 5478 885 5533 cordis
911 5476 978 5532 ad
1007 5492 1128 5533 eum
1155 5476 1401 5531 castitate
1427 5473 1618 5544 singuli
1644 5459 1839 5542 quiqtie
1865 5470 1979 5525 cla-

402 5570 611 5623 mabitis
640 5588 652 5621 :
686 5567 817 5622 Mihi
839 5569 1100 5623 adlttt’rcrc
1125 5565 1253 5631 Deo,
1285 5565 1467 5619 bonum
1494 5574 1567 5619 est
1600 5562 1768 5637 (Paul.
1798 5578 1940 5617 mttt
1962 5604 1983 5627 ,

401 5663 469 5716 27
499 5674 542 5717 et
573 5660 703 5731 "28}?
724 5661 869 5716 llanc
891 5659 1248 5715 adhzesionem
1279 5659 1365 5713 illa
1395 5658 1608 5713 dilectio
1636 5664 1850 5728 prmstat
1869 5697 1883 5723 ,
1914 5654 1981 5710 de

399 5766 500 5819 qua
546 5750 788 5804 similiter
826 5750 1023 5805 dicitur
1049 5768 1061 5803 :
1089 5748 1300 5802 Dilectio
1343 5749 1451 5802 sine
1490 5748 1833 5813 simulatione;
1865 5746 1981 5801 odio

403 5841 646 5895 turbantes
667 5839 876 5905 malum,
905 5839 1211 5893 uti/uerrutis
1242 5840 1368 5893 bono
1396 5837 1569 5911 (Rom.
1605 5836 1696 5907 su,
1720 5838 1799 5909 9).

1616 437 1673 495 S.
1717 433 2079 492 AUCUS’HNI
2123 431 2417 489 [LPla'CUI'I

3485 431 3613 491 1080

2125 550 2350 605 CAPUT
2376 553 2531 605 VL—
2546 556 2599 607 6.
2621 557 2769 619 Quod
2788 558 2891 613 illis
2911 567 3161 612 certamen
3175 556 3438 610 indictum.
3465 552 3622 608 Eanr-

2055 645 2239 695 cismus
2263 644 2498 714 adjurato
2525 643 2709 701 Christi
2735 652 2953 704 nomine.
2981 648 3256 703 Maledicta
3278 649 3331 702 in
3351 646 3623 701 diabolum.

2059 730 2309 800 Expulsio
2334 734 2541 789 diaboli.
2585 738 2719 793 Ecce
2745 740 2832 794 ubi
2854 751 2936 796 est
2956 740 3185 796 stadium
3210 749 3446 795 vestrum
3463 776 3477 800 .
3501 753 3629 794 ecce

2056 822 2142 877 ubi
2192 823 2328 879 lucta
2371 828 2710 896 certantium,
2758 832 2997 887 eeceubi
3051 844 3239 885 cursus
3277 816 3629 896 currentium.

2056 926 2184 967 ecce
2212 914 2297 967 ubi
2328 915 2628 972 ferientium
2658 919 2963 989 pugillatus.
3002 919 3058 975 Si
3093 920 3260 974 vultis
3294 919 3631 989 perniciosis-

2056 1001 2246 1056 simum
2292 1005 2687 1062 colluctatorem
2720 1009 2841 1063 lidei
2868 1010 3077 1064 lacertis
3108 1008 3347 1072 elidere;
3390 1017 3630 1078 proster-

2054 1091 2165 1147 nite
2189 1093 2345 1158 mala,
2376 1096 2788 1165 complectimiui
2821 1098 2980 1153 bona.
3020 1099 3078 1154 Si
3106 1099 3263 1153 vultis
3281 1098 3361 1153 sic
3386 1113 3626 1163 currere,

2054 1194 2111 1238 ut
2131 1189 2631 1255 comprehendatis;
2686 1189 2850 1261 fugite
2903 1191 3181 1261 iniquum,
3234 1191 3631 1257 consequimini

2048 1275 2271 1345 justum.
2300 1277 2355 1333 Si
2388 1279 2545 1333 vultis
2566 1280 2642 1335 sic
2665 1270 2942 1351 pugillare,
2973 1290 3029 1335 ut
3052 1297 3156 1334 non
3182 1295 3362 1335 aerem
3386 1279 3627 1344 (sedatis.

2052 1365 2144 1420 sed
2170 1366 2374 1421 hostem
2393 1369 2615 1424 viriliter
2632 1369 2864 1437 feriatis;
2885 1372 3141 1440 (:{ISligale
3159 1384 3354 1438 corpus
3369 1378 3629 1433 vestrum,

2051 1465 2106 1511 et
2137 1456 2192 1512 in
2232 1460 2541 1515 servitutem
2568 1462 2809 1532 redigite,
2840 1470 2901 1517 ut
2931 1461 3000 1516 ab
3023 1462 3271 1516 omnibus
3297 1461 3629 1516 abstinentes

2052 1563 2115 1603 ac
2145 1548 2383 1619 legitime
2407 1560 2672 1606 certantes
2695 1593 2711 1618 ,
2754 1553 2927 1607 bravii
2966 1552 3202 1608 caelestis
3225 1559 3280 1605 et
3307 1551 3631 1618 incorrupta

2053 1652 2265 1693 corona:
2308 1641 2587 1709 participes
2632 1642 2993 1712 triumphetis.
3023 1642 3175 1709 Quod
3211 1642 3267 1695 in
3300 1640 3451 1696 vobis
3479 1639 3630 1710 adju-

2053 1736 2170 1782 rato
2194 1729 2361 1783 vestri
2398 1729 2767 1800 Redemptoris
2801 1731 3015 1786 nomine
3054 1730 3303 1794 facimus,
3336 1729 3441 1784 hoc
3468 1729 3625 1783 vestri

2051 1819 2231 1875 cordis
2258 1823 2580 1878 scrutatione
2620 1831 2676 1878 et
2714 1823 3159 1878 contribulatione
3197 1821 3482 1890 eonrplete.
3516 1820 3628 1874 Nos

2053 1910 2298 1979 precibus
2323 1911 2388 1966 ad
2411 1912 2574 1968 Deum
2604 1922 2657 1968 et
2682 1912 3132 1983 increpationibus
3157 1912 3435 1967 inveterati
3460 1910 3627 1966 hostia

2056 2000 2196 2056 dolis
2223 2002 2519 2057 resistimus
2556 2005 2571 2036 ³
2599 2023 2611 2057 :
2645 2018 2743 2058 vos
2763 2004 2899 2059 votis
2935 2012 2991 2058 et
3025 2003 3183 2059 vestri
3218 2001 3396 2057 cordis
3431 1999 3628 2055 contri-

2057 2092 2199 2148 tione
2221 2094 2508 2161 persistite,
2536 2104 2593 2149 ut
2616 2096 2875 2150 eruamini
2900 2095 2969 2150 de
2990 2103 3249 2166 potestate
3269 2094 3625 2154 tenebrarum.

2057 2193 2111 2239 et
2143 2183 2534 2240 transferamini
2571 2186 2624 2240 in
2674 2201 2891 2257 regnum
2926 2185 3184 2241 claritatis
3216 2186 3354 2256 ejus.
3400 2184 3515 2239 Hoc
3548 2192 3627 2238 est

2056 2290 2197 2331 nunc
2237 2291 2370 2346 opus
2406 2285 2641 2333 vestrum
2662 2318 2675 2340 ,
2722 2286 2778 2334 et
2814 2278 2901 2332 bic
2946 2277 3097 2334 labor
3131 2287 3330 2333 vester.
3378 2277 3544 2345 Digna
3575 2275 3627 2328 in

2054 2382 2177 2422 eum
2204 2381 2302 2424 nos
2326 2369 2440 2425 suis
2474 2369 2724 2439 nequitiis
2747 2369 3024 2425 maledicta
3049 2369 3389 2439 congerimus
3414 2384 3429 2420 :
3457 2376 3628 2420 vestra

2057 2472 2151 2511 vos
2170 2457 2348 2526 potius
2369 2458 2643 2514 aversione
2667 2474 2730 2514 ac
2765 2459 2850 2529 pia
2885 2459 3279 2515 renuntiatione
3307 2455 3628 2528 gloriosissi-

2056 2562 2202 2601 mum
2245 2549 2293 2602 ei
2323 2536 2592 2603 certamen
2638 2549 2873 2604 indicite.
2917 2548 3257 2613 Atterendus,
3300 2546 3628 2609 vinciendos,

2056 2636 2424 2692 excludendos
2447 2648 2528 2692 est
2558 2639 2649 2692 Dei
2672 2649 2726 2693 et
2747 2646 2945 2704 vester,
2968 2654 3033 2693 ac
3052 2639 3133 2693 sui
3172 2639 3346 2707 potius
3366 2637 3632 2691 inimicus.

2056 2725 2187 2780 Nam
2220 2726 2366 2781 furor
2392 2728 2509 2797 ejus
2536 2738 2591 2783 et
2619 2729 2670 2783 in
2705 2729 2872 2784 Deum
2900 2738 3213 2799 protervus,
3257 2739 3313 2784 et
3351 2728 3637 2783 adversum

2056 2834 2150 2874 vos
2168 2812 2419 2887 nefarius,
2435 2821 2550 2875 etin
2562 2836 2622 2876 se
2634 2821 2965 2891 perniciosus
2977 2820 3294 2876 ostenditur.
3310 2819 3539 2875 Aubclet
3549 2836 3639 2874 us-

2059 2925 2373 2982 quequaque
2401 2913 2593 2978 eti-des,
2612 2922 2873 2982 supponat
2894 2914 3232 2983 muscipulas,
3251 2923 3474 2970 exacuat
3494 2913 3639 2967 mulo

2061 3001 2268 3069 tiplices
2299 3008 2355 3055 et
2389 3001 2600 3057 dolosas
2621 3002 2827 3072 linguas
2846 3018 2972 3059 suas
2998 3021 3011 3054 :
3044 3004 3221 3057 omnia
3250 3018 3451 3058 venena
3486 3003 3638 3071 ejus,

2060 3091 2327 3147 obtestato
2343 3093 2555 3148 nomine
2570 3093 2879 3160 Salvatoris,
2901 3096 3091 3150 vestris
3102 3093 3352 3150 cordibus
3362 3093 3641 3150 emit-dite.

2128 3181 2355 3238 CAPUT
2397 3182 2508 3235 Vll.
2558 3212 2627 3223 —-
2672 3183 2724 3236 7.
2772 3181 2853 3238 Ad
2912 3184 3227 3253 spiritualent
3274 3184 3644 3237 renuat-etaiam

2061 3282 2390 3342 cooperantur
2426 3272 2625 3328 Christo
2659 3283 2707 3327 et
2750 3272 3008 3329 Ecclesia.
3061 3271 3329 3343 Quidquid
3377 3271 3648 3328 facinoro-

2061 3364 2291 3420 sissintis
2321 3381 2506 3437 sugges
2516 3366 2766 3431 tionibus,
2782 3365 3048 3443 quidquid
3080 3364 3506 3435 ﬂagitiosissimis
3529 3366 3649 3420 ille—

2062 3456 2240 3512 cebris
2269 3458 2616 3522 inunittebat,
2651 3474 2790 3512 nunc
2836 3458 3208 3523 exhaurietur,
3240 3473 3383 3512 nunc
3406 3457 3647 3527 publica-

2063 3545 2224 3600 bitur.
2279 3548 2428 3611 Nunc
2487 3548 2825 3618 populabitur
2881 3548 3156 3617 captivitas
3200 3547 3358 3616 ejus,
3404 3562 3506 3616 qua
3551 3562 3650 3601 vos

2067 3637 2340 3706 tyrannice
2377 3638 2698 3707 possidebat.
2732 3639 3016 3692 Avertetur
3053 3654 3080 3689 ιι
3113 3637 3263 3692 vobis
3288 3637 3497 3707 jugum,
3537 3653 3654 3707 quo

2068 3743 2162 3783 vos
2205 3729 2504 3783 innnaniter
2542 3728 2889 3798 deprimebat,
2922 3737 2978 3782 et
3002 3727 3118 3795 ejus
3141 3727 3440 3782 cervicibus
3472 3726 3652 3795 impoa
3698 3792 3712 3803 .

2068 3832 2221 3877 uctur
2255 3839 2266 3872 :
2297 3831 2501 3875 tantum
2524 3835 2618 3874 vos
2645 3821 2697 3873 in
2730 3819 3095 3874 liberationem
3121 3826 3377 3882 vestram,
3410 3817 3648 3872 Redem-

2069 3914 2203 3982 ptori
2249 3920 2427 3965 vestro
2466 3921 2697 3964 vestrum
2742 3908 2975 3979 praebete
3023 3922 3365 3963 consensum.
3422 3906 3650 3976 Sperate

2071 4002 2123 4056 in
2159 4017 2303 4065 eum,
2335 4017 2493 4054 omne
2521 4000 2805 4054 concilium
2850 4014 2998 4053 novae
3027 3998 3216 4068 plebis,
3260 4007 3315 4052 et
3340 3997 3534 4067 populo
3562 3998 3657 4066 qui

2070 4092 2306 4148 nasceris
2330 4133 2345 4158 ,
2375 4107 2530 4160 quem
2571 4091 2697 4149 fecit
2729 4090 3002 4153 Dominus.
3045 4089 3253 4144 enitere
3284 4096 3342 4142 ut
3367 4088 3657 4144 salubriter

2073 4182 2292 4252 pariaris
2314 4222 2330 4247 ,
2365 4196 2430 4235 ue
2472 4180 2704 4235 feraliter
2736 4179 3034 4234 abortiaris.
3081 4179 3218 4234 Ecce
3255 4186 3441 4233 uterus
3467 4179 3661 4232 matris

2074 4272 2354 4338 Ecclesiae,
2382 4286 2507 4326 ecce
2536 4280 2586 4322 ut
2619 4280 2668 4324 te
2696 4271 2887 4340 pariat,
2914 4279 3071 4339 atque
3099 4270 3152 4323 in
3182 4268 3357 4323 lucem
3388 4267 3511 4322 fidei
3540 4283 3662 4336 pro-

2073 4362 2268 4426 ducat,
2319 4361 2527 4416 laborat
2571 4361 2622 4414 in
2652 4361 2851 4430 gemitu
2892 4376 3012 4417 suo.
3059 4358 3235 4413 Nolite
3268 4366 3447 4414 vestra
3481 4357 3663 4429 impa-

2077 4452 2258 4506 tientia
2292 4452 2491 4505 viseera
2538 4459 2773 4504 materna
2813 4458 3137 4515 concutere,
3178 4456 3234 4503 et
3276 4458 3457 4516 partus
3490 4449 3657 4503 vestri

2072 4543 2262 4613 januas
2306 4550 2609 4612 angustare.
2660 4540 2861 4611 Populo
2890 4540 2979 4610 qui
3022 4538 3246 4603 crearis,
3298 4538 3455 4593 lauda
3485 4536 3658 4593 Dento

2080 4643 2223 4688 tuum
2270 4651 2282 4686 :
2330 4633 2486 4687 lauda
2509 4675 2526 4698 ,
2566 4631 2657 4703 qui
2694 4632 2926 4696 crearis,
2965 4628 3119 4697 lauda
3160 4629 3447 4685 Dominum
3486 4638 3659 4684 tuum.

2077 4725 2214 4793 Quia
2246 4727 2482 4788 laetaris,
2522 4723 2672 4778 lauda
2704 4742 2717 4777 :
2745 4724 2865 4794 quia
2894 4722 3074 4787 aleris,
3102 4721 3257 4775 lauda
3291 4739 3304 4775 :
3334 4720 3461 4790 quia
3485 4722 3659 4775 nutri-

2078 4822 2175 4885 ris,
2204 4819 2405 4889 prolice
2432 4816 2687 4887 Sapientia
2718 4825 2772 4871 et
2794 4823 2971 4870 tetate.
3001 4815 3093 4869 ille
3121 4828 3333 4883 quoque
3358 4812 3456 4867 has
3481 4826 3663 4867 moras

2080 4920 2265 4979 partus
2290 4907 2596 4977 temporalis
2622 4905 2853 4969 admisit,
2876 4905 2963 4976 qui
2994 4918 3092 4958 nec
3116 4903 3378 4958 brevitate
3405 4901 3663 4972 temporis

2081 5002 2278 5063 deﬁcit.
2309 5015 2409 5056 nec
2431 4998 2760 5070 longitudine
2797 4996 2903 5051 ulla
2944 4994 3195 5064 temporis
3225 4993 3457 5063 prolicit.
3498 4992 3601 5049 Sed
3631 5010 3659 5045 ιι

2081 5093 2268 5148 diebus
2292 5093 2509 5147 aeternis
2542 5098 2763 5145 cunctas
2789 5087 3061 5158 angustias
3088 5097 3142 5141 et
3173 5096 3385 5155 tempus
3412 5086 3665 5143 exclusit.

2086 5184 2260 5239 Nolite
2284 5184 2391 5248 hic,
2438 5183 2576 5237 sicut
2604 5180 2864 5251 benignus
2898 5176 3176 5263 parvulum
3213 5175 3444 5233 nutritor
3480 5175 3651 5230 adma

2086 5288 2212 5342 net,
2260 5275 2406 5346 pueri
2432 5275 2559 5345 eﬂict'
2588 5272 2828 5328 mentibus
2847 5312 2864 5338 ,
2909 5270 2998 5325 sed
3029 5270 3222 5322 malitia
3245 5269 3449 5339 parvuli
3475 5277 3662 5330 estote,

2089 5367 2336 5422 mentibus
2365 5365 2575 5436 perfecti
2599 5363 2709 5417 sitis
2736 5360 2781 5434 (ι
2807 5359 2923 5416 Cor.
2954 5375 3068 5425 XIV,
3095 5358 3206 5430 20).
3248 5358 3317 5415 Ut
3340 5358 3669 5427 Competen-

2092 5469 2172 5514 tes
2205 5465 2579 5527 competenter
2617 5453 2907 5510 adolescite
2950 5453 3004 5507 in
3028 5451 3273 5516 Christo,
3319 5459 3375 5504 ut
3418 5450 3469 5505 in
3494 5450 3671 5502 virum

2093 5550 2386 5620 perfectum
2411 5546 2718 5618 juveniliter
2741 5543 3078 5600 accrescatis.
3112 5541 3427 5606 Lmtiticate,
3451 5549 3507 5594 ut
3532 5540 3673 5595 scri-

2094 5651 2242 5711 ptntn
2273 5649 2371 5703 est,
2396 5639 2632 5709 profectu
2658 5636 2930 5707 sapientia:
2954 5645 3143 5689 vestra:
3173 5644 3374 5702 patrem
3405 5641 3668 5694 vestrum.

2093 5743 2143 5785 et
2175 5731 2339 5785 nolite
2383 5729 2593 5784 defectu
2623 5738 2797 5782 vestro
2822 5725 3138 5781 contristare
3175 5726 3397 5778 matrem
3434 5731 3671 5777 vestram

2160 5849 2173 5878 ι
2199 5844 2536 5895 Germauensis
2558 5849 2660 5905 .\ts.,
2683 5839 2941 5892 insistimus
2963 5835 3104 5889 dolis.
