3886 6188
262 371 383 431 κιαι

259 494 436 555 (l‘rov.
465 506 519 553 ι,
552 491 599 558 ι,
629 500 671 544 et
713 506 801 556 xv,
834 488 950 555 90).

327 581 556 637 CAPUT
597 581 728 636 VIII.
778 610 849 621 —
896 583 947 635 8.
990 578 1149 635 Nova:
1196 579 1588 651 regenerationis
1650 580 1834 651 gratia.

264 677 451 741 Atuate
478 671 618 743 quod
667 673 834 728 eritis.
865 673 1026 728 Erilis
1055 674 1196 727 enim
1235 672 1324 726 lilii
1370 673 1493 737 Dei,
1536 681 1591 727 et
1624 671 1715 725 lilii
1744 672 1838 726 ad-

260 758 511 826 op‘ionis.
540 756 652 811 Hoc
686 757 835 812 vobis
856 756 1019 829 gratis
1042 755 1283 821 dabitur,
1305 756 1572 826 gratisque
1597 755 1838 812 confere-

261 860 367 903 tut.
413 848 467 903 la
515 864 621 919 quo
663 850 859 921 largius
895 850 1218 920 uberiusque
1248 851 1602 915 abundabitis,
1638 860 1839 920 quanto

263 940 381 1009 plus
407 940 543 1010 grati
567 941 619 995 ei
651 956 677 993 a
719 956 824 1011 quo
863 940 978 997 haec
1015 942 1316 1012 accepistis,
1356 940 1579 995 fueritis.
1607 941 1685 995 Ad
1719 956 1839 995 eum

260 1030 480 1095 ambite,
503 1032 593 1101 qui
623 1033 766 1086 novit
788 1033 876 1102 qui
899 1033 1004 1087 sint
1033 1033 1167 1102 ejus.
1195 1033 1342 1087 Tuuc
1363 1041 1539 1086 autem
1568 1049 1671 1087 non
1692 1031 1841 1088 dedi-

261 1122 510 1193 gnabitur
539 1137 632 1177 vos
676 1122 816 1177 inter
841 1139 935 1178 eos
971 1124 1059 1194 qui
1092 1124 1207 1193 ejus
1230 1132 1355 1179 sunt
1379 1139 1566 1189 nesse,
1594 1125 1636 1178 si
1668 1127 1842 1179 nomi-

262 1223 451 1269 nantes
473 1228 666 1268 nomen
688 1212 922 1277 Domini,
960 1214 1026 1268 ab
1060 1214 1311 1283 injustitia
1335 1214 1594 1269 recedatis
1617 1214 1681 1287 (ll
1709 1215 1837 1269 Tim.

264 1324 320 1368 ιι,
354 1305 462 1375 l9).
490 1305 751 1361 Parentes
773 1305 951 1359 carnis
979 1315 1168 1360 vestra:
1206 1305 1429 1368 habetis,
1476 1305 1557 1360 vel
1584 1305 1842 1361 habuistis

264 1400 313 1451 in
342 1397 560 1463 saeculo,
601 1397 690 1466 qui
717 1412 810 1450 vos
837 1395 888 1449 iu
919 1397 1151 1451 laborem
1183 1406 1340 1466 atque
1365 1396 1431 1450 ad
1464 1411 1672 1466 pinnam
1702 1412 1841 1450 mor-

264 1502 478 1557 temque
504 1498 843 1558 genuerunt:
869 1487 961 1543 sed
988 1488 1109 1557 quia
1147 1487 1367 1542 feliciori
1406 1488 1631 1544 orbitate
1673 1496 1843 1557 potest

260 1579 626 1649 unusquisque
648 1588 879 1633 vestrum
904 1578 970 1633 de
992 1578 1184 1632 talibus
1208 1578 1389 1633 dicere
1410 1619 1425 1643 ,
1459 1574 1615 1631 Pater
1638 1595 1771 1633 meus
1796 1587 1842 1631 et

261 1682 424 1724 muter
449 1686 559 1723 mea
588 1669 954 1740 dereliquerunt
988 1686 1067 1723 me
1111 1665 1279 1741 (Psal.
1316 1684 1440 1723 xxw
1474 1709 1489 1734 ,
1526 1668 1610 1741 l0)
1638 1685 1652 1732 ;
1694 1670 1840 1722 illum

262 1760 498 1827 l'atrcm,
523 1760 830 1824 cliristiauc,
874 1776 1125 1831 agnosce,
1161 1762 1250 1831 qui
1280 1760 1384 1815 illis
1422 1760 1843 1831 relinquemibus

260 1853 498 1921 suscepit
537 1861 587 1907 te
627 1867 692 1907 ex
734 1862 885 1906 utero
927 1853 1111 1907 matris
1149 1861 1271 1918 tum,
1310 1846 1396 1906 cui
1429 1852 1639 1922 quidam
1676 1851 1844 1906 fidelis

265 1942 490 1996 fideliter
528 1938 692 2009 dicit,
736 1940 809 1995 De
843 1950 1008 1996 ventre
1051 1942 1223 1996 matris
1252 1957 1374 1995 inea:
1409 1951 1462 1994 tu
1505 1958 1554 1994 es
1597 1949 1846 2010 protector

263 2049 402 2085 mens
425 2029 595 2102 (Psal.
621 2047 733 2095 XXI,
760 2033 871 2103 ll).
911 2032 1067 2086 Pater
1090 2033 1228 2087 Deus
1249 2040 1359 2091 est.
1395 2040 1560 2103 mater
1583 2027 1841 2085 Ecclesia.

265 2114 443 2191 Longe
465 2122 620 2176 aliter
648 2123 713 2177 ab
740 2121 819 2176 his
848 2122 1253 2192 generabimiui,
1280 2135 1438 2192 quam
1463 2121 1530 2175 ab
1555 2121 1657 2174 illis
1681 2122 1845 2190 geniti

263 2212 504 2267 fueratis.
557 2211 664 2265 llos
695 2223 896 2282 partus,
947 2228 1050 2265 non
1098 2211 1268 2278 labor,
1312 2226 1416 2265 non
1461 2212 1694 2275 miseria,
1740 2227 1845 2265 non

264 2302 453 2368 ﬂetus,
494 2317 597 2357 non
635 2317 816 2366 mors;
861 2303 955 2358 scd
998 2301 1241 2367 facilitas,
1288 2301 1534 2367 felicitas,
1574 2302 1841 2373 gaudium,

264 2393 480 2461 vitaque
521 2392 792 2462 suscipiet.
840 2381 942 2448 Per
979 2392 1099 2449 illos
1150 2394 1502 2449 lamentabilis
1539 2396 1845 2465 generatio;

267 2499 361 2551 per
403 2481 500 2536 hos
535 2482 762 2550 Optanda
798 2487 1072 2553 generatio
1097 2496 1198 2539 est.
1229 2484 1307 2539 Illi
1335 2500 1432 2540 nos
1463 2487 1767 2557 generando
1795 2487 1847 2540 in

266 2564 523 2626 :etéruam
552 2588 762 2642 pinnam
790 2585 1067 2644 generant,
1101 2585 1318 2645 propter
1345 2586 1577 2631 veterem
1600 2577 1805 2645 culpam
1833 2595 1844 2628 :

270 2661 354 2715 isti
400 2660 782 2731 regenerando,
822 2681 919 2719 nec
947 2681 1161 2736 pmnam
1199 2665 1399 2720 faciunt
1432 2681 1725 2732 remanere,
1756 2682 1853 2721 nec

270 2755 499 2825 culpam.
546 2754 672 2810 llaec
706 2766 787 2809 est
831 2757 915 2810 illa
962 2755 1295 2828 regeneratio
1338 2758 1670 2829 quaerentium
1713 2775 1848 2824 eum,

271 2846 596 2915 ιιιιωι·εηιὶωιι
629 2846 809 2915 [aciem
832 2847 924 2902 Dei
951 2848 1111 2904 Jacob
1137 2849 1306 2922 (Psal.
1335 2868 1485 2917 χχιιι,
1512 2852 1590 2921 6).
1616 2851 1853 2907 Ilumiles

272 2937 492 3007 quzcrilc
520 2955 532 2989 :
562 2936 699 3006 quod
735 2954 854 2992 cum
882 2939 1212 3007 inveneritis,
1236 2940 1300 2996 ad
1331 2956 1575 2998 securam
1611 2942 1850 2997 altitudi-

275 3044 392 3081 nem
419 3025 658 3081 venietis.
692 3028 912 3082 Infantia
945 3041 1118 3085 vestra
1150 3033 1450 3087 innocentia
1476 3034 1598 3098 erit,
1624 3033 1850 3103 pueritia

275 3119 604 3180 reverentia,
648 3120 1002 3176 adolescentia
1052 3123 1335 3191 patientia,
1373 3124 1625 3194 juventus
1661 3126 1849 3188 virtus,

273 3211 479 3265 senium
520 3211 764 3265 meritum
791 3255 805 3276 ,
847 3226 1096 3269 senectus
1134 3214 1265 3268 nihil
1308 3215 1447 3271 aliud
1490 3231 1646 3285 quam
1686 3232 1854 3272 canus

274 3302 591 3372 sapiensque
615 3304 935 3359 intellectus.
981 3307 1083 3361 Pcr
1118 3306 1217 3361 hos
1249 3308 1504 3362 articulos
1540 3310 1626 3364 vel
1660 3308 1853 3378 gradus

272 3393 476 3459 aetatis,
526 3409 630 3448 uon
674 3403 725 3449 ιιι
764 3398 1044 3461 cvolveris,
1087 3398 1178 3452 sed
1202 3414 1520 3467 permanens
1556 3400 1847 3453 inuovaris.

275 3485 386 3540 Non
409 3486 551 3541 enim
589 3498 644 3540 ιιι
677 3486 883 3543 decidat
914 3491 1056 3556 prior
1079 3489 1309 3546 secunda
1338 3491 1607 3557 succedet,
1632 3501 1724 3544 aut
1749 3501 1855 3545 ter-

276 3574 360 3628 tite
390 3582 542 3630 ortus
567 3575 811 3631 secunda:
833 3578 932 3631 erit
953 3570 1217 3643 interitus,
1242 3589 1332 3633 aut
1351 3589 1539 3650 quarta
1554 3577 1663 3649 jam
1692 3580 1857 3632 nasci-

276 3675 360 3719 tur
397 3676 451 3720 ut
492 3667 644 3722 tertia
677 3669 972 3731 moriatur;
1013 3686 1115 3723 non
1153 3672 1334 3741 quinta
1367 3678 1567 3739 quarta:
1602 3671 1856 3725 invidebit

276 3768 328 3808 ut
358 3766 573 3812 maneat
596 3802 610 3824 ,
663 3776 759 3814 nec
787 3758 1023 3830 quintam
1057 3774 1201 3815 sexta
1248 3762 1486 3832 sepeliet.
1537 3761 1670 3816 Cum
1698 3765 1855 3819 simul

275 3859 459 3903 :l‘talcs
491 3851 603 3902 istm
633 3867 733 3904 non
761 3851 989 3916 veniant,
1028 3863 1199 3906 tamen
1230 3854 1281 3906 in
1312 3854 1484 3906 anima
1514 3851 1598 3922 pia
1626 3863 1678 3908 et
1700 3854 1856 3923 justi-

278 3940 427 3993 licata
466 3941 665 4010 pari‘er
706 3952 759 3996 et
804 3941 1144 3998 concorditer
1186 3954 1546 4012 perseverant.
1589 3943 1677 3998 llze
1711 3954 1761 3998 te
1790 3945 1855 3999 ad

275 4032 553 4098 septimam
599 4047 885 4102 perennem
935 4036 1164 4104 quietem
1215 4051 1502 4104 pacemque
1544 4034 1852 4105 perducent.

275 4117 475 4173 Tamen
506 4123 701 4187 sexies,
752 4131 808 4174 ut
851 4122 1094 4195 iegimus,
1142 4123 1209 4178 de
1251 4124 1659 4179 necessitatibus
1688 4128 1857 4180 (etatis

278 4210 563 4265 mortiferas
594 4213 869 4268 liberatum
897 4256 910 4279 ,
956 4215 1063 4285 jam
1095 4217 1144 4270 iu
1179 4219 1398 4286 septima
1434 4234 1536 4272 uou
1567 4227 1616 4273 te
1643 4227 1857 4289 tangent

278 4304 410 4356 mala
458 4302 595 4375 (Job
624 4322 687 4369 v,
737 4302 845 4376 19).
900 4307 1014 4362 Νοιι
1068 4308 1208 4363 enim
1258 4307 1536 4365 certabuut
1586 4327 1704 4381 quge
1749 4328 1853 4366 uou

276 4403 449 4456 t'runl,
474 4406 561 4451 aut
594 4399 950 4465 pr.evalebuut
978 4418 1093 4470 qua:
1121 4416 1220 4456 nec
1248 4401 1536 4458 audebunt.
1561 4403 1635 4459 lbi
1667 4420 1852 4460 secura

276 4486 667 4551 immortalitas,
703 4490 769 4544 ibi
803 4489 1116 4545 immortalis
1148 4493 1423 4547 securitas.

343 4576 571 4633 CAPUT
602 4579 691 4634 IX.
724 4611 792 4620 —
821 4581 874 4636 9.
902 4581 1104 4636 .Etntes
1128 4584 1431 4653 spirituales.
1458 4585 1521 4639 Et
1550 4587 1690 4641 unde
1718 4586 1849 4652 lure,

278 4668 376 4722 nisi
402 4667 468 4722 de
497 4669 861 4726 immutatione
888 4671 1121 4727 dextera:
1147 4673 1356 4729 Excelsi
1380 4716 1395 4739 ,
1440 4677 1530 4746 qui
1578 4677 1857 4734 bcnedicet

278 4760 410 4813 filius
437 4769 553 4815 tuos
583 4762 631 4815 in
667 4770 737 4829 te,
761 4764 847 4831 qui
874 4776 1029 4832 ponet
1054 4766 1308 4823 terminos
1334 4774 1452 4820 tuos
1480 4784 1658 4835 pacem
1679 4768 1849 4841 (Psal.

275 4867 449 4907 cuvn
473 4896 486 4916 ,
526 4856 609 4918 l5,
648 4856 774 4924 ll)?
828 4857 1140 4910 Excitamini
1171 4874 1296 4928 ergo
1326 4858 1390 4912 ad
1424 4859 1556 4926 lucc,
1596 4864 1852 4927 concreti,

276 4944 528 5009 discreti;
582 4949 816 5002 concreti
861 4948 1054 5013 bonis,
1107 4949 1322 5005 discreti
1371 4966 1399 5002 a
1453 4952 1644 5006 malis:
1676 4953 1851 5019 electi,

275 5036 473 5105 dilecti,
528 5039 778 5107 przrsciti,
829 5039 1022 5103 vocati,
1078 5040 1423 5108 justilicandi,
1478 5042 1853 5112 glorificaudi:

277 5138 333 5184 ut
360 5138 697 5197 crescentes,
738 5131 1169 5201 juveneseentes,
1203 5147 1265 5186 ac
1294 5142 1638 5188 senescentes
1664 5136 1716 5189 in
1757 5134 1857 5191 fide

274 5236 336 5274 ac
364 5220 666 5277 maturitate
688 5224 899 5289 virium,
927 5240 1032 5277 non
1064 5227 1404 5293 corruptione
1432 5227 1789 5282 membrorum
1815 5230 1853 5290 ¹,

277 5309 326 5362 in
355 5319 567 5366 senecta
593 5312 763 5376 uberi,
794 5314 1063 5384 tranquilli
1092 5315 1416 5371 annuntietis
1441 5332 1599 5386 opera
1623 5317 1852 5383 Domini,

274 5401 361 5467 qui
393 5400 515 5456 fecit
542 5403 692 5459 vobis
717 5420 928 5475 magna,
956 5407 1047 5476 qui
1081 5415 1266 5477 potens
1292 5417 1377 5465 est
1409 5427 1422 5464 :
1460 5410 1581 5478 quia
1608 5427 1855 5482 maguum

280 5506 475 5546 naiinen
501 5492 618 5561 ejus
638 5534 652 5558 ,
693 5505 747 5550 et
770 5498 1046 5565 sapientiae
1075 5499 1193 5568 ejus
1220 5515 1324 5556 non
1349 5510 1434 5556 est
1458 5518 1729 5557 numerus.
1767 5503 1857 5558 \‘i-

275 5587 383 5635 tam
409 5584 650 5653 quaeritis
713 5588 910 5643 currite
940 5589 1005 5643 ad
1058 5605 1178 5645 eum
1208 5592 1295 5662 qui
1337 5602 1420 5648 est
1459 5592 1577 5650 fons
1611 5596 1731 5649 vitae
1763 5613 1774 5648 :
1806 5606 1859 5650 ct

274 5671 467 5742 Iugatis
506 5674 738 5734 lecebris
783 5678 1110 5736 fumosarum
1158 5684 1506 5755 cupiditatum
1540 5699 1854 5750 vestrarum,

342 5786 358 5816 ⁸
380 5790 430 5835 In
449 5791 759 5840 Gcrmmeusi
783 5797 886 5850 11s.,
906 5791 1191 5844 morborum.

1664 368 1889 428 SES'JIO
1927 366 2147 426 CCXVI.

1918 3870 1922 3873 ·
1964 3851 2178 3919 leraquc
2222 3864 2497 3917 caprarum
2533 3866 2544 3900 :

3386 366 3522 433 {082

1956 483 2199 538 videbitis
2222 485 2395 539 Iutucu
2429 484 2477 538 in
2506 482 2706 539 lumine
2734 484 2997 556 Uuigcuili
3024 487 3160 542 illius
3182 490 3341 545 vestri
3369 500 3525 558 atque

1949 574 2341 629 clementissimi
2365 574 2753 644 Redemptoris,
2780 586 2833 629 et
2865 576 3232 646 fulgentissimi
3259 579 3527 637 illumina-

1950 667 2099 720 toris.
2131 666 2185 721 Si
2214 665 2437 719 salutem
2470 667 2726 735 qumritis,
2759 677 2970 735 sperate
3002 669 3051 721 in
3082 684 3203 720 cum
3232 671 3316 734 qui
3348 672 3527 726 salvos

1949 756 2073 811 facit
2112 767 2392 828 sperantes
2433 758 2484 811 in
2527 772 2586 812 se
2630 757 2799 830 (Psal.
2832 774 2945 825 xvi,
2978 757 3054 826 7).
3110 759 3164 813 Si
3215 760 3525 815 ebrietatem

1948 848 2273 918 deliciasque
2324 849 2623 915 seetamiui,
2680 864 2776 902 nec
2828 849 2968 918 ipsas
3017 849 3244 919 negabit.
3301 850 3524 905 Tantum

1950 942 2124 996 venite
2152 951 2204 995 et
2229 940 2480 1006 adorato,
2525 939 2781 1010 procidite
2825 950 2878 995 et
2916 941 3116 1009 plurale
3145 953 3269 995 ante
3294 958 3413 995 eum
3439 945 3526 1012 qui
3597 924 3601 928 λ

1949 1029 2074 1086 fecit
2103 1046 2195 1085 vos
2234 1032 2252 1095 (
2276 1031 2416 1087 Psal.
2448 1047 2587 1099 χειν,
2619 1033 2673 1103 6)
2706 1053 2718 1086 :
2749 1044 2799 1086 et
2847 1033 3128 1088 inebriabit
3153 1050 3244 1087 vos
3273 1035 3338 1088 ab
3367 1033 3538 1089 liber:

1950 1132 2056 1178 tate
2081 1122 2271 1177 domus
2297 1139 2427 1187 suae,
2459 1133 2511 1189 et
2542 1132 2773 1177 torrente
2800 1123 3105 1177 deliciarum
3137 1139 3347 1177 suarum
3380 1135 3526 1194 pota-

1948 1214 2025 1268 bit
2050 1229 2144 1268 vos
2174 1214 2343 1282 (Psal.
2377 1231 2545 1280 xxxv,
2578 1214 2657 1283 9).
3408 1276 3415 1281 τ

2018 1301 2246 1359 CAPUT
2285 1303 2354 1358 Χ.
2384 1333 2457 1343 --
2486 1305 2572 1358 l0.
2601 1302 2833 1357 Cavenda
2858 1304 3089 1373 superbia
3108 1347 3119 1368 ,
3160 1315 3207 1357 cl
3243 1302 3528 1359 adhibenda

1949 1393 2228 1464 vigilantia.
2257 1395 2358 1449 Sed
2387 1404 2595 1460 cavete,
2625 1412 2693 1449 ne
2722 1395 2897 1448 veniat
2926 1394 3073 1448 vobis
3106 1411 3199 1464 pes
3226 1395 3485 1465 superbite
3510 1413 3524 1461 ;

1949 1492 2001 1538 et
2029 1483 2255 1552 vigilate,
2279 1499 2345 1538 uc
2375 1500 2469 1538 vos
2496 1500 2684 1538 manus
2708 1495 2955 1538 moveant
2982 1496 3317 1553 peccatorum
3342 1483 3521 1556 (1ὸὶ(1.,

1952 1576 2069 1645 12).
2097 1576 2328 1629 Primum
2354 1591 2416 1631 nc
2445 1578 2733 1645 contingat,
2758 1587 2905 1630 orate
2931 1586 2985 1629 ut
3011 1577 3077 1631 ab
3102 1576 3321 1631 occultis
3339 1578 3529 1632 vestris

1952 1666 2169 1719 inundet
2190 1681 2313 1719 vos:
2337 1666 2625 1720 secundum
2657 1682 2782 1721 vero
2811 1683 2875 1721 ue
2907 1666 3070 1722 irruat
3098 1675 3148 1721 ct
3175 1667 3384 1737 dejiciat
3410 1683 3526 1733 vos,

1953 1769 2189 1828 petentes
2216 1769 2274 1813 ut
2322 1760 2389 1814 ab
2419 1760 2605 1813 alienis
2636 1771 2814 1828 parcat
2844 1760 2992 1813 vobis
3037 1757 3221 1831 (Psnl.
3256 1774 3407 1824 xvut,
3441 1760 3528 1821 15,

1954 1853 2043 1921 ll)
2070 1869 2083 1917 ;
2119 1852 2360 1922 jaceutcs
2391 1850 2588 1923 surgite
2612 1894 2627 1919 ,
2656 1863 2935 1922 surgentes
2961 1861 3095 1905 state
3120 1895 3131 1912 ,
3165 1861 3367 1906 stantes
3392 1850 3532 1905 adsi-

1950 1943 2097 2016 stite,
2125 1941 2446 1996 adsistentes
2474 1944 2758 2011 persistite.
2793 1942 2966 1996 Nolite
2992 1943 3123 1995 ultra
3153 1942 3288 1996 ferre
3310 1942 3493 2012 jugum
3516 1960 3528 1994 :

1952 2032 2269 2103 disrumpite
2295 2034 2467 2102 potius
2497 2031 2702 2087 vincula
2734 2050 2948 2098 eorum,
2982 2043 3035 2086 ct
3064 2033 3275 2101 abjicite
3320 2052 3348 2087 a
3382 2034 3534 2087 vobis

1947 2139 2132 2193 jugum
2164 2121 2397 2192 ipsorum
2419 2117 2591 2192 (Psal.
2618 2140 2680 2190 ιι,
2704 2123 2782 2192 3),
2808 2139 2873 2177 ue
2894 2124 3087 2178 iterum
3115 2123 3385 2179 servitutis
3406 2123 3535 2195 jugn

1952 2215 2305 2269 attmeamiui.
2352 2211 2605 2267 Dominus
2634 2213 2685 2267 in
2730 2214 2960 2282 proximo
2999 2225 3118 2279 est;
3169 2213 3297 2269 nihil
3334 2216 3535 2268 solliciti

1953 2308 2150 2377 [territis
2200 2304 2557 2377 (Pliilipp.tv,
2594 2305 2647 2368 5,
2682 2306 2758 2376 6).
2805 2303 3113 2359 Mauducatc
3160 2322 3298 2361 inme
3343 2320 3532 2376 panem

1956 2397 2153 2451 ddloris
2183 2416 2195 2452 :
2228 2398 2404 2452 veniet
2430 2406 2634 2465 tempus
2653 2438 2669 2463 ,
2703 2395 2914 2467 quando
2939 2407 3055 2467 post
3084 2408 3273 2466 panem
3306 2398 3535 2452 tristitim

1939 2478 2104 2557 panis
2137 2488 2285 2542 Vobis
2318 2488 2512 2542 Ia-titiae
2545 2486 2903 2542 miuistrelur.’
2946 2485 3051 2541 Sed
3095 2489 3341 2541 meritum
3373 2486 3532 2551 illius,

1959 2579 2114 2647 hujus
2135 2591 2213 2633 est
2244 2578 2541 2643 tolerantia,
2566 2579 2790 2635 Aversio
2815 2588 2866 2634 et
2899 2577 3018 2649 fuga
3044 2589 3127 2634 tua
3150 2586 3339 2648 panem
3363 2579 3538 2634 luctus

1957 2671 2271 2724 commeruit
2298 2689 2310 2723 :
2339 2679 2670 2736 convertere,
2707 2682 3086 2739 compungerc,
3117 2677 3170 2723 et
3198 2669 3305 2724 redi
3332 2669 3395 2723 ad
3431 2669 3537 2723 Dn-

1960 2761 2158 2814 minum
2187 2770 2351 2815 tuum.
2388 2761 2607 2815 Paratus
2638 2769 2720 2816 cst
2752 2761 2838 2814 ille
2864 2767 3186 2829 compuncto
3211 2768 3261 2814 ct
3294 2759 3538 2814 redeunti

1959 2870 2147 2924 panem
2174 2852 2349 2924 gaudii
2381 2869 2631 2932 erogare;
2675 2854 2716 2908 si
2746 2870 2851 2907 non
2874 2852 3176 2908 dissimules
3202 2868 3299 2907 nec
3324 2852 3540 2907 differas

1961 2960 2055 3015 pro
2100 2942 2217 3015 fuga
2263 2956 2347 2998 tua
2398 2943 2645 2998 flebiliter
2691 2957 3024 2998 aerumnosas
3073 2956 3244 2998 orare.
3300 2942 3352 2996 In
3381 2944 3539 2997 tantis

1959 3053 2087 3108 ergo
2131 3036 2359 3091 catervis
2407 3035 2799 3090 mulcslanlium
2844 3036 3045 3091 induite
3090 3050 3184 3089 vos
3227 3034 3437 3100 cilicio,
3487 3047 3541 3089 et

1962 3127 2237 3183 Itumiliale
2266 3127 2315 3181 iu
2339 3128 2549 3196 jejunio
2575 3126 2805 3180 animam
2836 3137 3065 3182 vestram
3092 3127 3129 3178 ‘.
3159 3126 3419 3185 Redditur
3446 3127 3541 3180 lm-

1962 3219 2166 3274 militati
2188 3218 2329 3290 quod
2357 3218 2619 3287 superbiae
2646 3217 2961 3287 deligatum
2988 3227 3087 3272 cst.
3115 3216 3182 3270 Et
3206 3230 3300 3271 vos
3326 3217 3538 3287 quidem

1960 3324 2079 3364 cum
2109 3308 2479 3365 scrutaremini
2505 3350 2520 3373 ,
2561 3317 2718 3377 atque
2765 3307 2930 3376 ipsius
2962 3307 3097 3376 fugio
3134 3322 3196 3360 ac
3222 3307 3542 3361 descrtionis

1962 3417 2245 3471 persuasor
2270 3401 2319 3453 in
2338 3398 2614 3454 Trinitatis
2640 3397 2930 3451 tremenda:
2952 3398 3335 3464 omuipotentia
3364 3395 3542 3450 debite

1963 3492 2358 3561 increparetur,
2412 3505 2515 3542 non
2563 3488 2692 3546 estis
2737 3485 2904 3539 induti
2953 3485 3127 3539 cilicio
3166 3502 3177 3538 :
3220 3486 3311 3540 sed
3361 3494 3540 3539 tamen

1966 3582 2124 3634 vestri
2157 3581 2316 3648 pedes
2347 3580 2395 3630 ia
2424 3576 2612 3631 eodem
2641 3577 2862 3646 mystice
2888 3575 3255 3629 constiterunt.

2031 3668 2251 3724 CAPUT
2308 3667 2395 3722 XI.
2426 3698 2497 3706 ——
2530 3668 2613 3722 il.
2644 3666 2847 3732 Quanta
2878 3665 2970 3718 Dei
2995 3662 3334 3718 misericordia
3363 3682 3381 3719 :
3408 3682 3541 3735 quo-

1963 3763 2109 3816 modo
2147 3762 2213 3814 ad
2239 3758 2380 3813 illam
2406 3759 2819 3830 confugiendum.
2853 3756 3116 3812 Calcanda
3143 3766 3265 3811 sunt
3289 3757 3410 3810 vilia
3434 3759 3544 3813 vel-

2591 3848 2925 3902 sinistrorum
2974 3844 3245 3899 lucdorum
3294 3847 3539 3900 conscin-

1961 3940 2121 3997 dendi
2146 3951 2266 3995 sunt
2295 3938 2470 4009 panni.
2505 3940 2633 3994 Cum
2670 3939 2837 4008 prima
2865 3935 2998 3990 stola
3029 3937 3168 3991 ultro
3190 3936 3338 3991 vobis
3361 3953 3545 3991 occur-

1964 4045 2045 4090 ret
2086 4032 2391 4087 miScricors
2448 4040 2615 4100 pater,
2667 4030 2756 4099 qui
2803 4028 2868 4082 ad
2900 4037 3131 4082 vestram
3174 4026 3543 4097 depellendam

1962 4121 2264 4194 pestiferam
2293 4120 2486 4176 famem
2526 4121 2685 4176 etiam
2712 4121 3008 4190 saginatum
3052 4118 3270 4172 vitulum
3300 4133 3404 4173 non
3431 4116 3544 4174 dis-

1965 4214 2089 4267 tulit
2123 4211 2397 4266 immolare
2437 4209 2586 4282 (Luc.
2627 4226 2697 4265 xv
2722 4253 2736 4277 ,
2771 4208 2983 4280 11-32).
3019 4208 3148 4279 Ejus
3173 4209 3420 4263 carnibus
3449 4223 3544 4278 pa-

1962 4305 2203 4371 scemini,
2240 4305 2357 4374 ejus
2392 4302 2649 4373 sanguine
2695 4302 3001 4372 potabimini
3052 4319 3065 4355 :
3108 4300 3262 4369 cujus
3289 4299 3547 4355 effusione

1966 4405 2179 4467 peccata
2206 4394 2563 4459 dimittuntur,
2590 4392 2766 4447 debita
2807 4391 3091 4454 donantur,
3124 4389 3344 4445 maculm
3370 4388 3546 4444 deter-

1961 4495 2176 4557 guntur.
2198 4484 2266 4540 Ut
2288 4498 2550 4554 pauperes
2573 4480 2908 4547 manducate,
2932 4489 2986 4534 et
3003 4488 3126 4534 tunc
3142 4478 3502 4533 saturabimiui
3528 4498 3542 4533 :

1963 4588 2017 4632 ut
2055 4585 2111 4633 et
2138 4592 2233 4632 vos
2278 4576 2345 4631 de
2375 4576 2479 4629 illis
2507 4575 2643 4641 sitis,
2685 4572 2751 4629 de
2791 4574 2983 4644 quibus
3012 4572 3223 4639 dicitur,
3269 4570 3549 4625 Mauduca.

1961 4666 2083 4721 bunt
2131 4683 2398 4738 pauperes,
2448 4675 2495 4719 et
2535 4663 2893 4718 saturabuntur
2938 4661 3106 4733 (Psal.
3157 4678 3268 4722 χιιι.
3315 4661 3406 4733 27)
3444 4675 3548 4716 :ac

1961 4760 2180 4812 saturati
2229 4757 2512 4811 salubriter
2554 4757 2669 4825 ejus
2715 4770 2901 4824 panem
2949 4754 3278 4823 gloriamque
3322 4759 3543 4806 ruetate.

1962 4848 2168 4904 Currite
2208 4849 2272 4901 ad
2311 4864 2454 4910 cum,
2487 4854 2541 4901 et
2581 4845 2951 4899 convertimini
2989 4862 3001 4896 :
3038 4845 3125 4897 ille
3162 4852 3243 4897 est
3280 4844 3418 4897 enim
3457 4844 3546 4912 qui

1962 4939 2214 4993 converti!
2247 4950 2487 4998 aversos,
2520 4935 2857 5003 prosequitur
2886 4933 3150 5002 fugitivos,
3198 4932 3397 4986 invenit
3427 4947 3546 5000 pcr-

1962 5030 2122 5095 ditus,
2144 5027 2385 5081 Itutuiliat
2416 5026 2695 5093 superbos,
2724 5025 2885 5093 pascit
2910 5023 3200 5086 famelicos,
3221 5022 3377 5075 solvit
3401 5036 3547 5076 com-

1964 5118 2190 5191 peditos,
2224 5116 2485 5171 illuminat
2527 5130 2720 5179 caecos,
2751 5122 2942 5184 purgat
2986 5112 3309 5175 immundos,
3341 5123 3546 5168 recreat

1966 5211 2228 5280 fatigatos,
2257 5206 2478 5262 suscitat
2506 5213 2764 5267 mortuos,
2806 5214 2965 5274 atque
3001 5202 3247 5273 nequitia:
3276 5202 3545 5272 spiritibus

1966 5314 2240 5372 possessos
2280 5308 2328 5353 ct
2359 5306 2544 5367 captus
2584 5296 2758 5366 eripit.
2805 5295 2844 5350 A
2872 5296 3065 5366 quibus
3106 5296 3225 5365 quia
3272 5304 3371 5348 vos
3407 5313 3545 5352 inme

1966 5392 2227 5446 immunes
2252 5404 2371 5444 esse
2413 5387 2786 5459 probavimus;
2823 5384 3147 5456 gratulantes
3187 5385 3336 5439 vobis
3364 5385 3546 5439 admu-

1966 5500 2154 5538 nemus
2175 5498 2290 5545 vos,
2318 5492 2373 5535 ut
2392 5481 2590 5535 sanitas
2609 5495 2728 5550 qua:
2752 5479 2995 5549 apparuit
3021 5479 3070 5531 in
3100 5487 3275 5532 vestro
3299 5494 3543 5550 corpore,

1967 5574 2079 5629 haec
2108 5576 2157 5627 in
2186 5574 2375 5628 vestris
2396 5572 2643 5627 cordibus
2673 5579 3016 5624 conservetur
3045 5571 3084 5620 ².

1975 5737 1983 5745 _
2031 5677 2145 5746 [sic
2181 5674 2519 5746 permanensis
2560 5682 2638 5721 Ms.
2690 5680 2743 5723 Al.
2788 5674 2932 5733 editi,
2956 5682 2999 5725 et
3046 5675 3360 5726 Iimmltamini
3398 5675 3446 5725 in
3467 5676 3544 5737 je-

1956 5742 2096 5797 junio
2114 5742 2381 5786 (mint'trmn
2402 5742 2680 5785 vestrarum.

2035 5802 2051 5829 ²
2078 5799 2203 5860 ,ιιιιιι
2251 5806 2355 5845 tov.
2385 5807 2571 5848 assulas
2609 5798 2684 5847 bic
2719 5804 2823 5847 erat
2846 5798 2954 5848 linis
2983 5801 3223 5851 sermonis
3242 5800 3325 5861 85,
3369 5797 3546 5849 abillis
