  <div class='ocr_page' id='page_1' title='image "/cluster/home/n/w/nwhite01/storage/ocr_20150623/38/hvd.32044096580600/547.png"; bbox 0 0 3886 6188; ppageno 0'>
   <div class='ocr_carea' id='block_1_1' title="bbox 296 353 438 414">
    <p class='ocr_par' dir='ltr' id='par_1_1' title="bbox 296 353 438 414">
     <span class='ocr_line' id='line_1_1' title="bbox 296 353 438 414; baseline 0.014 -2"><span class='ocrx_word' id='word_1_1' title='bbox 296 353 438 414; x_wconf 69' lang='grc'><strong>1083</strong></span> 
     </span>
    </p>
   </div>
   <div class='ocr_carea' id='block_1_2' title="bbox 770 450 1392 523">
    <p class='ocr_par' dir='ltr' id='par_1_2' title="bbox 770 450 1392 523">
     <span class='ocr_line' id='line_1_2' title="bbox 770 450 1392 523; baseline -0.021 -8"><span class='ocrx_word' id='word_1_2' title='bbox 770 454 998 516; x_wconf 67' lang='lat' dir='ltr'><strong>SERMO</strong></span> <span class='ocrx_word' id='word_1_3' title='bbox 1031 451 1258 511; x_wconf 73' lang='lat' dir='ltr'><strong>CCXVII</strong></span> <span class='ocrx_word' id='word_1_4' title='bbox 1298 450 1392 523; x_wconf 89' lang='lat' dir='ltr'><strong>(a).</strong></span> 
     </span>
    </p>
   </div>
   <div class='ocr_carea' id='block_1_3' title="bbox 294 552 1867 636">
    <p class='ocr_par' dir='ltr' id='par_1_3' title="bbox 294 552 1867 636">
     <span class='ocr_line' id='line_1_3' title="bbox 294 552 1867 636; baseline -0.016 -5"><span class='ocrx_word' id='word_1_5' title='bbox 294 576 375 632; x_wconf 81' lang='lat' dir='ltr'><strong>De</strong></span> <span class='ocrx_word' id='word_1_6' title='bbox 417 574 642 630; x_wconf 76' lang='lat' dir='ltr'><strong>cratium</strong></span> <span class='ocrx_word' id='word_1_7' title='bbox 685 569 894 636; x_wconf 80' lang='lat' dir='ltr'><strong>Christi,</strong></span> <span class='ocrx_word' id='word_1_8' title='bbox 941 567 1117 632; x_wconf 87' lang='lat' dir='ltr'><strong>Pater,</strong></span> <span class='ocrx_word' id='word_1_9' title='bbox 1165 577 1300 634; x_wconf 89' lang='lat' dir='ltr'><strong>quos</strong></span> <span class='ocrx_word' id='word_1_10' title='bbox 1334 558 1527 616; x_wconf 93' lang='lat' dir='ltr'><strong>dedisti</strong></span> <span class='ocrx_word' id='word_1_11' title='bbox 1565 552 1715 621; x_wconf 88' lang='lat' dir='ltr'><strong>mihi,</strong></span> <span class='ocrx_word' id='word_1_12' title='bbox 1744 554 1867 608; x_wconf 86' lang='lat' dir='ltr'><strong>volo</strong></span> 
     </span>
    </p>
   </div>
   <div class='ocr_carea' id='block_1_4' title="bbox 366 645 1794 734">
    <p class='ocr_par' dir='ltr' id='par_1_4' title="bbox 366 645 1794 734">
     <span class='ocr_line' id='line_1_4' title="bbox 366 645 1794 734; baseline -0.015 -14"><span class='ocrx_word' id='word_1_13' title='bbox 366 674 422 720; x_wconf 90' lang='lat' dir='ltr'><strong>ut</strong></span> <span class='ocrx_word' id='word_1_14' title='bbox 444 663 530 719; x_wconf 90' lang='lat' dir='ltr'><strong>ubi</strong></span> <span class='ocrx_word' id='word_1_15' title='bbox 554 675 654 734; x_wconf 83' lang='lat' dir='ltr'><strong>ego</strong></span> <span class='ocrx_word' id='word_1_16' title='bbox 679 674 817 727; x_wconf 87' lang='lat' dir='ltr'><strong>sum,</strong></span> <span class='ocrx_word' id='word_1_17' title='bbox 841 658 913 715; x_wconf 85' lang='lat' dir='ltr'><strong>ibi</strong></span> <span class='ocrx_word' id='word_1_18' title='bbox 944 658 1054 714; x_wconf 89' lang='lat' dir='ltr'><strong>sint</strong></span> <span class='ocrx_word' id='word_1_19' title='bbox 1080 656 1200 727; x_wconf 85' lang='lat' dir='ltr'><strong>ipsi.</strong></span> <span class='ocrx_word' id='word_1_20' title='bbox 1225 651 1381 707; x_wconf 81' lang='lat' dir='ltr'><strong>Joan.</strong></span> <span class='ocrx_word' id='word_1_21' title='bbox 1404 667 1517 722; x_wconf 86' lang='lat' dir='ltr'><strong>cap.</strong></span> <span class='ocrx_word' id='word_1_22' title='bbox 1548 662 1680 715; x_wconf 79' lang='lat' dir='ltr'><strong>xvu,</strong></span> <span class='ocrx_word' id='word_1_23' title='bbox 1706 645 1794 700; x_wconf 72' lang='grc'><strong>24.</strong></span> 
     </span>
    </p>
   </div>
   <div class='ocr_carea' id='block_1_5' title="bbox 719 785 1440 854">
    <p class='ocr_par' dir='ltr' id='par_1_5' title="bbox 719 785 1440 854">
     <span class='ocr_line' id='line_1_5' title="bbox 719 785 1440 854; baseline -0.014 -11"><span class='ocrx_word' id='word_1_24' title='bbox 719 791 919 843; x_wconf 77' lang='lat' dir='ltr'><strong>Habitus</strong></span> <span class='ocrx_word' id='word_1_25' title='bbox 937 788 1080 854; x_wconf 82' lang='lat' dir='ltr'><strong>paulo</strong></span> <span class='ocrx_word' id='word_1_26' title='bbox 1115 792 1230 837; x_wconf 85' lang='lat' dir='ltr'><strong>ante</strong></span> <span class='ocrx_word' id='word_1_27' title='bbox 1252 785 1440 835; x_wconf 81' lang='lat' dir='ltr'><strong>Pascha.</strong></span> 
     </span>
    </p>
   </div>
   <div class='ocr_carea' id='block_1_6' title="bbox 368 887 1868 966">
    <p class='ocr_par' dir='ltr' id='par_1_6' title="bbox 368 887 1868 966">
     <span class='ocr_line' id='line_1_6' title="bbox 368 887 1868 966; baseline -0.009 -14"><span class='ocrx_word' id='word_1_28' title='bbox 368 896 418 952; x_wconf 76' lang='grc'><strong>1.</strong></span> <span class='ocrx_word' id='word_1_29' title='bbox 448 895 675 952; x_wconf 72' lang='lat' dir='ltr'><strong>Christus</strong></span> <span class='ocrx_word' id='word_1_30' title='bbox 701 908 832 964; x_wconf 78' lang='lat' dir='ltr'><strong>orat,</strong></span> <span class='ocrx_word' id='word_1_31' title='bbox 857 905 902 951; x_wconf 85' lang='lat' dir='ltr'><strong>et</strong></span> <span class='ocrx_word' id='word_1_32' title='bbox 922 896 1008 950; x_wconf 86' lang='lat' dir='ltr'><strong>dat</strong></span> <span class='ocrx_word' id='word_1_33' title='bbox 1027 894 1161 966; x_wconf 84' lang='lat' dir='ltr'><strong>quod</strong></span> <span class='ocrx_word' id='word_1_34' title='bbox 1174 903 1303 949; x_wconf 83' lang='lat' dir='ltr'><strong>orat.</strong></span> <span class='ocrx_word' id='word_1_35' title='bbox 1328 890 1583 946; x_wconf 83' lang='lat' dir='ltr'><strong>Dominus</strong></span> <span class='ocrx_word' id='word_1_36' title='bbox 1601 887 1868 952; x_wconf 76' lang='lat' dir='ltr'><strong>Christus,</strong></span> 
     </span>
    </p>
   </div>
   <div class='ocr_carea' id='block_1_7' title="bbox 289 980 1875 1065">
    <p class='ocr_par' dir='ltr' id='par_1_7' title="bbox 289 980 1875 1065">
     <span class='ocr_line' id='line_1_7' title="bbox 289 980 1875 1065; baseline -0.009 -21"><span class='ocrx_word' id='word_1_37' title='bbox 289 990 381 1065; x_wconf 91' lang='lat' dir='ltr'><strong>qui</strong></span> <span class='ocrx_word' id='word_1_38' title='bbox 414 1003 512 1043; x_wconf 89' lang='lat' dir='ltr'><strong>nos</strong></span> <span class='ocrx_word' id='word_1_39' title='bbox 537 988 747 1043; x_wconf 76' lang='lat' dir='ltr'><strong>exaudit</strong></span> <span class='ocrx_word' id='word_1_40' title='bbox 774 1002 894 1042; x_wconf 87' lang='lat' dir='ltr'><strong>cum</strong></span> <span class='ocrx_word' id='word_1_41' title='bbox 920 987 1094 1052; x_wconf 80' lang='lat' dir='ltr'><strong>Patre,</strong></span> <span class='ocrx_word' id='word_1_42' title='bbox 1135 1000 1292 1040; x_wconf 89' lang='lat' dir='ltr'><strong>orare</strong></span> <span class='ocrx_word' id='word_1_43' title='bbox 1328 999 1425 1055; x_wconf 87' lang='lat' dir='ltr'><strong>pro</strong></span> <span class='ocrx_word' id='word_1_44' title='bbox 1452 981 1604 1036; x_wconf 92' lang='lat' dir='ltr'><strong>nobis</strong></span> <span class='ocrx_word' id='word_1_45' title='bbox 1628 980 1875 1050; x_wconf 85' lang='lat' dir='ltr'><strong>dignatus</strong></span> 
     </span>
    </p>
   </div>
   <div class='ocr_carea' id='block_1_8' title="bbox 293 1070 1875 1148">
    <p class='ocr_par' dir='ltr' id='par_1_8' title="bbox 293 1070 1875 1148">
     <span class='ocr_line' id='line_1_8' title="bbox 293 1070 1875 1148; baseline -0.008 -13"><span class='ocrx_word' id='word_1_46' title='bbox 293 1090 377 1136; x_wconf 83' lang='lat' dir='ltr'><strong>est</strong></span> <span class='ocrx_word' id='word_1_47' title='bbox 421 1080 652 1136; x_wconf 80' lang='lat' dir='ltr'><strong>Patrem.</strong></span> <span class='ocrx_word' id='word_1_48' title='bbox 698 1078 833 1148; x_wconf 86' lang='lat' dir='ltr'><strong>Quid</strong></span> <span class='ocrx_word' id='word_1_49' title='bbox 883 1078 1131 1134; x_wconf 79' lang='lat' dir='ltr'><strong>felicitate</strong></span> <span class='ocrx_word' id='word_1_50' title='bbox 1178 1085 1358 1131; x_wconf 89' lang='lat' dir='ltr'><strong>nostra</strong></span> <span class='ocrx_word' id='word_1_51' title='bbox 1401 1073 1619 1138; x_wconf 82' lang='lat' dir='ltr'><strong>certius,</strong></span> <span class='ocrx_word' id='word_1_52' title='bbox 1663 1070 1875 1142; x_wconf 85' lang='lat' dir='ltr'><strong>quando</strong></span> 
     </span>
    </p>
   </div>
   <div class='ocr_carea' id='block_1_9' title="bbox 295 1162 1873 1241">
    <p class='ocr_par' dir='ltr' id='par_1_9' title="bbox 295 1162 1873 1241">
     <span class='ocr_line' id='line_1_9' title="bbox 295 1162 1873 1241; baseline -0.008 -16"><span class='ocrx_word' id='word_1_53' title='bbox 295 1171 385 1226; x_wconf 92' lang='lat' dir='ltr'><strong>ille</strong></span> <span class='ocrx_word' id='word_1_54' title='bbox 435 1186 532 1241; x_wconf 91' lang='lat' dir='ltr'><strong>pro</strong></span> <span class='ocrx_word' id='word_1_55' title='bbox 581 1170 734 1225; x_wconf 88' lang='lat' dir='ltr'><strong>nobis</strong></span> <span class='ocrx_word' id='word_1_56' title='bbox 771 1178 909 1234; x_wconf 90' lang='lat' dir='ltr'><strong>orat,</strong></span> <span class='ocrx_word' id='word_1_57' title='bbox 957 1169 1046 1238; x_wconf 86' lang='lat' dir='ltr'><strong>qui</strong></span> <span class='ocrx_word' id='word_1_58' title='bbox 1085 1167 1184 1222; x_wconf 84' lang='lat' dir='ltr'><strong>.dat</strong></span> <span class='ocrx_word' id='word_1_59' title='bbox 1230 1165 1379 1237; x_wconf 86' lang='lat' dir='ltr'><strong>quod</strong></span> <span class='ocrx_word' id='word_1_60' title='bbox 1417 1163 1568 1219; x_wconf 85' lang='lat' dir='ltr'><strong>orat?</strong></span> <span class='ocrx_word' id='word_1_61' title='bbox 1595 1163 1688 1218; x_wconf 86' lang='lat' dir='ltr'><strong>Est</strong></span> <span class='ocrx_word' id='word_1_62' title='bbox 1733 1162 1873 1216; x_wconf 90' lang='lat' dir='ltr'><strong>enim</strong></span> 
     </span>
    </p>
   </div>
   <div class='ocr_carea' id='block_1_10' title="bbox 297 1252 1875 1328">
    <p class='ocr_par' dir='ltr' id='par_1_10' title="bbox 297 1252 1875 1328">
     <span class='ocr_line' id='line_1_10' title="bbox 297 1252 1875 1328; baseline -0.006 -12"><span class='ocrx_word' id='word_1_63' title='bbox 297 1259 544 1317; x_wconf 81' lang='lat' dir='ltr'><strong>Christus</strong></span> <span class='ocrx_word' id='word_1_64' title='bbox 587 1262 747 1315; x_wconf 87' lang='lat' dir='ltr'><strong>homo</strong></span> <span class='ocrx_word' id='word_1_65' title='bbox 793 1268 847 1315; x_wconf 89' lang='lat' dir='ltr'><strong>et</strong></span> <span class='ocrx_word' id='word_1_66' title='bbox 890 1260 1029 1328; x_wconf 81' lang='lat' dir='ltr'><strong>Deus</strong></span> <span class='ocrx_word' id='word_1_67' title='bbox 1061 1275 1075 1311; x_wconf 88' lang='lat'><strong>:</strong></span> <span class='ocrx_word' id='word_1_68' title='bbox 1105 1268 1225 1313; x_wconf 85' lang='lat' dir='ltr'><strong>orat</strong></span> <span class='ocrx_word' id='word_1_69' title='bbox 1255 1266 1313 1312; x_wconf 84' lang='lat' dir='ltr'><strong>nt</strong></span> <span class='ocrx_word' id='word_1_70' title='bbox 1358 1258 1550 1321; x_wconf 89' lang='lat' dir='ltr'><strong>homo;</strong></span> <span class='ocrx_word' id='word_1_71' title='bbox 1599 1255 1692 1309; x_wconf 88' lang='lat' dir='ltr'><strong>dat</strong></span> <span class='ocrx_word' id='word_1_72' title='bbox 1732 1252 1875 1324; x_wconf 88' lang='lat' dir='ltr'><strong>quod</strong></span> 
     </span>
    </p>
   </div>
   <div class='ocr_carea' id='block_1_11' title="bbox 295 1344 1876 1419">
    <p class='ocr_par' dir='ltr' id='par_1_11' title="bbox 295 1344 1876 1419">
     <span class='ocr_line' id='line_1_11' title="bbox 295 1344 1876 1419; baseline -0.005 -15"><span class='ocrx_word' id='word_1_73' title='bbox 295 1360 433 1419; x_wconf 85' lang='lat' dir='ltr'><strong>orat,</strong></span> <span class='ocrx_word' id='word_1_74' title='bbox 477 1362 535 1406; x_wconf 92' lang='lat' dir='ltr'><strong>ut</strong></span> <span class='ocrx_word' id='word_1_75' title='bbox 577 1352 733 1407; x_wconf 88' lang='lat' dir='ltr'><strong>Deus.</strong></span> <span class='ocrx_word' id='word_1_76' title='bbox 778 1350 930 1417; x_wconf 84' lang='lat' dir='ltr'><strong>Quod</strong></span> <span class='ocrx_word' id='word_1_77' title='bbox 950 1359 1131 1404; x_wconf 86' lang='lat' dir='ltr'><strong>autem</strong></span> <span class='ocrx_word' id='word_1_78' title='bbox 1174 1359 1354 1403; x_wconf 90' lang='lat' dir='ltr'><strong>tenere</strong></span> <span class='ocrx_word' id='word_1_79' title='bbox 1392 1346 1616 1411; x_wconf 83' lang='lat' dir='ltr'><strong>debetis,</strong></span> <span class='ocrx_word' id='word_1_80' title='bbox 1646 1344 1766 1399; x_wconf 90' lang='lat' dir='ltr'><strong>ideo</strong></span> <span class='ocrx_word' id='word_1_81' title='bbox 1794 1352 1876 1397; x_wconf 84' lang='lat' dir='ltr'><strong>to-</strong></span> 
     </span>
    </p>
   </div>
   <div class='ocr_carea' id='block_1_12' title="bbox 296 1439 1878 1514">
    <p class='ocr_par' dir='ltr' id='par_1_12' title="bbox 296 1439 1878 1514">
     <span class='ocr_line' id='line_1_12' title="bbox 296 1439 1878 1514; baseline -0.003 -17"><span class='ocrx_word' id='word_1_82' title='bbox 296 1453 407 1498; x_wconf 89' lang='lat' dir='ltr'><strong>tum</strong></span> <span class='ocrx_word' id='word_1_83' title='bbox 435 1444 575 1499; x_wconf 84' lang='lat' dir='ltr'><strong>Patri</strong></span> <span class='ocrx_word' id='word_1_84' title='bbox 619 1444 872 1514; x_wconf 77' lang='lat' dir='ltr'><strong>assignat,</strong></span> <span class='ocrx_word' id='word_1_85' title='bbox 901 1443 1021 1514; x_wconf 89' lang='lat' dir='ltr'><strong>quia</strong></span> <span class='ocrx_word' id='word_1_86' title='bbox 1065 1442 1221 1497; x_wconf 84' lang='lat' dir='ltr'><strong>Pater</strong></span> <span class='ocrx_word' id='word_1_87' title='bbox 1265 1456 1370 1496; x_wconf 71' lang='lat' dir='ltr'><strong>non</strong></span> <span class='ocrx_word' id='word_1_88' title='bbox 1407 1441 1474 1495; x_wconf 89' lang='lat' dir='ltr'><strong>de</strong></span> <span class='ocrx_word' id='word_1_89' title='bbox 1513 1440 1602 1493; x_wconf 89' lang='lat' dir='ltr'><strong>illo</strong></span> <span class='ocrx_word' id='word_1_90' title='bbox 1636 1448 1738 1501; x_wconf 90' lang='lat' dir='ltr'><strong>est,</strong></span> <span class='ocrx_word' id='word_1_91' title='bbox 1766 1439 1878 1506; x_wconf 86' lang='lat' dir='ltr'><strong>ipse</strong></span> 
     </span>
    </p>
   </div>
   <div class='ocr_carea' id='block_1_13' title="bbox 294 1527 1879 1596">
    <p class='ocr_par' dir='ltr' id='par_1_13' title="bbox 294 1527 1879 1596">
     <span class='ocr_line' id='line_1_13' title="bbox 294 1527 1879 1596; baseline -0.004 -6"><span class='ocrx_word' id='word_1_92' title='bbox 294 1537 363 1591; x_wconf 89' lang='lat' dir='ltr'><strong>de</strong></span> <span class='ocrx_word' id='word_1_93' title='bbox 393 1537 549 1593; x_wconf 82' lang='lat' dir='ltr'><strong>Patre</strong></span> <span class='ocrx_word' id='word_1_94' title='bbox 591 1545 692 1591; x_wconf 86' lang='lat' dir='ltr'><strong>est.</strong></span> <span class='ocrx_word' id='word_1_95' title='bbox 743 1535 896 1590; x_wconf 86' lang='lat' dir='ltr'><strong>Fonti</strong></span> <span class='ocrx_word' id='word_1_96' title='bbox 943 1534 1080 1588; x_wconf 88' lang='lat' dir='ltr'><strong>unde</strong></span> <span class='ocrx_word' id='word_1_97' title='bbox 1110 1542 1262 1587; x_wconf 88' lang='lat' dir='ltr'><strong>natus</strong></span> <span class='ocrx_word' id='word_1_98' title='bbox 1306 1541 1407 1596; x_wconf 90' lang='lat' dir='ltr'><strong>est,</strong></span> <span class='ocrx_word' id='word_1_99' title='bbox 1442 1540 1607 1586; x_wconf 86' lang='lat' dir='ltr'><strong>totum</strong></span> <span class='ocrx_word' id='word_1_100' title='bbox 1635 1530 1745 1583; x_wconf 88' lang='lat' dir='ltr'><strong>dat.</strong></span> <span class='ocrx_word' id='word_1_101' title='bbox 1770 1527 1879 1584; x_wconf 87' lang='lat' dir='ltr'><strong>Sed</strong></span> 
     </span>
    </p>
   </div>
   <div class='ocr_carea' id='block_1_14' title="bbox 296 1622 1878 1699">
    <p class='ocr_par' dir='ltr' id='par_1_14' title="bbox 296 1622 1878 1699">
     <span class='ocr_line' id='line_1_14' title="bbox 296 1622 1878 1699; baseline -0.006 -16"><span class='ocrx_word' id='word_1_102' title='bbox 296 1639 350 1683; x_wconf 92' lang='lat' dir='ltr'><strong>ct</strong></span> <span class='ocrx_word' id='word_1_103' title='bbox 383 1629 494 1699; x_wconf 86' lang='lat' dir='ltr'><strong>ipse</strong></span> <span class='ocrx_word' id='word_1_104' title='bbox 523 1627 641 1683; x_wconf 91' lang='lat' dir='ltr'><strong>fons</strong></span> <span class='ocrx_word' id='word_1_105' title='bbox 669 1636 826 1683; x_wconf 87' lang='lat' dir='ltr'><strong>natus</strong></span> <span class='ocrx_word' id='word_1_106' title='bbox 865 1637 966 1682; x_wconf 89' lang='lat' dir='ltr'><strong>est.</strong></span> <span class='ocrx_word' id='word_1_107' title='bbox 1000 1627 1113 1695; x_wconf 90' lang='lat' dir='ltr'><strong>Ipse</strong></span> <span class='ocrx_word' id='word_1_108' title='bbox 1138 1635 1219 1681; x_wconf 91' lang='lat' dir='ltr'><strong>est</strong></span> <span class='ocrx_word' id='word_1_109' title='bbox 1245 1625 1384 1680; x_wconf 87' lang='lat' dir='ltr'><strong>enim</strong></span> <span class='ocrx_word' id='word_1_110' title='bbox 1415 1623 1535 1678; x_wconf 82' lang='lat' dir='ltr'><strong>fens</strong></span> <span class='ocrx_word' id='word_1_111' title='bbox 1562 1623 1704 1677; x_wconf 83' lang='lat' dir='ltr'><strong>vitae.</strong></span> <span class='ocrx_word' id='word_1_112' title='bbox 1738 1622 1878 1691; x_wconf 84' lang='lat' dir='ltr'><strong>Ergo</strong></span> 
     </span>
    </p>
   </div>
   <div class='ocr_carea' id='block_1_15' title="bbox 285 1714 1880 1789">
    <p class='ocr_par' dir='ltr' id='par_1_15' title="bbox 285 1714 1880 1789">
     <span class='ocr_line' id='line_1_15' title="bbox 285 1714 1880 1789; baseline -0.004 -16"><span class='ocrx_word' id='word_1_113' title='bbox 285 1717 456 1773; x_wconf 84' lang='lat' dir='ltr'><strong>&#39;Pater</strong></span> <span class='ocrx_word' id='word_1_114' title='bbox 481 1718 599 1775; x_wconf 89' lang='lat' dir='ltr'><strong>fons</strong></span> <span class='ocrx_word' id='word_1_115' title='bbox 625 1718 820 1774; x_wconf 87' lang='lat' dir='ltr'><strong>fontem</strong></span> <span class='ocrx_word' id='word_1_116' title='bbox 843 1719 1040 1789; x_wconf 83' lang='lat' dir='ltr'><strong>genuit.</strong></span> <span class='ocrx_word' id='word_1_117' title='bbox 1064 1716 1258 1773; x_wconf 82' lang='lat' dir='ltr'><strong>Gennit</strong></span> <span class='ocrx_word' id='word_1_118' title='bbox 1281 1718 1491 1787; x_wconf 87' lang='lat' dir='ltr'><strong>quidem</strong></span> <span class='ocrx_word' id='word_1_119' title='bbox 1516 1715 1715 1771; x_wconf 85' lang='lat' dir='ltr'><strong>fontem</strong></span> <span class='ocrx_word' id='word_1_120' title='bbox 1737 1714 1880 1779; x_wconf 69' lang='lat' dir='ltr'><strong>fons;</strong></span> 
     </span>
    </p>
   </div>
   <div class='ocr_carea' id='block_1_16' title="bbox 295 1806 1878 1880">
    <p class='ocr_par' dir='ltr' id='par_1_16' title="bbox 295 1806 1878 1880">
     <span class='ocr_line' id='line_1_16' title="bbox 295 1806 1878 1880; baseline -0.003 -16"><span class='ocrx_word' id='word_1_121' title='bbox 295 1810 390 1864; x_wconf 82' lang='lat' dir='ltr'><strong>sed</strong></span> <span class='ocrx_word' id='word_1_122' title='bbox 420 1819 475 1864; x_wconf 89' lang='lat' dir='ltr'><strong>et</strong></span> <span class='ocrx_word' id='word_1_123' title='bbox 501 1825 762 1880; x_wconf 88' lang='lat' dir='ltr'><strong>generans</strong></span> <span class='ocrx_word' id='word_1_124' title='bbox 791 1809 911 1864; x_wconf 87' lang='lat' dir='ltr'><strong>fons</strong></span> <span class='ocrx_word' id='word_1_125' title='bbox 937 1820 990 1864; x_wconf 91' lang='lat' dir='ltr'><strong>et</strong></span> <span class='ocrx_word' id='word_1_126' title='bbox 1015 1810 1220 1879; x_wconf 85' lang='lat' dir='ltr'><strong>genitus</strong></span> <span class='ocrx_word' id='word_1_127' title='bbox 1247 1807 1364 1862; x_wconf 89' lang='lat' dir='ltr'><strong>fons</strong></span> <span class='ocrx_word' id='word_1_128' title='bbox 1394 1827 1407 1861; x_wconf 89' lang='lat'><strong>:</strong></span> <span class='ocrx_word' id='word_1_129' title='bbox 1434 1806 1878 1876; x_wconf 87' lang='lat' dir='ltr'><strong>quemadmodum</strong></span> 
     </span>
    </p>
   </div>
   <div class='ocr_carea' id='block_1_17' title="bbox 296 1898 1882 1971">
    <p class='ocr_par' dir='ltr' id='par_1_17' title="bbox 296 1898 1882 1971">
     <span class='ocr_line' id='line_1_17' title="bbox 296 1898 1882 1971; baseline -0.002 -15"><span class='ocrx_word' id='word_1_130' title='bbox 296 1917 561 1971; x_wconf 86' lang='lat' dir='ltr'><strong>generans</strong></span> <span class='ocrx_word' id='word_1_131' title='bbox 588 1902 733 1957; x_wconf 91' lang='lat' dir='ltr'><strong>Deus</strong></span> <span class='ocrx_word' id='word_1_132' title='bbox 753 1911 806 1956; x_wconf 92' lang='lat' dir='ltr'><strong>et</strong></span> <span class='ocrx_word' id='word_1_133' title='bbox 827 1902 1034 1971; x_wconf 85' lang='lat' dir='ltr'><strong>genitus</strong></span> <span class='ocrx_word' id='word_1_134' title='bbox 1069 1901 1227 1963; x_wconf 87' lang='lat' dir='ltr'><strong>Deus,</strong></span> <span class='ocrx_word' id='word_1_135' title='bbox 1256 1914 1394 1953; x_wconf 90' lang='lat' dir='ltr'><strong>unus</strong></span> <span class='ocrx_word' id='word_1_136' title='bbox 1415 1908 1496 1953; x_wconf 89' lang='lat' dir='ltr'><strong>est</strong></span> <span class='ocrx_word' id='word_1_137' title='bbox 1526 1898 1687 1954; x_wconf 88' lang='lat' dir='ltr'><strong>Deus.</strong></span> <span class='ocrx_word' id='word_1_138' title='bbox 1723 1898 1882 1953; x_wconf 83' lang='lat' dir='ltr'><strong>Pater</strong></span> 
     </span>
    </p>
   </div>
   <div class='ocr_carea' id='block_1_18' title="bbox 299 1989 1883 2060">
    <p class='ocr_par' dir='ltr' id='par_1_18' title="bbox 299 1989 1883 2060">
     <span class='ocr_line' id='line_1_18' title="bbox 299 1989 1883 2060; baseline -0.003 -13"><span class='ocrx_word' id='word_1_139' title='bbox 299 2008 405 2048; x_wconf 90' lang='lat' dir='ltr'><strong>non</strong></span> <span class='ocrx_word' id='word_1_140' title='bbox 426 2000 510 2048; x_wconf 81' lang='lat' dir='ltr'><strong>est</strong></span> <span class='ocrx_word' id='word_1_141' title='bbox 546 1991 728 2057; x_wconf 88' lang='lat' dir='ltr'><strong>Filius,</strong></span> <span class='ocrx_word' id='word_1_142' title='bbox 762 1991 927 2046; x_wconf 88' lang='lat' dir='ltr'><strong>Filius</strong></span> <span class='ocrx_word' id='word_1_143' title='bbox 954 2006 1060 2047; x_wconf 90' lang='lat' dir='ltr'><strong>non</strong></span> <span class='ocrx_word' id='word_1_144' title='bbox 1088 1999 1172 2047; x_wconf 90' lang='lat' dir='ltr'><strong>est</strong></span> <span class='ocrx_word' id='word_1_145' title='bbox 1196 1990 1375 2057; x_wconf 89' lang='lat' dir='ltr'><strong>Pater,</strong></span> <span class='ocrx_word' id='word_1_146' title='bbox 1407 1989 1637 2060; x_wconf 89' lang='lat' dir='ltr'><strong>Spiritus</strong></span> <span class='ocrx_word' id='word_1_147' title='bbox 1663 1996 1883 2044; x_wconf 80' lang='lat' dir='ltr'><strong>sanctus</strong></span> 
     </span>
    </p>
   </div>
   <div class='ocr_carea' id='block_1_19' title="bbox 207 2080 1882 2139">
    <p class='ocr_par' dir='ltr' id='par_1_19' title="bbox 207 2080 1882 2139">
     <span class='ocr_line' id='line_1_19' title="bbox 207 2080 1882 2139; baseline -0.001 -2"><span class='ocrx_word' id='word_1_148' title='bbox 207 2106 213 2113; x_wconf 71' lang='grc' dir='ltr'><strong><em>ο</em></strong></span> <span class='ocrx_word' id='word_1_149' title='bbox 297 2084 577 2139; x_wconf 88' lang='lat' dir='ltr'><strong>amborum</strong></span> <span class='ocrx_word' id='word_1_150' title='bbox 620 2097 718 2138; x_wconf 89' lang='lat' dir='ltr'><strong>nec</strong></span> <span class='ocrx_word' id='word_1_151' title='bbox 746 2083 905 2138; x_wconf 87' lang='lat' dir='ltr'><strong>Pater</strong></span> <span class='ocrx_word' id='word_1_152' title='bbox 929 2097 1026 2137; x_wconf 88' lang='lat' dir='ltr'><strong>nec</strong></span> <span class='ocrx_word' id='word_1_153' title='bbox 1052 2083 1215 2138; x_wconf 83' lang='lat' dir='ltr'><strong>Filius</strong></span> <span class='ocrx_word' id='word_1_154' title='bbox 1243 2100 1256 2137; x_wconf 93' lang='lat'>:</span> <span class='ocrx_word' id='word_1_155' title='bbox 1287 2080 1383 2138; x_wconf 88' lang='lat' dir='ltr'><strong>sed</strong></span> <span class='ocrx_word' id='word_1_156' title='bbox 1427 2082 1587 2137; x_wconf 87' lang='lat' dir='ltr'><strong>Pater</strong></span> <span class='ocrx_word' id='word_1_157' title='bbox 1631 2089 1687 2137; x_wconf 92' lang='lat' dir='ltr'><strong>et</strong></span> <span class='ocrx_word' id='word_1_158' title='bbox 1714 2081 1882 2136; x_wconf 87' lang='lat' dir='ltr'><strong>Filius</strong></span> 
     </span>
    </p>
   </div>
   <div class='ocr_carea' id='block_1_20' title="bbox 297 2171 1881 2245">
    <p class='ocr_par' dir='ltr' id='par_1_20' title="bbox 297 2171 1881 2245">
     <span class='ocr_line' id='line_1_20' title="bbox 297 2171 1881 2245; baseline -0.003 -15"><span class='ocrx_word' id='word_1_159' title='bbox 297 2183 353 2230; x_wconf 93' lang='lat' dir='ltr'><strong>et</strong></span> <span class='ocrx_word' id='word_1_160' title='bbox 395 2174 626 2245; x_wconf 86' lang='lat' dir='ltr'><strong>Spiritus</strong></span> <span class='ocrx_word' id='word_1_161' title='bbox 672 2183 886 2229; x_wconf 81' lang='lat' dir='ltr'><strong>sanctus</strong></span> <span class='ocrx_word' id='word_1_162' title='bbox 923 2188 1062 2229; x_wconf 90' lang='lat' dir='ltr'><strong>unus</strong></span> <span class='ocrx_word' id='word_1_163' title='bbox 1103 2181 1187 2230; x_wconf 83' lang='lat' dir='ltr'><strong>est</strong></span> <span class='ocrx_word' id='word_1_164' title='bbox 1234 2174 1394 2234; x_wconf 77' lang='lat' dir='ltr'><strong>Deus.</strong></span> <span class='ocrx_word' id='word_1_165' title='bbox 1438 2171 1798 2228; x_wconf 63' lang='lat' dir='ltr'><strong>IEdiIicamini</strong></span> <span class='ocrx_word' id='word_1_166' title='bbox 1828 2171 1881 2227; x_wconf 92' lang='lat' dir='ltr'><strong>in</strong></span> 
     </span>
    </p>
   </div>
   <div class='ocr_carea' id='block_1_21' title="bbox 298 2268 1306 2339">
    <p class='ocr_par' dir='ltr' id='par_1_21' title="bbox 298 2268 1306 2339">
     <span class='ocr_line' id='line_1_21' title="bbox 298 2268 1306 2339; baseline -0.004 -14"><span class='ocrx_word' id='word_1_167' title='bbox 298 2270 522 2339; x_wconf 88' lang='lat' dir='ltr'><strong>unitate,</strong></span> <span class='ocrx_word' id='word_1_168' title='bbox 551 2285 622 2326; x_wconf 88' lang='lat' dir='ltr'><strong>ne</strong></span> <span class='ocrx_word' id='word_1_169' title='bbox 644 2269 845 2325; x_wconf 87' lang='lat' dir='ltr'><strong>cadatis</strong></span> <span class='ocrx_word' id='word_1_170' title='bbox 871 2270 925 2324; x_wconf 92' lang='lat' dir='ltr'><strong>in</strong></span> <span class='ocrx_word' id='word_1_171' title='bbox 950 2268 1306 2339; x_wconf 78' lang='lat' dir='ltr'><strong>separatione.</strong></span> 
     </span>
    </p>
   </div>
   <div class='ocr_carea' id='block_1_22' title="bbox 366 2356 1889 2431">
    <p class='ocr_par' dir='ltr' id='par_1_22' title="bbox 366 2356 1889 2431">
     <span class='ocr_line' id='line_1_22' title="bbox 366 2356 1889 2431; baseline -0.005 -15"><span class='ocrx_word' id='word_1_172' title='bbox 366 2360 422 2416; x_wconf 71' lang='grc' dir='ltr'><strong>Ξ.</strong></span> <span class='ocrx_word' id='word_1_173' title='bbox 463 2361 628 2417; x_wconf 85' lang='lat' dir='ltr'><strong>Locus</strong></span> <span class='ocrx_word' id='word_1_174' title='bbox 673 2360 851 2427; x_wconf 78' lang='lat' dir='ltr'><strong>bonus,</strong></span> <span class='ocrx_word' id='word_1_175' title='bbox 897 2376 996 2431; x_wconf 84' lang='lat' dir='ltr'><strong>quo</strong></span> <span class='ocrx_word' id='word_1_176' title='bbox 1036 2360 1179 2414; x_wconf 83' lang='lat' dir='ltr'><strong>nobis</strong></span> <span class='ocrx_word' id='word_1_177' title='bbox 1209 2359 1531 2431; x_wconf 80' lang='lat' dir='ltr'><strong>migrandum</strong></span> <span class='ocrx_word' id='word_1_178' title='bbox 1570 2358 1633 2413; x_wconf 80' lang='lat' dir='ltr'><strong>de</strong></span> <span class='ocrx_word' id='word_1_179' title='bbox 1657 2357 1750 2412; x_wconf 75' lang='lat' dir='ltr'><strong>hoc</strong></span> <span class='ocrx_word' id='word_1_180' title='bbox 1775 2356 1889 2410; x_wconf 78' lang='lat' dir='ltr'><strong>loco</strong></span> 
     </span>
    </p>
   </div>
   <div class='ocr_carea' id='block_1_23' title="bbox 298 2449 1881 2525">
    <p class='ocr_par' dir='ltr' id='par_1_23' title="bbox 298 2449 1881 2525">
     <span class='ocr_line' id='line_1_23' title="bbox 298 2449 1881 2525; baseline -0.006 -16"><span class='ocrx_word' id='word_1_181' title='bbox 298 2455 455 2509; x_wconf 77' lang='lat' dir='ltr'><strong>nmio.</strong></span> <span class='ocrx_word' id='word_1_182' title='bbox 485 2454 723 2511; x_wconf 84' lang='lat' dir='ltr'><strong>Audistis</strong></span> <span class='ocrx_word' id='word_1_183' title='bbox 747 2453 874 2525; x_wconf 86' lang='lat' dir='ltr'><strong>quid</strong></span> <span class='ocrx_word' id='word_1_184' title='bbox 903 2468 1000 2523; x_wconf 91' lang='lat' dir='ltr'><strong>pro</strong></span> <span class='ocrx_word' id='word_1_185' title='bbox 1028 2452 1182 2508; x_wconf 90' lang='lat' dir='ltr'><strong>nobis</strong></span> <span class='ocrx_word' id='word_1_186' title='bbox 1200 2461 1397 2518; x_wconf 87' lang='lat' dir='ltr'><strong>oraret,</strong></span> <span class='ocrx_word' id='word_1_187' title='bbox 1424 2452 1533 2506; x_wconf 93' lang='lat' dir='ltr'><strong>imo</strong></span> <span class='ocrx_word' id='word_1_188' title='bbox 1551 2449 1676 2520; x_wconf 89' lang='lat' dir='ltr'><strong>quid</strong></span> <span class='ocrx_word' id='word_1_189' title='bbox 1702 2450 1881 2504; x_wconf 87' lang='lat' dir='ltr'><strong>vellet.</strong></span> 
     </span>
    </p>
   </div>
   <div class='ocr_carea' id='block_1_24' title="bbox 301 2542 1887 2614">
    <p class='ocr_par' dir='ltr' id='par_1_24' title="bbox 301 2542 1887 2614">
     <span class='ocr_line' id='line_1_24' title="bbox 301 2542 1887 2614; baseline -0.003 -14"><span class='ocrx_word' id='word_1_190' title='bbox 301 2545 445 2600; x_wconf 78' lang='lat' dir='ltr'><strong>Dixit</strong></span> <span class='ocrx_word' id='word_1_191' title='bbox 476 2564 489 2598; x_wconf 91' lang='lat'><strong>:</strong></span> <span class='ocrx_word' id='word_1_192' title='bbox 522 2545 699 2612; x_wconf 84' lang='lat' dir='ltr'><strong>Pater,</strong></span> <span class='ocrx_word' id='word_1_193' title='bbox 739 2561 864 2614; x_wconf 90' lang='lat' dir='ltr'><strong>quos</strong></span> <span class='ocrx_word' id='word_1_194' title='bbox 890 2543 1069 2598; x_wconf 80' lang='lat' dir='ltr'><strong>dedisti</strong></span> <span class='ocrx_word' id='word_1_195' title='bbox 1095 2544 1238 2610; x_wconf 82' lang='lat' dir='ltr'><strong>mihi,</strong></span> <span class='ocrx_word' id='word_1_196' title='bbox 1265 2544 1377 2597; x_wconf 77' lang='lat' dir='ltr'><strong>volo</strong></span> <span class='ocrx_word' id='word_1_197' title='bbox 1411 2552 1469 2596; x_wconf 81' lang='lat' dir='ltr'><strong>ut</strong></span> <span class='ocrx_word' id='word_1_198' title='bbox 1504 2542 1589 2596; x_wconf 80' lang='lat' dir='ltr'><strong>ubi</strong></span> <span class='ocrx_word' id='word_1_199' title='bbox 1623 2558 1713 2613; x_wconf 83' lang='lat' dir='ltr'><strong>ego</strong></span> <span class='ocrx_word' id='word_1_200' title='bbox 1748 2558 1887 2607; x_wconf 77' lang='lat' dir='ltr'><strong>sum,</strong></span> 
     </span>
    </p>
   </div>
   <div class='ocr_carea' id='block_1_25' title="bbox 297 2636 1883 2709">
    <p class='ocr_par' dir='ltr' id='par_1_25' title="bbox 297 2636 1883 2709">
     <span class='ocr_line' id='line_1_25' title="bbox 297 2636 1883 2709; baseline -0.004 -16"><span class='ocrx_word' id='word_1_201' title='bbox 297 2638 368 2693; x_wconf 95' lang='lat' dir='ltr'><strong>ibi</strong></span> <span class='ocrx_word' id='word_1_202' title='bbox 407 2638 508 2693; x_wconf 80' lang='lat' dir='ltr'><strong>sint</strong></span> <span class='ocrx_word' id='word_1_203' title='bbox 546 2639 663 2709; x_wconf 88' lang='lat' dir='ltr'><strong>ipsi.</strong></span> <span class='ocrx_word' id='word_1_204' title='bbox 702 2638 849 2705; x_wconf 79' lang='lat' dir='ltr'><strong>Volo,</strong></span> <span class='ocrx_word' id='word_1_205' title='bbox 879 2638 1067 2708; x_wconf 87' lang='lat' dir='ltr'><strong>inquit,</strong></span> <span class='ocrx_word' id='word_1_206' title='bbox 1098 2646 1152 2691; x_wconf 80' lang='lat' dir='ltr'><strong>ut</strong></span> <span class='ocrx_word' id='word_1_207' title='bbox 1189 2637 1275 2691; x_wconf 77' lang='lat' dir='ltr'><strong>ubi</strong></span> <span class='ocrx_word' id='word_1_208' title='bbox 1309 2653 1399 2707; x_wconf 86' lang='lat' dir='ltr'><strong>ego</strong></span> <span class='ocrx_word' id='word_1_209' title='bbox 1423 2653 1556 2701; x_wconf 89' lang='lat' dir='ltr'><strong>sum,</strong></span> <span class='ocrx_word' id='word_1_210' title='bbox 1594 2645 1640 2688; x_wconf 78' lang='lat' dir='ltr'><strong>et</strong></span> <span class='ocrx_word' id='word_1_211' title='bbox 1668 2636 1765 2705; x_wconf 85' lang='lat' dir='ltr'><strong>ipsi</strong></span> <span class='ocrx_word' id='word_1_212' title='bbox 1786 2636 1883 2689; x_wconf 85' lang='lat' dir='ltr'><strong>sint</strong></span> 
     </span>
    </p>
   </div>
   <div class='ocr_carea' id='block_1_26' title="bbox 303 2724 1886 2797">
    <p class='ocr_par' dir='ltr' id='par_1_26' title="bbox 303 2724 1886 2797">
     <span class='ocr_line' id='line_1_26' title="bbox 303 2724 1886 2797; baseline -0.003 -14"><span class='ocrx_word' id='word_1_213' title='bbox 303 2744 517 2783; x_wconf 71' lang='lat' dir='ltr'><strong>nucum.</strong></span> <span class='ocrx_word' id='word_1_214' title='bbox 545 2726 590 2783; x_wconf 91' lang='grc' dir='ltr'><strong>Ο</strong></span> <span class='ocrx_word' id='word_1_215' title='bbox 625 2727 817 2783; x_wconf 86' lang='lat' dir='ltr'><strong>domus</strong></span> <span class='ocrx_word' id='word_1_216' title='bbox 842 2727 1028 2783; x_wconf 86' lang='lat' dir='ltr'><strong>beata!</strong></span> <span class='ocrx_word' id='word_1_217' title='bbox 1060 2742 1093 2781; x_wconf 89' lang='grc' dir='ltr'><strong>ο</strong></span> <span class='ocrx_word' id='word_1_218' title='bbox 1121 2728 1286 2797; x_wconf 82' lang='lat' dir='ltr'><strong>patria</strong></span> <span class='ocrx_word' id='word_1_219' title='bbox 1319 2727 1535 2781; x_wconf 82' lang='lat' dir='ltr'><strong>secura!</strong></span> <span class='ocrx_word' id='word_1_220' title='bbox 1573 2724 1684 2779; x_wconf 87' lang='lat' dir='ltr'><strong>Non</strong></span> <span class='ocrx_word' id='word_1_221' title='bbox 1727 2725 1886 2779; x_wconf 85' lang='lat' dir='ltr'><strong>habet</strong></span> 
     </span>
    </p>
   </div>
   <div class='ocr_carea' id='block_1_27' title="bbox 304 2816 1887 2890">
    <p class='ocr_par' dir='ltr' id='par_1_27' title="bbox 304 2816 1887 2890">
     <span class='ocr_line' id='line_1_27' title="bbox 304 2816 1887 2890; baseline -0.004 -16"><span class='ocrx_word' id='word_1_222' title='bbox 304 2820 535 2887; x_wconf 86' lang='lat' dir='ltr'><strong>hostem,</strong></span> <span class='ocrx_word' id='word_1_223' title='bbox 566 2835 672 2874; x_wconf 93' lang='lat' dir='ltr'><strong>non</strong></span> <span class='ocrx_word' id='word_1_224' title='bbox 714 2819 874 2875; x_wconf 82' lang='lat' dir='ltr'><strong>habet</strong></span> <span class='ocrx_word' id='word_1_225' title='bbox 914 2829 1139 2890; x_wconf 89' lang='lat' dir='ltr'><strong>pestem.</strong></span> <span class='ocrx_word' id='word_1_226' title='bbox 1170 2818 1353 2874; x_wconf 89' lang='lat' dir='ltr'><strong>Securi</strong></span> <span class='ocrx_word' id='word_1_227' title='bbox 1388 2817 1459 2872; x_wconf 89' lang='lat' dir='ltr'><strong>ibi</strong></span> <span class='ocrx_word' id='word_1_228' title='bbox 1495 2816 1758 2881; x_wconf 91' lang='lat' dir='ltr'><strong>vivemus,</strong></span> <span class='ocrx_word' id='word_1_229' title='bbox 1784 2816 1887 2870; x_wconf 85' lang='lat' dir='ltr'><strong>mi-</strong></span> 
     </span>
    </p>
   </div>
   <div class='ocr_carea' id='block_1_28' title="bbox 300 2909 1884 2982">
    <p class='ocr_par' dir='ltr' id='par_1_28' title="bbox 300 2909 1884 2982">
     <span class='ocr_line' id='line_1_28' title="bbox 300 2909 1884 2982; baseline -0.003 -15"><span class='ocrx_word' id='word_1_230' title='bbox 300 2927 459 2981; x_wconf 76' lang='lat' dir='ltr'><strong>grare</strong></span> <span class='ocrx_word' id='word_1_231' title='bbox 504 2927 611 2966; x_wconf 89' lang='lat' dir='ltr'><strong>non</strong></span> <span class='ocrx_word' id='word_1_232' title='bbox 659 2927 983 2982; x_wconf 72' lang='lat' dir='ltr'><strong>qumremus,</strong></span> <span class='ocrx_word' id='word_1_233' title='bbox 1027 2912 1276 2966; x_wconf 87' lang='lat' dir='ltr'><strong>tutiorem</strong></span> <span class='ocrx_word' id='word_1_234' title='bbox 1306 2910 1481 2964; x_wconf 90' lang='lat' dir='ltr'><strong>locum</strong></span> <span class='ocrx_word' id='word_1_235' title='bbox 1514 2924 1620 2963; x_wconf 93' lang='lat' dir='ltr'><strong>non</strong></span> <span class='ocrx_word' id='word_1_236' title='bbox 1646 2909 1884 2963; x_wconf 87' lang='lat' dir='ltr'><strong>invenie-</strong></span> 
     </span>
    </p>
   </div>
   <div class='ocr_carea' id='block_1_29' title="bbox 301 2998 1884 3073">
    <p class='ocr_par' dir='ltr' id='par_1_29' title="bbox 301 2998 1884 3073">
     <span class='ocr_line' id='line_1_29' title="bbox 301 2998 1884 3073; baseline -0.004 -15"><span class='ocrx_word' id='word_1_237' title='bbox 301 3018 439 3058; x_wconf 90' lang='lat' dir='ltr'><strong>mus.</strong></span> <span class='ocrx_word' id='word_1_238' title='bbox 466 3002 730 3073; x_wconf 85' lang='lat' dir='ltr'><strong>Quidquid</strong></span> <span class='ocrx_word' id='word_1_239' title='bbox 761 3002 848 3059; x_wconf 88' lang='lat' dir='ltr'><strong>hic</strong></span> <span class='ocrx_word' id='word_1_240' title='bbox 870 3004 1097 3073; x_wconf 80' lang='lat' dir='ltr'><strong>elegeris</strong></span> <span class='ocrx_word' id='word_1_241' title='bbox 1125 3003 1178 3057; x_wconf 93' lang='lat' dir='ltr'><strong>in</strong></span> <span class='ocrx_word' id='word_1_242' title='bbox 1211 3010 1373 3067; x_wconf 88' lang='lat' dir='ltr'><strong>terra,</strong></span> <span class='ocrx_word' id='word_1_243' title='bbox 1405 3001 1471 3056; x_wconf 88' lang='lat' dir='ltr'><strong>ad</strong></span> <span class='ocrx_word' id='word_1_244' title='bbox 1502 3001 1744 3055; x_wconf 91' lang='lat' dir='ltr'><strong>timorem</strong></span> <span class='ocrx_word' id='word_1_245' title='bbox 1786 2998 1884 3053; x_wconf 88' lang='lat' dir='ltr'><strong>eli-</strong></span> 
     </span>
    </p>
   </div>
   <div class='ocr_carea' id='block_1_30' title="bbox 302 3089 1883 3163">
    <p class='ocr_par' dir='ltr' id='par_1_30' title="bbox 302 3089 1883 3163">
     <span class='ocr_line' id='line_1_30' title="bbox 302 3089 1883 3163; baseline -0.001 -18"><span class='ocrx_word' id='word_1_246' title='bbox 302 3094 404 3163; x_wconf 87' lang='lat' dir='ltr'><strong>gis,</strong></span> <span class='ocrx_word' id='word_1_247' title='bbox 436 3109 541 3149; x_wconf 90' lang='lat' dir='ltr'><strong>non</strong></span> <span class='ocrx_word' id='word_1_248' title='bbox 568 3094 636 3149; x_wconf 88' lang='lat' dir='ltr'><strong>ad</strong></span> <span class='ocrx_word' id='word_1_249' title='bbox 664 3093 1027 3148; x_wconf 85' lang='lat' dir='ltr'><strong>securitatem.</strong></span> <span class='ocrx_word' id='word_1_250' title='bbox 1066 3092 1211 3161; x_wconf 87' lang='lat' dir='ltr'><strong>Elige</strong></span> <span class='ocrx_word' id='word_1_251' title='bbox 1242 3090 1335 3145; x_wconf 91' lang='lat' dir='ltr'><strong>tibi</strong></span> <span class='ocrx_word' id='word_1_252' title='bbox 1364 3091 1560 3156; x_wconf 92' lang='lat' dir='ltr'><strong>locum,</strong></span> <span class='ocrx_word' id='word_1_253' title='bbox 1590 3089 1715 3143; x_wconf 92' lang='lat' dir='ltr'><strong>dum</strong></span> <span class='ocrx_word' id='word_1_254' title='bbox 1742 3103 1802 3144; x_wconf 91' lang='lat' dir='ltr'><strong>es</strong></span> <span class='ocrx_word' id='word_1_255' title='bbox 1830 3090 1883 3144; x_wconf 92' lang='lat' dir='ltr'><strong>in</strong></span> 
     </span>
    </p>
   </div>
   <div class='ocr_carea' id='block_1_31' title="bbox 300 3181 1883 3252">
    <p class='ocr_par' dir='ltr' id='par_1_31' title="bbox 300 3181 1883 3252">
     <span class='ocr_line' id='line_1_31' title="bbox 300 3181 1883 3252; baseline -0.002 -12"><span class='ocrx_word' id='word_1_256' title='bbox 300 3186 443 3241; x_wconf 89' lang='lat' dir='ltr'><strong>malo</strong></span> <span class='ocrx_word' id='word_1_257' title='bbox 471 3187 610 3252; x_wconf 93' lang='lat' dir='ltr'><strong>loco,</strong></span> <span class='ocrx_word' id='word_1_258' title='bbox 639 3186 691 3240; x_wconf 91' lang='lat' dir='ltr'><strong>id</strong></span> <span class='ocrx_word' id='word_1_259' title='bbox 712 3194 795 3241; x_wconf 90' lang='lat' dir='ltr'><strong>est</strong></span> <span class='ocrx_word' id='word_1_260' title='bbox 824 3187 875 3239; x_wconf 93' lang='lat' dir='ltr'><strong>in</strong></span> <span class='ocrx_word' id='word_1_261' title='bbox 906 3184 1008 3240; x_wconf 90' lang='lat' dir='ltr'><strong>hoc</strong></span> <span class='ocrx_word' id='word_1_262' title='bbox 1034 3185 1252 3247; x_wconf 67' lang='lat' dir='ltr'><strong>saiculo,</strong></span> <span class='ocrx_word' id='word_1_263' title='bbox 1282 3183 1336 3236; x_wconf 93' lang='lat' dir='ltr'><strong>in</strong></span> <span class='ocrx_word' id='word_1_264' title='bbox 1374 3182 1475 3238; x_wconf 90' lang='lat' dir='ltr'><strong>hac</strong></span> <span class='ocrx_word' id='word_1_265' title='bbox 1501 3181 1607 3236; x_wconf 88' lang='lat' dir='ltr'><strong>vita</strong></span> <span class='ocrx_word' id='word_1_266' title='bbox 1635 3181 1883 3237; x_wconf 88' lang='lat' dir='ltr'><strong>teutatio—</strong></span> 
     </span>
    </p>
   </div>
   <div class='ocr_carea' id='block_1_32' title="bbox 303 3272 1888 3347">
    <p class='ocr_par' dir='ltr' id='par_1_32' title="bbox 303 3272 1888 3347">
     <span class='ocr_line' id='line_1_32' title="bbox 303 3272 1888 3347; baseline -0.004 -15"><span class='ocrx_word' id='word_1_267' title='bbox 303 3278 461 3332; x_wconf 89' lang='lat' dir='ltr'><strong>nibus</strong></span> <span class='ocrx_word' id='word_1_268' title='bbox 489 3277 669 3347; x_wconf 87' lang='lat' dir='ltr'><strong>plena,</strong></span> <span class='ocrx_word' id='word_1_269' title='bbox 698 3277 836 3346; x_wconf 82' lang='lat' dir='ltr'><strong>elige</strong></span> <span class='ocrx_word' id='word_1_270' title='bbox 866 3276 917 3330; x_wconf 92' lang='lat' dir='ltr'><strong>in</strong></span> <span class='ocrx_word' id='word_1_271' title='bbox 958 3276 1057 3329; x_wconf 87' lang='lat' dir='ltr'><strong>hac</strong></span> <span class='ocrx_word' id='word_1_272' title='bbox 1096 3273 1419 3329; x_wconf 88' lang='lat' dir='ltr'><strong>mortalitate</strong></span> <span class='ocrx_word' id='word_1_273' title='bbox 1444 3272 1724 3343; x_wconf 74' lang='lat' dir='ltr'><strong>gemitibus</strong></span> <span class='ocrx_word' id='word_1_274' title='bbox 1750 3280 1805 3327; x_wconf 89' lang='lat' dir='ltr'><strong>et</strong></span> <span class='ocrx_word' id='word_1_275' title='bbox 1828 3272 1888 3326; x_wconf 89' lang='lat' dir='ltr'><strong>ti-</strong></span> 
     </span>
    </p>
   </div>
   <div class='ocr_carea' id='block_1_33' title="bbox 302 3360 1882 3436">
    <p class='ocr_par' dir='ltr' id='par_1_33' title="bbox 302 3360 1882 3436">
     <span class='ocr_line' id='line_1_33' title="bbox 302 3360 1882 3436; baseline -0.004 -15"><span class='ocrx_word' id='word_1_276' title='bbox 302 3367 538 3421; x_wconf 88' lang='lat' dir='ltr'><strong>moribus</strong></span> <span class='ocrx_word' id='word_1_277' title='bbox 561 3366 714 3436; x_wconf 91' lang='lat' dir='ltr'><strong>plena</strong></span> <span class='ocrx_word' id='word_1_278' title='bbox 742 3384 754 3420; x_wconf 96' lang='lat'>:</span> <span class='ocrx_word' id='word_1_279' title='bbox 782 3365 906 3420; x_wconf 91' lang='lat' dir='ltr'><strong>dum</strong></span> <span class='ocrx_word' id='word_1_280' title='bbox 933 3379 991 3419; x_wconf 91' lang='lat' dir='ltr'><strong>es</strong></span> <span class='ocrx_word' id='word_1_281' title='bbox 1012 3364 1063 3418; x_wconf 93' lang='lat' dir='ltr'><strong>in</strong></span> <span class='ocrx_word' id='word_1_282' title='bbox 1087 3364 1225 3417; x_wconf 89' lang='lat' dir='ltr'><strong>malo</strong></span> <span class='ocrx_word' id='word_1_283' title='bbox 1248 3362 1384 3427; x_wconf 91' lang='lat' dir='ltr'><strong>loco,</strong></span> <span class='ocrx_word' id='word_1_284' title='bbox 1407 3361 1545 3433; x_wconf 91' lang='lat' dir='ltr'><strong>elige</strong></span> <span class='ocrx_word' id='word_1_285' title='bbox 1568 3360 1659 3416; x_wconf 90' lang='lat' dir='ltr'><strong>tibi</strong></span> <span class='ocrx_word' id='word_1_286' title='bbox 1684 3360 1882 3429; x_wconf 91' lang='lat' dir='ltr'><strong>locum,</strong></span> 
     </span>
    </p>
   </div>
   <div class='ocr_carea' id='block_1_34' title="bbox 301 3451 1882 3528">
    <p class='ocr_par' dir='ltr' id='par_1_34' title="bbox 301 3451 1882 3528">
     <span class='ocr_line' id='line_1_34' title="bbox 301 3451 1882 3528; baseline -0.002 -18"><span class='ocrx_word' id='word_1_287' title='bbox 301 3471 409 3528; x_wconf 84' lang='lat' dir='ltr'><strong>quo</strong></span> <span class='ocrx_word' id='word_1_288' title='bbox 453 3456 649 3526; x_wconf 85' lang='lat' dir='ltr'><strong>migres</strong></span> <span class='ocrx_word' id='word_1_289' title='bbox 689 3455 756 3510; x_wconf 91' lang='lat' dir='ltr'><strong>de</strong></span> <span class='ocrx_word' id='word_1_290' title='bbox 784 3455 929 3510; x_wconf 85' lang='lat' dir='ltr'><strong>malo</strong></span> <span class='ocrx_word' id='word_1_291' title='bbox 958 3453 1094 3508; x_wconf 92' lang='lat' dir='ltr'><strong>loco.</strong></span> <span class='ocrx_word' id='word_1_292' title='bbox 1120 3452 1237 3509; x_wconf 86' lang='lat' dir='ltr'><strong>Non</strong></span> <span class='ocrx_word' id='word_1_293' title='bbox 1263 3451 1462 3522; x_wconf 87' lang='lat' dir='ltr'><strong>poteris</strong></span> <span class='ocrx_word' id='word_1_294' title='bbox 1490 3451 1555 3505; x_wconf 93' lang='lat' dir='ltr'><strong>ad</strong></span> <span class='ocrx_word' id='word_1_295' title='bbox 1581 3451 1753 3506; x_wconf 89' lang='lat' dir='ltr'><strong>locum</strong></span> <span class='ocrx_word' id='word_1_296' title='bbox 1783 3451 1882 3507; x_wconf 91' lang='lat' dir='ltr'><strong>bo-</strong></span> 
     </span>
    </p>
   </div>
   <div class='ocr_carea' id='block_1_35' title="bbox 302 3543 1885 3619">
    <p class='ocr_par' dir='ltr' id='par_1_35' title="bbox 302 3543 1885 3619">
     <span class='ocr_line' id='line_1_35' title="bbox 302 3543 1885 3619; baseline -0.005 -15"><span class='ocrx_word' id='word_1_297' title='bbox 302 3564 429 3604; x_wconf 92' lang='lat' dir='ltr'><strong>num</strong></span> <span class='ocrx_word' id='word_1_298' title='bbox 460 3550 688 3619; x_wconf 89' lang='lat' dir='ltr'><strong>migrare</strong></span> <span class='ocrx_word' id='word_1_299' title='bbox 727 3548 796 3603; x_wconf 88' lang='lat' dir='ltr'><strong>de</strong></span> <span class='ocrx_word' id='word_1_300' title='bbox 833 3548 953 3603; x_wconf 88' lang='lat' dir='ltr'><strong>loco</strong></span> <span class='ocrx_word' id='word_1_301' title='bbox 977 3546 1140 3610; x_wconf 88' lang='lat' dir='ltr'><strong>malo,</strong></span> <span class='ocrx_word' id='word_1_302' title='bbox 1171 3545 1272 3600; x_wconf 91' lang='lat' dir='ltr'><strong>nisi</strong></span> <span class='ocrx_word' id='word_1_303' title='bbox 1308 3544 1447 3600; x_wconf 91' lang='lat' dir='ltr'><strong>bene</strong></span> <span class='ocrx_word' id='word_1_304' title='bbox 1476 3544 1664 3599; x_wconf 82' lang='lat' dir='ltr'><strong>feceris</strong></span> <span class='ocrx_word' id='word_1_305' title='bbox 1683 3544 1736 3598; x_wconf 93' lang='lat' dir='ltr'><strong>in</strong></span> <span class='ocrx_word' id='word_1_306' title='bbox 1765 3543 1885 3597; x_wconf 89' lang='lat' dir='ltr'><strong>loco</strong></span> 
     </span>
    </p>
   </div>
   <div class='ocr_carea' id='block_1_36' title="bbox 304 3632 1883 3709">
    <p class='ocr_par' dir='ltr' id='par_1_36' title="bbox 304 3632 1883 3709">
     <span class='ocr_line' id='line_1_36' title="bbox 304 3632 1883 3709; baseline -0.006 -12"><span class='ocrx_word' id='word_1_307' title='bbox 304 3641 463 3697; x_wconf 91' lang='lat' dir='ltr'><strong>malo.</strong></span> <span class='ocrx_word' id='word_1_308' title='bbox 496 3640 677 3709; x_wconf 85' lang='lat' dir='ltr'><strong>Qualis</strong></span> <span class='ocrx_word' id='word_1_309' title='bbox 704 3640 855 3694; x_wconf 86' lang='lat' dir='ltr'><strong>locus</strong></span> <span class='ocrx_word' id='word_1_310' title='bbox 884 3646 968 3694; x_wconf 87' lang='lat' dir='ltr'><strong>est</strong></span> <span class='ocrx_word' id='word_1_311' title='bbox 994 3637 1106 3703; x_wconf 90' lang='lat' dir='ltr'><strong>ille,</strong></span> <span class='ocrx_word' id='word_1_312' title='bbox 1134 3636 1222 3692; x_wconf 93' lang='lat' dir='ltr'><strong>ubi</strong></span> <span class='ocrx_word' id='word_1_313' title='bbox 1249 3650 1406 3691; x_wconf 92' lang='lat' dir='ltr'><strong>nemo</strong></span> <span class='ocrx_word' id='word_1_314' title='bbox 1434 3634 1640 3690; x_wconf 84' lang='lat' dir='ltr'><strong>esurit?</strong></span> <span class='ocrx_word' id='word_1_315' title='bbox 1668 3632 1810 3703; x_wconf 83' lang='lat' dir='ltr'><strong>Ergo</strong></span> <span class='ocrx_word' id='word_1_316' title='bbox 1837 3632 1883 3687; x_wconf 91' lang='lat' dir='ltr'><strong>si</strong></span> 
     </span>
    </p>
   </div>
   <div class='ocr_carea' id='block_1_37' title="bbox 303 3723 1884 3795">
    <p class='ocr_par' dir='ltr' id='par_1_37' title="bbox 303 3723 1884 3795">
     <span class='ocr_line' id='line_1_37' title="bbox 303 3723 1884 3795; baseline -0.004 -11"><span class='ocrx_word' id='word_1_317' title='bbox 303 3731 384 3786; x_wconf 88' lang='lat' dir='ltr'><strong>vis</strong></span> <span class='ocrx_word' id='word_1_318' title='bbox 423 3730 663 3785; x_wconf 86' lang='lat' dir='ltr'><strong>habitare</strong></span> <span class='ocrx_word' id='word_1_319' title='bbox 692 3729 745 3783; x_wconf 90' lang='lat' dir='ltr'><strong>in</strong></span> <span class='ocrx_word' id='word_1_320' title='bbox 773 3728 890 3784; x_wconf 89' lang='lat' dir='ltr'><strong>loco</strong></span> <span class='ocrx_word' id='word_1_321' title='bbox 918 3728 1079 3795; x_wconf 91' lang='lat' dir='ltr'><strong>bono,</strong></span> <span class='ocrx_word' id='word_1_322' title='bbox 1121 3726 1212 3781; x_wconf 91' lang='lat' dir='ltr'><strong>ubi</strong></span> <span class='ocrx_word' id='word_1_323' title='bbox 1240 3739 1399 3780; x_wconf 90' lang='lat' dir='ltr'><strong>nemo</strong></span> <span class='ocrx_word' id='word_1_324' title='bbox 1422 3724 1620 3790; x_wconf 88' lang='lat' dir='ltr'><strong>esurit;</strong></span> <span class='ocrx_word' id='word_1_325' title='bbox 1665 3723 1718 3778; x_wconf 92' lang='lat' dir='ltr'><strong>in</strong></span> <span class='ocrx_word' id='word_1_326' title='bbox 1764 3723 1884 3778; x_wconf 90' lang='lat' dir='ltr'><strong>loco</strong></span> 
     </span>
    </p>
   </div>
   <div class='ocr_carea' id='block_1_38' title="bbox 302 3815 1883 3897">
    <p class='ocr_par' dir='ltr' id='par_1_38' title="bbox 302 3815 1883 3897">
     <span class='ocr_line' id='line_1_38' title="bbox 302 3815 1883 3897; baseline -0.007 -17"><span class='ocrx_word' id='word_1_327' title='bbox 302 3825 443 3880; x_wconf 89' lang='lat' dir='ltr'><strong>malo</strong></span> <span class='ocrx_word' id='word_1_328' title='bbox 474 3822 656 3894; x_wconf 83' lang='lat' dir='ltr'><strong>frange</strong></span> <span class='ocrx_word' id='word_1_329' title='bbox 682 3837 874 3897; x_wconf 86' lang='lat' dir='ltr'><strong>panem</strong></span> <span class='ocrx_word' id='word_1_330' title='bbox 902 3831 1053 3876; x_wconf 89' lang='lat' dir='ltr'><strong>tuum</strong></span> <span class='ocrx_word' id='word_1_331' title='bbox 1084 3819 1356 3876; x_wconf 87' lang='lat' dir='ltr'><strong>esurienti.</strong></span> <span class='ocrx_word' id='word_1_332' title='bbox 1387 3818 1444 3873; x_wconf 89' lang='lat' dir='ltr'><strong>in</strong></span> <span class='ocrx_word' id='word_1_333' title='bbox 1469 3817 1587 3872; x_wconf 91' lang='lat' dir='ltr'><strong>loco</strong></span> <span class='ocrx_word' id='word_1_334' title='bbox 1616 3816 1707 3870; x_wconf 93' lang='lat' dir='ltr'><strong>illo</strong></span> <span class='ocrx_word' id='word_1_335' title='bbox 1727 3815 1883 3870; x_wconf 88' lang='lat' dir='ltr'><strong>beato</strong></span> 
     </span>
    </p>
   </div>
   <div class='ocr_carea' id='block_1_39' title="bbox 299 3904 1879 3983">
    <p class='ocr_par' dir='ltr' id='par_1_39' title="bbox 299 3904 1879 3983">
     <span class='ocr_line' id='line_1_39' title="bbox 299 3904 1879 3983; baseline -0.007 -14"><span class='ocrx_word' id='word_1_336' title='bbox 299 3929 460 3969; x_wconf 90' lang='lat' dir='ltr'><strong>nemo</strong></span> <span class='ocrx_word' id='word_1_337' title='bbox 498 3921 583 3969; x_wconf 89' lang='lat' dir='ltr'><strong>est</strong></span> <span class='ocrx_word' id='word_1_338' title='bbox 628 3904 937 3983; x_wconf 80' lang='lat' dir='ltr'><strong>peregrinus</strong></span> <span class='ocrx_word' id='word_1_339' title='bbox 968 3928 982 3965; x_wconf 89' lang='lat'><strong>:</strong></span> <span class='ocrx_word' id='word_1_340' title='bbox 1011 3923 1198 3966; x_wconf 91' lang='lat' dir='ltr'><strong>omnes</strong></span> <span class='ocrx_word' id='word_1_341' title='bbox 1236 3908 1288 3963; x_wconf 89' lang='lat' dir='ltr'><strong>in</strong></span> <span class='ocrx_word' id='word_1_342' title='bbox 1332 3909 1501 3979; x_wconf 87' lang='lat' dir='ltr'><strong>patria</strong></span> <span class='ocrx_word' id='word_1_343' title='bbox 1543 3921 1639 3962; x_wconf 88' lang='lat' dir='ltr'><strong>sua</strong></span> <span class='ocrx_word' id='word_1_344' title='bbox 1676 3907 1879 3960; x_wconf 89' lang='lat' dir='ltr'><strong>vivunt.</strong></span> 
     </span>
    </p>
   </div>
   <div class='ocr_carea' id='block_1_40' title="bbox 301 3997 1880 4078">
    <p class='ocr_par' dir='ltr' id='par_1_40' title="bbox 301 3997 1880 4078">
     <span class='ocr_line' id='line_1_40' title="bbox 301 3997 1880 4078; baseline -0.007 -15"><span class='ocrx_word' id='word_1_345' title='bbox 301 4007 360 4063; x_wconf 84' lang='lat' dir='ltr'><strong>Si</strong></span> <span class='ocrx_word' id='word_1_346' title='bbox 390 4020 518 4078; x_wconf 83' lang='lat' dir='ltr'><strong>ergo</strong></span> <span class='ocrx_word' id='word_1_347' title='bbox 545 4005 624 4061; x_wconf 88' lang='lat' dir='ltr'><strong>vis</strong></span> <span class='ocrx_word' id='word_1_348' title='bbox 657 4019 776 4062; x_wconf 89' lang='lat' dir='ltr'><strong>esse</strong></span> <span class='ocrx_word' id='word_1_349' title='bbox 801 4004 856 4059; x_wconf 93' lang='lat' dir='ltr'><strong>in</strong></span> <span class='ocrx_word' id='word_1_350' title='bbox 888 4004 1007 4059; x_wconf 91' lang='lat' dir='ltr'><strong>loco</strong></span> <span class='ocrx_word' id='word_1_351' title='bbox 1030 4003 1192 4068; x_wconf 89' lang='lat' dir='ltr'><strong>bono,</strong></span> <span class='ocrx_word' id='word_1_352' title='bbox 1222 4000 1310 4056; x_wconf 89' lang='lat' dir='ltr'><strong>ubi</strong></span> <span class='ocrx_word' id='word_1_353' title='bbox 1342 4013 1501 4055; x_wconf 88' lang='lat' dir='ltr'><strong>nemo</strong></span> <span class='ocrx_word' id='word_1_354' title='bbox 1535 4006 1617 4054; x_wconf 92' lang='lat' dir='ltr'><strong>est</strong></span> <span class='ocrx_word' id='word_1_355' title='bbox 1644 3997 1880 4069; x_wconf 86' lang='lat' dir='ltr'><strong>peregri-</strong></span> 
     </span>
    </p>
   </div>
   <div class='ocr_carea' id='block_1_41' title="bbox 301 4092 1883 4164">
    <p class='ocr_par' dir='ltr' id='par_1_41' title="bbox 301 4092 1883 4164">
     <span class='ocr_line' id='line_1_41' title="bbox 301 4092 1883 4164; baseline -0.006 -10"><span class='ocrx_word' id='word_1_356' title='bbox 301 4113 437 4164; x_wconf 87' lang='lat' dir='ltr'><strong>nus;</strong></span> <span class='ocrx_word' id='word_1_357' title='bbox 467 4099 520 4153; x_wconf 93' lang='lat' dir='ltr'><strong>in</strong></span> <span class='ocrx_word' id='word_1_358' title='bbox 561 4098 681 4153; x_wconf 93' lang='lat' dir='ltr'><strong>loco</strong></span> <span class='ocrx_word' id='word_1_359' title='bbox 705 4097 848 4152; x_wconf 89' lang='lat' dir='ltr'><strong>malo</strong></span> <span class='ocrx_word' id='word_1_360' title='bbox 875 4112 984 4152; x_wconf 90' lang='lat' dir='ltr'><strong>non</strong></span> <span class='ocrx_word' id='word_1_361' title='bbox 1012 4094 1296 4152; x_wconf 88' lang='lat' dir='ltr'><strong>habentem</strong></span> <span class='ocrx_word' id='word_1_362' title='bbox 1324 4108 1430 4164; x_wconf 89' lang='lat' dir='ltr'><strong>quo</strong></span> <span class='ocrx_word' id='word_1_363' title='bbox 1461 4093 1642 4160; x_wconf 89' lang='lat' dir='ltr'><strong>intret,</strong></span> <span class='ocrx_word' id='word_1_364' title='bbox 1673 4092 1883 4161; x_wconf 89' lang='lat' dir='ltr'><strong>suscipe</strong></span> 
     </span>
    </p>
   </div>
   <div class='ocr_carea' id='block_1_42' title="bbox 298 4181 1882 4258">
    <p class='ocr_par' dir='ltr' id='par_1_42' title="bbox 298 4181 1882 4258">
     <span class='ocr_line' id='line_1_42' title="bbox 298 4181 1882 4258; baseline -0.006 -13"><span class='ocrx_word' id='word_1_365' title='bbox 298 4189 354 4245; x_wconf 94' lang='lat' dir='ltr'><strong>in</strong></span> <span class='ocrx_word' id='word_1_366' title='bbox 382 4189 598 4244; x_wconf 90' lang='lat' dir='ltr'><strong>domum</strong></span> <span class='ocrx_word' id='word_1_367' title='bbox 627 4198 792 4253; x_wconf 83' lang='lat' dir='ltr'><strong>tuam.</strong></span> <span class='ocrx_word' id='word_1_368' title='bbox 823 4186 1111 4258; x_wconf 86' lang='lat' dir='ltr'><strong>Peregrino</strong></span> <span class='ocrx_word' id='word_1_369' title='bbox 1140 4184 1320 4256; x_wconf 75' lang='lat' dir='ltr'><strong>praebe</strong></span> <span class='ocrx_word' id='word_1_370' title='bbox 1359 4182 1643 4254; x_wconf 86' lang='lat' dir='ltr'><strong>hospitium</strong></span> <span class='ocrx_word' id='word_1_371' title='bbox 1687 4181 1739 4236; x_wconf 91' lang='lat' dir='ltr'><strong>in</strong></span> <span class='ocrx_word' id='word_1_372' title='bbox 1763 4181 1882 4236; x_wconf 92' lang='lat' dir='ltr'><strong>loco</strong></span> 
     </span>
    </p>
   </div>
   <div class='ocr_carea' id='block_1_43' title="bbox 300 4273 1882 4347">
    <p class='ocr_par' dir='ltr' id='par_1_43' title="bbox 300 4273 1882 4347">
     <span class='ocr_line' id='line_1_43' title="bbox 300 4273 1882 4347; baseline -0.004 -12"><span class='ocrx_word' id='word_1_373' title='bbox 300 4281 462 4347; x_wconf 90' lang='lat' dir='ltr'><strong>malo,</strong></span> <span class='ocrx_word' id='word_1_374' title='bbox 509 4289 567 4334; x_wconf 91' lang='lat' dir='ltr'><strong>ut</strong></span> <span class='ocrx_word' id='word_1_375' title='bbox 608 4280 793 4334; x_wconf 84' lang='lat' dir='ltr'><strong>venias</strong></span> <span class='ocrx_word' id='word_1_376' title='bbox 837 4279 904 4333; x_wconf 91' lang='lat' dir='ltr'><strong>ad</strong></span> <span class='ocrx_word' id='word_1_377' title='bbox 949 4279 1121 4334; x_wconf 91' lang='lat' dir='ltr'><strong>locum</strong></span> <span class='ocrx_word' id='word_1_378' title='bbox 1167 4277 1384 4340; x_wconf 91' lang='lat' dir='ltr'><strong>bonum,</strong></span> <span class='ocrx_word' id='word_1_379' title='bbox 1426 4274 1513 4329; x_wconf 90' lang='lat' dir='ltr'><strong>ubi</strong></span> <span class='ocrx_word' id='word_1_380' title='bbox 1545 4273 1738 4343; x_wconf 89' lang='lat' dir='ltr'><strong>hospes</strong></span> <span class='ocrx_word' id='word_1_381' title='bbox 1762 4287 1882 4328; x_wconf 90' lang='lat' dir='ltr'><strong>esse</strong></span> 
     </span>
    </p>
   </div>
   <div class='ocr_carea' id='block_1_44' title="bbox 302 4364 1878 4442">
    <p class='ocr_par' dir='ltr' id='par_1_44' title="bbox 302 4364 1878 4442">
     <span class='ocr_line' id='line_1_44' title="bbox 302 4364 1878 4442; baseline -0.005 -17"><span class='ocrx_word' id='word_1_382' title='bbox 302 4388 408 4426; x_wconf 89' lang='lat' dir='ltr'><strong>non</strong></span> <span class='ocrx_word' id='word_1_383' title='bbox 452 4372 646 4442; x_wconf 88' lang='lat' dir='ltr'><strong>possis.</strong></span> <span class='ocrx_word' id='word_1_384' title='bbox 682 4372 737 4424; x_wconf 94' lang='lat' dir='ltr'><strong>In</strong></span> <span class='ocrx_word' id='word_1_385' title='bbox 772 4371 892 4426; x_wconf 92' lang='lat' dir='ltr'><strong>loco</strong></span> <span class='ocrx_word' id='word_1_386' title='bbox 918 4370 1060 4423; x_wconf 92' lang='lat' dir='ltr'><strong>bono</strong></span> <span class='ocrx_word' id='word_1_387' title='bbox 1098 4368 1255 4421; x_wconf 82' lang='lat' dir='ltr'><strong>nemo</strong></span> <span class='ocrx_word' id='word_1_388' title='bbox 1283 4365 1485 4435; x_wconf 79' lang='lat' dir='ltr'><strong>indiget</strong></span> <span class='ocrx_word' id='word_1_389' title='bbox 1516 4364 1832 4419; x_wconf 90' lang='lat' dir='ltr'><strong>vestimento</strong></span> <span class='ocrx_word' id='word_1_390' title='bbox 1864 4378 1878 4417; x_wconf 91' lang='lat'><strong>:</strong></span> 
     </span>
    </p>
   </div>
   <div class='ocr_carea' id='block_1_45' title="bbox 302 4453 1878 4529">
    <p class='ocr_par' dir='ltr' id='par_1_45' title="bbox 302 4453 1878 4529">
     <span class='ocr_line' id='line_1_45' title="bbox 302 4453 1878 4529; baseline -0.006 -14"><span class='ocrx_word' id='word_1_391' title='bbox 302 4461 468 4529; x_wconf 76' lang='lat' dir='ltr'><strong>frigus</strong></span> <span class='ocrx_word' id='word_1_392' title='bbox 495 4461 563 4515; x_wconf 85' lang='lat' dir='ltr'><strong>ibi</strong></span> <span class='ocrx_word' id='word_1_393' title='bbox 588 4478 694 4516; x_wconf 91' lang='lat' dir='ltr'><strong>non</strong></span> <span class='ocrx_word' id='word_1_394' title='bbox 718 4470 821 4526; x_wconf 88' lang='lat' dir='ltr'><strong>est,</strong></span> <span class='ocrx_word' id='word_1_395' title='bbox 847 4468 1008 4514; x_wconf 67' lang='lat' dir='ltr'><strong>aestus</strong></span> <span class='ocrx_word' id='word_1_396' title='bbox 1034 4458 1105 4512; x_wconf 87' lang='lat' dir='ltr'><strong>ibi</strong></span> <span class='ocrx_word' id='word_1_397' title='bbox 1132 4471 1236 4511; x_wconf 92' lang='lat' dir='ltr'><strong>non</strong></span> <span class='ocrx_word' id='word_1_398' title='bbox 1261 4464 1385 4510; x_wconf 91' lang='lat' dir='ltr'><strong>sunt</strong></span> <span class='ocrx_word' id='word_1_399' title='bbox 1408 4473 1421 4509; x_wconf 91' lang='lat'><strong>:</strong></span> <span class='ocrx_word' id='word_1_400' title='bbox 1449 4453 1633 4526; x_wconf 89' lang='lat' dir='ltr'><strong>utquid</strong></span> <span class='ocrx_word' id='word_1_401' title='bbox 1660 4461 1878 4520; x_wconf 89' lang='lat' dir='ltr'><strong>tectum,</strong></span> 
     </span>
    </p>
   </div>
   <div class='ocr_carea' id='block_1_46' title="bbox 300 4541 1885 4620">
    <p class='ocr_par' dir='ltr' id='par_1_46' title="bbox 300 4541 1885 4620">
     <span class='ocr_line' id='line_1_46' title="bbox 300 4541 1885 4620; baseline -0.005 -16"><span class='ocrx_word' id='word_1_402' title='bbox 300 4549 486 4620; x_wconf 87' lang='lat' dir='ltr'><strong>utquid</strong></span> <span class='ocrx_word' id='word_1_403' title='bbox 516 4547 922 4603; x_wconf 84' lang='lat' dir='ltr'><strong>indumentum?</strong></span> <span class='ocrx_word' id='word_1_404' title='bbox 955 4547 1028 4601; x_wconf 90' lang='lat' dir='ltr'><strong>lbi</strong></span> <span class='ocrx_word' id='word_1_405' title='bbox 1074 4560 1181 4600; x_wconf 88' lang='lat' dir='ltr'><strong>non</strong></span> <span class='ocrx_word' id='word_1_406' title='bbox 1228 4544 1333 4599; x_wconf 90' lang='lat' dir='ltr'><strong>erit</strong></span> <span class='ocrx_word' id='word_1_407' title='bbox 1373 4551 1587 4609; x_wconf 90' lang='lat' dir='ltr'><strong>tectum,</strong></span> <span class='ocrx_word' id='word_1_408' title='bbox 1622 4541 1716 4598; x_wconf 91' lang='lat' dir='ltr'><strong>sed</strong></span> <span class='ocrx_word' id='word_1_409' title='bbox 1759 4556 1885 4611; x_wconf 89' lang='lat' dir='ltr'><strong>pro-</strong></span> 
     </span>
    </p>
   </div>
   <div class='ocr_carea' id='block_1_47' title="bbox 299 4631 1882 4696">
    <p class='ocr_par' dir='ltr' id='par_1_47' title="bbox 299 4631 1882 4696">
     <span class='ocr_line' id='line_1_47' title="bbox 299 4631 1882 4696; baseline -0.006 0"><span class='ocrx_word' id='word_1_410' title='bbox 299 4640 478 4696; x_wconf 78' lang='lat' dir='ltr'><strong>tactio.</strong></span> <span class='ocrx_word' id='word_1_411' title='bbox 523 4640 662 4694; x_wconf 88' lang='lat' dir='ltr'><strong>Ecce</strong></span> <span class='ocrx_word' id='word_1_412' title='bbox 702 4648 757 4693; x_wconf 91' lang='lat' dir='ltr'><strong>et</strong></span> <span class='ocrx_word' id='word_1_413' title='bbox 800 4638 871 4693; x_wconf 90' lang='lat' dir='ltr'><strong>ibi</strong></span> <span class='ocrx_word' id='word_1_414' title='bbox 913 4636 1215 4691; x_wconf 88' lang='lat' dir='ltr'><strong>invenimus</strong></span> <span class='ocrx_word' id='word_1_415' title='bbox 1252 4634 1448 4688; x_wconf 88' lang='lat' dir='ltr'><strong>tectum</strong></span> <span class='ocrx_word' id='word_1_416' title='bbox 1490 4651 1503 4686; x_wconf 84' lang='lat'><strong>:</strong></span> <span class='ocrx_word' id='word_1_417' title='bbox 1555 4632 1662 4688; x_wconf 86' lang='lat' dir='ltr'><strong>Sub</strong></span> <span class='ocrx_word' id='word_1_418' title='bbox 1703 4631 1882 4686; x_wconf 87' lang='lat' dir='ltr'><strong>umbra</strong></span> 
     </span>
    </p>
   </div>
   <div class='ocr_carea' id='block_1_48' title="bbox 299 4721 1883 4800">
    <p class='ocr_par' dir='ltr' id='par_1_48' title="bbox 299 4721 1883 4800">
     <span class='ocr_line' id='line_1_48' title="bbox 299 4721 1883 4800; baseline -0.004 -14"><span class='ocrx_word' id='word_1_419' title='bbox 299 4742 501 4787; x_wconf 86' lang='lat' dir='ltr'><strong>atarum</strong></span> <span class='ocrx_word' id='word_1_420' title='bbox 540 4740 742 4785; x_wconf 86' lang='lat' dir='ltr'><strong>tuarum</strong></span> <span class='ocrx_word' id='word_1_421' title='bbox 781 4727 991 4800; x_wconf 76' lang='lat' dir='ltr'><strong>sperabo</strong></span> <span class='ocrx_word' id='word_1_422' title='bbox 1023 4724 1194 4798; x_wconf 86' lang='lat' dir='ltr'><strong>(Psal.</strong></span> <span class='ocrx_word' id='word_1_423' title='bbox 1242 4740 1346 4790; x_wconf 78' lang='lat' dir='ltr'><strong>Lvt,</strong></span> <span class='ocrx_word' id='word_1_424' title='bbox 1385 4721 1467 4795; x_wconf 75' lang='grc' dir='ltr'><strong>Ξ).</strong></span> <span class='ocrx_word' id='word_1_425' title='bbox 1517 4724 1657 4793; x_wconf 87' lang='lat' dir='ltr'><strong>Ergo</strong></span> <span class='ocrx_word' id='word_1_426' title='bbox 1696 4724 1749 4778; x_wconf 90' lang='lat' dir='ltr'><strong>in</strong></span> <span class='ocrx_word' id='word_1_427' title='bbox 1779 4723 1883 4779; x_wconf 88' lang='lat' dir='ltr'><strong>hoc</strong></span> 
     </span>
    </p>
   </div>
   <div class='ocr_carea' id='block_1_49' title="bbox 297 4815 1881 4892">
    <p class='ocr_par' dir='ltr' id='par_1_49' title="bbox 297 4815 1881 4892">
     <span class='ocr_line' id='line_1_49' title="bbox 297 4815 1881 4892; baseline -0.006 -14"><span class='ocrx_word' id='word_1_428' title='bbox 297 4825 417 4880; x_wconf 89' lang='lat' dir='ltr'><strong>loco</strong></span> <span class='ocrx_word' id='word_1_429' title='bbox 453 4822 595 4877; x_wconf 87' lang='lat' dir='ltr'><strong>malo</strong></span> <span class='ocrx_word' id='word_1_430' title='bbox 629 4821 808 4892; x_wconf 70' lang='lat' dir='ltr'><strong>praabe</strong></span> <span class='ocrx_word' id='word_1_431' title='bbox 845 4835 952 4875; x_wconf 91' lang='lat' dir='ltr'><strong>non</strong></span> <span class='ocrx_word' id='word_1_432' title='bbox 984 4818 1196 4874; x_wconf 89' lang='lat' dir='ltr'><strong>habenti</strong></span> <span class='ocrx_word' id='word_1_433' title='bbox 1227 4824 1445 4881; x_wconf 88' lang='lat' dir='ltr'><strong>tectum,</strong></span> <span class='ocrx_word' id='word_1_434' title='bbox 1472 4822 1531 4870; x_wconf 91' lang='lat' dir='ltr'><strong>ut</strong></span> <span class='ocrx_word' id='word_1_435' title='bbox 1568 4815 1643 4870; x_wconf 89' lang='lat' dir='ltr'><strong>sis</strong></span> <span class='ocrx_word' id='word_1_436' title='bbox 1678 4815 1732 4870; x_wconf 90' lang='lat' dir='ltr'><strong>in</strong></span> <span class='ocrx_word' id='word_1_437' title='bbox 1761 4815 1881 4870; x_wconf 89' lang='lat' dir='ltr'><strong>loco</strong></span> 
     </span>
    </p>
   </div>
   <div class='ocr_carea' id='block_1_50' title="bbox 298 4903 1880 4980">
    <p class='ocr_par' dir='ltr' id='par_1_50' title="bbox 298 4903 1880 4980">
     <span class='ocr_line' id='line_1_50' title="bbox 298 4903 1880 4980; baseline -0.008 -7"><span class='ocrx_word' id='word_1_438' title='bbox 298 4917 457 4980; x_wconf 90' lang='lat' dir='ltr'><strong>bono,</strong></span> <span class='ocrx_word' id='word_1_439' title='bbox 490 4915 579 4970; x_wconf 89' lang='lat' dir='ltr'><strong>ubi</strong></span> <span class='ocrx_word' id='word_1_440' title='bbox 621 4913 818 4970; x_wconf 88' lang='lat' dir='ltr'><strong>habeas</strong></span> <span class='ocrx_word' id='word_1_441' title='bbox 858 4911 964 4966; x_wconf 90' lang='lat' dir='ltr'><strong>tale</strong></span> <span class='ocrx_word' id='word_1_442' title='bbox 995 4919 1209 4975; x_wconf 90' lang='lat' dir='ltr'><strong>tectum,</strong></span> <span class='ocrx_word' id='word_1_443' title='bbox 1238 4917 1297 4963; x_wconf 89' lang='lat' dir='ltr'><strong>nt</strong></span> <span class='ocrx_word' id='word_1_444' title='bbox 1332 4922 1440 4962; x_wconf 89' lang='lat' dir='ltr'><strong>non</strong></span> <span class='ocrx_word' id='word_1_445' title='bbox 1466 4918 1673 4977; x_wconf 82' lang='lat' dir='ltr'><strong>quaeras</strong></span> <span class='ocrx_word' id='word_1_446' title='bbox 1701 4903 1880 4960; x_wconf 88' lang='lat' dir='ltr'><strong>facere</strong></span> 
     </span>
    </p>
   </div>
   <div class='ocr_carea' id='block_1_51' title="bbox 297 5000 1880 5077">
    <p class='ocr_par' dir='ltr' id='par_1_51' title="bbox 297 5000 1880 5077">
     <span class='ocr_line' id='line_1_51' title="bbox 297 5000 1880 5077; baseline -0.005 -17"><span class='ocrx_word' id='word_1_447' title='bbox 297 5017 442 5062; x_wconf 83' lang='lat' dir='ltr'><strong>sarta</strong></span> <span class='ocrx_word' id='word_1_448' title='bbox 470 5015 605 5062; x_wconf 88' lang='lat' dir='ltr'><strong>tecta</strong></span> <span class='ocrx_word' id='word_1_449' title='bbox 637 5024 651 5061; x_wconf 88' lang='lat'><strong>:</strong></span> <span class='ocrx_word' id='word_1_450' title='bbox 683 5007 805 5077; x_wconf 90' lang='lat' dir='ltr'><strong>quia</strong></span> <span class='ocrx_word' id='word_1_451' title='bbox 834 5020 941 5060; x_wconf 90' lang='lat' dir='ltr'><strong>non</strong></span> <span class='ocrx_word' id='word_1_452' title='bbox 969 5003 1041 5059; x_wconf 90' lang='lat' dir='ltr'><strong>ibi</strong></span> <span class='ocrx_word' id='word_1_453' title='bbox 1072 5004 1236 5058; x_wconf 86' lang='lat' dir='ltr'><strong>stillat</strong></span> <span class='ocrx_word' id='word_1_454' title='bbox 1263 5001 1453 5056; x_wconf 88' lang='lat' dir='ltr'><strong>imber.</strong></span> <span class='ocrx_word' id='word_1_455' title='bbox 1476 5000 1573 5054; x_wconf 89' lang='lat' dir='ltr'><strong>Est</strong></span> <span class='ocrx_word' id='word_1_456' title='bbox 1594 5007 1880 5070; x_wconf 88' lang='lat' dir='ltr'><strong>perpetuus</strong></span> 
     </span>
    </p>
   </div>
   <div class='ocr_carea' id='block_1_52' title="bbox 298 5088 1877 5157">
    <p class='ocr_par' dir='ltr' id='par_1_52' title="bbox 298 5088 1877 5157">
     <span class='ocr_line' id='line_1_52' title="bbox 298 5088 1877 5157; baseline -0.004 -6"><span class='ocrx_word' id='word_1_457' title='bbox 298 5096 418 5153; x_wconf 87' lang='lat' dir='ltr'><strong>fons</strong></span> <span class='ocrx_word' id='word_1_458' title='bbox 443 5097 680 5152; x_wconf 89' lang='lat' dir='ltr'><strong>veritatis</strong></span> <span class='ocrx_word' id='word_1_459' title='bbox 712 5113 726 5150; x_wconf 89' lang='lat'><strong>:</strong></span> <span class='ocrx_word' id='word_1_460' title='bbox 760 5095 856 5152; x_wconf 90' lang='lat' dir='ltr'><strong>sed</strong></span> <span class='ocrx_word' id='word_1_461' title='bbox 902 5094 1073 5151; x_wconf 90' lang='lat' dir='ltr'><strong>imber</strong></span> <span class='ocrx_word' id='word_1_462' title='bbox 1116 5093 1205 5147; x_wconf 90' lang='lat' dir='ltr'><strong>ille</strong></span> <span class='ocrx_word' id='word_1_463' title='bbox 1251 5090 1502 5157; x_wconf 65' lang='lat' dir='ltr'><strong>laetificat,</strong></span> <span class='ocrx_word' id='word_1_464' title='bbox 1546 5105 1653 5145; x_wconf 92' lang='lat' dir='ltr'><strong>non</strong></span> <span class='ocrx_word' id='word_1_465' title='bbox 1687 5088 1877 5144; x_wconf 85' lang='lat' dir='ltr'><strong>hume-</strong></span> 
     </span>
    </p>
   </div>
   <div class='ocr_carea' id='block_1_53' title="bbox 296 5178 1875 5257">
    <p class='ocr_par' dir='ltr' id='par_1_53' title="bbox 296 5178 1875 5257">
     <span class='ocr_line' id='line_1_53' title="bbox 296 5178 1875 5257; baseline -0.008 -12"><span class='ocrx_word' id='word_1_466' title='bbox 296 5197 408 5244; x_wconf 83' lang='lat' dir='ltr'><strong>ctat</strong></span> <span class='ocrx_word' id='word_1_467' title='bbox 438 5206 452 5242; x_wconf 89' lang='lat'>:</span> <span class='ocrx_word' id='word_1_468' title='bbox 479 5187 651 5243; x_wconf 88' lang='lat' dir='ltr'><strong>imber</strong></span> <span class='ocrx_word' id='word_1_469' title='bbox 691 5187 813 5253; x_wconf 89' lang='lat' dir='ltr'><strong>iste,</strong></span> <span class='ocrx_word' id='word_1_470' title='bbox 850 5187 964 5257; x_wconf 91' lang='lat' dir='ltr'><strong>ipse</strong></span> <span class='ocrx_word' id='word_1_471' title='bbox 988 5194 1068 5240; x_wconf 87' lang='lat' dir='ltr'><strong>est</strong></span> <span class='ocrx_word' id='word_1_472' title='bbox 1108 5184 1225 5239; x_wconf 90' lang='lat' dir='ltr'><strong>fons</strong></span> <span class='ocrx_word' id='word_1_473' title='bbox 1247 5182 1389 5237; x_wconf 64' lang='lat' dir='ltr'><strong>vitai.</strong></span> <span class='ocrx_word' id='word_1_474' title='bbox 1417 5180 1553 5250; x_wconf 90' lang='lat' dir='ltr'><strong>Quid</strong></span> <span class='ocrx_word' id='word_1_475' title='bbox 1594 5189 1677 5235; x_wconf 91' lang='lat' dir='ltr'><strong>est</strong></span> <span class='ocrx_word' id='word_1_476' title='bbox 1712 5178 1875 5245; x_wconf 91' lang='lat' dir='ltr'><strong>enim,</strong></span> 
     </span>
    </p>
   </div>
   <div class='ocr_carea' id='block_1_54' title="bbox 297 5269 1879 5350">
    <p class='ocr_par' dir='ltr' id='par_1_54' title="bbox 297 5269 1879 5350">
     <span class='ocr_line' id='line_1_54' title="bbox 297 5269 1879 5350; baseline -0.006 -17"><span class='ocrx_word' id='word_1_477' title='bbox 297 5280 451 5349; x_wconf 77' lang='lat' dir='ltr'><strong>Apud</strong></span> <span class='ocrx_word' id='word_1_478' title='bbox 473 5288 520 5334; x_wconf 86' lang='lat' dir='ltr'><strong>te</strong></span> <span class='ocrx_word' id='word_1_479' title='bbox 544 5287 616 5333; x_wconf 83' lang='lat' dir='ltr'><strong>est</strong></span> <span class='ocrx_word' id='word_1_480' title='bbox 642 5279 756 5350; x_wconf 77' lang='lat' dir='ltr'><strong>fons</strong></span> <span class='ocrx_word' id='word_1_481' title='bbox 782 5278 896 5331; x_wconf 75' lang='lat' dir='ltr'><strong>vita:</strong></span> <span class='ocrx_word' id='word_1_482' title='bbox 918 5275 1085 5346; x_wconf 81' lang='lat' dir='ltr'><strong>(Psai.</strong></span> <span class='ocrx_word' id='word_1_483' title='bbox 1113 5289 1277 5341; x_wconf 77' lang='lat' dir='ltr'><strong>xxxv,</strong></span> <span class='ocrx_word' id='word_1_484' title='bbox 1303 5273 1414 5345; x_wconf 76' lang='lat'><strong>10);</strong></span> <span class='ocrx_word' id='word_1_485' title='bbox 1438 5282 1509 5340; x_wconf 89' lang='lat' dir='ltr'><strong>et,</strong></span> <span class='ocrx_word' id='word_1_486' title='bbox 1536 5269 1751 5325; x_wconf 80' lang='lat' dir='ltr'><strong>Verbum</strong></span> <span class='ocrx_word' id='word_1_487' title='bbox 1771 5280 1879 5324; x_wconf 84' lang='lat' dir='ltr'><strong>erat</strong></span> 
     </span>
    </p>
   </div>
   <div class='ocr_carea' id='block_1_55' title="bbox 294 5364 1064 5440">
    <p class='ocr_par' dir='ltr' id='par_1_55' title="bbox 294 5364 1064 5440">
     <span class='ocr_line' id='line_1_55' title="bbox 294 5364 1064 5440; baseline -0.005 -19"><span class='ocrx_word' id='word_1_488' title='bbox 294 5368 433 5438; x_wconf 76' lang='lat' dir='ltr'><strong>apud</strong></span> <span class='ocrx_word' id='word_1_489' title='bbox 462 5366 625 5423; x_wconf 84' lang='lat' dir='ltr'><strong>Deum</strong></span> <span class='ocrx_word' id='word_1_490' title='bbox 654 5364 832 5440; x_wconf 73' lang='grc' dir='ltr'><strong>(ειοαη.</strong></span> <span class='ocrx_word' id='word_1_491' title='bbox 863 5381 901 5434; x_wconf 89' lang='grc' dir='ltr'>ι,</span> <span class='ocrx_word' id='word_1_492' title='bbox 936 5364 1064 5433; x_wconf 68' lang='lat' dir='ltr'><strong>l4)?</strong></span> 
     </span>
    </p>
   </div>
   <div class='ocr_carea' id='block_1_56' title="bbox 294 5542 1876 5612">
    <p class='ocr_par' dir='ltr' id='par_1_56' title="bbox 294 5542 1876 5612">
     <span class='ocr_line' id='line_1_56' title="bbox 294 5542 1876 5612; baseline -0.006 -9"><span class='ocrx_word' id='word_1_493' title='bbox 294 5549 482 5603; x_wconf 73' lang='lat' dir='ltr'><strong>scilicet</strong></span> <span class='ocrx_word' id='word_1_494' title='bbox 500 5550 684 5612; x_wconf 81' lang='lat' dir='ltr'><strong>verbis,</strong></span> <span class='ocrx_word' id='word_1_495' title='bbox 701 5547 930 5612; x_wconf 51' lang='lat' dir='ltr'><strong>bonum</strong></span> <span class='ocrx_word' id='word_1_496' title='bbox 947 5545 1078 5612; x_wconf 78' lang='lat' dir='ltr'><strong>dives</strong></span> <span class='ocrx_word' id='word_1_497' title='bbox 1120 5553 1164 5597; x_wconf 84' lang='lat' dir='ltr'><strong>ct</strong></span> <span class='ocrx_word' id='word_1_498' title='bbox 1208 5557 1391 5612; x_wconf 83' lang='lat' dir='ltr'><strong>pauper</strong></span> <span class='ocrx_word' id='word_1_499' title='bbox 1435 5550 1747 5596; x_wconf 81' lang='lat' dir='ltr'><strong>occurrerunt</strong></span> 
     </span>
    </p>
   </div>
   <div class='ocr_carea' id='block_1_57' title="bbox 302 5609 1457 5673">
    <p class='ocr_par' dir='ltr' id='par_1_57' title="bbox 302 5609 1457 5673">
     <span class='ocr_line' id='line_1_57' title="bbox 302 5609 1457 5673; baseline -0.003 -13"><span class='ocrx_word' id='word_1_500' title='bbox 302 5619 477 5673; x_wconf 72' lang='lat' dir='ltr'><strong>lngua</strong></span> <span class='ocrx_word' id='word_1_501' title='bbox 496 5609 592 5673; x_wconf 78' lang='lat' dir='ltr'><strong>uia,</strong></span> <span class='ocrx_word' id='word_1_502' title='bbox 614 5609 710 5664; x_wconf 75' lang='lat' dir='ltr'><strong>nisi</strong></span> <span class='ocrx_word' id='word_1_503' title='bbox 730 5612 781 5662; x_wconf 79' lang='lat' dir='ltr'><strong>in</strong></span> <span class='ocrx_word' id='word_1_504' title='bbox 801 5609 894 5662; x_wconf 76' lang='lat' dir='ltr'><strong>ista</strong></span> <span class='ocrx_word' id='word_1_505' title='bbox 916 5611 1012 5661; x_wconf 79' lang='lat' dir='ltr'><strong>vita</strong></span> <span class='ocrx_word' id='word_1_506' title='bbox 1032 5609 1057 5661; x_wconf 74' lang='lat'><strong>2’</strong></span> <span class='ocrx_word' id='word_1_507' title='bbox 1077 5609 1223 5660; x_wconf 69' lang='lat' dir='ltr'><strong>Natus</strong></span> <span class='ocrx_word' id='word_1_508' title='bbox 1240 5614 1337 5667; x_wconf 76' lang='lat' dir='ltr'><strong>est,</strong></span> <span class='ocrx_word' id='word_1_509' title='bbox 1363 5615 1457 5658; x_wconf 90' lang='lat' dir='ltr'><strong>etc.</strong></span> 
     </span>
    </p>
   </div>
   <div class='ocr_carea' id='block_1_58' title="bbox 300 5667 1881 5783">
    <p class='ocr_par' dir='ltr' id='par_1_58' title="bbox 300 5667 1881 5783">
     <span class='ocr_line' id='line_1_58' title="bbox 328 5667 1881 5745; baseline -0.002 -25"><span class='ocrx_word' id='word_1_510' title='bbox 328 5730 340 5739; x_wconf 42' lang='lat'><em>.</em></span> <span class='ocrx_word' id='word_1_511' title='bbox 359 5667 436 5733; x_wconf 77' lang='lat' dir='ltr'><strong>(it)</strong></span> <span class='ocrx_word' id='word_1_512' title='bbox 475 5667 631 5745; x_wconf 52' lang='lat' dir='ltr'><strong>prodit</strong></span> <span class='ocrx_word' id='word_1_513' title='bbox 672 5687 799 5725; x_wconf 90' lang='lat' dir='ltr'><strong>nunc</strong></span> <span class='ocrx_word' id='word_1_514' title='bbox 833 5675 1038 5737; x_wconf 82' lang='lat' dir='ltr'><strong>primum</strong></span> <span class='ocrx_word' id='word_1_515' title='bbox 1083 5686 1143 5722; x_wconf 74' lang='lat' dir='ltr'><strong>ex</strong></span> <span class='ocrx_word' id='word_1_516' title='bbox 1202 5678 1305 5721; x_wconf 74' lang='lat' dir='ltr'><strong>Mss.</strong></span> <span class='ocrx_word' id='word_1_517' title='bbox 1340 5668 1649 5720; x_wconf 78' lang='lat' dir='ltr'><strong>Germancnsi</strong></span> <span class='ocrx_word' id='word_1_518' title='bbox 1692 5675 1741 5718; x_wconf 84' lang='lat' dir='ltr'><strong>et</strong></span> <span class='ocrx_word' id='word_1_519' title='bbox 1784 5667 1881 5717; x_wconf 77' lang='lat' dir='ltr'><strong>Flo-</strong></span> 
     </span>
     <span class='ocr_line' id='line_1_59' title="bbox 300 5745 519 5783; baseline 0.005 -3"><span class='ocrx_word' id='word_1_520' title='bbox 300 5745 519 5783; x_wconf 81' lang='lat' dir='ltr'><strong>riaeenst.</strong></span> 
     </span>
    </p>
   </div>
   <div class='ocr_carea' id='block_1_59' title="bbox 1507 324 2313 391">
    <p class='ocr_par' dir='ltr' id='par_1_59' title="bbox 1507 324 2313 391">
     <span class='ocr_line' id='line_1_60' title="bbox 1507 324 2313 391; baseline -0.014 0"><span class='ocrx_word' id='word_1_521' title='bbox 1507 333 1566 391; x_wconf 75' lang='grc' dir='ltr'><strong>ε.</strong></span> <span class='ocrx_word' id='word_1_522' title='bbox 1608 326 1975 387; x_wconf 73' lang='lat' dir='ltr'><strong>AUGUSTINI</strong></span> <span class='ocrx_word' id='word_1_523' title='bbox 2010 324 2313 385; x_wconf 77' lang='lat' dir='ltr'><strong>EPISCOPI‘</strong></span> 
     </span>
    </p>
   </div>
   <div class='ocr_carea' id='block_1_60' title="bbox 3412 330 3555 391">
    <p class='ocr_par' dir='ltr' id='par_1_60' title="bbox 3412 330 3555 391">
     <span class='ocr_line' id='line_1_61' title="bbox 3412 330 3555 391; baseline 0.021 -3"><span class='ocrx_word' id='word_1_524' title='bbox 3412 330 3555 391; x_wconf 67' lang='grc' dir='ltr'><strong>ωθὸ</strong></span> 
     </span>
    </p>
   </div>
   <div class='ocr_carea' id='block_1_61' title="bbox 2046 437 3553 514">
    <p class='ocr_par' dir='ltr' id='par_1_61' title="bbox 2046 437 3553 514">
     <span class='ocr_line' id='line_1_62' title="bbox 2046 437 3553 514; baseline 0.007 -21"><span class='ocrx_word' id='word_1_525' title='bbox 2046 440 2099 493; x_wconf 80' lang='lat'><strong>5.</strong></span> <span class='ocrx_word' id='word_1_526' title='bbox 2131 437 2264 494; x_wconf 83' lang='lat' dir='ltr'><strong>Bene</strong></span> <span class='ocrx_word' id='word_1_527' title='bbox 2290 440 2486 510; x_wconf 83' lang='lat' dir='ltr'><strong>agendo</strong></span> <span class='ocrx_word' id='word_1_528' title='bbox 2533 438 2585 493; x_wconf 85' lang='lat' dir='ltr'><strong>in</strong></span> <span class='ocrx_word' id='word_1_529' title='bbox 2628 440 2736 495; x_wconf 76' lang='lat' dir='ltr'><strong>loco</strong></span> <span class='ocrx_word' id='word_1_530' title='bbox 2768 442 2902 496; x_wconf 78' lang='lat' dir='ltr'><strong>malo</strong></span> <span class='ocrx_word' id='word_1_531' title='bbox 2945 442 3227 514; x_wconf 73' lang='lat' dir='ltr'><strong>pervenitur</strong></span> <span class='ocrx_word' id='word_1_532' title='bbox 3274 445 3343 499; x_wconf 78' lang='lat' dir='ltr'><strong>ad</strong></span> <span class='ocrx_word' id='word_1_533' title='bbox 3383 447 3553 503; x_wconf 71' lang='lat' dir='ltr'><strong>locum</strong></span> 
     </span>
    </p>
   </div>
   <div class='ocr_carea' id='block_1_62' title="bbox 1972 529 3558 610">
    <p class='ocr_par' dir='ltr' id='par_1_62' title="bbox 1972 529 3558 610">
     <span class='ocr_line' id='line_1_63' title="bbox 1972 529 3558 610; baseline 0.009 -28"><span class='ocrx_word' id='word_1_534' title='bbox 1972 529 2174 583; x_wconf 79' lang='lat' dir='ltr'><strong>bonum.</strong></span> <span class='ocrx_word' id='word_1_535' title='bbox 2232 530 2372 585; x_wconf 73' lang='lat' dir='ltr'><strong>Dies</strong></span> <span class='ocrx_word' id='word_1_536' title='bbox 2440 531 2870 599; x_wconf 70' lang='lat' dir='ltr'><strong>Quadragesimaz.</strong></span> <span class='ocrx_word' id='word_1_537' title='bbox 2935 533 3057 588; x_wconf 83' lang='lat' dir='ltr'><strong>Dies</strong></span> <span class='ocrx_word' id='word_1_538' title='bbox 3120 535 3558 610; x_wconf 71' lang='lat' dir='ltr'><strong>Quinquagch</strong></span> 
     </span>
    </p>
   </div>
   <div class='ocr_carea' id='block_1_63' title="bbox 1975 620 3558 694">
    <p class='ocr_par' dir='ltr' id='par_1_63' title="bbox 1975 620 3558 694">
     <span class='ocr_line' id='line_1_64' title="bbox 1975 620 3558 694; baseline 0.008 -19"><span class='ocrx_word' id='word_1_539' title='bbox 1975 630 2083 692; x_wconf 83' lang='lat' dir='ltr'><strong>post</strong></span> <span class='ocrx_word' id='word_1_540' title='bbox 2123 620 2342 675; x_wconf 80' lang='lat' dir='ltr'><strong>Pascha.</strong></span> <span class='ocrx_word' id='word_1_541' title='bbox 2387 623 2547 694; x_wconf 84' lang='lat' dir='ltr'><strong>Ergo,</strong></span> <span class='ocrx_word' id='word_1_542' title='bbox 2581 623 2902 691; x_wconf 86' lang='lat' dir='ltr'><strong>charissimi,</strong></span> <span class='ocrx_word' id='word_1_543' title='bbox 2951 624 3106 681; x_wconf 86' lang='lat' dir='ltr'><strong>facite</strong></span> <span class='ocrx_word' id='word_1_544' title='bbox 3152 627 3285 684; x_wconf 84' lang='lat' dir='ltr'><strong>bene</strong></span> <span class='ocrx_word' id='word_1_545' title='bbox 3332 630 3386 684; x_wconf 91' lang='lat' dir='ltr'><strong>in</strong></span> <span class='ocrx_word' id='word_1_546' title='bbox 3434 630 3558 687; x_wconf 92' lang='lat' dir='ltr'><strong>loco</strong></span> 
     </span>
    </p>
   </div>
   <div class='ocr_carea' id='block_1_64' title="bbox 1976 712 3557 789">
    <p class='ocr_par' dir='ltr' id='par_1_64' title="bbox 1976 712 3557 789">
     <span class='ocr_line' id='line_1_65' title="bbox 1976 712 3557 789; baseline 0.008 -24"><span class='ocrx_word' id='word_1_547' title='bbox 1976 712 2135 779; x_wconf 87' lang='lat' dir='ltr'><strong>malo,</strong></span> <span class='ocrx_word' id='word_1_548' title='bbox 2159 722 2217 767; x_wconf 93' lang='lat' dir='ltr'><strong>ut</strong></span> <span class='ocrx_word' id='word_1_549' title='bbox 2237 713 2458 769; x_wconf 87' lang='lat' dir='ltr'><strong>veniatis</strong></span> <span class='ocrx_word' id='word_1_550' title='bbox 2478 714 2542 768; x_wconf 84' lang='lat' dir='ltr'><strong>ad</strong></span> <span class='ocrx_word' id='word_1_551' title='bbox 2565 714 2739 769; x_wconf 88' lang='lat' dir='ltr'><strong>locum</strong></span> <span class='ocrx_word' id='word_1_552' title='bbox 2760 713 2979 777; x_wconf 90' lang='lat' dir='ltr'><strong>bonum,</strong></span> <span class='ocrx_word' id='word_1_553' title='bbox 2995 715 3063 771; x_wconf 91' lang='lat' dir='ltr'><strong>de</strong></span> <span class='ocrx_word' id='word_1_554' title='bbox 3080 733 3185 787; x_wconf 82' lang='lat' dir='ltr'><strong>quo</strong></span> <span class='ocrx_word' id='word_1_555' title='bbox 3203 717 3277 772; x_wconf 89' lang='lat' dir='ltr'><strong>ait</strong></span> <span class='ocrx_word' id='word_1_556' title='bbox 3291 720 3382 789; x_wconf 89' lang='lat' dir='ltr'><strong>qui</strong></span> <span class='ocrx_word' id='word_1_557' title='bbox 3403 722 3557 777; x_wconf 85' lang='lat' dir='ltr'><strong>nobis</strong></span> 
     </span>
    </p>
   </div>
   <div class='ocr_carea' id='block_1_65' title="bbox 1975 806 3553 879">
    <p class='ocr_par' dir='ltr' id='par_1_65' title="bbox 1975 806 3553 879">
     <span class='ocr_line' id='line_1_66' title="bbox 1975 806 3553 879; baseline 0.004 -18"><span class='ocrx_word' id='word_1_558' title='bbox 1975 820 2095 861; x_wconf 89' lang='lat' dir='ltr'><strong>eum</strong></span> <span class='ocrx_word' id='word_1_559' title='bbox 2125 816 2411 876; x_wconf 72' lang='lat' dir='ltr'><strong>prmparat,</strong></span> <span class='ocrx_word' id='word_1_560' title='bbox 2442 806 2569 862; x_wconf 86' lang='lat' dir='ltr'><strong>Volo</strong></span> <span class='ocrx_word' id='word_1_561' title='bbox 2594 817 2646 862; x_wconf 84' lang='lat' dir='ltr'><strong>ut</strong></span> <span class='ocrx_word' id='word_1_562' title='bbox 2670 808 2754 862; x_wconf 85' lang='lat' dir='ltr'><strong>ubi</strong></span> <span class='ocrx_word' id='word_1_563' title='bbox 2774 825 2863 879; x_wconf 81' lang='lat' dir='ltr'><strong>ego</strong></span> <span class='ocrx_word' id='word_1_564' title='bbox 2884 825 3014 875; x_wconf 83' lang='lat' dir='ltr'><strong>sum,</strong></span> <span class='ocrx_word' id='word_1_565' title='bbox 3038 820 3083 863; x_wconf 84' lang='lat' dir='ltr'><strong>et</strong></span> <span class='ocrx_word' id='word_1_566' title='bbox 3103 810 3201 879; x_wconf 81' lang='lat' dir='ltr'><strong>ipsi</strong></span> <span class='ocrx_word' id='word_1_567' title='bbox 3219 812 3318 865; x_wconf 86' lang='lat' dir='ltr'><strong>sint</strong></span> <span class='ocrx_word' id='word_1_568' title='bbox 3339 829 3553 869; x_wconf 82' lang='lat' dir='ltr'><strong>mecum.</strong></span> 
     </span>
    </p>
   </div>
   <div class='ocr_carea' id='block_1_66' title="bbox 1977 896 3554 970">
    <p class='ocr_par' dir='ltr' id='par_1_66' title="bbox 1977 896 3554 970">
     <span class='ocr_line' id='line_1_67' title="bbox 1977 896 3554 970; baseline 0.004 -20"><span class='ocrx_word' id='word_1_569' title='bbox 1977 896 2230 951; x_wconf 86' lang='lat' dir='ltr'><strong>Ascendit</strong></span> <span class='ocrx_word' id='word_1_570' title='bbox 2274 912 2593 966; x_wconf 72' lang='lat' dir='ltr'><strong>prmparare,</strong></span> <span class='ocrx_word' id='word_1_571' title='bbox 2625 907 2682 952; x_wconf 92' lang='lat' dir='ltr'><strong>ut</strong></span> <span class='ocrx_word' id='word_1_572' title='bbox 2719 914 2816 953; x_wconf 89' lang='lat' dir='ltr'><strong>nos</strong></span> <span class='ocrx_word' id='word_1_573' title='bbox 2851 898 2915 953; x_wconf 90' lang='lat' dir='ltr'><strong>ad</strong></span> <span class='ocrx_word' id='word_1_574' title='bbox 2950 909 3186 970; x_wconf 88' lang='lat' dir='ltr'><strong>paratum</strong></span> <span class='ocrx_word' id='word_1_575' title='bbox 3231 903 3406 957; x_wconf 85' lang='lat' dir='ltr'><strong>securi</strong></span> <span class='ocrx_word' id='word_1_576' title='bbox 3462 918 3554 957; x_wconf 82' lang='lat' dir='ltr'><strong>vc-</strong></span> 
     </span>
    </p>
   </div>
   <div class='ocr_carea' id='block_1_67' title="bbox 1977 987 3557 1057">
    <p class='ocr_par' dir='ltr' id='par_1_67' title="bbox 1977 987 3557 1057">
     <span class='ocr_line' id='line_1_68' title="bbox 1977 987 3557 1057; baseline 0.003 -16"><span class='ocrx_word' id='word_1_577' title='bbox 1977 987 2205 1042; x_wconf 89' lang='lat' dir='ltr'><strong>niamus.</strong></span> <span class='ocrx_word' id='word_1_578' title='bbox 2234 987 2349 1057; x_wconf 75' lang='lat' dir='ltr'><strong>Ipse</strong></span> <span class='ocrx_word' id='word_1_579' title='bbox 2381 988 2695 1056; x_wconf 72' lang='lat' dir='ltr'><strong>prmparavit</strong></span> <span class='ocrx_word' id='word_1_580' title='bbox 2734 1005 2747 1041; x_wconf 88' lang='lat'><strong>:</strong></span> <span class='ocrx_word' id='word_1_581' title='bbox 2781 989 2833 1043; x_wconf 91' lang='lat' dir='ltr'><strong>in</strong></span> <span class='ocrx_word' id='word_1_582' title='bbox 2877 989 2968 1045; x_wconf 91' lang='lat' dir='ltr'><strong>illo</strong></span> <span class='ocrx_word' id='word_1_583' title='bbox 2999 1000 3224 1045; x_wconf 90' lang='lat' dir='ltr'><strong>manete.</strong></span> <span class='ocrx_word' id='word_1_584' title='bbox 3255 992 3423 1047; x_wconf 87' lang='lat' dir='ltr'><strong>Parva</strong></span> <span class='ocrx_word' id='word_1_585' title='bbox 3465 993 3557 1047; x_wconf 89' lang='lat' dir='ltr'><strong>tibi</strong></span> 
     </span>
    </p>
   </div>
   <div class='ocr_carea' id='block_1_68' title="bbox 1977 1076 3561 1151">
    <p class='ocr_par' dir='ltr' id='par_1_68' title="bbox 1977 1076 3561 1151">
     <span class='ocr_line' id='line_1_69' title="bbox 1977 1076 3561 1151; baseline 0.004 -19"><span class='ocrx_word' id='word_1_586' title='bbox 1977 1077 2167 1132; x_wconf 90' lang='lat' dir='ltr'><strong>domus</strong></span> <span class='ocrx_word' id='word_1_587' title='bbox 2190 1087 2272 1132; x_wconf 89' lang='lat' dir='ltr'><strong>est</strong></span> <span class='ocrx_word' id='word_1_588' title='bbox 2294 1076 2571 1133; x_wconf 84' lang='lat' dir='ltr'><strong>Christus?</strong></span> <span class='ocrx_word' id='word_1_589' title='bbox 2596 1077 2785 1135; x_wconf 74' lang='lat' dir='ltr'><strong>iamne</strong></span> <span class='ocrx_word' id='word_1_590' title='bbox 2812 1080 3114 1149; x_wconf 87' lang='lat' dir='ltr'><strong>passionem</strong></span> <span class='ocrx_word' id='word_1_591' title='bbox 3160 1082 3322 1151; x_wconf 86' lang='lat' dir='ltr'><strong>ipsius</strong></span> <span class='ocrx_word' id='word_1_592' title='bbox 3365 1084 3561 1138; x_wconf 78' lang='lat' dir='ltr'><strong>times?</strong></span> 
     </span>
    </p>
   </div>
   <div class='ocr_carea' id='block_1_69' title="bbox 1978 1168 3564 1242">
    <p class='ocr_par' dir='ltr' id='par_1_69' title="bbox 1978 1168 3564 1242">
     <span class='ocr_line' id='line_1_70' title="bbox 1978 1168 3564 1242; baseline 0.007 -20"><span class='ocrx_word' id='word_1_593' title='bbox 1978 1168 2294 1224; x_wconf 79' lang='lat' dir='ltr'><strong>Resurrexit</strong></span> <span class='ocrx_word' id='word_1_594' title='bbox 2342 1185 2369 1222; x_wconf 93' lang='lat' dir='ltr'><strong>a</strong></span> <span class='ocrx_word' id='word_1_595' title='bbox 2419 1171 2664 1237; x_wconf 89' lang='lat' dir='ltr'><strong>mortuis,</strong></span> <span class='ocrx_word' id='word_1_596' title='bbox 2709 1181 2765 1226; x_wconf 89' lang='lat' dir='ltr'><strong>et</strong></span> <span class='ocrx_word' id='word_1_597' title='bbox 2811 1187 2918 1226; x_wconf 92' lang='lat' dir='ltr'><strong>non</strong></span> <span class='ocrx_word' id='word_1_598' title='bbox 2962 1174 3206 1242; x_wconf 82' lang='lat' dir='ltr'><strong>moritur,</strong></span> <span class='ocrx_word' id='word_1_599' title='bbox 3250 1184 3306 1231; x_wconf 89' lang='lat' dir='ltr'><strong>et</strong></span> <span class='ocrx_word' id='word_1_600' title='bbox 3334 1192 3483 1231; x_wconf 87' lang='lat' dir='ltr'><strong>mors</strong></span> <span class='ocrx_word' id='word_1_601' title='bbox 3510 1178 3564 1233; x_wconf 90' lang='lat' dir='ltr'><strong>ei</strong></span> 
     </span>
    </p>
   </div>
   <div class='ocr_carea' id='block_1_70' title="bbox 1979 1258 3558 1335">
    <p class='ocr_par' dir='ltr' id='par_1_70' title="bbox 1979 1258 3558 1335">
     <span class='ocr_line' id='line_1_71' title="bbox 1979 1258 3558 1335; baseline 0.006 -23"><span class='ocrx_word' id='word_1_602' title='bbox 1979 1258 2115 1313; x_wconf 88' lang='lat' dir='ltr'><strong>ultra</strong></span> <span class='ocrx_word' id='word_1_603' title='bbox 2143 1274 2247 1313; x_wconf 92' lang='lat' dir='ltr'><strong>non</strong></span> <span class='ocrx_word' id='word_1_604' title='bbox 2293 1259 2655 1315; x_wconf 88' lang='lat' dir='ltr'><strong>dominabitur</strong></span> <span class='ocrx_word' id='word_1_605' title='bbox 2684 1262 2859 1331; x_wconf 86' lang='lat' dir='ltr'><strong>(Rom.</strong></span> <span class='ocrx_word' id='word_1_606' title='bbox 2906 1279 2978 1331; x_wconf 85' lang='lat' dir='ltr'><strong>vt,</strong></span> <span class='ocrx_word' id='word_1_607' title='bbox 3024 1263 3104 1335; x_wconf 88' lang='lat'><strong>9).</strong></span> <span class='ocrx_word' id='word_1_608' title='bbox 3151 1264 3326 1320; x_wconf 88' lang='lat' dir='ltr'><strong>Locus</strong></span> <span class='ocrx_word' id='word_1_609' title='bbox 3363 1268 3558 1331; x_wconf 85' lang='lat' dir='ltr'><strong>malus,</strong></span> 
     </span>
    </p>
   </div>
   <div class='ocr_carea' id='block_1_71' title="bbox 1979 1350 3565 1416">
    <p class='ocr_par' dir='ltr' id='par_1_71' title="bbox 1979 1350 3565 1416">
     <span class='ocr_line' id='line_1_72' title="bbox 1979 1350 3565 1416; baseline 0.007 -11"><span class='ocrx_word' id='word_1_610' title='bbox 1979 1350 2094 1407; x_wconf 86' lang='lat' dir='ltr'><strong>dies</strong></span> <span class='ocrx_word' id='word_1_611' title='bbox 2120 1352 2266 1415; x_wconf 88' lang='lat' dir='ltr'><strong>mali,</strong></span> <span class='ocrx_word' id='word_1_612' title='bbox 2295 1353 2548 1407; x_wconf 63' lang='lat' dir='ltr'><strong>saeculum</strong></span> <span class='ocrx_word' id='word_1_613' title='bbox 2589 1353 2709 1408; x_wconf 89' lang='lat' dir='ltr'><strong>hoc.</strong></span> <span class='ocrx_word' id='word_1_614' title='bbox 2737 1353 2842 1412; x_wconf 83' lang='lat' dir='ltr'><strong>Sed</strong></span> <span class='ocrx_word' id='word_1_615' title='bbox 2884 1355 3021 1411; x_wconf 86' lang='lat' dir='ltr'><strong>bene</strong></span> <span class='ocrx_word' id='word_1_616' title='bbox 3062 1357 3317 1413; x_wconf 80' lang='lat' dir='ltr'><strong>faciamus</strong></span> <span class='ocrx_word' id='word_1_617' title='bbox 3346 1360 3401 1414; x_wconf 69' lang='lat' dir='ltr'><strong>in</strong></span> <span class='ocrx_word' id='word_1_618' title='bbox 3445 1361 3565 1416; x_wconf 89' lang='lat' dir='ltr'><strong>loco</strong></span> 
     </span>
    </p>
   </div>
   <div class='ocr_carea' id='block_1_72' title="bbox 1980 1445 3563 1511">
    <p class='ocr_par' dir='ltr' id='par_1_72' title="bbox 1980 1445 3563 1511">
     <span class='ocr_line' id='line_1_73' title="bbox 1980 1445 3563 1511; baseline 0.006 -13"><span class='ocrx_word' id='word_1_619' title='bbox 1980 1447 2142 1511; x_wconf 90' lang='lat' dir='ltr'><strong>malo,</strong></span> <span class='ocrx_word' id='word_1_620' title='bbox 2170 1455 2223 1499; x_wconf 91' lang='lat' dir='ltr'><strong>et</strong></span> <span class='ocrx_word' id='word_1_621' title='bbox 2248 1445 2384 1499; x_wconf 92' lang='lat' dir='ltr'><strong>bene</strong></span> <span class='ocrx_word' id='word_1_622' title='bbox 2408 1446 2652 1500; x_wconf 86' lang='lat' dir='ltr'><strong>vivamus</strong></span> <span class='ocrx_word' id='word_1_623' title='bbox 2677 1447 2731 1501; x_wconf 94' lang='lat' dir='ltr'><strong>in</strong></span> <span class='ocrx_word' id='word_1_624' title='bbox 2754 1447 2945 1503; x_wconf 88' lang='lat' dir='ltr'><strong>diebus</strong></span> <span class='ocrx_word' id='word_1_625' title='bbox 2970 1449 3140 1505; x_wconf 87' lang='lat' dir='ltr'><strong>malis.</strong></span> <span class='ocrx_word' id='word_1_626' title='bbox 3170 1451 3385 1507; x_wconf 84' lang='lat' dir='ltr'><strong>Transit</strong></span> <span class='ocrx_word' id='word_1_627' title='bbox 3411 1453 3563 1508; x_wconf 85' lang='lat' dir='ltr'><strong>locus</strong></span> 
     </span>
    </p>
   </div>
   <div class='ocr_carea' id='block_1_73' title="bbox 1982 1535 3563 1612">
    <p class='ocr_par' dir='ltr' id='par_1_73' title="bbox 1982 1535 3563 1612">
     <span class='ocr_line' id='line_1_74' title="bbox 1982 1535 3563 1612; baseline 0.008 -23"><span class='ocrx_word' id='word_1_628' title='bbox 1982 1535 2154 1590; x_wconf 88' lang='lat' dir='ltr'><strong>malus</strong></span> <span class='ocrx_word' id='word_1_629' title='bbox 2183 1545 2236 1590; x_wconf 91' lang='lat' dir='ltr'><strong>et</strong></span> <span class='ocrx_word' id='word_1_630' title='bbox 2268 1536 2381 1591; x_wconf 91' lang='lat' dir='ltr'><strong>dies</strong></span> <span class='ocrx_word' id='word_1_631' title='bbox 2411 1537 2537 1591; x_wconf 90' lang='lat' dir='ltr'><strong>mali</strong></span> <span class='ocrx_word' id='word_1_632' title='bbox 2568 1555 2581 1590; x_wconf 91' lang='lat'><strong>:</strong></span> <span class='ocrx_word' id='word_1_633' title='bbox 2607 1545 2665 1592; x_wconf 87' lang='lat' dir='ltr'><strong>et</strong></span> <span class='ocrx_word' id='word_1_634' title='bbox 2691 1540 2869 1594; x_wconf 88' lang='lat' dir='ltr'><strong>veniet</strong></span> <span class='ocrx_word' id='word_1_635' title='bbox 2906 1541 3055 1597; x_wconf 88' lang='lat' dir='ltr'><strong>locus</strong></span> <span class='ocrx_word' id='word_1_636' title='bbox 3096 1542 3268 1598; x_wconf 91' lang='lat' dir='ltr'><strong>bonus</strong></span> <span class='ocrx_word' id='word_1_637' title='bbox 3304 1553 3563 1612; x_wconf 66' lang='lat' dir='ltr'><strong>aeternas,</strong></span> 
     </span>
    </p>
   </div>
   <div class='ocr_carea' id='block_1_74' title="bbox 1980 1625 3564 1698">
    <p class='ocr_par' dir='ltr' id='par_1_74' title="bbox 1980 1625 3564 1698">
     <span class='ocr_line' id='line_1_75' title="bbox 1980 1625 3564 1698; baseline 0.008 -18"><span class='ocrx_word' id='word_1_638' title='bbox 1980 1634 2035 1680; x_wconf 87' lang='lat' dir='ltr'><strong>et</strong></span> <span class='ocrx_word' id='word_1_639' title='bbox 2052 1625 2167 1680; x_wconf 90' lang='lat' dir='ltr'><strong>dies</strong></span> <span class='ocrx_word' id='word_1_640' title='bbox 2195 1625 2319 1680; x_wconf 89' lang='lat' dir='ltr'><strong>boni</strong></span> <span class='ocrx_word' id='word_1_641' title='bbox 2339 1627 2522 1681; x_wconf 62' lang='lat' dir='ltr'><strong>aeterni</strong></span> <span class='ocrx_word' id='word_1_642' title='bbox 2549 1644 2561 1680; x_wconf 93' lang='lat'>:</span> <span class='ocrx_word' id='word_1_643' title='bbox 2591 1636 2646 1681; x_wconf 88' lang='lat' dir='ltr'><strong>et</strong></span> <span class='ocrx_word' id='word_1_644' title='bbox 2672 1628 2768 1698; x_wconf 87' lang='lat' dir='ltr'><strong>ipsi</strong></span> <span class='ocrx_word' id='word_1_645' title='bbox 2797 1629 2910 1683; x_wconf 85' lang='lat' dir='ltr'><strong>dies</strong></span> <span class='ocrx_word' id='word_1_646' title='bbox 2935 1630 3057 1685; x_wconf 89' lang='lat' dir='ltr'><strong>boni</strong></span> <span class='ocrx_word' id='word_1_647' title='bbox 3079 1648 3213 1687; x_wconf 88' lang='lat' dir='ltr'><strong>unus</strong></span> <span class='ocrx_word' id='word_1_648' title='bbox 3238 1633 3357 1689; x_wconf 90' lang='lat' dir='ltr'><strong>dies</strong></span> <span class='ocrx_word' id='word_1_649' title='bbox 3385 1648 3564 1692; x_wconf 86' lang='lat' dir='ltr'><strong>erunt.</strong></span> 
     </span>
    </p>
   </div>
   <div class='ocr_carea' id='block_1_75' title="bbox 1984 1714 3563 1791">
    <p class='ocr_par' dir='ltr' id='par_1_75' title="bbox 1984 1714 3563 1791">
     <span class='ocr_line' id='line_1_76' title="bbox 1984 1714 3563 1791; baseline 0.007 -22"><span class='ocrx_word' id='word_1_650' title='bbox 1984 1714 2080 1770; x_wconf 86' lang='lat' dir='ltr'><strong>iiic</strong></span> <span class='ocrx_word' id='word_1_651' title='bbox 2105 1716 2247 1770; x_wconf 92' lang='lat' dir='ltr'><strong>enim</strong></span> <span class='ocrx_word' id='word_1_652' title='bbox 2287 1731 2452 1786; x_wconf 87' lang='lat' dir='ltr'><strong>quare</strong></span> <span class='ocrx_word' id='word_1_653' title='bbox 2494 1726 2617 1771; x_wconf 92' lang='lat' dir='ltr'><strong>sunt</strong></span> <span class='ocrx_word' id='word_1_654' title='bbox 2659 1719 2779 1772; x_wconf 86' lang='lat' dir='ltr'><strong>mali</strong></span> <span class='ocrx_word' id='word_1_655' title='bbox 2808 1719 2958 1773; x_wconf 81' lang='lat' dir='ltr'><strong>dies?</strong></span> <span class='ocrx_word' id='word_1_656' title='bbox 3000 1720 3133 1788; x_wconf 81' lang='lat' dir='ltr'><strong>Quia</strong></span> <span class='ocrx_word' id='word_1_657' title='bbox 3183 1724 3374 1778; x_wconf 88' lang='lat' dir='ltr'><strong>transit</strong></span> <span class='ocrx_word' id='word_1_658' title='bbox 3402 1742 3563 1791; x_wconf 84' lang='lat' dir='ltr'><strong>unus,</strong></span> 
     </span>
    </p>
   </div>
   <div class='ocr_carea' id='block_1_76' title="bbox 1985 1806 3564 1879">
    <p class='ocr_par' dir='ltr' id='par_1_76' title="bbox 1985 1806 3564 1879">
     <span class='ocr_line' id='line_1_77' title="bbox 1985 1806 3564 1879; baseline 0.008 -20"><span class='ocrx_word' id='word_1_659' title='bbox 1985 1812 2041 1860; x_wconf 90' lang='lat' dir='ltr'><strong>ut</strong></span> <span class='ocrx_word' id='word_1_660' title='bbox 2068 1806 2241 1860; x_wconf 86' lang='lat' dir='ltr'><strong>veniat</strong></span> <span class='ocrx_word' id='word_1_661' title='bbox 2267 1806 2418 1862; x_wconf 88' lang='lat' dir='ltr'><strong>alius.</strong></span> <span class='ocrx_word' id='word_1_662' title='bbox 2446 1806 2657 1862; x_wconf 87' lang='lat' dir='ltr'><strong>Transit</strong></span> <span class='ocrx_word' id='word_1_663' title='bbox 2705 1807 3015 1879; x_wconf 83' lang='lat' dir='ltr'><strong>hodiernus,</strong></span> <span class='ocrx_word' id='word_1_664' title='bbox 3057 1822 3114 1866; x_wconf 85' lang='lat' dir='ltr'><strong>ut</strong></span> <span class='ocrx_word' id='word_1_665' title='bbox 3154 1814 3331 1869; x_wconf 84' lang='lat' dir='ltr'><strong>veniat</strong></span> <span class='ocrx_word' id='word_1_666' title='bbox 3370 1818 3564 1872; x_wconf 84' lang='lat' dir='ltr'><strong>crasti-</strong></span> 
     </span>
    </p>
   </div>
   <div class='ocr_carea' id='block_1_77' title="bbox 1985 1902 3569 1969">
    <p class='ocr_par' dir='ltr' id='par_1_77' title="bbox 1985 1902 3569 1969">
     <span class='ocr_line' id='line_1_78' title="bbox 1985 1902 3569 1969; baseline 0.01 -16"><span class='ocrx_word' id='word_1_667' title='bbox 1985 1914 2084 1954; x_wconf 90' lang='lat' dir='ltr'><strong>nus</strong></span> <span class='ocrx_word' id='word_1_668' title='bbox 2115 1918 2128 1954; x_wconf 90' lang='lat'>:</span> <span class='ocrx_word' id='word_1_669' title='bbox 2161 1902 2351 1955; x_wconf 87' lang='lat' dir='ltr'><strong>transit</strong></span> <span class='ocrx_word' id='word_1_670' title='bbox 2391 1902 2692 1969; x_wconf 79' lang='lat' dir='ltr'><strong>hesternas,</strong></span> <span class='ocrx_word' id='word_1_671' title='bbox 2733 1912 2792 1959; x_wconf 91' lang='lat' dir='ltr'><strong>ut</strong></span> <span class='ocrx_word' id='word_1_672' title='bbox 2816 1907 2994 1961; x_wconf 87' lang='lat' dir='ltr'><strong>veniat</strong></span> <span class='ocrx_word' id='word_1_673' title='bbox 3020 1907 3330 1966; x_wconf 82' lang='lat' dir='ltr'><strong>hodiernus.</strong></span> <span class='ocrx_word' id='word_1_674' title='bbox 3361 1912 3462 1968; x_wconf 86' lang='lat' dir='ltr'><strong>Ubi</strong></span> <span class='ocrx_word' id='word_1_675' title='bbox 3486 1915 3569 1969; x_wconf 91' lang='lat' dir='ltr'><strong>ni-</strong></span> 
     </span>
    </p>
   </div>
   <div class='ocr_carea' id='block_1_78' title="bbox 1985 1992 3569 2069">
    <p class='ocr_par' dir='ltr' id='par_1_78' title="bbox 1985 1992 3569 2069">
     <span class='ocr_line' id='line_1_79' title="bbox 1985 1992 3569 2069; baseline 0.008 -22"><span class='ocrx_word' id='word_1_676' title='bbox 1985 1992 2057 2047; x_wconf 90' lang='lat' dir='ltr'><strong>hil</strong></span> <span class='ocrx_word' id='word_1_677' title='bbox 2085 1993 2291 2059; x_wconf 87' lang='lat' dir='ltr'><strong>transit,</strong></span> <span class='ocrx_word' id='word_1_678' title='bbox 2319 2009 2455 2048; x_wconf 91' lang='lat' dir='ltr'><strong>unus</strong></span> <span class='ocrx_word' id='word_1_679' title='bbox 2477 2002 2560 2049; x_wconf 91' lang='lat' dir='ltr'><strong>est</strong></span> <span class='ocrx_word' id='word_1_680' title='bbox 2585 1995 2719 2050; x_wconf 89' lang='lat' dir='ltr'><strong>dies.</strong></span> <span class='ocrx_word' id='word_1_681' title='bbox 2748 1994 2816 2051; x_wconf 89' lang='lat' dir='ltr'><strong>Et</strong></span> <span class='ocrx_word' id='word_1_682' title='bbox 2844 1997 2957 2053; x_wconf 90' lang='lat' dir='ltr'><strong>dies</strong></span> <span class='ocrx_word' id='word_1_683' title='bbox 2977 1999 3220 2055; x_wconf 85' lang='lat' dir='ltr'><strong>Christus</strong></span> <span class='ocrx_word' id='word_1_684' title='bbox 3251 2011 3357 2069; x_wconf 88' lang='lat' dir='ltr'><strong>est,</strong></span> <span class='ocrx_word' id='word_1_685' title='bbox 3385 2012 3442 2058; x_wconf 89' lang='lat' dir='ltr'><strong>et</strong></span> <span class='ocrx_word' id='word_1_686' title='bbox 3467 2005 3569 2059; x_wconf 83' lang='lat' dir='ltr'><strong>Pa-</strong></span> 
     </span>
    </p>
   </div>
   <div class='ocr_carea' id='block_1_79' title="bbox 1986 2083 3570 2157">
    <p class='ocr_par' dir='ltr' id='par_1_79' title="bbox 1986 2083 3570 2157">
     <span class='ocr_line' id='line_1_80' title="bbox 1986 2083 3570 2157; baseline 0.009 -20"><span class='ocrx_word' id='word_1_687' title='bbox 1986 2092 2066 2138; x_wconf 89' lang='lat' dir='ltr'><strong>ter</strong></span> <span class='ocrx_word' id='word_1_688' title='bbox 2089 2083 2202 2139; x_wconf 88' lang='lat' dir='ltr'><strong>dies</strong></span> <span class='ocrx_word' id='word_1_689' title='bbox 2237 2101 2249 2136; x_wconf 87' lang='lat'><strong>:</strong></span> <span class='ocrx_word' id='word_1_690' title='bbox 2278 2084 2370 2139; x_wconf 91' lang='lat' dir='ltr'><strong>sed</strong></span> <span class='ocrx_word' id='word_1_691' title='bbox 2412 2083 2570 2140; x_wconf 85' lang='lat' dir='ltr'><strong>Pater</strong></span> <span class='ocrx_word' id='word_1_692' title='bbox 2599 2085 2715 2141; x_wconf 87' lang='lat' dir='ltr'><strong>dies</strong></span> <span class='ocrx_word' id='word_1_693' title='bbox 2755 2086 2822 2142; x_wconf 90' lang='lat' dir='ltr'><strong>de</strong></span> <span class='ocrx_word' id='word_1_694' title='bbox 2848 2089 2995 2143; x_wconf 91' lang='lat' dir='ltr'><strong>nullo</strong></span> <span class='ocrx_word' id='word_1_695' title='bbox 3030 2089 3134 2157; x_wconf 90' lang='lat' dir='ltr'><strong>die,</strong></span> <span class='ocrx_word' id='word_1_696' title='bbox 3162 2091 3330 2147; x_wconf 84' lang='lat' dir='ltr'><strong>Filius</strong></span> <span class='ocrx_word' id='word_1_697' title='bbox 3362 2093 3479 2150; x_wconf 88' lang='lat' dir='ltr'><strong>dies</strong></span> <span class='ocrx_word' id='word_1_698' title='bbox 3501 2110 3570 2151; x_wconf 76' lang='lat' dir='ltr'><strong>ex</strong></span> 
     </span>
    </p>
   </div>
   <div class='ocr_carea' id='block_1_80' title="bbox 1984 2173 3571 2249">
    <p class='ocr_par' dir='ltr' id='par_1_80' title="bbox 1984 2173 3571 2249">
     <span class='ocr_line' id='line_1_81' title="bbox 1984 2173 3571 2249; baseline 0.01 -20"><span class='ocrx_word' id='word_1_699' title='bbox 1984 2173 2090 2230; x_wconf 91' lang='lat' dir='ltr'><strong>die.</strong></span> <span class='ocrx_word' id='word_1_700' title='bbox 2119 2175 2522 2233; x_wconf 84' lang='lat' dir='ltr'><strong>Commendavit</strong></span> <span class='ocrx_word' id='word_1_701' title='bbox 2548 2192 2679 2249; x_wconf 83' lang='lat' dir='ltr'><strong>ergo</strong></span> <span class='ocrx_word' id='word_1_702' title='bbox 2712 2179 2865 2236; x_wconf 89' lang='lat' dir='ltr'><strong>nobis</strong></span> <span class='ocrx_word' id='word_1_703' title='bbox 2908 2181 3165 2238; x_wconf 86' lang='lat' dir='ltr'><strong>Dominus</strong></span> <span class='ocrx_word' id='word_1_704' title='bbox 3209 2185 3370 2242; x_wconf 83' lang='lat' dir='ltr'><strong>Jesus</strong></span> <span class='ocrx_word' id='word_1_705' title='bbox 3406 2187 3571 2245; x_wconf 84' lang='lat' dir='ltr'><strong>Chri-</strong></span> 
     </span>
    </p>
   </div>
   <div class='ocr_carea' id='block_1_81' title="bbox 1984 2265 3571 2347">
    <p class='ocr_par' dir='ltr' id='par_1_81' title="bbox 1984 2265 3571 2347">
     <span class='ocr_line' id='line_1_82' title="bbox 1984 2265 3571 2347; baseline 0.01 -27"><span class='ocrx_word' id='word_1_706' title='bbox 1984 2275 2098 2320; x_wconf 86' lang='lat' dir='ltr'><strong>stus</strong></span> <span class='ocrx_word' id='word_1_707' title='bbox 2127 2265 2177 2319; x_wconf 91' lang='lat' dir='ltr'><strong>in</strong></span> <span class='ocrx_word' id='word_1_708' title='bbox 2205 2267 2451 2335; x_wconf 85' lang='lat' dir='ltr'><strong>passione</strong></span> <span class='ocrx_word' id='word_1_709' title='bbox 2479 2281 2577 2323; x_wconf 84' lang='lat' dir='ltr'><strong>sua</strong></span> <span class='ocrx_word' id='word_1_710' title='bbox 2603 2268 2816 2339; x_wconf 89' lang='lat' dir='ltr'><strong>labores</strong></span> <span class='ocrx_word' id='word_1_711' title='bbox 2835 2279 2890 2326; x_wconf 86' lang='lat' dir='ltr'><strong>et</strong></span> <span class='ocrx_word' id='word_1_712' title='bbox 2913 2275 3262 2331; x_wconf 89' lang='lat' dir='ltr'><strong>contritiones</strong></span> <span class='ocrx_word' id='word_1_713' title='bbox 3291 2281 3571 2347; x_wconf 60' lang='lat' dir='ltr'><strong>praiseutis</strong></span> 
     </span>
    </p>
   </div>
   <div class='ocr_carea' id='block_1_82' title="bbox 1984 2355 3569 2427">
    <p class='ocr_par' dir='ltr' id='par_1_82' title="bbox 1984 2355 3569 2427">
     <span class='ocr_line' id='line_1_83' title="bbox 1984 2355 3569 2427; baseline 0.013 -19"><span class='ocrx_word' id='word_1_714' title='bbox 1984 2355 2165 2410; x_wconf 73' lang='lat' dir='ltr'><strong>szeculi</strong></span> <span class='ocrx_word' id='word_1_715' title='bbox 2202 2375 2215 2410; x_wconf 88' lang='lat'>:</span> <span class='ocrx_word' id='word_1_716' title='bbox 2258 2356 2311 2411; x_wconf 91' lang='lat' dir='ltr'><strong>in</strong></span> <span class='ocrx_word' id='word_1_717' title='bbox 2338 2359 2729 2416; x_wconf 87' lang='lat' dir='ltr'><strong>resurrectione</strong></span> <span class='ocrx_word' id='word_1_718' title='bbox 2766 2375 2861 2417; x_wconf 84' lang='lat' dir='ltr'><strong>sua</strong></span> <span class='ocrx_word' id='word_1_719' title='bbox 2897 2364 3289 2422; x_wconf 87' lang='lat' dir='ltr'><strong>commendavit</strong></span> <span class='ocrx_word' id='word_1_720' title='bbox 3313 2379 3569 2427; x_wconf 64' lang='lat' dir='ltr'><strong>aeternam</strong></span> 
     </span>
    </p>
   </div>
   <div class='ocr_carea' id='block_1_83' title="bbox 1986 2446 3571 2529">
    <p class='ocr_par' dir='ltr' id='par_1_83' title="bbox 1986 2446 3571 2529">
     <span class='ocr_line' id='line_1_84' title="bbox 1986 2446 3571 2529; baseline 0.013 -30"><span class='ocrx_word' id='word_1_721' title='bbox 1986 2446 2147 2501; x_wconf 84' lang='lat' dir='ltr'><strong>vitam</strong></span> <span class='ocrx_word' id='word_1_722' title='bbox 2174 2456 2228 2502; x_wconf 91' lang='lat' dir='ltr'><strong>et</strong></span> <span class='ocrx_word' id='word_1_723' title='bbox 2251 2447 2458 2503; x_wconf 87' lang='lat' dir='ltr'><strong>beatam</strong></span> <span class='ocrx_word' id='word_1_724' title='bbox 2485 2448 2645 2506; x_wconf 83' lang='lat' dir='ltr'><strong>futuri</strong></span> <span class='ocrx_word' id='word_1_725' title='bbox 2669 2453 2869 2507; x_wconf 60' lang='lat' dir='ltr'><strong>surculi.</strong></span> <span class='ocrx_word' id='word_1_726' title='bbox 2909 2454 3220 2512; x_wconf 88' lang='lat' dir='ltr'><strong>Toleremus</strong></span> <span class='ocrx_word' id='word_1_727' title='bbox 3257 2463 3571 2529; x_wconf 65' lang='lat' dir='ltr'><strong>praesentia.</strong></span> 
     </span>
    </p>
   </div>
   <div class='ocr_carea' id='block_1_84' title="bbox 1986 2539 3573 2623">
    <p class='ocr_par' dir='ltr' id='par_1_84' title="bbox 1986 2539 3573 2623">
     <span class='ocr_line' id='line_1_85' title="bbox 1986 2539 3573 2623; baseline 0.011 -32"><span class='ocrx_word' id='word_1_728' title='bbox 1986 2553 2263 2610; x_wconf 80' lang='lat' dir='ltr'><strong>speremus</strong></span> <span class='ocrx_word' id='word_1_729' title='bbox 2291 2539 2483 2595; x_wconf 85' lang='lat' dir='ltr'><strong>futura.</strong></span> <span class='ocrx_word' id='word_1_730' title='bbox 2515 2542 2642 2599; x_wconf 84' lang='lat' dir='ltr'><strong>Ideo</strong></span> <span class='ocrx_word' id='word_1_731' title='bbox 2670 2545 2722 2599; x_wconf 91' lang='lat' dir='ltr'><strong>in</strong></span> <span class='ocrx_word' id='word_1_732' title='bbox 2754 2545 2943 2602; x_wconf 90' lang='lat' dir='ltr'><strong>diebus</strong></span> <span class='ocrx_word' id='word_1_733' title='bbox 2978 2548 3094 2603; x_wconf 90' lang='lat' dir='ltr'><strong>istis</strong></span> <span class='ocrx_word' id='word_1_734' title='bbox 3121 2549 3238 2605; x_wconf 89' lang='lat' dir='ltr'><strong>dies</strong></span> <span class='ocrx_word' id='word_1_735' title='bbox 3266 2553 3476 2623; x_wconf 84' lang='lat' dir='ltr'><strong>agimus</strong></span> <span class='ocrx_word' id='word_1_736' title='bbox 3498 2566 3573 2608; x_wconf 60' lang='lat' dir='ltr'><strong>sto</strong></span> 
     </span>
    </p>
   </div>
   <div class='ocr_carea' id='block_1_85' title="bbox 1987 2628 3572 2713">
    <p class='ocr_par' dir='ltr' id='par_1_85' title="bbox 1987 2628 3572 2713">
     <span class='ocr_line' id='line_1_86' title="bbox 1987 2628 3572 2713; baseline 0.013 -32"><span class='ocrx_word' id='word_1_737' title='bbox 1987 2628 2302 2699; x_wconf 81' lang='lat' dir='ltr'><strong>gnificanles</strong></span> <span class='ocrx_word' id='word_1_738' title='bbox 2339 2631 2574 2688; x_wconf 84' lang='lat' dir='ltr'><strong>laborem</strong></span> <span class='ocrx_word' id='word_1_739' title='bbox 2620 2639 2897 2705; x_wconf 68' lang='lat' dir='ltr'><strong>praesentis</strong></span> <span class='ocrx_word' id='word_1_740' title='bbox 2939 2639 3221 2708; x_wconf 81' lang='lat' dir='ltr'><strong>sacculi,in</strong></span> <span class='ocrx_word' id='word_1_741' title='bbox 3258 2642 3479 2713; x_wconf 84' lang='lat' dir='ltr'><strong>jejnniis</strong></span> <span class='ocrx_word' id='word_1_742' title='bbox 3515 2654 3572 2701; x_wconf 83' lang='lat' dir='ltr'><strong>et</strong></span> 
     </span>
    </p>
   </div>
   <div class='ocr_carea' id='block_1_86' title="bbox 1986 2721 3572 2804">
    <p class='ocr_par' dir='ltr' id='par_1_86' title="bbox 1986 2721 3572 2804">
     <span class='ocr_line' id='line_1_87' title="bbox 1986 2721 3572 2804; baseline 0.01 -28"><span class='ocrx_word' id='word_1_743' title='bbox 1986 2721 2359 2779; x_wconf 86' lang='lat' dir='ltr'><strong>observatione</strong></span> <span class='ocrx_word' id='word_1_744' title='bbox 2404 2734 2741 2781; x_wconf 82' lang='lat' dir='ltr'><strong>conterentes</strong></span> <span class='ocrx_word' id='word_1_745' title='bbox 2767 2729 2973 2785; x_wconf 86' lang='lat' dir='ltr'><strong>animas</strong></span> <span class='ocrx_word' id='word_1_746' title='bbox 3003 2740 3244 2804; x_wconf 77' lang='lat' dir='ltr'><strong>nostras;</strong></span> <span class='ocrx_word' id='word_1_747' title='bbox 3285 2736 3340 2789; x_wconf 92' lang='lat' dir='ltr'><strong>in</strong></span> <span class='ocrx_word' id='word_1_748' title='bbox 3382 2736 3572 2791; x_wconf 79' lang='lat' dir='ltr'><strong>diebus</strong></span> 
     </span>
    </p>
   </div>
   <div class='ocr_carea' id='block_1_87' title="bbox 1987 2813 3575 2891">
    <p class='ocr_par' dir='ltr' id='par_1_87' title="bbox 1987 2813 3575 2891">
     <span class='ocr_line' id='line_1_88' title="bbox 1987 2813 3575 2891; baseline 0.009 -27"><span class='ocrx_word' id='word_1_749' title='bbox 1987 2819 2166 2866; x_wconf 86' lang='lat' dir='ltr'><strong>autem</strong></span> <span class='ocrx_word' id='word_1_750' title='bbox 2195 2813 2434 2868; x_wconf 87' lang='lat' dir='ltr'><strong>venturis</strong></span> <span class='ocrx_word' id='word_1_751' title='bbox 2459 2813 2575 2869; x_wconf 89' lang='lat' dir='ltr'><strong>dies</strong></span> <span class='ocrx_word' id='word_1_752' title='bbox 2602 2815 2963 2885; x_wconf 84' lang='lat' dir='ltr'><strong>significamus</strong></span> <span class='ocrx_word' id='word_1_753' title='bbox 3004 2819 3163 2875; x_wconf 87' lang='lat' dir='ltr'><strong>futuri</strong></span> <span class='ocrx_word' id='word_1_754' title='bbox 3206 2824 3407 2891; x_wconf 67' lang='lat' dir='ltr'><strong>sarculi,</strong></span> <span class='ocrx_word' id='word_1_755' title='bbox 3437 2841 3575 2879; x_wconf 89' lang='lat' dir='ltr'><strong>non-</strong></span> 
     </span>
    </p>
   </div>
   <div class='ocr_carea' id='block_1_88' title="bbox 1985 2900 3574 2978">
    <p class='ocr_par' dir='ltr' id='par_1_88' title="bbox 1985 2900 3574 2978">
     <span class='ocr_line' id='line_1_89' title="bbox 1985 2900 3574 2978; baseline 0.01 -23"><span class='ocrx_word' id='word_1_756' title='bbox 1985 2900 2111 2955; x_wconf 93' lang='lat' dir='ltr'><strong>dum</strong></span> <span class='ocrx_word' id='word_1_757' title='bbox 2157 2902 2230 2957; x_wconf 93' lang='lat' dir='ltr'><strong>ibi</strong></span> <span class='ocrx_word' id='word_1_758' title='bbox 2274 2918 2478 2959; x_wconf 87' lang='lat' dir='ltr'><strong>sumus.</strong></span> <span class='ocrx_word' id='word_1_759' title='bbox 2521 2903 2893 2974; x_wconf 83' lang='lat' dir='ltr'><strong>Significamus</strong></span> <span class='ocrx_word' id='word_1_760' title='bbox 2937 2909 3076 2977; x_wconf 78' lang='lat' dir='ltr'><strong>dixi;</strong></span> <span class='ocrx_word' id='word_1_761' title='bbox 3126 2927 3258 2978; x_wconf 91' lang='lat' dir='ltr'><strong>non,</strong></span> <span class='ocrx_word' id='word_1_762' title='bbox 3307 2924 3574 2971; x_wconf 86' lang='lat' dir='ltr'><strong>tenemus.</strong></span> 
     </span>
    </p>
   </div>
   <div class='ocr_carea' id='block_1_89' title="bbox 1989 2992 3579 3074">
    <p class='ocr_par' dir='ltr' id='par_1_89' title="bbox 1989 2992 3579 3074">
     <span class='ocr_line' id='line_1_90' title="bbox 1989 2992 3579 3074; baseline 0.009 -25"><span class='ocrx_word' id='word_1_763' title='bbox 1989 2992 2168 3064; x_wconf 83' lang='lat' dir='ltr'><strong>Usque</strong></span> <span class='ocrx_word' id='word_1_764' title='bbox 2190 2993 2256 3049; x_wconf 92' lang='lat' dir='ltr'><strong>ad</strong></span> <span class='ocrx_word' id='word_1_765' title='bbox 2299 2995 2605 3065; x_wconf 87' lang='lat' dir='ltr'><strong>passionem</strong></span> <span class='ocrx_word' id='word_1_766' title='bbox 2649 2998 2794 3071; x_wconf 84' lang='lat' dir='ltr'><strong>enim</strong></span> <span class='ocrx_word' id='word_1_767' title='bbox 2843 3001 3090 3057; x_wconf 87' lang='lat' dir='ltr'><strong>contritio</strong></span> <span class='ocrx_word' id='word_1_768' title='bbox 3129 3020 3143 3055; x_wconf 88' lang='lat'><strong>:</strong></span> <span class='ocrx_word' id='word_1_769' title='bbox 3180 3013 3306 3074; x_wconf 91' lang='lat' dir='ltr'><strong>post</strong></span> <span class='ocrx_word' id='word_1_770' title='bbox 3332 3020 3579 3063; x_wconf 80' lang='lat' dir='ltr'><strong>resurre—</strong></span> 
     </span>
    </p>
   </div>
   <div class='ocr_carea' id='block_1_90' title="bbox 1986 3085 2493 3144">
    <p class='ocr_par' dir='ltr' id='par_1_90' title="bbox 1986 3085 2493 3144">
     <span class='ocr_line' id='line_1_91' title="bbox 1986 3085 2493 3144; baseline 0.006 -5"><span class='ocrx_word' id='word_1_771' title='bbox 1986 3085 2213 3141; x_wconf 90' lang='lat' dir='ltr'><strong>ctionem</strong></span> <span class='ocrx_word' id='word_1_772' title='bbox 2242 3086 2493 3144; x_wconf 86' lang='lat' dir='ltr'><strong>laudatio.</strong></span> 
     </span>
    </p>
   </div>
   <div class='ocr_carea' id='block_1_91' title="bbox 2409 3200 3138 3280">
    <p class='ocr_par' dir='ltr' id='par_1_91' title="bbox 2409 3200 3138 3280">
     <span class='ocr_line' id='line_1_92' title="bbox 2409 3200 3138 3280; baseline 0.01 -25"><span class='ocrx_word' id='word_1_773' title='bbox 2409 3200 2635 3258; x_wconf 67' lang='lat' dir='ltr'><strong>saeuo</strong></span> <span class='ocrx_word' id='word_1_774' title='bbox 2686 3202 2940 3261; x_wconf 83' lang='lat' dir='ltr'><strong>ccxvm</strong></span> <span class='ocrx_word' id='word_1_775' title='bbox 2982 3210 3003 3231; x_wconf 65' lang='grc' dir='ltr'><strong><em>ο</em></strong></span> <span class='ocrx_word' id='word_1_776' title='bbox 3043 3205 3138 3280; x_wconf 83' lang='grc' dir='ltr'><strong>(α).</strong></span> 
     </span>
    </p>
   </div>
   <div class='ocr_carea' id='block_1_92' title="bbox 2293 3335 3269 3406">
    <p class='ocr_par' dir='ltr' id='par_1_92' title="bbox 2293 3335 3269 3406">
     <span class='ocr_line' id='line_1_93' title="bbox 2293 3335 3269 3406; baseline 0.01 -24"><span class='ocrx_word' id='word_1_777' title='bbox 2293 3340 2362 3382; x_wconf 86' lang='lat' dir='ltr'><strong>De</strong></span> <span class='ocrx_word' id='word_1_778' title='bbox 2384 3335 2608 3385; x_wconf 61' lang='lat' dir='ltr'><strong>Pamione</strong></span> <span class='ocrx_word' id='word_1_779' title='bbox 2626 3337 2809 3386; x_wconf 86' lang='lat' dir='ltr'><strong>Domini</strong></span> <span class='ocrx_word' id='word_1_780' title='bbox 2823 3339 2879 3388; x_wconf 89' lang='lat' dir='ltr'><strong>in</strong></span> <span class='ocrx_word' id='word_1_781' title='bbox 2892 3346 3156 3392; x_wconf 79' lang='lat' dir='ltr'><strong>Parasceve</strong></span> <span class='ocrx_word' id='word_1_782' title='bbox 3173 3340 3269 3406; x_wconf 90' lang='lat' dir='ltr'><strong>(b).</strong></span> 
     </span>
    </p>
   </div>
   <div class='ocr_carea' id='block_1_93' title="bbox 2055 3454 3575 3540">
    <p class='ocr_par' dir='ltr' id='par_1_93' title="bbox 2055 3454 3575 3540">
     <span class='ocr_line' id='line_1_94' title="bbox 2055 3454 3575 3540; baseline 0.009 -29"><span class='ocrx_word' id='word_1_783' title='bbox 2055 3454 2279 3512; x_wconf 80' lang='lat' dir='ltr'><strong>CAPUT</strong></span> <span class='ocrx_word' id='word_1_784' title='bbox 2315 3456 2602 3514; x_wconf 79' lang='lat' dir='ltr'><strong>PRIMUM.</strong></span> <span class='ocrx_word' id='word_1_785' title='bbox 2629 3489 2701 3500; x_wconf 88' lang='lat'><strong>--</strong></span> <span class='ocrx_word' id='word_1_786' title='bbox 2725 3462 2776 3516; x_wconf 72' lang='grc' dir='ltr'><strong>ί.</strong></span> <span class='ocrx_word' id='word_1_787' title='bbox 2802 3459 3065 3519; x_wconf 78' lang='lat' dir='ltr'><strong>Passionis</strong></span> <span class='ocrx_word' id='word_1_788' title='bbox 3086 3463 3370 3522; x_wconf 65' lang='lat' dir='ltr'><strong>Dominicis:</strong></span> <span class='ocrx_word' id='word_1_789' title='bbox 3385 3481 3575 3540; x_wconf 67' lang='lat' dir='ltr'><strong>myste-</strong></span> 
     </span>
    </p>
   </div>
   <div class='ocr_carea' id='block_1_94' title="bbox 1985 3548 3574 3623">
    <p class='ocr_par' dir='ltr' id='par_1_94' title="bbox 1985 3548 3574 3623">
     <span class='ocr_line' id='line_1_95' title="bbox 1985 3548 3574 3623; baseline 0.01 -22"><span class='ocrx_word' id='word_1_790' title='bbox 1985 3548 2063 3601; x_wconf 87' lang='lat' dir='ltr'><strong>ria</strong></span> <span class='ocrx_word' id='word_1_791' title='bbox 2090 3548 2407 3620; x_wconf 74' lang='lat' dir='ltr'><strong>explicanda.</strong></span> <span class='ocrx_word' id='word_1_792' title='bbox 2449 3552 2611 3620; x_wconf 91' lang='lat' dir='ltr'><strong>Cujus</strong></span> <span class='ocrx_word' id='word_1_793' title='bbox 2656 3554 2910 3623; x_wconf 77' lang='lat' dir='ltr'><strong>sanguine</strong></span> <span class='ocrx_word' id='word_1_794' title='bbox 2937 3555 3128 3611; x_wconf 84' lang='lat' dir='ltr'><strong>delicta</strong></span> <span class='ocrx_word' id='word_1_795' title='bbox 3173 3566 3359 3615; x_wconf 83' lang='lat' dir='ltr'><strong>nostra</strong></span> <span class='ocrx_word' id='word_1_796' title='bbox 3395 3559 3574 3617; x_wconf 76' lang='lat' dir='ltr'><strong>deleta</strong></span> 
     </span>
    </p>
   </div>
   <div class='ocr_carea' id='block_1_95' title="bbox 1986 3639 3577 3719">
    <p class='ocr_par' dir='ltr' id='par_1_95' title="bbox 1986 3639 3577 3719">
     <span class='ocr_line' id='line_1_96' title="bbox 1986 3639 3577 3719; baseline 0.009 -26"><span class='ocrx_word' id='word_1_797' title='bbox 1986 3649 2129 3704; x_wconf 86' lang='lat' dir='ltr'><strong>sunt,</strong></span> <span class='ocrx_word' id='word_1_798' title='bbox 2152 3639 2461 3696; x_wconf 88' lang='lat' dir='ltr'><strong>solemniter</strong></span> <span class='ocrx_word' id='word_1_799' title='bbox 2478 3642 2667 3713; x_wconf 75' lang='lat' dir='ltr'><strong>legitur</strong></span> <span class='ocrx_word' id='word_1_800' title='bbox 2691 3645 2886 3714; x_wconf 86' lang='lat' dir='ltr'><strong>passio,</strong></span> <span class='ocrx_word' id='word_1_801' title='bbox 2912 3647 3223 3704; x_wconf 88' lang='lat' dir='ltr'><strong>solemniter</strong></span> <span class='ocrx_word' id='word_1_802' title='bbox 3243 3650 3577 3719; x_wconf 83' lang='lat' dir='ltr'><strong>celebratur;</strong></span> 
     </span>
    </p>
   </div>
   <div class='ocr_carea' id='block_1_96' title="bbox 1988 3732 3570 3809">
    <p class='ocr_par' dir='ltr' id='par_1_96' title="bbox 1988 3732 3570 3809">
     <span class='ocr_line' id='line_1_97' title="bbox 1988 3732 3570 3809; baseline 0.009 -24"><span class='ocrx_word' id='word_1_803' title='bbox 1988 3740 2046 3785; x_wconf 94' lang='lat' dir='ltr'><strong>ut</strong></span> <span class='ocrx_word' id='word_1_804' title='bbox 2069 3747 2244 3787; x_wconf 87' lang='lat' dir='ltr'><strong>annua</strong></span> <span class='ocrx_word' id='word_1_805' title='bbox 2269 3732 2551 3789; x_wconf 88' lang='lat' dir='ltr'><strong>devotione</strong></span> <span class='ocrx_word' id='word_1_806' title='bbox 2573 3737 2828 3791; x_wconf 88' lang='lat' dir='ltr'><strong>memoria</strong></span> <span class='ocrx_word' id='word_1_807' title='bbox 2854 3750 3034 3795; x_wconf 88' lang='lat' dir='ltr'><strong>nostra</strong></span> <span class='ocrx_word' id='word_1_808' title='bbox 3061 3741 3236 3796; x_wconf 68' lang='lat' dir='ltr'><strong>laetius</strong></span> <span class='ocrx_word' id='word_1_809' title='bbox 3264 3742 3570 3809; x_wconf 86' lang='lat' dir='ltr'><strong>innovetur,</strong></span> 
     </span>
    </p>
   </div>
   <div class='ocr_carea' id='block_1_97' title="bbox 1985 3822 3575 3897">
    <p class='ocr_par' dir='ltr' id='par_1_97' title="bbox 1985 3822 3575 3897">
     <span class='ocr_line' id='line_1_98' title="bbox 1985 3822 3575 3897; baseline 0.009 -22"><span class='ocrx_word' id='word_1_810' title='bbox 1985 3832 2040 3876; x_wconf 91' lang='lat' dir='ltr'><strong>et</strong></span> <span class='ocrx_word' id='word_1_811' title='bbox 2068 3825 2181 3893; x_wconf 88' lang='lat' dir='ltr'><strong>ipsa</strong></span> <span class='ocrx_word' id='word_1_812' title='bbox 2211 3822 2631 3895; x_wconf 88' lang='lat' dir='ltr'><strong>frequentatione</strong></span> <span class='ocrx_word' id='word_1_813' title='bbox 2677 3827 2996 3897; x_wconf 79' lang='lat' dir='ltr'><strong>populorum</strong></span> <span class='ocrx_word' id='word_1_814' title='bbox 3048 3830 3182 3886; x_wconf 83' lang='lat' dir='ltr'><strong>fides</strong></span> <span class='ocrx_word' id='word_1_815' title='bbox 3226 3842 3415 3887; x_wconf 83' lang='lat' dir='ltr'><strong>nostra</strong></span> <span class='ocrx_word' id='word_1_816' title='bbox 3459 3835 3575 3889; x_wconf 75' lang='lat' dir='ltr'><strong>cis-</strong></span> 
     </span>
    </p>
   </div>
   <div class='ocr_carea' id='block_1_98' title="bbox 1986 3912 3582 3990">
    <p class='ocr_par' dir='ltr' id='par_1_98' title="bbox 1986 3912 3582 3990">
     <span class='ocr_line' id='line_1_99' title="bbox 1986 3912 3582 3990; baseline 0.009 -26"><span class='ocrx_word' id='word_1_817' title='bbox 1986 3912 2097 3967; x_wconf 89' lang='lat' dir='ltr'><strong>rins</strong></span> <span class='ocrx_word' id='word_1_818' title='bbox 2144 3913 2457 3970; x_wconf 91' lang='lat' dir='ltr'><strong>illustretur.</strong></span> <span class='ocrx_word' id='word_1_819' title='bbox 2490 3914 2667 3987; x_wconf 81' lang='lat' dir='ltr'><strong>Exigit</strong></span> <span class='ocrx_word' id='word_1_820' title='bbox 2713 3933 2838 3988; x_wconf 83' lang='lat' dir='ltr'><strong>ergo</strong></span> <span class='ocrx_word' id='word_1_821' title='bbox 2879 3934 2910 3973; x_wconf 90' lang='lat' dir='ltr'><strong>a</strong></span> <span class='ocrx_word' id='word_1_822' title='bbox 2951 3920 3102 3975; x_wconf 86' lang='lat' dir='ltr'><strong>nobis</strong></span> <span class='ocrx_word' id='word_1_823' title='bbox 3147 3921 3484 3990; x_wconf 80' lang='lat' dir='ltr'><strong>solemnitas,</strong></span> <span class='ocrx_word' id='word_1_824' title='bbox 3514 3930 3582 3978; x_wconf 67' lang='lat' dir='ltr'><strong>ut-</strong></span> 
     </span>
    </p>
   </div>
   <div class='ocr_carea' id='block_1_99' title="bbox 1985 4004 3585 4083">
    <p class='ocr_par' dir='ltr' id='par_1_99' title="bbox 1985 4004 3585 4083">
     <span class='ocr_line' id='line_1_100' title="bbox 1985 4004 3585 4083; baseline 0.006 -25"><span class='ocrx_word' id='word_1_825' title='bbox 1985 4004 2054 4059; x_wconf 91' lang='lat' dir='ltr'><strong>de</strong></span> <span class='ocrx_word' id='word_1_826' title='bbox 2096 4005 2343 4074; x_wconf 86' lang='lat' dir='ltr'><strong>passione</strong></span> <span class='ocrx_word' id='word_1_827' title='bbox 2382 4007 2589 4061; x_wconf 91' lang='lat' dir='ltr'><strong>Domini</strong></span> <span class='ocrx_word' id='word_1_828' title='bbox 2621 4009 2770 4062; x_wconf 87' lang='lat' dir='ltr'><strong>vobis</strong></span> <span class='ocrx_word' id='word_1_829' title='bbox 2797 4008 3119 4077; x_wconf 86' lang='lat' dir='ltr'><strong>sermonem,</strong></span> <span class='ocrx_word' id='word_1_830' title='bbox 3152 4013 3365 4083; x_wconf 88' lang='lat' dir='ltr'><strong>qualem</strong></span> <span class='ocrx_word' id='word_1_831' title='bbox 3406 4013 3585 4070; x_wconf 81' lang='lat' dir='ltr'><strong>donat</strong></span> 
     </span>
    </p>
   </div>
   <div class='ocr_carea' id='block_1_100' title="bbox 1986 4093 3586 4168">
    <p class='ocr_par' dir='ltr' id='par_1_100' title="bbox 1986 4093 3586 4168">
     <span class='ocr_line' id='line_1_101' title="bbox 1986 4093 3586 4168; baseline 0.008 -20"><span class='ocrx_word' id='word_1_832' title='bbox 1986 4095 2120 4163; x_wconf 90' lang='lat' dir='ltr'><strong>ipse,</strong></span> <span class='ocrx_word' id='word_1_833' title='bbox 2167 4093 2469 4151; x_wconf 86' lang='lat' dir='ltr'><strong>reddamus.</strong></span> <span class='ocrx_word' id='word_1_834' title='bbox 2524 4097 2589 4152; x_wconf 88' lang='lat' dir='ltr'><strong>Et</strong></span> <span class='ocrx_word' id='word_1_835' title='bbox 2629 4099 2843 4168; x_wconf 89' lang='lat' dir='ltr'><strong>quidem</strong></span> <span class='ocrx_word' id='word_1_836' title='bbox 2884 4099 2950 4155; x_wconf 90' lang='lat' dir='ltr'><strong>ad</strong></span> <span class='ocrx_word' id='word_1_837' title='bbox 2994 4102 3217 4156; x_wconf 87' lang='lat' dir='ltr'><strong>salutem</strong></span> <span class='ocrx_word' id='word_1_838' title='bbox 3253 4113 3491 4158; x_wconf 81' lang='lat' dir='ltr'><strong>nostram</strong></span> <span class='ocrx_word' id='word_1_839' title='bbox 3520 4113 3586 4160; x_wconf 75' lang='lat' dir='ltr'><strong>et</strong></span> 
     </span>
    </p>
   </div>
   <div class='ocr_carea' id='block_1_101' title="bbox 1988 4183 3573 4263">
    <p class='ocr_par' dir='ltr' id='par_1_101' title="bbox 1988 4183 3573 4263">
     <span class='ocr_line' id='line_1_102' title="bbox 1988 4183 3573 4263; baseline 0.006 -23"><span class='ocrx_word' id='word_1_840' title='bbox 1988 4186 2111 4241; x_wconf 74' lang='lat' dir='ltr'><strong>vita:</strong></span> <span class='ocrx_word' id='word_1_841' title='bbox 2141 4183 2297 4255; x_wconf 89' lang='lat' dir='ltr'><strong>hujus</strong></span> <span class='ocrx_word' id='word_1_842' title='bbox 2327 4187 2681 4257; x_wconf 74' lang='lat' dir='ltr'><strong>transigenda:</strong></span> <span class='ocrx_word' id='word_1_843' title='bbox 2709 4189 3012 4257; x_wconf 85' lang='lat' dir='ltr'><strong>utilitatem,</strong></span> <span class='ocrx_word' id='word_1_844' title='bbox 3043 4192 3095 4245; x_wconf 93' lang='lat' dir='ltr'><strong>in</strong></span> <span class='ocrx_word' id='word_1_845' title='bbox 3122 4190 3207 4247; x_wconf 84' lang='lat' dir='ltr'><strong>his</strong></span> <span class='ocrx_word' id='word_1_846' title='bbox 3237 4208 3357 4262; x_wconf 69' lang='lat' dir='ltr'><strong>qua:</strong></span> <span class='ocrx_word' id='word_1_847' title='bbox 3384 4209 3573 4263; x_wconf 86' lang='lat' dir='ltr'><strong>passus</strong></span> 
     </span>
    </p>
   </div>
   <div class='ocr_carea' id='block_1_102' title="bbox 1986 4278 3575 4354">
    <p class='ocr_par' dir='ltr' id='par_1_102' title="bbox 1986 4278 3575 4354">
     <span class='ocr_line' id='line_1_103' title="bbox 1986 4278 3575 4354; baseline 0.006 -23"><span class='ocrx_word' id='word_1_848' title='bbox 1986 4287 2070 4332; x_wconf 90' lang='lat' dir='ltr'><strong>est</strong></span> <span class='ocrx_word' id='word_1_849' title='bbox 2092 4278 2159 4332; x_wconf 91' lang='lat' dir='ltr'><strong>ab</strong></span> <span class='ocrx_word' id='word_1_850' title='bbox 2181 4278 2409 4333; x_wconf 90' lang='lat' dir='ltr'><strong>inimicis</strong></span> <span class='ocrx_word' id='word_1_851' title='bbox 2439 4280 2693 4336; x_wconf 90' lang='lat' dir='ltr'><strong>Dominus</strong></span> <span class='ocrx_word' id='word_1_852' title='bbox 2721 4291 2921 4347; x_wconf 89' lang='lat' dir='ltr'><strong>noster,</strong></span> <span class='ocrx_word' id='word_1_853' title='bbox 2953 4284 3257 4353; x_wconf 83' lang='lat' dir='ltr'><strong>exemplum</strong></span> <span class='ocrx_word' id='word_1_854' title='bbox 3303 4285 3575 4354; x_wconf 77' lang='lat' dir='ltr'><strong>patientia:</strong></span> 
     </span>
    </p>
   </div>
   <div class='ocr_carea' id='block_1_103' title="bbox 1989 4370 3576 4448">
    <p class='ocr_par' dir='ltr' id='par_1_103' title="bbox 1989 4370 3576 4448">
     <span class='ocr_line' id='line_1_104' title="bbox 1989 4370 3576 4448; baseline 0.006 -24"><span class='ocrx_word' id='word_1_855' title='bbox 1989 4370 2143 4425; x_wconf 91' lang='lat' dir='ltr'><strong>nobis</strong></span> <span class='ocrx_word' id='word_1_856' title='bbox 2167 4372 2406 4439; x_wconf 59' lang='lat' dir='ltr'><strong>praebere</strong></span> <span class='ocrx_word' id='word_1_857' title='bbox 2430 4370 2676 4442; x_wconf 87' lang='lat' dir='ltr'><strong>dignatus</strong></span> <span class='ocrx_word' id='word_1_858' title='bbox 2700 4382 2813 4440; x_wconf 91' lang='lat' dir='ltr'><strong>est;</strong></span> <span class='ocrx_word' id='word_1_859' title='bbox 2843 4382 2901 4428; x_wconf 91' lang='lat' dir='ltr'><strong>ut</strong></span> <span class='ocrx_word' id='word_1_860' title='bbox 2938 4389 3040 4445; x_wconf 85' lang='lat' dir='ltr'><strong>pro</strong></span> <span class='ocrx_word' id='word_1_861' title='bbox 3063 4378 3370 4447; x_wconf 81' lang='lat' dir='ltr'><strong>evangelica</strong></span> <span class='ocrx_word' id='word_1_862' title='bbox 3400 4377 3576 4448; x_wconf 84' lang='lat' dir='ltr'><strong>digni-</strong></span> 
     </span>
    </p>
   </div>
   <div class='ocr_carea' id='block_1_104' title="bbox 1991 4461 3575 4539">
    <p class='ocr_par' dir='ltr' id='par_1_104' title="bbox 1991 4461 3575 4539">
     <span class='ocr_line' id='line_1_105' title="bbox 1991 4461 3575 4539; baseline 0.006 -23"><span class='ocrx_word' id='word_1_863' title='bbox 1991 4469 2119 4529; x_wconf 90' lang='lat' dir='ltr'><strong>tate,</strong></span> <span class='ocrx_word' id='word_1_864' title='bbox 2157 4463 2201 4517; x_wconf 91' lang='lat' dir='ltr'><strong>si</strong></span> <span class='ocrx_word' id='word_1_865' title='bbox 2233 4461 2336 4517; x_wconf 88' lang='lat' dir='ltr'><strong>hoc</strong></span> <span class='ocrx_word' id='word_1_866' title='bbox 2378 4462 2491 4532; x_wconf 88' lang='lat' dir='ltr'><strong>ipse</strong></span> <span class='ocrx_word' id='word_1_867' title='bbox 2528 4463 2781 4531; x_wconf 87' lang='lat' dir='ltr'><strong>voluerit,</strong></span> <span class='ocrx_word' id='word_1_868' title='bbox 2807 4464 2939 4519; x_wconf 88' lang='lat' dir='ltr'><strong>nihil</strong></span> <span class='ocrx_word' id='word_1_869' title='bbox 2969 4466 3074 4521; x_wconf 90' lang='lat' dir='ltr'><strong>tale</strong></span> <span class='ocrx_word' id='word_1_870' title='bbox 3116 4469 3323 4539; x_wconf 87' lang='lat' dir='ltr'><strong>perpeti</strong></span> <span class='ocrx_word' id='word_1_871' title='bbox 3354 4485 3575 4526; x_wconf 80' lang='lat' dir='ltr'><strong>recuse-</strong></span> 
     </span>
    </p>
   </div>
   <div class='ocr_carea' id='block_1_105' title="bbox 1989 4551 3584 4626">
    <p class='ocr_par' dir='ltr' id='par_1_105' title="bbox 1989 4551 3584 4626">
     <span class='ocr_line' id='line_1_106' title="bbox 1989 4551 3584 4626; baseline 0.006 -20"><span class='ocrx_word' id='word_1_872' title='bbox 1989 4566 2125 4606; x_wconf 92' lang='lat' dir='ltr'><strong>mus.</strong></span> <span class='ocrx_word' id='word_1_873' title='bbox 2149 4551 2528 4609; x_wconf 81' lang='lat' dir='ltr'><strong>Verumtamen</strong></span> <span class='ocrx_word' id='word_1_874' title='bbox 2552 4554 2676 4624; x_wconf 89' lang='lat' dir='ltr'><strong>quia</strong></span> <span class='ocrx_word' id='word_1_875' title='bbox 2702 4569 2802 4610; x_wconf 90' lang='lat' dir='ltr'><strong>nec</strong></span> <span class='ocrx_word' id='word_1_876' title='bbox 2826 4556 2882 4610; x_wconf 92' lang='lat' dir='ltr'><strong>in</strong></span> <span class='ocrx_word' id='word_1_877' title='bbox 2907 4556 3019 4626; x_wconf 89' lang='lat' dir='ltr'><strong>ipsa</strong></span> <span class='ocrx_word' id='word_1_878' title='bbox 3043 4570 3206 4613; x_wconf 87' lang='lat' dir='ltr'><strong>carne</strong></span> <span class='ocrx_word' id='word_1_879' title='bbox 3232 4559 3443 4614; x_wconf 87' lang='lat' dir='ltr'><strong>mortali</strong></span> <span class='ocrx_word' id='word_1_880' title='bbox 3475 4561 3584 4616; x_wconf 34' lang='lat' dir='ltr'><strong>alit</strong></span> 
     </span>
    </p>
   </div>
   <div class='ocr_carea' id='block_1_106' title="bbox 1985 4641 3574 4721">
    <p class='ocr_par' dir='ltr' id='par_1_106' title="bbox 1985 4641 3574 4721">
     <span class='ocr_line' id='line_1_107' title="bbox 1985 4641 3574 4721; baseline 0.007 -24"><span class='ocrx_word' id='word_1_881' title='bbox 1985 4642 2111 4713; x_wconf 88' lang='lat' dir='ltr'><strong>quid</strong></span> <span class='ocrx_word' id='word_1_882' title='bbox 2153 4641 2246 4698; x_wconf 90' lang='lat' dir='ltr'><strong>ille</strong></span> <span class='ocrx_word' id='word_1_883' title='bbox 2282 4643 2620 4712; x_wconf 87' lang='lat' dir='ltr'><strong>necessitate,</strong></span> <span class='ocrx_word' id='word_1_884' title='bbox 2646 4644 2745 4700; x_wconf 86' lang='lat' dir='ltr'><strong>sed</strong></span> <span class='ocrx_word' id='word_1_885' title='bbox 2782 4646 2960 4700; x_wconf 89' lang='lat' dir='ltr'><strong>omnia</strong></span> <span class='ocrx_word' id='word_1_886' title='bbox 2984 4647 3260 4704; x_wconf 88' lang='lat' dir='ltr'><strong>voluntate</strong></span> <span class='ocrx_word' id='word_1_887' title='bbox 3285 4665 3574 4721; x_wconf 86' lang='lat' dir='ltr'><strong>perpessus</strong></span> 
     </span>
    </p>
   </div>
   <div class='ocr_carea' id='block_1_107' title="bbox 1984 4733 3589 4808">
    <p class='ocr_par' dir='ltr' id='par_1_107' title="bbox 1984 4733 3589 4808">
     <span class='ocr_line' id='line_1_108' title="bbox 1984 4733 3589 4808; baseline 0.006 -20"><span class='ocrx_word' id='word_1_888' title='bbox 1984 4740 2106 4799; x_wconf 81' lang='lat' dir='ltr'><strong>est;</strong></span> <span class='ocrx_word' id='word_1_889' title='bbox 2133 4741 2278 4788; x_wconf 88' lang='lat' dir='ltr'><strong>recte</strong></span> <span class='ocrx_word' id='word_1_890' title='bbox 2315 4733 2549 4789; x_wconf 89' lang='lat' dir='ltr'><strong>creditur</strong></span> <span class='ocrx_word' id='word_1_891' title='bbox 2574 4734 2733 4789; x_wconf 90' lang='lat' dir='ltr'><strong>etiam</strong></span> <span class='ocrx_word' id='word_1_892' title='bbox 2770 4734 3070 4805; x_wconf 81' lang='lat' dir='ltr'><strong>significare</strong></span> <span class='ocrx_word' id='word_1_893' title='bbox 3106 4737 3306 4808; x_wconf 87' lang='lat' dir='ltr'><strong>aliquid</strong></span> <span class='ocrx_word' id='word_1_894' title='bbox 3334 4740 3589 4797; x_wconf 74' lang='lat' dir='ltr'><strong>voluisse-</strong></span> 
     </span>
    </p>
   </div>
   <div class='ocr_carea' id='block_1_108' title="bbox 1984 4826 3571 4902">
    <p class='ocr_par' dir='ltr' id='par_1_108' title="bbox 1984 4826 3571 4902">
     <span class='ocr_line' id='line_1_109' title="bbox 1984 4826 3571 4902; baseline 0.003 -21"><span class='ocrx_word' id='word_1_895' title='bbox 1984 4826 2041 4881; x_wconf 91' lang='lat' dir='ltr'><strong>in</strong></span> <span class='ocrx_word' id='word_1_896' title='bbox 2082 4826 2300 4897; x_wconf 86' lang='lat' dir='ltr'><strong>singulis</strong></span> <span class='ocrx_word' id='word_1_897' title='bbox 2339 4826 2634 4896; x_wconf 89' lang='lat' dir='ltr'><strong>quibusque</strong></span> <span class='ocrx_word' id='word_1_898' title='bbox 2671 4826 2845 4893; x_wconf 90' lang='lat' dir='ltr'><strong>factis,</strong></span> <span class='ocrx_word' id='word_1_899' title='bbox 2874 4842 2994 4897; x_wconf 68' lang='lat' dir='ltr'><strong>quae</strong></span> <span class='ocrx_word' id='word_1_900' title='bbox 3031 4828 3175 4883; x_wconf 85' lang='lat' dir='ltr'><strong>circa</strong></span> <span class='ocrx_word' id='word_1_901' title='bbox 3209 4844 3330 4899; x_wconf 67' lang='lat' dir='ltr'><strong>ejus</strong></span> <span class='ocrx_word' id='word_1_902' title='bbox 3356 4832 3571 4902; x_wconf 65' lang='lat' dir='ltr'><strong>passioe</strong></span> 
     </span>
    </p>
   </div>
   <div class='ocr_carea' id='block_1_109' title="bbox 1985 4916 2955 4986">
    <p class='ocr_par' dir='ltr' id='par_1_109' title="bbox 1985 4916 2955 4986">
     <span class='ocr_line' id='line_1_110' title="bbox 1985 4916 2955 4986; baseline -0.003 -15"><span class='ocrx_word' id='word_1_903' title='bbox 1985 4931 2107 4972; x_wconf 93' lang='lat' dir='ltr'><strong>nem</strong></span> <span class='ocrx_word' id='word_1_904' title='bbox 2131 4924 2279 4986; x_wconf 84' lang='lat' dir='ltr'><strong>gesta</strong></span> <span class='ocrx_word' id='word_1_905' title='bbox 2304 4924 2463 4985; x_wconf 89' lang='lat' dir='ltr'><strong>atque</strong></span> <span class='ocrx_word' id='word_1_906' title='bbox 2487 4916 2787 4985; x_wconf 87' lang='lat' dir='ltr'><strong>conscripta</strong></span> <span class='ocrx_word' id='word_1_907' title='bbox 2807 4925 2955 4970; x_wconf 90' lang='lat' dir='ltr'><strong>sunt.</strong></span> 
     </span>
    </p>
   </div>
   <div class='ocr_carea' id='block_1_110' title="bbox 2053 5007 3574 5079">
    <p class='ocr_par' dir='ltr' id='par_1_110' title="bbox 2053 5007 3574 5079">
     <span class='ocr_line' id='line_1_111' title="bbox 2053 5007 3574 5079; baseline 0.003 -14"><span class='ocrx_word' id='word_1_908' title='bbox 2053 5007 2281 5065; x_wconf 72' lang='lat' dir='ltr'><strong>CAPUT</strong></span> <span class='ocrx_word' id='word_1_909' title='bbox 2318 5008 2382 5063; x_wconf 83' lang='lat' dir='ltr'><strong>ll.</strong></span> <span class='ocrx_word' id='word_1_910' title='bbox 2403 5038 2477 5049; x_wconf 90' lang='lat'><strong>—</strong></span> <span class='ocrx_word' id='word_1_911' title='bbox 2498 5007 2553 5062; x_wconf 77' lang='lat'><strong>2.</strong></span> <span class='ocrx_word' id='word_1_912' title='bbox 2597 5007 2735 5076; x_wconf 81' lang='lat' dir='ltr'><strong>Quid</strong></span> <span class='ocrx_word' id='word_1_913' title='bbox 2760 5009 3007 5079; x_wconf 81' lang='lat' dir='ltr'><strong>signiﬁcet</strong></span> <span class='ocrx_word' id='word_1_914' title='bbox 3033 5011 3170 5078; x_wconf 82' lang='lat' dir='ltr'><strong>quod</strong></span> <span class='ocrx_word' id='word_1_915' title='bbox 3193 5010 3429 5069; x_wconf 79' lang='lat' dir='ltr'><strong>Christus</strong></span> <span class='ocrx_word' id='word_1_916' title='bbox 3455 5032 3574 5069; x_wconf 73' lang='lat' dir='ltr'><strong>crs-</strong></span> 
     </span>
    </p>
   </div>
   <div class='ocr_carea' id='block_1_111' title="bbox 1984 5100 3596 5171">
    <p class='ocr_par' dir='ltr' id='par_1_111' title="bbox 1984 5100 3596 5171">
     <span class='ocr_line' id='line_1_112' title="bbox 1984 5100 3596 5171; baseline 0.002 -14"><span class='ocrx_word' id='word_1_917' title='bbox 1984 5118 2089 5157; x_wconf 81' lang='lat' dir='ltr'><strong>ccm</strong></span> <span class='ocrx_word' id='word_1_918' title='bbox 2113 5117 2259 5156; x_wconf 85' lang='lat' dir='ltr'><strong>suam</strong></span> <span class='ocrx_word' id='word_1_919' title='bbox 2294 5100 2526 5171; x_wconf 75' lang='lat' dir='ltr'><strong>portavit.</strong></span> <span class='ocrx_word' id='word_1_920' title='bbox 2555 5100 2632 5154; x_wconf 85' lang='lat' dir='ltr'><strong>Ac</strong></span> <span class='ocrx_word' id='word_1_921' title='bbox 2660 5100 2910 5169; x_wconf 90' lang='lat' dir='ltr'><strong>primum,</strong></span> <span class='ocrx_word' id='word_1_922' title='bbox 2938 5100 3078 5170; x_wconf 92' lang='lat' dir='ltr'><strong>quod</strong></span> <span class='ocrx_word' id='word_1_923' title='bbox 3109 5102 3334 5158; x_wconf 87' lang='lat' dir='ltr'><strong>traditus</strong></span> <span class='ocrx_word' id='word_1_924' title='bbox 3363 5111 3421 5158; x_wconf 90' lang='lat' dir='ltr'><strong>ut</strong></span> <span class='ocrx_word' id='word_1_925' title='bbox 3448 5119 3596 5160; x_wconf 63' lang='lat' dir='ltr'><strong>cru--~</strong></span> 
     </span>
    </p>
   </div>
   <div class='ocr_carea' id='block_1_112' title="bbox 1982 5189 3590 5265">
    <p class='ocr_par' dir='ltr' id='par_1_112' title="bbox 1982 5189 3590 5265">
     <span class='ocr_line' id='line_1_113' title="bbox 1982 5189 3590 5265; baseline -0.001 -16"><span class='ocrx_word' id='word_1_926' title='bbox 1982 5191 2284 5263; x_wconf 83' lang='lat' dir='ltr'><strong>ciligeretur</strong></span> <span class='ocrx_word' id='word_1_927' title='bbox 2308 5204 2519 5246; x_wconf 89' lang='lat' dir='ltr'><strong>crucem</strong></span> <span class='ocrx_word' id='word_1_928' title='bbox 2547 5203 2695 5244; x_wconf 89' lang='lat' dir='ltr'><strong>suam</strong></span> <span class='ocrx_word' id='word_1_929' title='bbox 2726 5190 2839 5263; x_wconf 83' lang='lat' dir='ltr'><strong>ipse</strong></span> <span class='ocrx_word' id='word_1_930' title='bbox 2863 5190 3089 5261; x_wconf 86' lang='lat' dir='ltr'><strong>portavit</strong></span> <span class='ocrx_word' id='word_1_931' title='bbox 3108 5189 3288 5262; x_wconf 79' lang='lat' dir='ltr'><strong>(Joan.</strong></span> <span class='ocrx_word' id='word_1_932' title='bbox 3312 5208 3430 5259; x_wconf 69' lang='lat' dir='ltr'><strong>xxx,</strong></span> <span class='ocrx_word' id='word_1_933' title='bbox 3452 5195 3590 5265; x_wconf 56' lang='lat'><strong>17);.</strong></span> 
     </span>
    </p>
   </div>
   <div class='ocr_carea' id='block_1_113' title="bbox 3594 972 3605 1013">
    <p class='ocr_par' dir='ltr' id='par_1_113' title="bbox 3594 972 3605 1013">
     <span class='ocr_line' id='line_1_114' title="bbox 3594 972 3605 1013; baseline 0 0"><span class='ocrx_word' id='word_1_934' title='bbox 3594 972 3605 1013; x_wconf 79' lang='grc' dir='ltr'><strong>ι</strong></span> 
     </span>
    </p>
   </div>
   <div class='ocr_carea' id='block_1_114' title="bbox 2048 5389 3191 5453">
    <p class='ocr_par' dir='ltr' id='par_1_114' title="bbox 2048 5389 3191 5453">
     <span class='ocr_line' id='line_1_115' title="bbox 2048 5389 3191 5453; baseline -0.003 -10"><span class='ocrx_word' id='word_1_935' title='bbox 2048 5395 2066 5412; x_wconf 75' lang='grc'><strong><em>⁸</em></strong></span> <span class='ocrx_word' id='word_1_936' title='bbox 2084 5399 2314 5444; x_wconf 81' lang='lat' dir='ltr'><strong>Inventus</strong></span> <span class='ocrx_word' id='word_1_937' title='bbox 2355 5391 2406 5440; x_wconf 90' lang='lat' dir='ltr'><strong>in</strong></span> <span class='ocrx_word' id='word_1_938' title='bbox 2429 5397 2511 5440; x_wconf 83' lang='lat' dir='ltr'><strong>Ms.</strong></span> <span class='ocrx_word' id='word_1_939' title='bbox 2534 5390 2674 5439; x_wconf 87' lang='lat' dir='ltr'><strong>unico</strong></span> <span class='ocrx_word' id='word_1_940' title='bbox 2697 5391 2844 5453; x_wconf 77' lang='lat' dir='ltr'><strong>Regio</strong></span> <span class='ocrx_word' id='word_1_941' title='bbox 2862 5397 2913 5440; x_wconf 86' lang='lat' dir='ltr'><strong>et</strong></span> <span class='ocrx_word' id='word_1_942' title='bbox 2934 5389 3058 5453; x_wconf 84' lang='lat' dir='ltr'><strong>apud</strong></span> <span class='ocrx_word' id='word_1_943' title='bbox 3082 5397 3191 5441; x_wconf 67' lang='grc' dir='ltr'><strong>ιον.</strong></span> 
     </span>
    </p>
   </div>
   <div class='ocr_carea' id='block_1_115' title="bbox 2072 5472 2701 5535">
    <p class='ocr_par' dir='ltr' id='par_1_115' title="bbox 2072 5472 2701 5535">
     <span class='ocr_line' id='line_1_116' title="bbox 2072 5472 2701 5535; baseline -0.011 -8"><span class='ocrx_word' id='word_1_944' title='bbox 2072 5477 2125 5535; x_wconf 81' lang='lat' dir='ltr'><strong>a)</strong></span> <span class='ocrx_word' id='word_1_945' title='bbox 2149 5475 2288 5535; x_wconf 79' lang='lat' dir='ltr'><strong>Alias,</strong></span> <span class='ocrx_word' id='word_1_946' title='bbox 2312 5474 2377 5524; x_wconf 90' lang='lat' dir='ltr'><strong>de</strong></span> <span class='ocrx_word' id='word_1_947' title='bbox 2392 5474 2602 5524; x_wconf 83' lang='lat' dir='ltr'><strong>Diversis</strong></span> <span class='ocrx_word' id='word_1_948' title='bbox 2622 5472 2701 5535; x_wconf 74' lang='lat'><strong>76.</strong></span> 
     </span>
    </p>
   </div>
   <div class='ocr_carea' id='block_1_116' title="bbox 2071 5533 3581 5597">
    <p class='ocr_par' dir='ltr' id='par_1_116' title="bbox 2071 5533 3581 5597">
     <span class='ocr_line' id='line_1_117' title="bbox 2071 5533 3581 5597; baseline -0.001 -9"><span class='ocrx_word' id='word_1_949' title='bbox 2071 5533 2120 5597; x_wconf 67' lang='grc' dir='ltr'><strong>ὁ)</strong></span> <span class='ocrx_word' id='word_1_950' title='bbox 2144 5533 2442 5588; x_wconf 84' lang='lat' dir='ltr'><strong>Possidiusin</strong></span> <span class='ocrx_word' id='word_1_951' title='bbox 2465 5533 2689 5593; x_wconf 88' lang='lat' dir='ltr'><strong>tndiculo,</strong></span> <span class='ocrx_word' id='word_1_952' title='bbox 2712 5546 2817 5597; x_wconf 85' lang='lat' dir='ltr'><strong>cap.</strong></span> <span class='ocrx_word' id='word_1_953' title='bbox 2845 5534 2921 5593; x_wconf 79' lang='lat' dir='ltr'><strong>i0,</strong></span> <span class='ocrx_word' id='word_1_954' title='bbox 2955 5542 3089 5584; x_wconf 86' lang='lat' dir='ltr'><strong>notat</strong></span> <span class='ocrx_word' id='word_1_955' title='bbox 3118 5552 3141 5580; x_wconf 76' lang='grc' dir='ltr'><strong>ε</strong></span> <span class='ocrx_word' id='word_1_956' title='bbox 3168 5534 3235 5584; x_wconf 86' lang='lat' dir='ltr'><strong>de</strong></span> <span class='ocrx_word' id='word_1_957' title='bbox 3257 5537 3443 5587; x_wconf 68' lang='lat' dir='ltr'><strong>Donini</strong></span> <span class='ocrx_word' id='word_1_958' title='bbox 3466 5543 3581 5586; x_wconf 59' lang='lat' dir='ltr'><strong>Pu:</strong></span> 
     </span>
    </p>
   </div>
   <div class='ocr_carea' id='block_1_117' title="bbox 1983 5597 3585 5659">
    <p class='ocr_par' dir='ltr' id='par_1_117' title="bbox 1983 5597 3585 5659">
     <span class='ocr_line' id='line_1_118' title="bbox 1983 5597 3585 5659; baseline -0.005 -7"><span class='ocrx_word' id='word_1_959' title='bbox 1983 5597 2120 5652; x_wconf 81' lang='lat' dir='ltr'><strong>sione</strong></span> <span class='ocrx_word' id='word_1_960' title='bbox 2164 5606 2395 5651; x_wconf 88' lang='lat' dir='ltr'><strong>tractatus</strong></span> <span class='ocrx_word' id='word_1_961' title='bbox 2434 5597 2572 5659; x_wconf 87' lang='lat' dir='ltr'><strong>duos.</strong></span> <span class='ocrx_word' id='word_1_962' title='bbox 2590 5612 2612 5641; x_wconf 71' lang='grc' dir='ltr'><strong>ι</strong></span> <span class='ocrx_word' id='word_1_963' title='bbox 2642 5602 2927 5659; x_wconf 80' lang='lat' dir='ltr'><strong>Fragmenta</strong></span> <span class='ocrx_word' id='word_1_964' title='bbox 2959 5597 3199 5659; x_wconf 86' lang='lat' dir='ltr'><strong>sermonis</strong></span> <span class='ocrx_word' id='word_1_965' title='bbox 3241 5597 3309 5648; x_wconf 85' lang='lat' dir='ltr'><strong>de</strong></span> <span class='ocrx_word' id='word_1_966' title='bbox 3344 5598 3585 5659; x_wconf 75' lang='lat' dir='ltr'><strong>Passione</strong></span> 
     </span>
    </p>
   </div>
   <div class='ocr_carea' id='block_1_118' title="bbox 1985 5658 3579 5727">
    <p class='ocr_par' dir='ltr' id='par_1_118' title="bbox 1985 5658 3579 5727">
     <span class='ocr_line' id='line_1_119' title="bbox 1985 5658 3579 5727; baseline -0.002 -15"><span class='ocrx_word' id='word_1_967' title='bbox 1985 5661 2235 5727; x_wconf 84' lang='lat' dir='ltr'><strong>proferunt</strong></span> <span class='ocrx_word' id='word_1_968' title='bbox 2258 5661 2380 5710; x_wconf 84' lang='lat' dir='ltr'><strong>Beda</strong></span> <span class='ocrx_word' id='word_1_969' title='bbox 2407 5668 2458 5711; x_wconf 91' lang='lat' dir='ltr'><strong>et</strong></span> <span class='ocrx_word' id='word_1_970' title='bbox 2478 5658 2658 5715; x_wconf 80' lang='lat' dir='ltr'><strong>Florus,</strong></span> <span class='ocrx_word' id='word_1_971' title='bbox 2684 5658 2795 5706; x_wconf 74' lang='lat' dir='ltr'><strong>ouze</strong></span> <span class='ocrx_word' id='word_1_972' title='bbox 2818 5658 2865 5708; x_wconf 87' lang='lat' dir='ltr'><strong>in</strong></span> <span class='ocrx_word' id='word_1_973' title='bbox 2888 5658 3106 5709; x_wconf 76' lang='lat' dir='ltr'><strong>subiecto</strong></span> <span class='ocrx_word' id='word_1_974' title='bbox 3127 5670 3357 5711; x_wconf 83' lang='lat' dir='ltr'><strong>sermone</strong></span> <span class='ocrx_word' id='word_1_975' title='bbox 3380 5671 3478 5708; x_wconf 86' lang='lat' dir='ltr'><strong>non</strong></span> <span class='ocrx_word' id='word_1_976' title='bbox 3501 5658 3579 5709; x_wconf 74' lang='lat' dir='ltr'><strong>le-</strong></span> 
     </span>
    </p>
   </div>
   <div class='ocr_carea' id='block_1_119' title="bbox 1987 5732 2179 5787">
    <p class='ocr_par' dir='ltr' id='par_1_119' title="bbox 1987 5732 2179 5787">
     <span class='ocr_line' id='line_1_120' title="bbox 1987 5732 2179 5787; baseline -0.021 -14"><span class='ocrx_word' id='word_1_977' title='bbox 1987 5732 2179 5787; x_wconf 72' lang='lat' dir='ltr'><strong>guntnr.</strong></span> 
     </span>
    </p>
   </div>
  </div>
