3886 6188
159 348 302 408 i085

153 460 505 520 continentia-
553 459 759 524 signum
808 452 971 516 dedit,
1014 461 1067 506 et
1108 448 1492 505 demonstravit
1541 459 1740 517 praeceo

152 558 315 619 dens,
341 550 468 622 quid
495 548 670 602 facere
706 545 901 600 debeat
926 543 1014 613 qui
1044 557 1164 597 eum
1188 541 1336 610 sequi
1360 537 1607 594 voluerit.
1637 534 1747 590 Hoc

153 650 323 704 etiam
354 642 520 699 verbo
557 637 904 703 commonuit,
935 633 1021 690 ubi
1052 635 1127 687 ait
1155 651 1167 685 τ
1194 631 1296 697 Qui
1320 630 1485 701 diligit
1520 645 1618 692 me,
1652 627 1748 681 tol-

154 742 227 792 lat
258 750 462 790 erucem
505 747 673 797 suam,
720 739 767 783 et
808 736 1044 797 sequtuur
1086 740 1164 778 me
1212 720 1421 795 (Matth.
1469 734 1582 785 XVI,
1628 717 1744 788 24).

152 830 323 886 Tollit
349 826 496 883 enim
536 822 768 895 quodam
817 818 979 876 modo
1024 831 1238 874 crucem
1278 827 1451 879 suam,
1495 811 1583 882 qui
1612 809 1749 880 regit

154 919 539 977 mortalitatem
567 929 740 971 suam.

222 1007 461 1066 CAPUT
507 1005 595 1061 lli.
627 1035 697 1045 —
723 1004 777 1059 ‘5.
803 1000 1053 1056 Calvariar
1105 1000 1266 1054 locus.
1318 995 1472 1066 Quod
1518 995 1572 1050 in
1628 995 1749 1050 loco

154 1099 426 1157 Calvaria:
453 1095 743 1152 cruciﬁxus
760 1098 846 1148 est
874 1090 1054 1161 (Joan.
1084 1104 1176 1144 xxx
1198 1130 1214 1155 ,
1236 1089 1302 1143 l7
1324 1129 1339 1154 ,
1365 1084 1494 1157 18);
1545 1084 1749 1154 signiﬁ-

154 1194 301 1248 cavit
326 1193 382 1246 in
407 1189 653 1260 passione
680 1200 775 1241 sua
827 1182 1195 1240 remissionem
1243 1177 1479 1235 omnium
1503 1184 1746 1247 peccato-

157 1299 280 1339 rum
305 1324 323 1349 ,
351 1280 421 1337 de
440 1279 630 1347 quibus
657 1277 711 1332 in
738 1275 954 1331 Psalmo
977 1273 1170 1328 dicitur
1194 1291 1207 1325 :
1237 1268 1591 1341 Multiplicatte
1629 1275 1747 1321 sunt

154 1374 459 1444 iniquitates
499 1385 627 1426 mea:
681 1384 830 1438 super
898 1365 1112 1437 capillos
1164 1364 1344 1434 capitis
1401 1361 1497 1417 mei
1574 1359 1742 1429 (Psal.

157 1481 328 1522 χχιιι
348 1507 364 1531 ,
390 1464 501 1534 l3).

229 1552 464 1612 CAPUT
492 1550 673 1607 lV.—
698 1549 753 1605 ι.
780 1547 1027 1601 Latrones
1076 1561 1110 1599 a
1142 1544 1332 1599 dextris
1369 1551 1415 1604 et
1435 1559 1467 1595 a
1508 1540 1743 1619 sinistris.

159 1644 453 1717 Quodduo
488 1657 609 1699 cum
638 1639 732 1695 illo
768 1639 836 1694 ab
886 1646 1109 1708 utroque
1153 1636 1320 1691 latere
1362 1631 1599 1689 cruciﬁxi
1624 1638 1749 1685 sunt

168 1730 351 1810 (locus.
383 1749 475 1790 nx
494 1774 510 1802 ,
539 1731 664 1803 18);
693 1728 928 1785 ostendit
951 1727 1082 1782 alios
1107 1725 1204 1781 sibi
1226 1725 1443 1780 dextros
1463 1763 1478 1788 ,
1508 1718 1640 1776 alios
1671 1719 1745 1775 si-

165 1829 368 1883 nistros
396 1839 515 1882 esse
554 1835 845 1894 passuros:
872 1818 1126 1885 dextros,
1157 1817 1225 1873 de
1274 1814 1465 1887 quibus
1508 1811 1702 1867 dicitur
1728 1853 1743 1879 ,

168 1919 312 1974 Beati
359 1917 446 1987 qui
494 1912 883 1986 persecutionem
943 1907 1207 1980 patiuntur
1253 1912 1458 1977 prepter
1495 1901 1749 1975 justitiam

168 2010 387 2086 (statui.
414 2024 448 2063 v
467 2050 484 2068 .
514 2006 606 2077 ib)
630 2021 645 2072 ;
668 2002 913 2060 sinistros
938 2008 1112 2057 autem
1136 2041 1152 2068 ,
1180 1998 1246 2054 de
1273 1996 1464 2069 quibus
1499 1994 1705 2086 dicitur
1729 2034 1745 2060 ,

173 2085 237 2157 lit
263 2102 308 2156 si
347 2097 603 2154 tradidero
645 2110 827 2166 corpus
866 2108 1030 2146 meum
1050 2133 1067 2159 ,
1115 2098 1171 2144 ut
1189 2087 1395 2143 ardeam
1419 2129 1434 2151 ,
1457 2085 1750 2140 charitatem

173 2202 339 2247 autem
370 2205 471 2244 non
499 2186 721 2242 habuero
740 2226 757 2253 ,
785 2182 915 2239 niltil
933 2182 1058 2236 mihi
1075 2179 1277 2252 prodest
1301 2176 1344 2251 (l
1370 2176 1488 2233 Cor.
1511 2190 1609 2231 xm
1626 2217 1642 2243 ,
1668 2171 1747 2247 5).

241 2280 469 2337 CAPUT
498 2279 559 2335 γ.
588 2277 727 2332 —5.
754 2274 952 2329 Titulus
974 2288 1125 2344 super
1146 2286 1365 2326 crucem.
1392 2263 1543 2338 Quod
1573 2265 1752 2324 titulus

173 2387 251 2429 est
282 2373 488 2444 positus
513 2383 674 2439 super
696 2367 813 2438 ejus
840 2380 1052 2422 crucem
1077 2405 1094 2431 ,
1116 2364 1167 2418 in
1189 2378 1296 2433 quo
1323 2362 1574 2432 scriptum
1601 2366 1750 2425 erat,

178 2464 285 2519 Rex
327 2461 627 2516 Iudaeorum
651 2457 828 2533 (Joan.
857 2472 945 2511 ιιι
968 2498 985 2522 ,
1022 2454 1112 2522 19)
1136 2495 1151 2520 ,
1175 2452 1299 2509 illud
1319 2450 1584 2517 ostendit,
1631 2448 1753 2521 quia

178 2572 271 2611 nec
299 2552 596 2610 occidendo
622 2549 838 2607 efﬁcere
866 2554 1153 2618 potuerunt
1170 2587 1187 2613 ,
1216 2552 1275 2601 ut
1295 2559 1419 2602 cum
1442 2556 1620 2615 regem
1645 2555 1753 2597 non

178 2648 471 2707 baberent.
503 2642 593 2713 qui
621 2642 701 2697 eis
740 2638 1174 2697 manifestissime
1211 2635 1625 2693 eminentissima
1659 2647 1756 2705 po-

179 2747 368 2794 testate
409 2734 702 2791 secundum
726 2748 820 2789 sua
858 2745 1020 2803 opera
1053 2729 1361 2787 redditurus
1384 2735 1485 2785 est.
1509 2725 1663 2784 Unde
1699 2726 1755 2782 in

182 2830 390 2887 Psalmo
412 2827 659 2883 canitur:
691 2823 804 2896 Ego
832 2833 998 2878 autem
1027 2822 1324 2877 constitutus
1343 2835 1455 2876 sum
1491 2833 1582 2874 rea:
1612 2818 1676 2874 ab
1698 2833 1756 2874 eo

178 2940 328 2993 super
355 2921 482 2974 Sion
506 2927 719 2973 montem
738 2926 966 2970 sanetum
991 2913 1122 2984 ejus.

247 3008 473 3065 CAPUT
504 3007 590 3063 VI.
621 3036 690 3047 ——
719 3006 771 3061 6.
837 3004 939 3059 Cur
985 3003 1141 3058 tribus
1192 3002 1377 3074 linguis
1425 3002 1755 3072 conscriptus.

183 3103 281 3156 Cur
306 3118 398 3155 rex
417 3097 717 3153 Judazorum
739 3138 754 3161 ,
783 3105 828 3151 et
858 3113 958 3150 non
989 3093 1240 3149 Gentium.
1268 3093 1418 3162 Quod
1449 3093 1615 3147 tribus
1655 3092 1757 3146 lin-

178 3194 291 3264 guis
323 3192 509 3246 titulus
535 3189 866 3259 conscriptus
890 3193 1006 3242 erat
1024 3227 1039 3252 ,
1071 3184 1282 3241 hebrtea
1305 3226 1320 3249 ,
1341 3199 1511 3254 graeca
1529 3225 1542 3245 ,
1573 3192 1628 3237 et
1677 3183 1754 3236 la-

183 3288 286 3339 tina
314 3282 503 3354 (Ibid.,
532 3279 656 3353 20);
688 3295 794 3334 non
819 3279 990 3333 solum
1019 3275 1216 3332 Judzcis
1235 3316 1251 3339 ,
1278 3276 1371 3329 sed
1395 3275 1551 3330 etiam
1577 3273 1753 3330 Centi-

182 3376 278 3430 bus
306 3390 429 3430 eum
456 3378 794 3443 regnaturum
827 3368 990 3423 fuisse
1030 3366 1353 3423 declaratum
1391 3374 1490 3422 est.
1529 3365 1758 3422 Proinde

181 3466 233 3523 in
261 3464 451 3523 eodem
483 3463 686 3533 psalmo
708 3476 828 3516 cum
856 3458 1115 3525 dixisset,
1143 3457 1254 3529 Ego
1274 3467 1438 3511 autem
1464 3458 1760 3512 constitutus

182 3575 291 3614 sunt
322 3573 412 3611 rea:
439 3571 590 3625 super
611 3552 740 3609 Sion
761 3560 975 3605 montem
1001 3560 1231 3606 sanctum
1260 3551 1369 3622 ejus
1392 3592 1407 3616 ,
1440 3549 1526 3603 ubi
1557 3548 1761 3604 scilicet

184 3649 398 3704 hebraea
429 3646 609 3714 lingua
661 3642 937 3713 regnavit;
964 3642 1216 3697 continuo
1256 3649 1502 3709 tanquam
1549 3652 1757 3709 graeca,

184 3740 449 3808 latiusque
475 3735 800 3804 subjungens
822 3775 838 3798 ,
865 3731 1115 3786 Dominus
1131 3773 1146 3797 ,
1177 3730 1377 3800 inquit,
1409 3729 1535 3783 dixit
1555 3729 1621 3782 ad
1640 3745 1719 3783 me
1741 3745 1761 3782 :

187 3829 352 3883 Filius
378 3842 515 3881 meus
539 3842 591 3880 es
616 3834 666 3878 tu
688 3866 705 3891 ,
736 3840 824 3895 ego
849 3823 998 3876 hodie
1040 3818 1192 3893 genui
1215 3831 1262 3874 te
1290 3838 1308 3875 :
1338 3830 1447 3891 pete
1486 3837 1518 3875 a
1570 3837 1682 3887 me,
1714 3829 1761 3875 et

188 3920 313 3976 dabo
359 3919 447 3974 tibi
496 3928 663 3990 gentes
711 3916 1051 3970 [nereditatem
1092 3923 1262 3988 tuam)
1316 3924 1362 3967 et
1405 3915 1761 3984 possessivum

186 4024 321 4065 tuam
349 4012 476 4081 ﬁnes
499 4020 645 4063 terra:
668 4006 836 4078 (Psal.
866 4023 934 4070 ll,
976 4007 1039 4072 6,
1074 4005 1148 4075 7).
1199 4005 1313 4059 Non
1355 4006 1475 4075 quia
1511 4021 1679 4075 grzcca
1707 4016 1762 4061 et

185 4102 345 4156 latina
374 4102 501 4155 solas
533 4108 658 4154 sunt
685 4099 916 4169 gentium
940 4097 1130 4167 linguae
1164 4115 1177 4150 :
1207 4095 1297 4151 sed
1320 4097 1438 4165 quia
1468 4099 1593 4166 ipsa:
1648 4114 1761 4151 ma-

184 4195 325 4249 xime
356 4192 618 4248 excellunt
648 4234 662 4255 ,
694 4205 895 4261 grmca,
930 4199 1144 4258 propter
1167 4188 1396 4242 studium
1431 4189 1759 4255 litterarum;

186 4285 348 4339 latina
370 4327 383 4349 ,
418 4294 635 4353 propter
681 4281 965 4352 peritiam‘
995 4279 1380 4333 Romanorum.
1418 4279 1666 4347 Quamvis
1711 4282 1760 4333 in

187 4376 289 4430 illis
334 4374 502 4430 tribus
561 4373 753 4442 linguis
796 4370 1009 4426 Christo
1054 4369 1388 4441 subjuganda
1448 4370 1764 4426 universitas

188 4467 422 4535 gentium
473 4465 708 4519 omnium
766 4470 1205 4516 monstraretur:
1256 4476 1360 4515 non
1419 4472 1592 4515 tamen
1659 4461 1766 4517 illic

186 4564 444 4629 scriptum
463 4567 544 4611 est
564 4566 615 4611 et
634 4571 730 4610 rex
752 4555 1022 4618 Gentium,
1050 4552 1144 4608 sed
1175 4552 1539 4607 tantummodo
1564 4551 1766 4607 Judaeu-

188 4666 303 4703 rum
331 4666 346 4712 ;
376 4657 434 4701 ut
459 4644 921 4702 commendaretur
941 4644 1089 4714 origo
1113 4643 1352 4709 seminis,
1377 4643 1426 4696 in
1447 4643 1765 4711 proprietate

187 4739 441 4792 nominis.
487 4736 592 4790 Lex
637 4738 779 4789 enim
824 4751 855 4786 a
903 4732 1028 4797 Sion
1064 4733 1289 4800 prodiet,
1323 4732 1516 4785 dictum
1559 4740 1674 4797 est,
1721 4742 1766 4786 et

186 4829 390 4882 verbum
423 4825 627 4879 Domini
654 4824 715 4877 ab
741 4821 1025 4877 Jerusalem
1065 4819 1218 4890 (Isai.
1278 4837 1342 4885 tt,
1374 4819 1450 4887 3).
1503 4820 1631 4874 Nam
1676 4822 1764 4889 qui

187 4932 315 4977 sunt
343 4921 431 4991 qui
464 4919 644 4973 dicunt
673 4919 725 4971 in
751 4915 960 4970 Psaluto
984 4956 998 4983 ,
1038 4912 1261 4983 Subjecit
1301 4912 1465 4983 plebes
1494 4913 1635 4966 nobis
1658 4954 1672 4978 ,
1721 4923 1767 4966 et

190 5014 372 5069 Gentes
418 5011 510 5066 sub
537 5009 742 5080 pedibus
790 5008 970 5061 nostris
996 5004 1165 5077 (Psal.
1220 5020 1372 5067 XLVI,
1417 5003 1508 5072 4);
1562 5003 1662 5056 nisi
1700 5002 1767 5057 de

184 5106 379 5174 quibus
403 5102 533 5157 dicit
566 5100 848 5167 Arestolus
872 5139 887 5163 ,
930 5097 989 5151 Si
1025 5095 1156 5149 enim
1206 5092 1550 5162 spiritualibus
1599 5108 1767 5147 eorum

185 5194 683 5248 communicaverunt
706 5184 915 5253 Gentes,
949 5187 1124 5241 debent
1149 5196 1195 5240 et
1216 5187 1267 5239 in
1309 5184 1595 5238 carnalibus
1622 5186 1768 5237 mini-

188 5294 355 5338 strare
374 5283 444 5336 eis
468 5282 639 5350 (Rom.
675 5294 744 5333 xv
770 5320 783 5342 ,
811 5277 941 5349 27)?

261 5373 491 5429 CAPUT
525 5372 630 5425 VII.
654 5400 727 5411 -—-
751 5372 800 5424 7.
828 5368 999 5423 λιιάωί
1032 5366 1171 5436 apud
1215 5365 1435 5419 Pilatum
1473 5373 1671 5435 agentes
1709 5364 1771 5415 de

197 5464 440 5518 mutando
470 5462 635 5516 titulo.
661 5459 813 5527 Quod
845 5466 1222 5530 suggesscrunt
1249 5457 1513 5527 principes
1556 5455 1769 5511 Judaeu-

191 5573 345 5622 rum,
373 5555 543 5611 Pilato
562 5594 576 5618 ,
606 5570 673 5606 ne
697 5551 940 5607 absolute
969 5549 1225 5604 scriberet
1270 5547 1408 5617 quod
1437 5549 1503 5601 sit
1542 5563 1634 5600 rex
1681 5545 1774 5601 Ju-

188 5650 430 5701 dacormn
458 5695 470 5709 ,
521 5644 611 5698 sed
633 5642 773 5713 quod
806 5638 917 5711 ipse
946 5656 1122 5712 regem
1168 5655 1227 5693 se
1252 5639 1441 5694 dixerit
1467 5636 1769 5692 Judacorum

254 5804 274 5833 ³
302 5806 461 5854 l'ortr.
482 5799 751 5862 potentium.

1516 331 1749 390 SERMO
1782 326 2051 388 CCXVIII.

3291 327 3427 385 1086

1855 441 2028 510 (Joan.
2054 456 2174 506 xix,
2204 440 2298 511 ει)
2323 456 2338 505 ;
2366 439 2528 493 ramis
2556 438 2660 493 illis
2710 437 2893 494 fractis
2935 438 3005 493 ita
3048 438 3249 494 Pilatus
3286 437 3435 494 inse-

1851 529 2071 585 rendum
2101 527 2358 599 ﬁgurabat
2376 527 2663 584 oleastrum
2695 544 2708 581 :
2737 528 2859 597 quia
2883 528 3041 581 homo
3063 537 3178 583 erat
3202 543 3269 584 ex
3290 526 3435 584 Gen-

1851 622 1992 677 tibus
2015 661 2030 687 ,
2066 619 2316 677 Gentium
2363 617 2607 674 scribens
2652 616 3078 682 confessionem,
3130 616 3199 673 de
3245 617 3437 687 quibus

1851 715 2044 769 merito
2068 713 2182 784 ipse
2209 712 2463 767 Dominus
2486 710 2655 775 dixit,
2686 709 2956 781 Auferetur
2979 725 3011 762 α
3035 708 3171 763 vobis
3188 725 3399 780 regnum
3416 749 3433 773 ,

1851 816 1898 861 et
1916 806 2116 861 dabitur
2158 804 2293 873 genti
2337 802 2541 874 facienti
2583 801 2836 872 justitiam
2879 798 3092 872 (Matth.
3149 814 3276 865 ut,
3310 799 3432 871 45).

1849 894 1958 950 Nec
1985 896 2106 950 ideo
2137 903 2311 949 tamen
2334 933 2348 958 ,
2405 888 2521 946 non‘
2535 898 2619 947 est
2653 906 2749 946 rex
2791 890 2881 945 ille
2907 889 3234 945 Judaeorum.
3263 889 3436 945 Radix

1850 989 1991 1043 enim
2044 994 2221 1058 portat
2268 984 2557 1040 oleastrum
2582 1024 2597 1049 ,
2639 997 2745 1038 non
2793 981 3021 1038 oleaster
3058 981 3314 1036 radicem.
3366 982 3440 1037 Et

1848 1080 2093 1151 quamvis
2133 1079 2209 1135 illi
2247 1078 2382 1134 rami
2435 1092 2530 1147 per
2554 1074 2917 1131 inﬁdelitatem
2944 1072 3102 1129 fracti
3143 1073 3288 1141 sint;
3323 1087 3439 1129 non

1851 1171 1970 1226 ideo
1996 1171 2133 1226 Deus
2161 1169 2357 1239 repulit
2392 1167 2605 1238 plebem
2645 1180 2797 1220 suam
2822 1203 2838 1230 ,
2883 1177 3042 1234 quam
3084 1163 3340 1233 praesciit.
3373 1161 3441 1218 Et

1849 1278 1940 1333 ego
1963 1304 1977 1329 ,
2005 1263 2203 1333 inquit,
2231 1260 2471 1315 Israelita
2497 1274 2608 1314 sum
2660 1254 2855 1331 (Rom.
2894 1270 2959 1310 ιι
2982 1295 2998 1321 ,
3023 1255 3052 1309 1
3072 1295 3090 1324 ,
3127 1255 3164 1309 2
3186 1296 3202 1322 ,
3234 1253 3347 1326 17).
3374 1254 3443 1310 Et

1848 1352 2087 1422 quamvis
2114 1350 2204 1405 ﬁlii
2225 1350 2410 1422 regni,
2442 1350 2529 1419 qui
2553 1349 2838 1404 noluerunt
2858 1345 2953 1402 Dei
2973 1343 3168 1400 Filium
3206 1359 3433 1416 regnare

1848 1420 1989 1508 sibi,
2020 1450 2145 1498 eant
2194 1443 2247 1496 in
2296 1420 2556 1497 tenebras
2597 1438 2927 1505 exteriores;
2960 1444 3139 1493 tamen
3168 1435 3323 1491 multi
3370 1435 3441 1491 ab

1848 1534 2063 1593 Oriente
2089 1544 2141 1592 et
2160 1534 2449 1591 Occidente
2473 1534 2715 1599 venient,
2741 1540 2796 1589 et
2818 1531 3160 1596 recumbent,
3185 1545 3290 1585 non
3317 1543 3440 1585 cum

1848 1625 2070 1682 Platone
2089 1634 2144 1683 et
2157 1626 2435 1692 Cicerone,
2448 1624 2542 1680 sed
2553 1639 2674 1680 eum
2692 1623 2958 1679 Abraham
2973 1631 3027 1678 et
3041 1622 3186 1677 Isaac
3205 1618 3441 1677 etlacob

1850 1714 1903 1770 in
1930 1731 2095 1787 regno
2117 1717 2373 1774 caelorum
2406 1714 2615 1789 (Matth.
2647 1729 2757 1781 πη,
2777 1714 2846 1768 i2
2866 1722 2912 1768 et
2937 1714 3049 1783 Η).
3078 1712 3286 1768 Pilatus
3313 1710 3437 1779 qui-

1850 1804 1972 1860 dem
2002 1820 2182 1877 regem
2208 1804 2508 1861 Judaorum
2527 1804 2757 1874 scripsit,
2775 1817 2879 1858 non
2919 1816 3100 1873 regem
3134 1799 3441 1857 Graecorum

1850 1910 1942 1950 aut
1965 1896 2293 1961 Latinorum;
2306 1895 2546 1965 quamvis
2559 1893 2818 1949 Gentibus
2846 1900 3188 1963 regnaturum
3200 1890 3283 1944 .Et
3297 1888 3440 1959 quod

1851 1987 2085 2057 Scripsit,
2104 1985 2337 2056 scripsit,
2360 1999 2532 2055 neque
2550 1983 2838 2039 inﬁdelium
2854 1981 3194 2054 suggestione
3220 1978 3442 2034 mutavit

1853 2078 2035 2150 (Joan.
2088 2093 2208 2146 xu,
2247 2075 2405 2150 22.):
2436 2076 2521 2131 cui
2565 2084 2711 2131 tanto
2738 2083 2862 2129 ante
2894 2072 3207 2145 praedictum
3246 2070 3438 2127 eratin

1853 2169 2081 2226 Psalmis
2096 2211 2115 2237 ,
2143 2168 2304 2224 Tituli
2327 2167 2704 2238 inscriptionem
2721 2182 2786 2221 ne
2804 2180 3100 2236 ωηαηιρυ
3120 2161 3289 2232 (Psal.
3328 2176 3437 2227 LVI,

1854 2261 1883 2317 i
1908 2277 1924 2325 ;
1956 2275 2063 2316 LVII
2082 2301 2098 2327 ,
2127 2259 2202 2330 l).
2229 2256 2430 2313 Omnes
2453 2264 2640 2327 gentes
2674 2254 2900 2312 credunt
2923 2254 2980 2310 in
3014 2267 3196 2323 regem
3227 2250 3440 2308 Judaeo-

1856 2365 1975 2406 rum
2007 2366 2022 2403 :
2049 2348 2299 2405 omnibus
2330 2345 2579 2419 gentibus
2606 2353 2824 2417 regnat,
2857 2343 2951 2400 sed
2982 2352 3158 2398 tamen
3201 2356 3297 2398 rex
3340 2338 3438 2396 Ju-

1855 2441 2116 2497 dasorum.
2134 2440 2361 2495 Tantum
2389 2436 2556 2492 valuit
2579 2436 2669 2491 illa
2692 2435 2874 2502 radix,
2901 2444 2963 2490 ut
2985 2434 3243 2489 insertum
3287 2432 3434 2488 olea-

1856 2538 2026 2587 strum
2056 2530 2113 2586 in
2133 2543 2193 2585 se
2217 2529 2388 2600 possit
2414 2527 2527 2599 ipsa
2555 2534 2761 2583 mutare
2777 2527 2819 2592 ί,
2832 2525 3067 2581 oleaster
3084 2532 3263 2580 autem
3282 2522 3441 2579 oliva

1858 2638 2052 2680 nomen
2080 2637 2185 2677 non
2212 2621 2381 2692 possit
2399 2618 2629 2675 auferre.

1925 2711 2156 2769 CAPUT
2182 2710 2317 2767 Vlll.
2340 2738 2413 2751 —
2438 2708 2493 2764 8.
2523 2705 2695 2763 Vestes
2722 2707 2775 2761 in
2794 2716 3011 2779 quatuor
3055 2713 3221 2776 partes
3244 2704 3434 2758 divisa.

1857 2799 2012 2870 Quod
2042 2801 2094 2855 in
2118 2808 2347 2870 quatuor
2371 2807 2551 2868 partes
2576 2797 2742 2851 divisa
2771 2797 3086 2851 vestimenta
3111 2794 3228 2864 ejus
3247 2793 3440 2848 milites

1857 2891 2190 2947 abstulerunt
2224 2889 2402 2960 (Joan.
2419 2903 2506 2943 xu:
2526 2929 2542 2953 ,
2568 2884 2694 2960 23);
2726 2901 2821 2957 per
2844 2895 3070 2956 quatuor
3091 2886 3235 2942 orbis
3263 2894 3440 2955 partes

1860 2992 2201 3055 peragi-stara
2221 2989 2551 3038 sacramenta
2578 2980 2697 3048 ejus
2720 2977 3167 3049 signiﬁcaverunt.

1929 3073 2156 3131 CAPUT
2176 3072 2419 3128 lX.—9.
2441 3068 2766 3124 Inconsutilis
2785 3068 2952 3121 tunica
2978 3066 3101 3121 sorti
3150 3065 3435 3119 conmissa.

1860 3165 2015 3234 Quod
2063 3179 2218 3220 uuam
2271 3162 2501 3218 tunicam
2552 3159 2922 3215 inconsutilem
2972 3158 3204 3226 desuper
3243 3165 3438 3211 testam

1862 3256 2033 3312 sortiti
2059 3254 2388 3324 sunt,potius
2417 3268 2576 3323 quam
2598 3252 2772 3321 partiti
2802 3248 2986 3321 (Ibid.,
3017 3248 3119 3314 23,
3140 3246 3267 3318 24);
3308 3247 3441 3301 satis

1866 3346 2290 3401 demonstratum
2317 3353 2399 3398 est
2439 3350 2769 3395 sacramenta
2796 3338 3018 3395 visibilia
3042 3379 3057 3403 ,
3097 3338 3342 3407 quamvis
3387 3347 3443 3393 et

1862 3435 1976 3505 ipsa
2027 3434 2335 3488 indumenta
2392 3433 2499 3485 sint
2544 3429 2775 3495 Christi,
2823 3442 2980 3498 posse
3022 3434 3198 3483 tamen
3247 3426 3443 3482 habere

1862 3524 2128 3595 quoslibet
2156 3523 2416 3588 ltaac,sive
2441 3522 2607 3574 bonos
2627 3561 2641 3586 ,
2671 3520 2783 3572 sive
2812 3518 3005 3581 malos;
3032 3518 3442 3573 sincerissimam

1863 3627 1992 3671 vero
2021 3615 2176 3670 ﬁdem
2193 3654 2209 3680 ,
2231 3628 2350 3683 qum
2379 3627 2469 3681 per
2489 3611 2826 3665 dilectionem
2849 3615 3100 3677 operatur
3127 3608 3338 3663 unitatis
3358 3608 3445 3663 iu-

1868 3706 2162 3777 tegritatem
2182 3745 2197 3771 ,
2229 3702 2351 3772 quia
2376 3701 2588 3756 dilectio
2613 3700 2710 3754 Dei
2756 3697 2943 3752 diﬁ‘usa
2989 3705 3072 3751 cst
3120 3696 3171 3750 in
3198 3695 3447 3752 cordibus

1864 3797 2097 3863 nostris,
2143 3797 2238 3864 per
2265 3791 2518 3863 Spiritum
2561 3797 2800 3845 sanctum
2830 3788 2919 3857 qui
2962 3787 3117 3842 datus
3163 3796 3245 3842 est
3295 3786 3448 3842 nobis

1866 3889 2037 3961 (Rom.
2059 3903 2123 3953 v,
2149 3886 2206 3957 5)
2223 3926 2238 3952 ,
2267 3899 2373 3938 non
2421 3883 2689 3954 pertinere
2716 3881 2782 3934 ad
2803 3879 3094 3949 quoslibet,
3129 3879 3220 3932 sed
3243 3878 3446 3933 occulta

1869 3979 1959 4034 Dei
1988 3977 2156 4048 gratia
2188 3986 2436 4045 tanquam
2480 3981 2626 4029 sorte
2685 3970 2892 4026 donari.
2931 3968 3082 4024 Unde
3123 3966 3325 4024 Simoni
3360 3970 3447 4040 qui

1868 4070 2193 4138 Baptismum
2221 4066 2482 4129 habebat,
2516 4072 2570 4118 ct
2609 4063 2765 4117 istam
2789 4075 2894 4116 non
2928 4058 3188 4127 habebat,
3214 4075 3241 4112 a
3290 4059 3449 4115 Petro

1866 4161 2064 4215 dictum
2094 4167 2204 4225 est,
2234 4156 2354 4210 Non
2383 4163 2453 4210 est
2475 4153 2560 4208 tibi
2604 4170 2713 4208 sors
2733 4195 2747 4218 ,
2778 4169 2935 4223 neque
2974 4168 3093 4221 pars
3122 4151 3175 4204 in
3212 4151 3311 4204 ista
3350 4150 3452 4220 ﬁde

1873 4250 2007 4321 (Act.
2039 4264 2128 4302 vm
2151 4289 2166 4313 ,
2187 4247 2303 4316 2i).

1936 4336 2163 4394 CAPUT
2200 4336 2270 4391 X.
2299 4365 2371 4375 —
2398 4335 2482 4390 l0.
2515 4334 2682 4389 Mater
2731 4332 3078 4386 commendata
3120 4349 3151 4384 a
3190 4331 3450 4386 moriente.

1869 4429 2020 4498 Quod
2074 4430 2125 4482 in
2164 4442 2325 4482 cruce
2376 4424 2639 4496 cognitam
2680 4436 2902 4479 matrem
2951 4424 3147 4479 dilecto
3195 4423 3456 4493 discipulo

1869 4518 2260 4577 commendavit
2289 4514 2470 4588 (Joan.
2501 4532 2586 4570 nx
2610 4558 2624 4581 ,
2652 4515 2751 4580 26,
2785 4515 2880 4585 27)
2907 4532 2922 4581 ;
2954 4523 3311 4586 congruenter
3332 4523 3457 4570 tunc

1870 4614 2160 4666 humanum
2189 4607 2456 4673 allectum,
2485 4606 2696 4677 quando
2720 4614 2778 4661 ut
2798 4606 2957 4662 homo
2982 4606 3339 4673 moriebatur,
3371 4620 3458 4662 os-

1871 4704 2056 4759 tendit.
2080 4701 2187 4757 lsta
2215 4701 2347 4757 hora
2376 4699 2612 4754 nondum
2644 4708 2898 4763 venerat,
2926 4699 3137 4769 quando
3181 4714 3372 4769 aquam
3404 4699 3456 4753 in

1874 4797 2048 4849 vinum
2072 4807 2426 4850 conversurus
2452 4791 2625 4847 eidem
2649 4792 2804 4845 matri
2825 4791 3032 4845 dixerat
3063 4809 3077 4844 :
3111 4791 3246 4858 Quid
3270 4791 3457 4846 mihist

1870 4886 1957 4938 tibi
1986 4895 2075 4949 est,
2095 4885 2274 4938 mulier
2290 4883 2316 4936 ?
2341 4880 2583 4935 Nondum
2606 4881 2737 4933 venit
2760 4880 2884 4933 hora
2905 4896 3013 4932 mea
3043 4880 3150 4950 (Id.
3173 4895 3232 4946 tt,
3249 4879 3460 4950 i).Non

1870 4977 2010 5030 enim
2039 4976 2106 5029 de
2125 4974 2285 5027 Maria
2314 4979 2616 5038 sumpserat
2638 4968 2775 5037 quod
2805 4967 3034 5022 habebat
3061 4969 3112 5022 iu
3144 4968 3419 5023 divinitate
3441 5008 3458 5032 ,

1871 5063 2010 5118 sicut
2037 5063 2102 5117 de
2125 5061 2286 5115 Maria
2312 5066 2608 5128 sumpserat
2630 5057 2769 5127 quod
2789 5057 3050 5128 pendebat
3078 5058 3128 5109 in
3155 5072 3333 5113 cruce.

1942 5151 2167 5208 CAPUT
2196 5151 2287 5205 XI.
2319 5180 2391 5190 —
2418 5150 2505 5204 ll.
2531 5148 2741 5202 Acetum
2767 5150 2818 5202 in
2844 5149 3058 5219 spongia
3084 5149 3275 5203 datum.
3309 5149 3460 5217 Quod

1875 5245 2042 5309 dixit,
2070 5242 2237 5307 Sitio;
2270 5240 2425 5296 ﬁdem
2452 5239 2722 5309 qumrebat
2748 5254 2777 5291 a
2803 5239 2914 5294 suis
2945 5256 2958 5293 :
2986 5240 3079 5295 sed
3101 5240 3222 5310 quia
3256 5240 3309 5294 in
3340 5257 3463 5313 pro-

1885 5337 2000 5404 pria
2024 5334 2154 5386 venit
2175 5375 2189 5398 ,
2224 5343 2268 5386 et
2298 5332 2376 5385 sui
2401 5348 2509 5385 eum
2540 5346 2641 5383 non
2668 5340 2956 5399 receperunt
2985 5328 3092 5402 (Id.
3133 5346 3184 5396 ι,
3219 5329 3340 5403 ll);
3370 5346 3466 5401 pro

1887 5424 2145 5480 sizavitate
2191 5422 2350 5489 ﬁdei,
2381 5429 2589 5477 acetum
2627 5419 2861 5490 perﬁdia:
2912 5420 3208 5486 dederunt,
3264 5430 3319 5476 et
3364 5420 3468 5476 hoc

1879 5520 1929 5572 iu
1947 5516 2183 5587 spongia.
2208 5514 2343 5569 Vere
2361 5513 2595 5583 spongia:
2617 5510 2957 5582 comparandi
2976 5551 2991 5576 ,
3022 5526 3128 5566 non
3156 5509 3311 5566 solidi
3329 5550 3344 5574 ,
3373 5511 3466 5567 sed

1882 5605 2108 5669 tumidi;
2138 5620 2241 5659 non
2270 5611 2415 5657 recto
2443 5600 2794 5657 confessionis
2840 5600 2984 5655 aditu
3014 5600 3181 5671 aperti
3205 5641 3221 5664 ,
3261 5602 3353 5656 sed
3383 5600 3466 5655 iu-

1882 5697 2134 5750 sidiamm
2181 5693 2434 5749 tortuosis
2468 5690 2794 5747 anfractibus
2836 5692 3128 5747 caveruosi.
3184 5691 3323 5748 Sane
3370 5692 3455 5749 ille

1936 5781 1949 5810 ¹
1975 5785 2052 5833 Si:
2077 5786 2249 5848 ευεὶιιδ
2272 5791 2351 5834 its.
2380 5790 2433 5834 Αι
2457 5790 2588 5846 t.ov.,
2610 5790 2893 5836 monstrare.
