1967 3094
209 169 219 195 l
226 168 276 195 087

209 229 285 259 potus
300 222 411 249 habebat
423 224 448 246 et
460 220 601 254 hyssopum
618 215 706 251 (Joan.
722 221 766 240 six
780 234 786 245 ,
799 212 834 239 εδ
848 232 854 244 ,
867 210 922 245 i9),
935 215 993 243 qum

211 256 315 295 humilis
330 267 410 294 herba
432 265 519 291 radice
544 263 683 290 fortissima
697 265 777 294 petrae
799 258 895 285 dicitur
908 256 993 283 inhie-

210 322 278 342 rcre.
294 314 375 340 Erant
389 312 485 346 quippe
495 311 519 336 in
535 309 577 336 illo
593 307 703 342 populo.
718 306 813 340 quibus
830 304 880 330 hoe
896 303 996 330 facinus

211 359 243 386 ad
258 357 444 385 liuniiliandain
464 354 615 390 patuitendo
636 352 750 379 animam
774 354 832 384 post
849 347 997 381 adiciendo

211 403 376 430 servabatur.
394 400 510 428 Noverat
532 406 577 426 eos
604 399 678 432 ipse,
700 396 743 430 qui
771 396 913 430 hyssopum
937 399 997 418 cum

211 453 287 475 aceto
302 447 456 481 accipiebat.
479 445 544 472 Nam
567 449 593 471 et
606 450 652 478 pro
665 443 705 470 eis
718 441 817 471 oravit,
841 440 909 466 sicut
931 438 998 465 alius

212 493 372 528 evangelista
400 496 510 518 testatur
522 511 529 522 ,
546 497 605 516 cum
630 487 748 522 pendens
768 486 793 512 in
809 492 887 511 cruce
905 483 970 510 dixit
991 491 997 508 :

215 527 295 565 Pater
304 559 311 570 ,
325 539 426 572 ignosce
439 534 505 568 illis,
521 535 580 569 quia
598 533 710 560 nesciunt
730 531 790 566 quid
802 530 911 564 faciunt,
924 527 997 563 (Luc.

214 591 294 615 nni,
309 582 366 616 54).

250 627 363 654 CAPUT
376 626 432 653 XII.
447 640 482 645 —
497 624 539 651 12.
559 623 613 650 V0.1:
626 622 714 649 ultima
723 626 746 647 et
759 619 888 646 inclinatio
902 617 999 652 capitis.

214 673 288 707 Quod
302 674 355 704 ait,
382 672 523 707 Perfectum
548 674 599 701 est,
617 673 637 695 et
653 668 772 694 inclinato
797 666 878 699 capite
894 663 1003 690 reddidit

215 719 338 751 Spiritum
353 717 441 752 (Joan.
456 724 498 742 xiii
510 736 517 748 ,
530 715 590 749 30);
605 721 657 740 non
672 711 854 739 necessitatem
865 731 871 741 ,
889 708 934 735 sed
956 715 1004 741 po—

216 768 336 791 testatem
351 770 407 790 sua:
421 766 513 789 mortis
526 760 657 791 ostendit,
678 758 762 785 donec
775 756 862 783 omnia
878 762 935 789 qu;e
958 761 1004 787 pro

216 811 260 838 illo
283 810 439 845 prophetale
453 811 529 834 erant
550 805 740 841 perl‘werentur
754 805 929 836 exspectans:
945 799 1004 833 quia

216 862 242 882 et
256 855 306 882 hoc
318 855 446 888 scriptum
462 857 535 884 erat,
553 851 585 877 Et
606 851 633 877 in
650 850 690 876 siti
719 856 773 874 mea
799 849 943 882 potavet-ioit
969 851 1006 869 uie

217 905 285 927 aceto
300 900 384 934 (Psal.
401 906 497 930 vani,
509 897 554 931 22)
572 905 577 922 ;
592 899 718 928 tanquam
730 896 885 928 potestatein
906 889 1006 916 habens

218 945 332 980 ponendi
360 945 474 971 animam
504 950 596 973 suam,
619 941 686 967 sicut
707 944 734 966 et
757 939 813 972 ipse
835 941 943 964 testatus
967 939 1007 962 est

220 991 308 1024 (Joan.
322 998 338 1016 x
351 1010 357 1021 ,
375 989 430 1023 18).
446 989 478 1015 Ει
493 986 607 1014 reddidit
620 985 746 1019 Spiritum
757 991 803 1018 per
814 982 988 1010 humilitatem
999 1001 1006 1013 ,

219 1036 269 1063 hoc
280 1041 339 1068 est,
354 1035 441 1070 capite
452 1034 595 1064 inclinato;
612 1035 766 1065 reeepturus
780 1037 841 1057 eum
862 1036 907 1063 per
922 1031 1009 1054 resur-

220 1087 364 1109 rectionem
375 1102 382 1114 ,
395 1081 481 1115 capite
492 1079 639 1106 sublevate.
655 1077 734 1104 Istam
746 1080 857 1102 mortem
877 1079 903 1101 et
916 1073 1007 1108 capitis

220 1127 419 1154 inclinationem
434 1132 536 1159 magna:
547 1123 684 1158 potestatis
699 1122 780 1148 fuisse
790 1142 797 1154 ,
809 1120 891 1148 Jacob
905 1119 950 1146 ille
963 1127 1013 1153 pa-

221 1173 336 1200 triarcha
352 1173 377 1199 in
392 1171 466 1198 Iuda:
490 1169 674 1197 benedictione
699 1165 893 1201 praziiuntiaiis,
918 1164 1011 1190 Ascen-

221 1217 281 1245 disti
291 1237 299 1250 ,
315 1217 413 1250 inquit,
425 1214 569 1242 recumbens
579 1235 586 1246 ,
600 1213 712 1240 darmisti
723 1212 786 1238 sicut
798 1211 835 1237 leo
846 1209 922 1245 (Gen.
936 1216 1009 1241 nix,

223 1263 250 1298 9)
264 1272 270 1289 :
287 1270 334 1297 per
345 1262 528 1290 ascensionem
543 1265 655 1287 mortem
666 1279 672 1291 ,
687 1266 734 1291 per
744 1258 846 1284 leonem
862 1255 1012 1291 signiﬁcans

223 1313 392 1343 potestatem.

258 1352 370 1379 CAPUT
383 1350 451 1378 Xlll.
464 1365 500 1370 —
512 1350 553 1378 15.
569 1348 650 1376 Crura
671 1347 808 1374 latronibus
818 1367 825 1378 ,
840 1354 889 1372 non
913 1345 1012 1372 Christo

224 1396 434 1433 confractaJam
441 1402 504 1422 vero
520 1394 590 1429 quod
606 1393 657 1419 illis
669 1393 772 1419 duobus
784 1398 862 1418 crura
880 1390 1012 1417 confracta

225 1448 302 1475 smit,
314 1442 350 1469 illi
364 1446 452 1469 autem
464 1447 530 1472 non,
547 1439 607 1474 quia
618 1438 758 1465 defunctus
772 1441 831 1469 est;
853 1444 934 1471 quare
959 1435 1013 1462 fac-

226 1493 281 1515 tum
292 1488 335 1519 sit,
350 1488 434 1521 ipsum
446 1484 615 1519 Evaiigelium
626 1483 777 1510 declaravit.
789 1481 932 1516 Oportebat
943 1481 1014 1508 enim

227 1538 256 1560 ut
268 1534 318 1560 isto
331 1533 410 1560 etiam
425 1532 500 1566 signo
515 1530 709 1556 demonstraret
724 1529 749 1555 in
764 1528 820 1562 ejus
840 1527 1013 1561 prmnuntiata

228 1579 365 1615 prophetia
379 1579 387 1593 ί
407 1576 620 1604 eoiiimendatum
644 1582 703 1602 esse
728 1573 826 1600 Pascha
842 1573 993 1600 Judamrum
1005 1593 1014 1605 ,

228 1625 271 1652 ubi
292 1624 341 1650 hoc
358 1628 516 1658 prmccptum
540 1626 581 1648 est
594 1641 600 1653 ,
627 1625 654 1646 ut
680 1620 736 1646 ovis
757 1626 816 1645 ossa
833 1626 884 1645 non
910 1618 1015 1653 frange-

229 1675 298 1698 i‘cnt.

263 1715 374 1743 CAPUT
390 1713 456 1743 XIV.
471 1727 505 1732 —
519 1713 560 1739 14.
585 1711 694 1745 Sanguis
714 1714 736 1736 et
757 1718 822 1744 aqua
836 1717 848 1735 e
867 1709 951 1735 lateris
965 1709 1019 1735 vul-

229 1770 297 1789 nere.
312 1760 387 1794 Quod
399 1760 466 1786 latus
479 1759 568 1784 lancea
582 1763 735 1791 percussum
751 1755 776 1781 in
787 1760 855 1781 terra
864 1753 1016 1788 sanguinein

230 1813 256 1835 ei
270 1813 365 1840 aquam
390 1803 522 1834 manavit,-
552 1801 641 1836 procal
664 1800 744 1827 dubio
769 1802 933 1826 sacramenta
958 1802 1020 1825 sunt

230 1853 332 1887 quibuv.’
341 1851 467 1878 formatur
482 1848 617 1877 Ecclesia;
635 1852 756 1880 tanquam
774 1845 827 1872 Eva
850 1844 916 1871 laeta
930 1844 963 1871 de
980 1844 1019 1870 la-

232 1903 287 1925 tere
298 1895 454 1923 dormientis
468 1893 550 1920 Adam
561 1913 567 1924 ,
582 1892 625 1926 qui
638 1896 694 1918 erat
708 1890 790 1916 fornia
804 1889 894 1916 futuri.

267 1941 379 1969 CAPUT
392 1940 486 1967 ΧΨ-
496 1939 538 1965 15.
550 1937 644 1971 Josrph
659 1942 680 1963 et
699 1935 852 1962 A'irodeinus
865 1933 1019 1968 sepelientes.

232 1989 308 2023 Quod
322 1986 419 2021 J-isepli
434 1991 457 2012 et
472 1984 630 2012 Nicodeiiius
644 1991 702 2009 eum
719 1981 850 2015 sepeliant
864 1980 953 2015 (Joan.
965 1987 1019 2010 xui,

233 2034 329 2070 5l—-i&2)
343 2042 349 2066 ;
363 2034 427 2060 sicut
446 2030 564 2058 nonnulli
579 2030 682 2056 nomina
699 2026 860 2061 interpretati
873 2029 935 2052 sunt
948 2046 955 2057 ,
975 2024 1021 2051 Jo—

234 2081 298 2115 seph
314 2080 500 2113 interpretatur
514 2076 613 2102 Auctus
626 2083 633 2107 ;
648 2072 808 2101 Nicodamus
837 2076 925 2097 atttcm
938 2091 945 2103 ,
962 2070 1021 2104 quia

235 2134 329 2154 nomen
341 2129 381 2152 est
410 2130 523 2159 grwcum
534 2143 541 2153 ,
557 2120 676 2156 pluribus
688 2123 777 2145 notum
791 2122 832 2144 est
843 2116 911 2151 quod
930 2124 961 2143 cx
985 2115 1022 2141 vi-

235 2171 317 2198 ctoria
330 2174 356 2196 et
383 2169 478 2203 populo
492 2167 525 2193 sit
540 2166 731 2199 compositum;
749 2163 809 2197 quia
833 2170 892 2191 νῖκος
909 2161 1022 2187 .victoria

236 2221 277 2244 est
289 2237 295 2247 ,
311 2218 381 2247 δῆμος
396 2212 516 2247 populus.
533 2210 597 2243 Quis
610 2214 651 2236 est
664 2215 726 2242 ergo
748 2206 884 2233 moriendo
908 2209 1000 2232 attctus
1015 2225 1022 2236 ,

238 2262 287 2289 nisi
302 2262 344 2295 qui
359 2260 422 2287 dixit
434 2280 441 2291 ,
457 2258 568 2284 Granum
584 2256 658 2281 tritici
679 2255 700 2280 si
717 2262 764 2279 non
781 2254 919 2284 moriatur,
943 2251 1023 2278 solum

238 2313 362 2338 remanet;
376 2307 396 2332 si
410 2310 491 2331 autem
505 2303 638 2331 moriatur,
655 2300 835 2334 multiplicatur
848 2298 901 2334 (Id.
915 2306 964 2329 xtl,
978 2297 1022 2329 2i,

237 2354 305 2390 25)?
319 2354 348 2380 Et
361 2352 419 2387 quis
433 2352 510 2378 etiam
530 2347 665 2375 moriendo
685 2350 880 2380 persecutorem
901 2344 1024 2378 populoin

238 2400 298 2427 \icit
312 2421 318 2432 ,
336 2398 385 2425 nisi
400 2397 443 2431 qui
460 2403 507 2423 eos
519 2392 683 2428 resurgendo
701 2390 847 2426 judicabit?

472 2460 587 2488 SEMIO
600 2457 722 2487 CCXIX‘
739 2456 786 2493 (ιι).

477 2534 501 2554 in
511 2534 520 2552 \
528 2528 600 2560 igiliis
608 2528 710 2557 l‘aschzc,
723 2530 729 2550 i
738 2525 783 2557 (ὁ).

281 2587 379 2622 νὲςιὶιὶατ
401 2592 488 2611 sacra}.
506 2581 665 2609 Celcbrantla:
691 2579 823 2614 quomodo.
849 2577 942 2604 Beatus
962 2577 1029 2604 Pati-

241 2633 283 2660 lus
307 2631 442 2666 apostolus
469 2628 612 2656 csliortans
639 2633 687 2651 nos
702 2624 733 2651 ad
755 2623 926 2650 imitationem
942 2630 1027 2653 suam,

274 2735 283 2751 ¹
297 2733 384 2764 Regius
404 2731 479 2756 codex
494 2747 501 2758 ,
520 2725 709 2760 pra'iiuntianda.

274 2777 283 2786 ⁶
295 2774 438 2799 Emendatus
450 2777 485 2796 est
498 2771 526 2794 ad
539 2778 558 2794 r.
569 2774 586 2793 t.
600 2777 621 2792 v.
635 2772 659 2793 et
670 2771 723 2791 Lov.

276 2817 311 2845 (ti)
327 2815 393 2842 Alias,
405 2814 435 2837 de
448 2812 552 2845 Diversis
560 2812 598 2845 _'iT.

323 2833 593 2874 ιὶί“ῒῖ‹ἰ›ζέίζιὶι’ὶίιὲιὶξιιιυ,
606 2847 656 2869 cap.
675 2839 709 2867 l0,
730 2837 818 2868 l.'gitltr
832 2843 836 2859 :
863 2845 873 2858 ιι
885 2839 927 2859 t‘er
941 2833 1035 2866 vigilias

244 2873 339 2901 Fuscine
353 2879 466 2899 tractatus
479 2873 560 2902 \igiitti
575 2876 632 2895 ti‘es.
644 2878 654 2891 ιι

821 156 848 183 S.
869 152 981 182 Λεῦυὲ
988 149 1049 178 llNl
1069 149 1217 179 EPISCOPI

1770 152 1835 180 1088

1048 207 1114 234 inter
1135 207 1184 234 alia
1198 207 1278 234 multa
1299 215 1353 234 sum
1378 207 1481 234 virtutis
1508 207 1617 241 insignia
1634 229 1640 239 ,
1655 207 1717 235 dicit
1733 210 1812 236 etiam
1827 218 1835 236 ε

1048 251 1080 278 1η
1108 252 1198 286 vigiliis
1221 253 1312 286 swpius
1335 252 1368 285 (ll
1394 252 1453 279 Cor.
1489 260 1536 284 iii,
1564 252 1620 287 ‘27).
1646 254 1750 286 Quanto
1775 262 1836 289 ergo

1048 298 1164 325 alacrius
1185 298 1210 324 iii
1238 298 1287 325 hac
1311 298 1412 333 vigilia,
1428 298 1501 325 velut
1520 304 1605 325 matre
1630 303 1748 327 omnium
1763 308 1838 328 saue-

1050 348 1134 371 taruui
1157 344 1319 378 vigiliarum,
1347 344 1454 378 vigilare
1471 344 1617 377 debemus,
1643 345 1668 372 in
1691 353 1743 380 qua
1769 351 1837 373 totus

1050 389 1142 423 vigilat
1156 389 1290 416 mundus?
1306 390 1363 416 Non
1377 390 1420 416 ille
1436 390 1548 417 mundus
1560 411 1566 422 ,
1588 390 1621 418 de
1640 399 1691 426 quo
1710 392 1837 427 scriptum

1051 439 1092 461 est
1108 443 1115 461 :
1130 434 1160 461 Si
1173 435 1228 469 quis
1236 435 1350 462 dilexerit
1363 435 1500 467 mundum,
1515 444 1563 462 non
1576 441 1611 463 est
1623 437 1735 464 Charitas
1755 437 1840 465 Patris

1051 480 1078 506 in
1092 481 1134 507 illo
1152 489 1159 507 :
1172 482 1290 514 quoniam
1302 482 1388 508 omnia
1398 489 1454 516 qua!
1466 482 1491 508 in
1506 482 1599 508 mundo
1624 488 1701 515 sunt,
1722 484 1842 516 concupi-

1053 526 1146 551 scentia
1160 529 1242 553 rarm’s
1255 531 1302 558 est,
1310 531 1333 553 et
1344 527 1544 561 concupiscentia
1558 528 1701 560 oculorum,
1712 533 1736 554 et
1758 528 1841 554 ambi~

1054 571 1088 596 tio
1100 571 1186 597 sa-culi
1199 591 1205 601 .
1218 579 1273 605 qua:
1284 579 1333 597 non
1349 576 1383 598 est
1406 579 1421 597 a
1437 571 1513 597 Patre
1524 571 1545 606 (Ι
1555 571 1631 598 Joan.
1645 580 1662 598 ii
1673 592 1680 603 ,
1699 572 1732 599 l5
1744 578 1768 599 et
1786 572 1840 607 16).
1852 593 1854 595 -

1055 614 1145 642 Talem
1160 616 1256 649 quippe
1269 616 1395 642 mundum
1408 636 1415 648 ,
1429 616 1453 643 id
1466 622 1506 643 est
1522 616 1589 643 ﬁlios
1605 616 1768 644 inﬁdelitatis
1778 639 1786 651 ,
1803 625 1843 645 re-

1054 665 1119 694 gunt
1142 660 1239 687 diaboli
1255 666 1281 687 et
1294 662 1378 696 angeli
1395 662 1470 695 ejus:
1487 667 1579 689 contra
1602 670 1668 696 quos
1694 663 1771 691 nobis
1785 671 1843 691 esse

1055 706 1269 732 Colluctationein
1283 706 1352 733 idem
1365 707 1429 733 dicit
1441 707 1592 741 apes-tolus.
1606 708 1648 735 ubi
1662 709 1719 740 ait,
1738 708 1798 735 Non
1809 715 1843 736 at

1057 752 1127 777 nobis
1140 751 1281 778 colluctatio
1305 752 1425 778 adversus
1446 760 1545 779 carnem
1574 758 1596 779 ct
1622 754 1788 788 sanguinem,
1801 755 1845 781 sed

1057 795 1187 831 adversus
1200 796 1324 831 principes
1347 801 1369 822 et
1385 802 1530 831 potestates.
1554 803 1577 823 et
1598 803 1704 825 rectores
1734 800 1843 831 mundi,

1058 841 1213 867 tenebrarum
1224 841 1315 868 [tarum
1327 841 1431 877 (Ep/tes.
1447 850 1483 874 v1,
1495 841 1548 877 12).
1562 843 1637 876 Quod
1652 849 1677 871 et
1689 852 1738 871 nos
1748 844 1845 872 fuimus

1057 886 1216 920 aliquando,
1233 894 1302 913 nunc
1315 891 1400 914 autem
1417 887 1461 914 lux
1477 888 1502 914 in
1522 888 1643 915 Domino.
1667 888 1739 916 Luce
1758 890 1845 924 itaque

1059 931 1220 965 vigiliarum,
1245 932 1400 958 resistamus
1424 932 1570 959 rectoribus
1594 933 1775 961 tenebrarum.
1790 934 1845 961 Non

1059 983 1122 1009 ergo
1137 976 1181 1002 ille
1194 975 1306 1003 mundus
1321 977 1346 1002 in
1360 976 1408 1003 hac
1427 976 1594 1004 Soleinnitate
1607 978 1694 1012 vigilat
1709 987 1715 1004 :
1730 978 1778 1005 sed
1805 980 1846 1007 ille

1061 1021 1094 1048 de
1108 1029 1160 1055 quo
1173 1022 1269 1048 dicitur
1279 1042 1285 1054 ,
1301 1021 1368 1049 Deus
1381 1028 1434 1048 erat
1445 1022 1470 1048 in
1481 1022 1578 1049 Christo
1596 1024 1718 1049 mundum
1736 1026 1845 1050 reconci-

1062 1066 1126 1092 lians
1141 1067 1204 1098 sibi,
1218 1075 1267 1093 non
1279 1072 1397 1100 reputans
1408 1067 1460 1093 illis
1481 1067 1571 1094 delicta
1584 1075 1669 1094 eorum
1684 1068 1716 1103 (ll
1744 1069 1802 1095 Cor.
1816 1078 1845 1102 v,

1063 1111 1117 1145 l9).
1133 1111 1287 1146 Quanquam
1303 1116 1354 1138 tam
1368 1112 1439 1138 clara
1454 1112 1487 1139 sit
1502 1112 1595 1146 vigilia:
1620 1112 1698 1147 hujus
1710 1113 1846 1141 celebritas

1063 1162 1117 1184 toto
1130 1158 1193 1185 orbe
1204 1162 1334 1185 terrarum
1345 1178 1352 1190 ,
1368 1163 1395 1184 ιιι
1408 1158 1488 1185 etiam
1497 1158 1556 1185 illos
1567 1158 1675 1193 vigilare
1688 1166 1767 1186 carne
1778 1167 1846 1186 coni-

1063 1204 1163 1238 pellat,
1180 1204 1223 1238 qni
1237 1204 1333 1238 corde,
1350 1210 1402 1229 non
1415 1203 1500 1230 dicam
1514 1223 1521 1235 ,
1537 1203 1671 1230 dormiunt
1683 1225 1690 1237 ,
1704 1204 1757 1232 sed
1773 1209 1849 1231 tarta-

1064 1257 1107 1277 rea
1122 1250 1255 1284 impietate
1277 1249 1371 1284 sepulti
1399 1254 1468 1275 sunt.
1485 1249 1599 1283 Vigilant
1612 1249 1691 1276 etiam
1707 1248 1755 1284 ipsi
1775 1256 1849 1277 nocte

1015 1316 1017 1319 π
1064 1296 1131 1328 ista,
1146 1295 1178 1322 de
1192 1303 1242 1329 qua
1267 1295 1346 1321 etiam
1362 1294 1498 1322 visibilitcr
1522 1294 1660 1326 redditur,
1687 1295 1756 1329 quod
1780 1300 1849 1322 tanto

1065 1345 1126 1368 ante
1138 1342 1298 1376 promissum
1310 1346 1350 1368 est
1365 1349 1371 1367 :
1389 1333 1421 1366 lit
1433 1348 1484 1367 no.1:
1503 1345 1621 1375 tanquam
1634 1341 1686 1367 diu
1704 1341 1850 1368 illuminat-i-

1067 1392 1107 1414 tur
1121 1387 1206 1423 (Psal.
1221 1395 1356 1418 csxxvni,
1375 1386 1430 1421 1:2).
1448 1385 1489 1412 Fit
1502 1385 1551 1412 hoc
1567 1386 1593 1411 iii
1606 1385 1729 1413 cordibus
1739 1387 1849 1421 piorum,
1893 1391 1897 1394 ‘

1066 1432 1161 1467 quibus
1175 1432 1273 1459 dictum
1288 1436 1328 1458 est
1344 1439 1351 1458 :
1373 1430 1470 1457 Fuistis
1495 1430 1632 1464 aliquando
1647 1430 1768 1461 tenebrtz,
1789 1438 1850 1457 nunc

1067 1482 1150 1504 autent
1165 1477 1209 1504 lux
1221 1477 1246 1503 in
1256 1476 1365 1503 Domino
1377 1475 1483 1511 (Ep/tes.
1500 1483 1514 1501 v
1526 1496 1533 1508 ,
1546 1476 1584 1509 8).
1599 1475 1641 1502 Fit
1657 1475 1709 1503 hoc
1725 1476 1804 1502 etiam
1827 1476 1851 1502 in

1067 1523 1170 1549 aemulis
1182 1522 1300 1565 omnium
1318 1522 1342 1553 ¹,
1360 1526 1386 1547 et
1400 1521 1444 1555 qui
1456 1521 1546 1547 vident
1570 1521 1594 1546 iu
1616 1520 1746 1552 Domino,
1763 1526 1790 1547 et
1811 1521 1852 1555 qui

1068 1568 1186 1595 invident
1201 1567 1321 1594 Domino.
1338 1566 1432 1600 Vigilat
1448 1573 1512 1600 ergo
1526 1567 1574 1592 ista
1600 1570 1678 1593 nocte
1700 1570 1727 1593 et
1744 1566 1853 1593 mundus

1070 1613 1208 1645 inimicus,
1232 1617 1258 1639 et
1280 1611 1392 1638 mundus
1414 1611 1607 1637 reconciliatus.
1632 1610 1726 1645 Vigilat
1741 1611 1805 1643 iste,
1828 1615 1854 1637 iit

1041 1662 1049 1669 '
1070 1657 1157 1685 laudet
1171 1658 1301 1684 medicum
1312 1657 1437 1683 liberatus
1453 1665 1459 1683 :
1477 1656 1565 1690 vigilat
1580 1656 1622 1683 ille
1633 1676 1641 1689 ,
1654 1661 1683 1683 ut
1695 1656 1855 1691 blasphemet

1068 1704 1184 1738 judicent
1210 1703 1411 1730 condemnatus.
1440 1702 1531 1735 Vigilat
1555 1701 1625 1734 iste,
1657 1702 1789 1728 mentibus
1810 1702 1855 1737 piis

1074 1749 1178 1776 fertt‘ns
1192 1755 1217 1775 et
1231 1749 1367 1775 lucesceiis
1383 1756 1390 1773 :
1408 1747 1494 1781 vigilat
1507 1747 1565 1778 ille,
1579 1747 1703 1775 dentibus
1720 1748 1774 1774 suis
1789 1747 1854 1775 ircu-

1072 1794 1137 1821 dens
1153 1799 1179 1821 et
1192 1794 1337 1821 tabescens.
1352 1793 1469 1828 Denique
1485 1793 1562 1819 istum
1577 1793 1692 1821 charilas
1702 1814 1708 1826 ,
1722 1794 1793 1820 illtiiii
1809 1794 1855 1820 iui-

1074 1842 1160 1875 qtiitas
1175 1848 1181 1865 :
1203 1840 1282 1867 istum
1298 1838 1457 1866 Christianus
1471 1839 1544 1873 vigor
1559 1859 1565 1870 ,
1582 1838 1653 1865 illum
1668 1838 1813 1866 diabolicus
1828 1839 1856 1865 li~

1075 1893 1122 1912 vor
1136 1892 1301 1919 nequaquam
1317 1884 1433 1910 (lol‘lllll‘c
1449 1883 1474 1910 in
1491 1884 1539 1910 hac
1552 1883 1706 1911 celebritate
1724 1884 1857 1919 permittit.

1076 1930 1151 1957 Unde
1175 1931 1208 1956 ab
1237 1930 1300 1964 ipsis
1323 1929 1401 1956 etiam
1426 1929 1523 1955 nostris
1549 1929 1662 1955 inimicis
1685 1929 1856 1956 nescientibus

1078 1976 1251 2002 admoncuur
1270 1973 1492 2009 quemadiizodum
1519 1974 1664 2001 debeamus
1687 1974 1793 2009 vigilare
1814 1981 1857 2008 pro

1075 2021 1152 2048 nobis
1164 2042 1171 2052 ,
1188 2020 1208 2046 si
1225 2024 1330 2054 propter
1344 2027 1392 2046 nos
1404 2018 1598 2053 vigilantetiain
1614 2019 1657 2053 qui
1679 2019 1795 2045 invident
1813 2025 1856 2044 no-

1076 2066 1126 2092 bis.
1142 2065 1238 2091 Eorum
1254 2064 1351 2099 quippe
1366 2064 1408 2098 qui
1424 2063 1495 2090 nullo
1522 2064 1600 2090 modo
1613 2063 1710 2091 Christi
1730 2069 1789 2090 sunt
1812 2070 1854 2090 uo-

1078 2111 1147 2138 inine
1173 2110 1318 2145 Consignati
1332 2131 1338 2142 ,
1368 2114 1454 2136 tamen
1483 2109 1533 2136 ista
1555 2114 1634 2136 nocte
1657 2110 1731 2136 multi
1752 2109 1851 2140 dolore,

1077 2157 1152 2184 multi
1170 2156 1288 2191 pudore;
1309 2155 1426 2181 nonnulli
1439 2155 1517 2181 etiam
1531 2155 1575 2189 qui
1591 2154 1652 2181 ﬁdei
1669 2155 1849 2189 propinquant,

1077 2203 1123 2229 Dei
1135 2203 1188 2237 jam
1203 2202 1295 2229 timore
1310 2209 1360 2228 non
1373 2201 1516 2228 dormiunt.
1535 2201 1651 2228 Diversis
1664 2202 1749 2228 causis
1765 2200 1852 2228 excitat

1077 2256 1122 2277 eos
1137 2249 1184 2275 ista
1198 2248 1362 2275 soleiiinilas.
1387 2247 1524 2280 Quomodo
1546 2254 1610 2281 ergo
1629 2247 1709 2275 debet
1728 2246 1849 2282 gaudendo

1079 2295 1187 2330 vigilare
1201 2294 1297 2322 Christi
1314 2293 1433 2325 amicus,
1455 2292 1559 2327 quando
1584 2298 1608 2319 et
1636 2293 1750 2320 dolendo
1775 2293 1846 2326 \‘igllul

1079 2340 1219 2368 inimicus?
1231 2339 1370 2374 Quomodo
1384 2339 1409 2366 in
1422 2343 1493 2365 tanta
1506 2337 1603 2365 Christi
1617 2338 1702 2373 gloria
1722 2338 1845 2365 inardescal

1080 2387 1188 2421 vigilare
1202 2385 1360 2412 Christianus
1371 2405 1377 2416 ,
1392 2384 1497 2418 quando
1510 2383 1643 2410 erubescit
1659 2384 1770 2410 dormire
1782 2389 1844 2417 paga-

1080 2432 1150 2461 nus?
1165 2430 1302 2465 Quomodo
1315 2430 1391 2457 decet
1404 2437 1465 2456 cum
1477 2449 1484 2461 ,
1497 2428 1538 2463 qui
1552 2428 1619 2455 hanc
1629 2428 1735 2455 domum
1746 2433 1846 2462 magnam

1081 2479 1205 2510 intravit,
1227 2478 1251 2503 in
1276 2481 1346 2503 tanta
1370 2475 1427 2510 ejus
1456 2475 1597 2502 festivitate
1618 2475 1745 2510 vigilare,
1760 2471 1848 2509 quando

1081 2526 1135 2560 jam
1151 2524 1239 2559 vigilat
1253 2523 1297 2557 qui
1312 2523 1428 2556 disponit
1443 2521 1562 2549 intrare?
1578 2521 1723 2556 Vigilemus
1739 2527 1796 2555 ergo
1806 2539 1812 2550 ,
1827 2521 1850 2545 et

1084 2577 1207 2602 oremus;
1224 2573 1250 2595 iit
1262 2572 1288 2595 et
1300 2567 1445 2594 forinsecus
1457 2570 1485 2593 et
1502 2566 1660 2594 intrinsecus
1678 2566 1742 2593 hanc
1753 2564 1851 2599 vigiliam

1084 2615 1259 2643 celebremus.
1268 2613 1337 2640 Deus
1351 2612 1428 2639 nobis
1441 2612 1562 2646 loquatur
1574 2612 1600 2639 in
1612 2611 1764 2639 lectionibus
1787 2610 1834 2637 suis
1847 2615 1854 2638 ἱ

1086 2661 1140 2688 Deo
1165 2660 1303 2694 loquamur
1325 2658 1350 2684 in
1366 2657 1488 2692 precibus
1507 2657 1614 2682 iiostr;s.
1643 2656 1669 2683 Si
1693 2656 1789 2690 eloquia
1807 2652 1856 2686 ejus

1084 2706 1240 2734 oliedienter
1265 2704 1403 2731 audiamus
1418 2724 1425 2735 ,
1450 2703 1476 2729 in
1504 2703 1579 2729 nobis
1605 2703 1704 2729 liahitat
1725 2710 1794 2735 quem
1814 2705 1854 2725 ro-

1084 2760 1185 2787 gamus.

1122 2858 1127 2872 ‘
1141 2858 1341 2884 't‘liecdet‘icensis
1355 2855 1489 2887 \ts.,at‘iiun
