3886 6188
327 293 452 349 1ὓ91

391 385 525 438 Cum
554 399 674 446 vos,
716 378 1043 436 dilectissnni
1066 417 1081 443 ,
1111 376 1175 430 ad
1202 375 1517 445 vigilandum
1555 381 1607 425 et
1636 369 1894 424 orandum

329 481 436 545 ipsa
465 476 772 531 solemnitas
806 483 1002 527 sanctte
1033 469 1192 537 hujus
1229 466 1396 520 noctis
1430 465 1704 527 hortetur;
1735 461 1896 515 etiam

321 578 563 625 nostrum
604 565 754 619 vobis
785 573 960 618 tamen
989 560 1298 615 solemniter
1334 557 1558 613 debetur
1583 552 1896 624 alloquium,

324 671 381 714 ut
405 661 659 713 adversus
686 654 980 710 contrarias
1010 659 1062 707 et
1091 649 1294 704 invidas
1325 655 1612 719 potestates
1638 653 1902 700 rectores-

318 767 420 820 que
449 750 810 810 tenebrarum,
839 746 980 800 velut
1006 753 1188 798 contra
1231 750 1516 796 nocturnas
1545 737 1770 805 bestias,
1798 735 1898 792 do-

321 842 571 895 minicum
594 855 801 910 gregem
820 839 976 892 etiam
1008 852 1105 890 vox
1137 835 1414 904 pastoralis
1444 833 1749 888 exsuscitet.
1778 827 1901 884 Non

322 943 392 986 est
437 934 564 986 enim
607 933 746 984 nobis
789 931 1074 984 colluctatio
1111 928 1348 982 adversus
1386 943 1588 980 carnem
1614 934 1660 978 et
1688 922 1899 994 sangui-

322 1043 454 1090 nem,
483 1025 620 1078 sicut
657 1023 942 1092 Apostolus
967 1021 1128 1086 dicit;
1157 1020 1206 1074 id
1237 1029 1343 1084 est,
1377 1017 1632 1072 adversus
1662 1013 1902 1068 homines

325 1116 531 1170 mortali
573 1129 794 1184 corpore
835 1113 1077 1167 inﬁrmos
1108 1129 1121 1163 :
1149 1110 1235 1163 sed
1277 1109 1515 1162 adversus
1560 1105 1809 1176 principes
1856 1086 1965 1170 etii

324 1215 610 1274 potestates,
634 1213 679 1257 et
704 1213 915 1258 rectores
941 1202 1115 1255 mundi
1137 1201 1450 1254 tenebrarum
1489 1198 1689 1261 harum,
1721 1192 1901 1245 aduer-

323 1311 408 1349 sus
447 1295 733 1364 spiritualia
773 1292 1006 1363 nequitia:
1043 1293 1093 1344 in
1124 1289 1398 1344 caelestibus
1428 1287 1643 1359 (Ephes.
1683 1301 1756 1348 v1,
1790 1282 1900 1353 12).

325 1387 432 1441 Nec
461 1387 580 1441 ideo
609 1400 736 1440 sane
776 1385 1043 1438 diabolum
1080 1392 1132 1436 et
1171 1382 1390 1451 angelos
1419 1380 1554 1448 ejus,
1587 1391 1720 1446 quos
1764 1377 1907 1442 Apo-

324 1478 493 1531 stolus
523 1477 603 1529 his
630 1475 806 1529 verbis
850 1474 1132 1543 signiﬁcat,
1179 1470 1358 1524 mundi
1400 1469 1556 1537 hujus
1591 1463 1905 1520 existimetis

328 1583 449 1621 esse
501 1575 756 1628 rectores,
789 1563 856 1618 de
879 1577 983 1632 quo
1025 1562 1279 1630 scriptum
1310 1568 1423 1623 est,
1455 1557 1520 1610 Et
1564 1555 1781 1609 mundus
1818 1568 1906 1608 tur

326 1676 436 1712 eum
462 1661 624 1730 factus
647 1666 717 1710 est
745 1655 922 1726 (Joan.
948 1670 983 1720 t,
1014 1653 1136 1723 10).
1165 1652 1298 1706 Nam
1331 1665 1425 1706 eos
1453 1660 1687 1704 rectores
1725 1644 1904 1700 mundi

326 1765 444 1802 cum
476 1749 631 1802 etiam
657 1748 768 1816 ipse
787 1746 1028 1809 dixisset,
1063 1760 1127 1799 ne
1152 1744 1268 1813 quis
1287 1740 1540 1796 mundum
1571 1739 1903 1806 intelligeret,

325 1840 412 1907 qui
459 1839 722 1906 plerisque
761 1836 1154 1903 Scripturarun'.
1187 1833 1314 1887 iocis
1356 1831 1474 1884 εαξιὶ
1516 1839 1568 1884 et
1613 1839 1767 1882 teme
1812 1841 1910 1878 no-

327 1927 470 1980 mine
511 1932 883 1992 nuncupatur;
911 1924 1166 1977 centinuo
1209 1932 1454 1990 tanquam
1483 1917 1796 1988 exponendo
1816 1916 1910 1970 ad-

329 2019 483 2082 didit,
516 2017 830 2070 tenebrcmm
857 2015 1057 2078 harum,
1089 2014 1188 2067 hoc
1213 2021 1314 2080 est,
1344 2011 1656 2066 inﬁdelium.
1688 2009 1911 2076 Propter

326 2109 465 2179 quod
495 2109 600 2178 jam
633 2107 873 2162 ﬁdelibus
912 2106 1069 2172 dicit,
1117 2105 1306 2158 Fuistis
1350 2103 1622 2174 aliquando
1657 2101 1869 2156 tenebrat
1890 2141 1905 2164 ,

330 2216 461 2253 nunc
503 2207 669 2252 autent
710 2199 799 2250 lux
831 2199 884 2250 in
914 2195 1130 2249 Domino
1154 2195 1172 2266 (
1191 2194 1380 2264 Ephes.
1409 2210 1461 2260 v,
1491 2194 1524 2249 8
1544 2195 1583 2264 ).
1614 2183 1748 2247 Sunt
1785 2205 1911 2260 ergo

329 2291 425 2344 ista
449 2288 738 2359 spiritualia
768 2287 1016 2358 nequitia:
1042 2287 1092 2340 in
1120 2285 1422 2342 cmlestibus
1443 2299 1588 2350 ,rnon
1614 2283 1699 2338 ubi
1734 2282 1907 2337 sidera

329 2381 582 2450 disposita
605 2379 875 2448 effulgent,
903 2389 957 2433 et
975 2379 1142 2435 sancti
1161 2378 1346 2447 Angeli
1365 2383 1791 2438 commorantur;
1817 2373 1911 2429 sed

330 2473 384 2525 in
414 2471 566 2540 hujus
590 2471 729 2524 aeris
759 2469 925 2523 inﬁmi
955 2468 1244 2537 caliginoso
1275 2466 1592 2532 habitaculo,
1615 2465 1706 2519 ubi
1732 2472 1785 2519 et
1815 2479 1911 2517 ne-

330 2562 451 2617 bula
483 2559 832 2630 conglobatur
870 2576 883 2611 :
915 2569 960 2613 et
987 2568 1160 2612 tamen
1187 2557 1442 2627 scriptum
1469 2566 1570 2622 est,
1604 2555 1704 2623 Qui
1729 2571 1912 2626 coope-

329 2655 395 2706 rit
422 2653 602 2706 caalnm
645 2651 859 2704 nubibus
887 2649 1055 2722 (Psal.
1084 2665 1268 2713 CXLVI,
1304 2651 1382 2719 8).
1411 2647 1512 2704 Ubi
1542 2657 1596 2702 et
1633 2663 1756 2701 aves
1783 2647 1914 2700 voli-

333 2755 448 2801 tant
471 2765 483 2799 :
508 2754 562 2800 et
577 2754 749 2799 tamen
774 2743 1020 2798 dicuntur
1043 2743 1267 2796 volatilia
1291 2743 1402 2796 ca’li
1423 2740 1592 2814 (Psal.
1620 2754 1769 2804 xm,
1803 2739 1910 2806 Η).

331 2837 388 2890 1η
419 2836 498 2890 his
523 2850 649 2904 ergo
678 2833 1001 2899 ctelestibus,
1032 2849 1138 2886 non
1169 2833 1218 2885 in
1245 2831 1336 2886 illa
1365 2830 1638 2900 superiore
1663 2828 1917 2898 tranquil-

333 2925 480 2980 litate
524 2925 856 2989 ςωιοειίυιιι,
916 2923 1154 2976 habitant
1192 2921 1278 2975 isti
1327 2920 1632 2991 nequissimi
1675 2919 1912 2988 spiritus,

332 3026 515 3071 contra
530 3030 664 3086 quos
682 3016 833 3070 nobis
846 3014 1146 3069 colluctatio
1163 3013 1448 3083 spiritualis
1463 3012 1743 3065 indicitur:
1767 3020 1821 3064 ut
1833 3009 1918 3064 dc-

332 3111 488 3166 victis
498 3109 700 3178 angelis
717 3108 892 3173 malis,
906 3108 998 3160 illo
1019 3107 1238 3176 prtemio
1257 3104 1611 3178 perfruamur,
1629 3118 1735 3173 quo
1753 3105 1790 3156 Α
1800 3117 1918 3172 nge-

333 3203 400 3258 lis
415 3201 571 3256 bonis
593 3201 894 3269 incorrupta
909 3199 1207 3254 mternitale
1225 3195 1668 3253 sociemur.Unde
1683 3193 1788 3248 alio
1801 3193 1918 3250 loco

334 3292 476 3348 idem
512 3289 814 3360 apostolus,
842 3304 964 3344 cum
997 3287 1319 3359 signiﬁcaret
1352 3287 1691 3343 tenebrosum
1722 3284 1916 3338 diaboli

335 3383 687 3457 principatum
713 3398 727 3436 :
756 3379 1049 3437 Secundum
1066 3379 1301 3450 spiritum
1316 3419 1334 3445 ,
1355 3378 1544 3449 inquit,
1565 3376 1742 3432 mundi
1767 3376 1918 3448 hujus

333 3475 612 3530 secundum
631 3471 909 3546 principem
927 3471 1185 3542 potestatis
1201 3471 1332 3526 aeris
1352 3470 1526 3540 hujus,
1547 3471 1634 3539 qui
1652 3484 1786 3524 nunc
1800 3484 1920 3538 ope-

332 3574 479 3620 ratur
508 3565 561 3618 in
587 3565 709 3634 ﬁliis
728 3563 1042 3634 inﬁdelitatis
1070 3560 1288 3633 (Ephes.
1318 3577 1373 3626 tl,
1403 3559 1484 3632 2).
1506 3559 1656 3627 Quod
1685 3573 1814 3630 ergo
1836 3566 1920 3614 est

334 3656 555 3728 spiritus
581 3656 762 3711 mundi
791 3655 980 3726 hujus,
1027 3656 1128 3710 hoc
1166 3662 1293 3710 sunt
1330 3661 1568 3709 rectores
1613 3651 1816 3707 mundi.
1851 3651 1920 3706 Et

335 3749 475 3804 sicut
502 3747 609 3802 illic
633 3747 879 3818 exposuit
904 3745 1030 3818 quid
1055 3745 1250 3801 dixerit
1277 3743 1554 3812 mundum,
1582 3743 1634 3798 in
1657 3745 1778 3814 [iliis
1797 3743 1918 3812 inﬂ-

338 3841 560 3896 delitatis
590 3856 610 3894 :
639 3840 718 3896 sic
743 3841 902 3895 etiam
934 3837 1040 3906 hic,
1071 3852 1193 3892 cum
1224 3835 1446 3902 addidit,
1472 3836 1790 3891 tenebrarum
1821 3835 1918 3888 ha-

337 3949 474 3987 rum.
515 3932 582 3987 Et
607 3931 750 4003 quod
784 3931 855 3985 ibi
891 3930 996 3993 ait,
1038 3929 1312 4001 principem
1343 3927 1598 3998 potestatis
1625 3928 1790 3996 aeris;
1818 3925 1919 3980 hoc

339 4025 446 4079 isto
467 4024 607 4091 loco,
645 4024 698 4077 in
725 4021 1023 4077 cmleslt'bus.
1066 4020 1278 4076 Gratias
1324 4019 1498 4090 itaque
1541 4019 1765 4074 Domino
1810 4019 1921 4073 Deo

339 4126 545 4183 nostro,
564 4116 653 4186 qui
670 4130 769 4170 nos
791 4113 930 4169 eruit
949 4113 1015 4168 de
1035 4121 1297 4183 potestate
1318 4111 1674 4178 tenebrarum,
1688 4123 1740 4166 et
1758 4123 1923 4166 trans-

339 4209 458 4263 tulit
483 4209 537 4264 in
567 4223 788 4280 regnum
818 4207 935 4261 Filii
959 4205 1232 4262 charitatis
1251 4220 1362 4260 sua:
1393 4205 1608 4278 (Coloss.
1635 4221 1672 4270 t,
1695 4205 1778 4272 12,
1805 4206 1918 4277 i3).

340 4300 426 4356 Ab
454 4300 558 4355 illis
582 4314 710 4370 ergo
741 4298 976 4354 tenebris
999 4298 1304 4368 evangelica
1336 4296 1454 4352 luce
1489 4297 1754 4363 distincti,
1780 4308 1833 4354 et
1855 4299 1922 4354 ab

341 4390 446 4444 illis
475 4389 824 4460 potestatibus
846 4389 1101 4459 sanguine
1139 4389 1369 4458 pretioso
1397 4389 1676 4458 redempti,
1714 4390 1923 4460 vigilate

339 4491 393 4536 et
418 4492 589 4548 orate,
621 4497 686 4536 ne
710 4482 917 4535 intretis
947 4480 998 4535 in
1029 4482 1371 4535 tentationcm
1405 4482 1614 4553 (Matth.
1639 4485 1918 4556 sum“).

342 4573 476 4626 Nam
507 4571 826 4642 quicumque
869 4569 1074 4626 habetis
1106 4569 1265 4624 ﬁdem
1304 4587 1421 4641 qua:
1461 4588 1554 4641 per
1587 4573 1922 4628 dilectionem

343 4670 596 4732 operatur
635 4659 829 4730 (Colat.
877 4675 932 4725 v,
975 4661 1064 4730 6),
1111 4659 1304 4715 missus
1351 4670 1432 4716 est
1474 4664 1718 4734 princeps
1768 4665 1924 4734 hujus

344 4751 528 4808 tnundi
559 4750 702 4806 foras
746 4765 775 4804 a
805 4749 1054 4806 cordibus
1083 4751 1274 4806 vestris
1302 4751 1486 4825 (Joan.
1536 4770 1627 4818 xu,
1667 4757 1758 4825 51)
1785 4775 1798 4812 :
1829 4756 1920 4811 scd

343 4843 639 4898 forinsecus
657 4851 901 4912 tanquam
929 4841 1011 4896 leo
1027 4843 1240 4912 rugiens
1272 4843 1459 4899 circuit
1496 4860 1741 4914 quterens
1764 4862 1921 4916 quem

342 4935 562 4991 devoret
581 4935 599 5006 (
614 4934 629 4988 Ι
655 4932 797 4989 Petr.
825 4950 878 5002 v,
909 4934 986 5005 8).
1019 4934 1132 4989 Non
1161 4950 1287 5006 ergo
1324 4935 1459 4991 detis
1488 4937 1660 4992 locum
1687 4937 1920 5006 diabolo,

342 5042 676 5098 quacumque
702 5042 770 5082 ex
807 5035 955 5096 parte
987 5037 1264 5097 penetrare
1297 5029 1492 5083 volenti
1523 5047 1534 5082 :
1567 5029 1658 5084 sed
1687 5031 1775 5100 qui
1802 5046 1923 5084 eum

344 5117 486 5173 foras
516 5118 662 5174 misit
689 5117 937 5186 patiendo
969 5133 1064 5186 pro
1095 5119 1264 5184 vobis,
1294 5119 1548 5174 adversus
1577 5135 1697 5175 eum
1728 5120 1926 5176 habitet

344 5211 489 5265 intus
515 5209 566 5264 in
588 5208 759 5264 vobis.
788 5208 921 5263 Cum
953 5209 1101 5264 vobis
1127 5209 1214 5264 ille
1240 5209 1623 5276 dominaretur,
1646 5211 1811 5279 fuistis
1831 5212 1926 5266 ali-

343 5301 544 5371 quando
571 5301 818 5364 tenebrw;
840 5316 973 5354 nunc
1001 5309 1169 5354 autem
1192 5301 1283 5355 lux
1309 5303 1360 5354 in
1393 5300 1608 5355 Domino
1639 5319 1657 5356 :
1681 5303 1809 5356 sicut
1831 5302 1926 5368 ﬁlii

345 5392 472 5447 lucis
493 5391 766 5446 ambulate.
791 5390 1061 5446 Adversus
1099 5391 1347 5447 tenebras
1376 5408 1664 5463 earumque
1693 5403 1926 5448 rectores

353 5485 404 5537 in
429 5492 598 5538 matre
651 5483 768 5538 luce
806 5483 1039 5552 vigilate,
1072 5495 1127 5538 et
1169 5483 1376 5538 Patrem
1425 5482 1684 5538 luminum
1712 5485 1778 5538 de
1808 5484 1924 5539 sinu

349 5579 531 5628 matris
555 5573 686 5628 lucis
711 5584 858 5630 orate
887 5575 923 5626 ¹.

353 5663 518 5774 ωέἕὶρ
537 5666 860 5727 manuscripti.
883 5666 999 5719 Editi
1020 5678 1154 5728 vero,
1186 5665 1234 5718 in
1258 5665 1363 5720 sinu
1387 5666 1556 5719 matris
1571 5673 1732 5730 orate;
1756 5669 1931 5718 omisso

1538 280 1594 337 S.
1639 276 2005 336 ΑυαυδτιΝι
2048 271 2341 330 EPISCOPI

3448 265 3597 322 £032

2435 357 2663 414 SRRMO
2701 355 2953 412 CCXXI"
2996 362 3010 378 ‘

2520 477 2566 518 In
2592 467 2775 532 vigiliis
2794 467 3004 528 Pascha,
3028 481 3074 516 ν.

2085 570 2132 623 1.
2161 568 2299 633 Dies,
2325 564 2498 634 ﬁdeles
2524 563 2782 633 baptismi.
2809 561 3054 616 Hortatur
3072 571 3125 614 ut
3145 561 3298 615 bonos
3311 561 3600 621 imitentur,

2009 659 2214 712 tolerent
2244 656 2422 710 malos.
2461 655 2515 707 ln
2551 640 2686 707 libro
2711 653 2799 722 qui
2835 651 3132 721 appellatur
3157 649 3412 716 Genesis,
3443 649 3600 706 Scri-

2010 758 2161 818 ptura
2183 747 2308 805 dicit
2335 765 2348 800 ;
2382 744 2447 798 Et
2479 745 2602 797 vidit
2631 743 2766 797 Deus
2793 744 2956 796 lucem
2985 742 3101 812 quia
3131 741 3260 794 bona
3288 751 3378 794 est.
3417 739 3483 793 Et
3513 742 3603 792 di-

2008 837 2120 890 visit
2151 835 2291 890 Deus
2330 836 2444 888 inte
2489 835 2644 886 lucem
2679 843 2724 887 et
2757 834 2982 886 tenebras
3008 848 3026 886 :
3053 840 3096 886 et
3125 831 3312 884 vocavit
3342 829 3480 884 Deus
3506 833 3601 884 lu-

2017 943 2114 992 gent
2151 926 2304 987 diem,
2332 934 2378 978 et
2405 923 2626 977 tenebras
2652 923 2842 977 vocavit
2865 935 3056 976 noctem
3091 919 3238 992 (Gen.
3271 937 3307 986 t,
3342 923 3393 987 ὁ,
3426 921 3502 990 5).
3534 920 3599 975 Si

2015 1033 2137 1087 ergo
2171 1018 2306 1070 Deus
2333 1014 2540 1069 vocavit
2565 1015 2703 1068 diem
2741 1014 2935 1078 lucem,
2966 1014 3082 1068 sine
3106 1013 3268 1067 dubio
3297 1011 3371 1067 illi
3400 1012 3598 1081 quibus

2015 1108 2133 1166 dicit
2163 1107 2435 1177 apostolus
2458 1107 2671 1168 Paulus,
2695 1104 2884 1158 Fuistis
2906 1103 3178 1174 aliquando
3199 1103 3431 1168 tenebris,
3462 1117 3599 1154 nunc

2011 1210 2174 1254 autem
2204 1199 2294 1252 lux
2321 1201 2372 1251 in
2407 1197 2618 1251 Domino
2642 1196 2857 1266 (Ephes.
2887 1211 2941 1261 v,
2973 1196 3054 1264 8),
3087 1195 3202 1249 dies
3228 1204 3379 1249 erant
3419 1213 3432 1246 :
3462 1208 3603 1261 quo-

2010 1292 2150 1346 niam
2181 1291 2267 1346 ille
2293 1290 2382 1360 qui
2408 1289 2563 1358 jussit
2587 1287 2655 1342 de
2677 1287 2912 1342 tenebris
2936 1287 3113 1340 lumen
3140 1285 3456 1349 clarescere,
3480 1278 3601 1336 iliu-

2014 1381 2232 1436 minavit
2255 1396 2346 1434 eos
2377 1379 2442 1451 (ll
2469 1378 2570 1431 Cor
2612 1394 2684 1443 εγ,
2715 1377 2793 1449 ε).
2823 1374 3053 1431 infantes
3079 1375 3162 1430 isti
3195 1375 3290 1446 (ὁ),
3317 1390 3452 1444 quos
3477 1391 3601 1428 cer-

2015 1473 2140 1526 nitis
2181 1470 2416 1528 exterius
2455 1469 2760 1534 dealbatos,
2799 1468 3124 1537 interiusque
3164 1467 3477 1529 inundatos,
3505 1465 3597 1534 qni

2013 1561 2244 1617 candore
2279 1561 2503 1615 vestium
2547 1559 2884 1629 splendorem
2930 1559 3186 1612 mentium
3232 1557 3593 1627 pra-ﬁgurant,

2013 1669 2132 1708 cum
2158 1663 2498 1723 peccatorum
2520 1665 2733 1706 suorum
2759 1659 2915 1703 nocte
2953 1657 3343 1720 prenterentur,
3367 1648 3604 1702 tenebrat:

2020 1744 2249 1798 fuerunt.
2287 1743 2436 1797 Nunc
2476 1751 2651 1796 autem
2683 1740 2803 1809 quia
2844 1739 3077 1792 mundati
3121 1747 3243 1792 sunt
3271 1737 3484 1790 lavacro
3514 1737 3602 1790 in-

2015 1832 2320 1904 dulgentia‘,
2354 1833 2476 1902 quia
2509 1831 2704 1902 irrigati
2734 1829 2879 1886 fonte
2919 1830 3223 1897 sapientia},
3249 1829 3370 1898 quia
3400 1826 3603 1898 perfusi

2014 1926 2131 1982 luce
2151 1925 2366 1996 justitize
2396 1944 2408 1978 :
2445 1923 2540 1978 llic
2560 1935 2630 1978 est
2659 1923 2764 1977 dies
2790 1939 2930 1993 quem
2954 1921 3067 1993 fecit
3083 1920 3355 1986 Dominus,
3381 1922 3606 1975 exsulte-

1973 2083 1978 2088 ,
2015 2036 2126 2074 ntus
2147 2028 2191 2074 et
2211 2017 2436 2072 laetentur
2462 2019 2513 2070 in
2543 2033 2598 2069 eo
2631 2013 2800 2086 (Psal.
2824 2029 2985 2079 cxvu,
3008 2011 3118 2084 24).
3149 2012 3342 2066 Audiat
3368 2027 3464 2066 nos
3485 2011 3604 2066 dies

2016 2109 2246 2174 Domini,
2281 2108 2457 2162 audiat
2501 2121 2598 2160 nos
2628 2106 2741 2160 dies
2765 2105 2932 2158 factus
2956 2119 2985 2155 a
3028 2103 3250 2157 Domino
3275 2119 3287 2154 :
3311 2102 3512 2168 audiat,
3544 2113 3604 2156 et

2017 2199 2296 2264 obaudiat;
2329 2209 2386 2252 ιιι
2421 2197 2746 2252 essultemus
2775 2203 2829 2250 et
2858 2195 3098 2248 laetemur
3123 2193 3174 2247 in
3203 2208 3288 2248 eo.
3312 2193 3597 2259 Quoniam,

2017 2292 2154 2345 sicut
2176 2291 2243 2344 ait
2275 2288 2583 2358 Apostolus,
2604 2286 2705 2341 hoc
2725 2295 2805 2340 est
2819 2285 3067 2355 gaudium
3097 2294 3151 2340 et
3171 2298 3366 2338 corona
3394 2291 3600 2350 nostra,

2016 2382 2058 2436 si
2087 2396 2182 2436 vos
2210 2380 2361 2435 statis
2389 2380 2440 2433 in
2469 2379 2694 2433 Domino
2723 2376 2981 2447 (Philipp.
3015 2393 3088 2444 tv,
3121 2375 3205 2446 1).
3240 2374 3434 2430 Audite
3473 2391 3604 2444 ergo

2019 2488 2137 2540 nos,
2168 2487 2201 2527 ο
2226 2471 2417 2530 novelli
2449 2470 2541 2526 ﬁlii
2569 2479 2729 2525 casta:
2763 2469 2982 2524 matris:
3014 2469 3121 2523 imo
3161 2467 3337 2524 audite
3361 2481 3481 2529 nos,
3511 2467 3605 2520 ﬁlii

2018 2565 2236 2637 virginis
2274 2562 2482 2620 matris.
2526 2561 2786 2630 Quoniam
2829 2560 2998 2632 fuistis
3041 2558 3317 2630 aliquando
3354 2559 3603 2620 tenebrat,

2019 2675 2152 2712 nunc
2175 2667 2342 2711 autem
2366 2655 2454 2710 lux
2479 2655 2530 2709 in
2553 2652 2770 2708 Domino
2799 2668 2818 2707 :
2847 2662 2902 2706 ut
2922 2652 3018 2722 ﬁlii
3038 2651 3164 2706 lucis
3183 2652 3453 2714 ambulate,
3485 2649 3609 2703 ﬁliis

2021 2749 2155 2804 lucis
2189 2748 2492 2812 adhatrete;
2532 2757 2692 2816 atque
2735 2754 2791 2798 ut
2832 2744 2933 2799 hoc
2965 2745 3135 2814 ipsum
3165 2743 3372 2814 planius
3393 2743 3604 2805 dicam,

2019 2839 2175 2894 bonis
2205 2837 2448 2892 ﬁdelibus
2469 2836 2752 2892 adhaerete.
2782 2834 2917 2892 Sunt
2945 2835 3115 2901 enim,
3146 2834 3287 2905 quod
3319 2835 3471 2905 pejus
3498 2844 3604 2896 est,

2020 2929 2204 2985 ﬁdeles
2236 2929 2380 2984 mali.
2422 2927 2557 2984 Sunt
2597 2928 2781 2983 ﬁdeles
2809 2929 2901 2999 qui
2937 2938 3214 2992 vocantur,
3243 2941 3296 2982 et
3323 2943 3429 2982 non
3456 2938 3609 2984 sunt.

2021 3018 2157 3074 Sunt
2191 3017 2393 3084 ﬁdeles,
2435 3019 2486 3073 in
2519 3019 2708 3088 quibus
2745 3029 3074 3073 sacramenta
3105 3017 3298 3072 Christi
3339 3020 3612 3087 patiantur

2022 3107 2269 3180 injuriam
2295 3126 2310 3164 :
2339 3107 2430 3178 qui
2458 3109 2535 3164 sic
2563 3109 2769 3176 vivunt,
2800 3117 2930 3164 utet
2953 3107 3052 3180 ipsi
3075 3116 3314 3178 pereant,
3332 3118 3386 3162 et
3409 3109 3611 3164 alteros

2022 3198 2267 3269 perdant.
2290 3198 2526 3255 Pereunt
2545 3200 2740 3270 quippe
2765 3198 2885 3270 ipsi,
2917 3200 3054 3256 male
3079 3199 3310 3256 vivendo
3337 3218 3351 3251 :
3380 3201 3614 3271 perdunt

2019 3303 2149 3345 vero
2167 3290 2318 3353 alios,
2347 3291 2486 3347 male
2511 3291 2720 3348 vivendi
2738 3293 2979 3362 exempla
3004 3291 3310 3360 praebendo.
3331 3291 3437 3348 Vos
3455 3308 3609 3363 ergo.

2023 3379 2376 3446 dilectissimi,
2408 3381 2571 3436 nolite
2601 3382 2793 3437 talibus
2815 3381 2987 3454 jungi.
3017 3383 3195 3438 Bonos
3218 3383 3475 3454 quaerite,
3508 3384 3608 3437 bo-

2023 3471 2107 3526 nis
2133 3470 2402 3526 adltmrcte
2427 3489 2440 3525 :
2464 3471 2586 3526 boni
2617 3482 2806 3528 estote.

2092 3560 2148 3615 2.
2172 3559 2431 3615 Bonorum
2456 3573 2502 3615 et
2523 3564 2769 3617 malorum
2788 3565 3056 3635 permixtio
3075 3566 3126 3619 in
3153 3563 3397 3620 Ecclesia.
3427 3564 3613 3634 Neque

2024 3653 2290 3710 miremini
2332 3655 2720 3712 multitudinem
2747 3658 3155 3714 christianorutn
3187 3661 3447 3715 malorum
3468 3701 3485 3725 ,
3518 3661 3611 3731 qni

2025 3744 2306 3800 ecclesiam
2351 3745 2611 3816 implent,
2642 3747 2732 3818 qui
2761 3748 2826 3804 ad
2855 3749 3024 3806 altare
3057 3752 3492 3816 communicant,
3521 3751 3614 3820 qui

1978 3895 1983 3904 ,
2025 3834 2356 3906 episcopum,
2387 3838 2467 3891 vel
2497 3837 2862 3909 presbyterum
2889 3839 2956 3896 de
2977 3839 3129 3895 bonis
3156 3841 3398 3897 moribus
3423 3841 3613 3911 dispu-

2029 3934 2225 3980 tantem
2269 3928 2474 3996 magnis
2508 3930 2727 3984 vocibus
2766 3930 2982 3986 landant
3023 3951 3037 3986 :
3075 3947 3168 4003 per
3191 3949 3328 4004 quos
3363 3934 3616 4004 impletur

2026 4015 2166 4085 quod
2195 4029 2547 4089 congregator
2575 4030 2757 4074 noster
2787 4021 3030 4090 pra-dixit
3059 4024 3109 4077 in
3136 4023 3372 4090 Psalmo,
3398 4025 3614 4078 Annuu-

2026 4107 2176 4172 tiavi,
2199 4115 2245 4160 et
2275 4107 2471 4162 locutus
2498 4127 2630 4175 sunt,
2659 4111 2982 4182 multiplicati
3015 4123 3130 4167 sunt
3164 4131 3319 4184 super
3346 4132 3615 4170 numerum

2028 4197 2474 4274 tPsal.xxxnx,G).
2492 4201 2546 4256 In
2570 4202 2806 4258 Ecclesia
2823 4203 2976 4275 hujus
2991 4207 3245 4276 temporis
3261 4217 3482 4277 possunt
3495 4223 3617 4264 ω

2027 4289 2304 4346 nobiscum
2331 4309 2346 4345 :
2378 4291 2430 4345 in
2459 4291 2547 4346 illa
2578 4308 2725 4359 vero,
2757 4310 2876 4364 qua:
2907 4304 3027 4365 post
3053 4299 3507 4353 resurrectionem
3532 4299 3616 4354 fu.

2031 4391 2146 4435 tura
2172 4391 2276 4448 est,
2301 4384 2710 4453 congregatione
2736 4396 3040 4440 sanctorum
3067 4402 3185 4441 esse
3213 4403 3320 4443 non
3345 4399 3613 4457 poterunt.

2032 4473 2266 4528 Ecclesia
2296 4476 2440 4529 enim
2466 4474 2625 4545 hujus
2653 4477 2906 4546 temporis
2944 4492 3085 4532 area:
3114 4490 3483 4549 comparatur,
3520 4482 3616 4533 lia-

2030 4565 2160 4620 bens
2188 4566 2350 4620 mixta
2375 4582 2536 4637 grana
2559 4583 2677 4622 cum
2707 4569 2888 4637 paleis,
2920 4569 3117 4626 habens
3140 4573 3434 4643 permixtos
3463 4575 3618 4629 bonis

2031 4656 2231 4723 malos;
2258 4656 2498 4713 habitura
2529 4669 2647 4728 post
2670 4658 2923 4729 judicium
2951 4662 3066 4716 sine
3094 4663 3217 4718 ullis
3246 4666 3402 4720 malis
3428 4682 3618 4720 omnes
3677 4647 3688 4654 ’

2031 4746 2219 4802 bonos.
2247 4748 2370 4803 llaec
2399 4764 2520 4805 area
2550 4751 2787 4807 continet
2808 4768 3034 4808 messem
3059 4755 3128 4808 ab
3158 4757 3430 4826 Apostolis
3455 4761 3618 4813 semi-

2031 4848 2230 4906 natam,
2263 4855 2293 4892 a
2318 4841 2660 4911 sequentibus
2689 4858 2856 4913 usque
2879 4843 2930 4899 in
2963 4859 3197 4915 praesens
3225 4855 3438 4918 tempus
3468 4850 3621 4903 bonis

2030 4930 2339 4988 doctoribus
2375 4933 2665 5004 irrigatam,
2707 4951 2814 4990 non
2854 4951 3041 5006 parum
3076 4939 3233 4992 etiam
3276 4919 3621 4994 inimicorum

2033 5023 2403 5093 persecutione
2431 5025 2752 5092 contritam;
2783 5026 2880 5081 sed
2907 5028 3047 5094 quod
3069 5029 3240 5082 solum
3272 5040 3462 5096 restat,
3497 5048 3625 5084 tnui-

2034 5115 2159 5170 dum
2207 5131 2433 5186 superna
2472 5117 2819 5174 ventilatione
2864 5131 3160 5190 purgatam.
3204 5119 3395 5176 Veniet
3439 5134 3624 5177 autem

2035 5208 2125 5262 ille
2145 5207 2214 5264 de
2235 5223 2342 5278 quo
2368 5209 2675 5264 reddidistis
2713 5211 2764 5266 in
2797 5211 3072 5282 Symbolo,
3104 5211 3227 5267 Inde
3255 5222 3515 5268 venturus
3545 5228 3632 5272 est

2033 5299 2273 5368 judicare
2309 5301 2456 5353 vivos
2485 5310 2540 5355 et
2580 5312 2816 5357 mortuos
2841 5320 2853 5355 :
2883 5311 2954 5366 et,
2985 5304 3124 5357 sicut
3152 5303 3503 5376 Evangelinm
3549 5307 3629 5361 lo-

2038 5389 2237 5459 quitur,
2263 5390 2457 5444 habebit
2487 5393 2812 5446 vcntilabrum
2846 5393 2898 5447 in
2936 5409 3088 5446 manu
3115 5410 3227 5457 sua,
3255 5404 3304 5448 et
3325 5401 3634 5468 expurgat-it

2102 5550 2116 5565 °
2145 5546 2431 5597 Emendatus
2453 5550 2508 5598 ad
2549 5549 2596 5598 d.
2626 5565 2663 5599 r.
2688 5559 2720 5600 t.
2745 5566 2788 5599 γ.
2818 5557 2924 5600 Lov.

2103 5607 2175 5668 (α)
2200 5607 2339 5667 Alias,
2362 5609 2424 5658 de
2449 5613 2657 5662 Diversis
2671 5613 2746 5662 81.

2099 5668 2175 5741 ςὺ)
2214 5677 2309 5741 ttae
2340 5674 2533 5722 nomine
2572 5677 2802 5726 vocat-ant
2843 5676 3073 5739 Baptism
3118 5677 3374 5732 novissime
3410 5696 3616 5739 renata-5

2047 5726 2230 5782 εῑὶθῐὴδὶ
2256 5739 2400 5783 aetate
2424 5747 2589 5786 senes,
2905 5726 2918 5739 '
3123 5726 3128 5727 '
3159 5726 3171 5728 ‘
3212 5726 3372 5732 ""-~
3410 5726 3570 5739 -~—-—
3593 5726 3635 5753 ν,
