3934 6188
272 1098 315 1227 ’ἲ

349 271 488 329 1093

358 409 520 446 aream
551 408 696 445 suam
714 409 731 453 ;
753 404 798 446 et
818 408 1035 461 caugieg
1056 395 1141 442 .tit
1164 393 1380 444 triticum
1414 408 1562 444 suum
1588 391 1638 443 in
1672 391 1925 445 horreum.

354 485 525 544 valeas
561 492 729 538 autem
764 483 1019 538 comburat
1046 484 1149 552 igni
1176 484 1567 555 iuexstinguibili
1595 481 1805 556 (Matth.
1837 499 1927 547 ιιι,

360 576 463 646 t2).
494 574 643 643 Quod
669 574 788 629 dico
806 574 1023 629 audiant
1051 582 1104 628 et
1123 575 1323 644 antiqui
1346 574 1549 630 fideles.
1570 573 1671 642 Qui
1707 587 1928 644 granum

363 677 574 728 ost.cum
595 673 825 719 tremore
846 665 1087 735 gaudeat,
1105 675 1160 721 et
1176 676 1500 735 permaneat,
1522 674 1576 721 et
1598 664 1666 720 ab
1686 679 1808 720 area
1825 678 1929 719 non

363 756 587 813 recedat.
627 754 743 810 Non
782 770 841 809 se
879 755 1080 825 judicio
1124 772 1221 811 suo
1263 756 1408 811 velut
1444 773 1477 827 a7
1520 756 1667 826 palea
1711 766 1932 812 conetur

362 861 546 901 exuere
572 864 585 898 :
617 846 866 916 quoniam
895 846 940 900 si
984 861 1043 903 se
1080 847 1303 902 voluerit
1347 847 1506 902 modo
1536 863 1565 901 a
1592 846 1742 917 palea
1771 861 1928 915 sepa-

350 953 489 1003 rare,
521 953 626 991 nou
659 937 854 1006 poterit
885 937 940 991 in
964 953 1086 993 area
1113 954 1445 1009 permanere.
1482 939 1549 993 Et
1576 955 1696 993 cum
1728 939 1932 994 venerit

350 1028 441 1084 ille
470 1028 559 1098 qui
586 1028 700 1082 sine
731 1043 914 1104 errore
942 1027 1227 1095 discernit,
1254 1028 1392 1099 quod
1423 1030 1476 1082 in
1501 1045 1624 1082 area
1656 1045 1762 1083 non
1788 1028 1933 1084 inve-

349 1119 509 1183 nerit,
536 1118 603 1172 ad
636 1117 884 1173 horreum
916 1134 1020 1173 non
1050 1119 1262 1173 levabit.
1297 1119 1565 1174 Incassum
1603 1134 1663 1174 se
1692 1118 1758 1172 de
1786 1118 1930 1188 spica

348 1219 476 1265 Sunc
514 1225 681 1280 grana
716 1208 991 1277 jactabunt
1010 1250 1025 1275 ,
1054 1226 1398 1280 quaecumque
1428 1226 1568 1265 nunc
1592 1210 1661 1265 ab
1686 1226 1809 1264 area
1840 1224 1929 1264 re-

348 1310 643 1356 cesserunt.
685 1298 996 1370 lmplebitur
1037 1301 1164 1356 illud
1209 1302 1456 1355 horreum
1481 1343 1496 1368 ,
1530 1310 1690 1370 atque
1716 1301 1932 1355 claude-

352 1399 459 1446 tur.
489 1390 755 1461 Quidquid
784 1402 932 1447 extta
961 1393 1305 1454 remanserit,
1328 1393 1539 1446 flamma
1560 1392 1803 1446 vastabit.
1832 1390 1932 1460 Qui

353 1498 482 1554 ergo
512 1483 683 1536 bonus
708 1493 807 1547 est,
838 1482 1137 1537 eharissimi
1159 1524 1174 1549 ,
1204 1484 1393 1537 toleret
1431 1483 1626 1536 malum
1657 1500 1670 1536 :
1698 1484 1786 1552 qui
1817 1498 1932 1536 ma-

351 1575 434 1629 lus
459 1585 559 1639 est,
584 1574 819 1628 imitetur
848 1574 1066 1628 bonum.
1097 1574 1152 1628 ln
1192 1574 1291 1627 hac
1317 1573 1512 1643 quippe
1548 1589 1673 1629 area
1716 1581 1934 1643 possunt

350 1665 404 1719 in
450 1665 629 1734 paleas
670 1680 834 1734 grana
873 1664 1131 1729 deficere;
1181 1674 1403 1735 possunt
1444 1681 1627 1721 rursus
1666 1681 1824 1733 grana
1865 1664 1933 1720 de

351 1754 521 1825 paleis
544 1754 914 1809 consuscitari.
946 1755 1193 1822 Quotidie
1234 1755 1366 1810 fiunt
1404 1755 1501 1810 ista
1521 1796 1537 1819 ,
1565 1755 1753 1810 fratres
1781 1754 1881 1808 mei
1915 1771 1928 1807 :

350 1847 510 1916 plena
535 1855 619 1902 est
642 1847 748 1901 vita
793 1847 909 1901 ha'e
952 1847 1224 1917 Suppliciis
1247 1856 1408 1917 atque
1441 1847 1661 1902 solatiis.
1685 1847 1933 1916 Quotidie

352 1940 446 2010 qui
474 1938 788 1993 videbantur
827 1939 985 2003 boni,
1027 1939 1277 1994 labuntur
1304 1950 1358 1994 et
1384 1948 1640 2009 pereunt:
1667 1949 1720 1994 et
1747 1952 1933 1994 rursus

351 2031 443 2100 qui
484 2030 798 2086 videbantur
842 2030 997 2094 mali,
1042 2038 1425 2085 convertuntur
1467 2039 1521 2085 et
1561 2031 1766 2086 vivunt.
1812 2028 1933 2085 Non

352 2123 459 2178 vult
486 2124 628 2179 enim
654 2122 789 2177 Deus
818 2131 1030 2176 mortem
1064 2123 1227 2193 impii,
1256 2131 1452 2175 tantum
1492 2132 1545 2175 ut
1575 2128 1850 2176 revertatur
1886 2130 1935 2175 et

351 2214 480 2267 vivat
530 2210 742 2285 (Ezech.
785 2228 951 2279 xvnt,
992 2212 1118 2284 25).
1164 2212 1359 2267 Audite
1389 2227 1506 2277 me,
1532 2227 1726 2282 grana;
1756 2210 1933 2267 audite

350 2318 467 2369 me,
503 2302 590 2372 qui
615 2303 746 2357 estis
771 2302 915 2372 quod
951 2317 1075 2358 esse
1106 2301 1355 2358 desidero
1380 2319 1393 2355 :
1416 2302 1594 2357 audite
1617 2317 1724 2369 me,
1745 2316 1928 2373 grana.

353 2392 531 2448 Nolite
578 2392 887 2449 contristari
936 2391 1003 2447 de
1050 2391 1405 2462 permixtione
1451 2393 1721 2462 palearum
1766 2408 1781 2446 :
1825 2406 1932 2447 non

349 2497 510 2541 erunt
536 2485 809 2541 vobiscum
836 2488 889 2539 in
911 2493 1191 2539 internum.
1217 2484 1480 2554 Quantum
1519 2492 1603 2540 est
1646 2482 1749 2541 hoc
1792 2484 1933 2555 quod

352 2577 545 2646 premit
573 2574 763 2645 palea?
785 2576 893 2631 Deo
911 2576 1109 2646 gratias
1123 2616 1136 2639 ,
1160 2575 1282 2645 quia
1312 2570 1442 2630 levis
1465 2583 1566 2630 est.
1594 2573 1703 2630 Nos
1731 2583 1934 2630 tantum
1964 2576 1979 2583 “

349 2682 513 2736 grana
542 2667 707 2721 simus
730 2708 745 2732 ,
775 2676 828 2721 et
855 2672 1282 2737 quantacumque
1320 2665 1514 2732 fuerit,
1545 2682 1651 2724 non
1672 2666 1930 2738 gravabit.

348 2757 550 2812 Fidelis
570 2768 652 2813 est
671 2757 813 2814 enim
845 2758 986 2813 Deus
1005 2799 1020 2824 ,
1052 2757 1143 2828 qui
1172 2772 1277 2812 non
1310 2758 1581 2827 permittet
1617 2772 1714 2813 nos
1742 2757 1934 2814 tentari

347 2864 508 2918 supra
541 2848 594 2905 id
617 2849 759 2919 quod
786 2864 1104 2919 possumus;
1147 2849 1243 2904 sed
1280 2848 1439 2904 faciet
1475 2865 1597 2904 cum
1644 2848 1935 2905 tentatione

348 2941 509 2994 etiam
553 2940 752 2995 exitum
772 2980 788 3006 ,
818 2950 877 2994 ut
912 2945 1176 2996 sustinere
1201 2940 1468 3010 possimus
1496 2939 1548 3012 (l
1580 2938 1698 2997 Cor.
1731 2955 1791 3007 ι,
1821 2940 1931 3010 13).

347 3029 584 3086 Audiant
608 3046 706 3084 nos
730 3037 786 3086 et
812 3030 1006 3100 paleae;
1029 3030 1346 3100 ubicumque
1370 3040 1514 3097 sunt,
1539 3030 1777 3085 audiant.
1801 3029 1937 3108 Nolo

349 3123 437 3177 hic
458 3123 565 3178 sint
589 3141 602 3177 :
631 3123 964 3192 alloquamur
987 3137 1079 3178 eas
1107 3132 1282 3178 tamen
1302 3163 1320 3190 ,
1357 3137 1426 3177 ne
1462 3121 1599 3177 forte
1640 3122 1767 3178 sint.
1795 3122 1936 3192 Ergo

347 3214 533 3270 audite
562 3229 671 3280 me,
702 3214 869 3283 palea:
893 3232 908 3268 :
930 3213 1196 3283 quamvis,
1218 3213 1261 3268 si
1282 3212 1496 3279 auditis,
1519 3212 1683 3283 palea:
1705 3227 1811 3268 non
1830 3214 1935 3270 eri-

350 3305 438 3360 tis.
460 3304 653 3358 Audite
677 3318 825 3373 ergo.
855 3303 1030 3359 Prosit
1050 3303 1201 3358 vobis
1221 3301 1314 3358 Dei
1335 3302 1605 3371 patientia.
1637 3300 1934 3358 Granorum

347 3380 685 3467 conjunctio,
717 3395 1063 3451 commonitio
1084 3437 1098 3461 ,
1127 3409 1290 3465 grana
1315 3410 1412 3450 vos
1437 3395 1613 3450 faciat.
1640 3393 1758 3449 Non
1785 3394 1935 3450 vobis

347 3487 544 3544 desunt
569 3487 767 3542 imbres
793 3487 1075 3541 verborum
1097 3485 1191 3541 Dei
1218 3502 1233 3538 :
1258 3500 1363 3540 non
1395 3485 1467 3541 sit
1492 3484 1692 3540 sterilis
1710 3484 1763 3538 in
1784 3483 1935 3538 vobis

349 3594 480 3648 ager
501 3576 617 3633 Dei.
637 3576 780 3648 Ergo
789 3575 1116 3641 revirescite,
1138 3574 1450 3645 granascite,
1470 3571 1935 3639 maturascite.Qui

352 3667 495 3723 enim
514 3681 609 3723 vos
629 3666 931 3734 seminavit,
952 3665 1127 3736 spicas
1146 3664 1258 3719 vult
1282 3664 1541 3731 invenire,
1573 3679 1678 3718 non
1702 3662 1900 3733 spinas.

792 3794 1022 3852 διεκιιο
1056 3793 1310 3850 ccxxw
1339 3798 1356 3817 ·
1387 3793 1484 3867 (α).

931 3887 1077 3937 ludie
1090 3887 1294 3949 Pascha),
1313 3901 1349 3936 ι.

441 3982 520 4036 Ad
546 3982 786 4053 papulum
812 3990 859 4035 et
883 3981 952 4035 ad
974 3979 1225 4053 Infantes,
1248 3996 1334 4034 seu
1359 3997 1416 4035 eo
1441 3980 1523 4034 die
1544 3980 1842 4052 baptizatos.

418 4074 646 4131 CAPUT
719 4070 1000 4129 PRIMUM.
1028 4101 1101 4112 —
1126 4073 1178 4127 1.
1206 4072 1382 4127 Gratia
1414 4072 1678 4143 baptizatis
1726 4071 1931 4126 collata.

348 4168 519 4224 Bonos
538 4168 790 4222 imitentur
810 4206 825 4232 ,
854 4181 954 4220 non
991 4165 1173 4219 malos.
1206 4164 1473 4220 llodieruo
1500 4164 1586 4220 die
1626 4166 1715 4235 qui
1757 4165 1931 4236 bapti-

352 4263 453 4318 zati
481 4269 625 4326 sunt,
653 4269 709 4316 et
732 4259 903 4315 renati
927 4267 1053 4314 sunt
1090 4257 1142 4312 in
1165 4256 1380 4313 Christo
1402 4256 1528 4312 Jesu
1553 4299 1568 4324 ,
1599 4257 1935 4326 alloquamur

349 4368 467 4421 eos,
489 4362 543 4408 et
568 4366 663 4407 vos
696 4351 747 4406 in
778 4351 855 4405 eis
875 4392 890 4415 ,
912 4357 968 4405 et
996 4349 1139 4419 ipsos
1167 4346 1223 4402 in
1252 4346 1419 4402 vobis.
1463 4347 1602 4402 Ecce
1626 4346 1751 4402 facti
1795 4348 1925 4403 estis

351 4444 586 4501 membra
622 4442 840 4500 Christi.
881 4440 938 4498 Si
975 4439 1219 4511 cogitetis
1256 4439 1379 4511 quid
1417 4438 1539 4495 facti
1566 4439 1717 4508 estis,
1739 4441 1923 4496 omnia

356 4551 476 4592 ossa
521 4545 694 4589 vestra
716 4533 894 4588 dicent
917 4533 933 4564 ¹
957 4549 970 4586 :
999 4530 1215 4585 Domine
1240 4571 1257 4598 ,
1283 4531 1396 4603 quis
1434 4529 1614 4586 similis
1646 4531 1734 4584 tibi
1761 4529 1929 4602 (Ρεαι.

417 4652 431 4681 ι
452 4653 501 4710 to
521 4643 1156 4710 quibusdammanuscriptis
1168 4642 1249 4710 hic
1442 4649 1752 4710 praenotatur,
1775 4644 1936 4696 Domi-

347 4708 460 4775 nira
481 4703 708 4775 in'albis;
734 4713 791 4757 et-
807 4708 856 4775 in
875 4703 1525 4775 iisdem,’ttegio‘scllicet'ac
1541 4703 1796 4775 Victorino,
1822 4720 1933 4767 pro-

353 4772 497 4836 lixius
513 4771 659 4820 habet
677 4763 948 4827 exordium,
967 4763 1072 4817 haec
1087 4768 1135 4836 in
1155 4763 1308 4815 verba
1321 4780 1333 4815 :
1615 4763 1935 4836 rquidem'per-

350 4833 466 4895 tinet
487 4845 665 4895 sermo,
699 4844 816 4895 quos
859 4842 977 4880 cura
1015 4833 1177 4895 nostra
1211 4827 1555 4895 complectitur.
1604 4827 1935 4895 Verumtamen

351 4893 505 4962 hodie
520 4884 779 4962 terminata
812 4894 1221 4962 wcrmnemomm
1242 4884 1533 4962 soleinnitate
1548 4925 1563 4949 ,
1590 4900 1671 4938 vos
1692 4888 1932 4962 alloquor,

351 4954 545 5005 novella
554 4952 773 5020 germina
806 4951 1100 5020 sanctitatis,
1126 4954 1407 5020 regenerata
1424 4960 1489 5020 ea;
1511 4962 1638 5020 aqua
1667 4958 1713 5000 et
1727 4951 1931 5020 spiritu,

351 5027 545 5083 {reg-mg;
554 5008 927 5083 pinnuesamen
941 5008 1290 5076 noveltumﬂlos
1303 5008 1456 5062 nostri
1466 5008 1735 5083 honoristet
1750 5008 1935 5083 ﬂuctus

351 5073 799 5141 laboris,'g¢ntdiu_m
812 5080 857 5125 et
872 5087 1046 5141 corona
1070 5073 1211 5132 mea:
1229 5085 1389 5123 omnes
1412 5073 1496 5131 qui
1512 5073 1649 5123 statis
1669 5073 1937 5141 in_bornino

350 5135 622 5207 ripauolic'is
648 5136 827 5207 verbis
843 5135 1169 5207 vos_attwuor
1191 5148 1209 5186 :
1232 5143 1352 5207 Ecce
1382 5146 1481 5207 no.3:
1512 5135 1936 5207 prtvcessit......I-:t

353 5197 515 5264 carnis
532 5214 701 5251 curam
717 5214 775 5251 ne
798 5197 1004 5264 feceritis
1022 5210 1070 5246 m
1100 5197 1587 5264 («tricapiscentiis’u
1610 5203 1662 5264 ut
1688 5197 1828 5264 ritum
1856 5198 1933 5264 in-

356 5258 530 5332 flantis,
551 5274 700 5332 quam
723 5257 1279 5332 sacramentonttamats.
1298 5262 1525 5332 Quotquot
1542 5257 1732 5332 eruntin
1751 5259 1937 5332 ('hristo

356 5318 581 5385 baptismi
597 5322 724 5381 estis,
744 5322 983 5385 Christum
998 5318 1267 5385 Ainduistis,
1291 5318 1421 5372 Facti
1432 5318 1568 5385 'eni-n
1594 5320 1705 5370 estis
1725 5321 1935 5385 membra

353 5380 546 5434 (1,3,,-
580 5392 634 5435 ει
663 5380 874 5449 (mimis
891 5382 1007 5448 quid
1038 5383 1153 5446 fam
1177 5382 1326 5449 estis;
1360 5381 1519 5449 omnia
1546 5393 1652 5432 ossa
1684 5389 1840 5449 vestra
1862 5384 1936 5435 di-

354 5451 491 5509 cent,
527 5454 621 5497 etc.
650 5444 765 5496 Ill-[id
805 5444 914 5495 "ere
936 5444 1087 5496 totum
1116 5457 1189 5506 rel
1209 5447 1341 5509 aries
1376 5446 1422 5493 in
1462 5454 1699 5509 Seriumne
1732 5444 1817 5493 1·ἱέ
1850 5454 1935 5509 Al:-

352 5507 587 5566 jcudieis.
614 5523 802 5558 necnon
824 5522 882 5557 ex
912 5510 1149 5569 prioribus
1175 5508 1335 5556 verbis
1357 5520 1422 5569 qu
1439 5506 1574 5555 edan
1602 5506 1734 5555 ia‘tio
1752 5506 1933 5557 Sermo-

353 5582 381 5615 ιι
392 5570 431 5616 is
448 5570 538 5620 563
554 5573 679 5620 inter
704 5572 1084 5632 Αιιέςιιδῐιδιςιιιοδ.

420 5632 661 5680 ’Collatus
682 5633 736 5679 ad
776 5647 815 5681 r.
837 5646 924 5679 rm.
955 5646 973 5679 ι
1024 5641 1117 5677 snt.
1147 5637 1217 5681 [ι’.
1249 5638 1347 5680 Par.
1369 5637 1475 5679 Luv.

420 5691 492 5755 (tt)
514 5693 650 5753 Alias,
670 5695 731 5744 de
749 5702 878 5756 tetu;
895 5707 980 5742 ore
1009 5693 1109 5741 itii.

1686 268 1918 343 SERMO
1955 267 2227 326 ccxxw.

3484 284 3615 343 tua:
3688 260 3693 267 ’

2040 401 2217 449 xxxiv,
2252 385 2516 457 l0)?Non
2557 387 2697 442 enim
2741 388 2898 456 digne
2940 389 3157 460 cogitari
3199 402 3370 462 potest
3417 395 3502 451 illa
3539 400 3623 452 tli-

2036 476 2215 543 gnatio
2238 476 2355 541 Dei,
2388 485 2443 531 et
2466 476 2646 533 deficit
2673 480 2848 535 omnis
2886 495 3063 535 sermo
3105 498 3397 555 sensusque
3424 486 3617 542 buma-

2038 581 2137 619 nus
2159 608 2172 631 ,
2202 566 2411 622 venisse
2453 569 2603 623 vobis
2626 570 2907 640 gratuitam
2949 572 3171 640 gratiam
3217 574 3376 629 nullis
3413 578 3619 634 meritis

2039 656 2476 724 prrecedentibus.
2511 658 2634 714 Ideo
2662 670 2716 714 et
2742 661 2908 737 gratia
2935 660 3144 729 dicitur,
3188 665 3309 733 quia
3338 669 3501 735 gratis
3518 668 3620 722 da-

2038 760 2141 804 tur.
2170 749 2338 817 Quam
2363 752 2630 822 gratiam?
2654 753 2721 809 Ut
2743 754 2858 809 sitis
2885 755 3121 810 membra
3142 756 3361 824 Christi,
3387 758 3476 813 lilii
3500 761 3617 828 Dei,

2038 852 2095 897 ut
2116 844 2234 899 sitis
2260 841 2453 899 fratres
2476 844 2649 901 Uuici.
2677 844 2732 901 Si
2761 847 2849 901 ille
2878 846 3094 912 Unicus,
3119 850 3259 905 unde
3285 867 3378 905 vos
3402 852 3617 917 fratres,

2037 935 2139 990 nisi
2165 936 2285 1006 quia
2314 936 2402 991 ille
2429 936 2627 992 Unicus
2676 946 2858 992 natura
2881 981 2894 1001 ,
2923 956 3017 994 vos
3041 944 3206 1010 gratia
3246 944 3436 998 fratres
3464 946 3620 1000 facti?

2035 1025 2168 1092 Quia
2188 1042 2314 1097 ergo
2342 1028 2582 1082 membra
2605 1027 2805 1084 Christi
2851 1031 2971 1084 lacti
2999 1034 3127 1088 estis
3150 1074 3167 1100 ,
3190 1034 3450 1091 admoneo
3475 1053 3572 1094 vos
3600 1057 3616 1094 :

2038 1117 2199 1170 timeo
2244 1116 2391 1172 vobis
2413 1159 2426 1183 ,
2463 1135 2567 1172 non
2600 1130 2799 1173 tantum
2843 1136 2871 1174 a
2912 1122 3167 1192 Paganis,
3198 1141 3302 1179 non
3337 1137 3538 1183 tantum
3586 1148 3619 1184 a

2036 1206 2230 1261 Judmis
2251 1250 2266 1274 ,
2296 1224 2398 1262 non
2428 1219 2632 1263 tantum
2660 1212 2726 1265 ab
2768 1211 3060 1278 hatreticis,
3092 1225 3346 1284 quantum
3388 1232 3420 1273 a
3467 1219 3619 1276 malis

2024 1296 2329 1354 Catholicis.
2348 1301 2537 1371 Eligite
2566 1304 2714 1357 vobis
2742 1305 2794 1357 in
2823 1307 3016 1374 populo
3039 1308 3134 1362 Dei
3156 1325 3289 1378 quos
3316 1311 3614 1368 imitemini.

2036 1387 2166 1440 Nam
2198 1389 2241 1442 si
2272 1390 2477 1443 turbam
2506 1392 2698 1445 imitari
2728 1394 3020 1461 volueritis,
3054 1396 3192 1451 inter
3229 1414 3422 1466 paucos
3448 1417 3618 1471 angu-

2037 1489 2174 1532 stam
2217 1481 2353 1533 viatn
2400 1481 2728 1537 ambulantes
2769 1500 2873 1537 non
2919 1486 3087 1539 eritis.
3133 1487 3405 1543 Abstinete
3454 1505 3547 1545 vos
3585 1509 3616 1546 a

2038 1568 2384 1624 fornicatione
2406 1613 2420 1638 ,
2454 1587 2481 1625 a
2511 1573 2707 1641 rapinis
2732 1614 2746 1637 ,
2772 1589 2802 1627 a
2839 1573 3108 1630 fraudibus
3133 1617 3147 1640 ,
3177 1592 3207 1630 a
3240 1579 3482 1647 perjuriis
3502 1621 3516 1643 ,
3549 1583 3618 1636 ab

2037 1658 2235 1714 illicitis
2262 1661 2420 1715 rebus
2443 1702 2459 1727 ,
2490 1678 2519 1715 a
2543 1662 2729 1733 jurgiis
2758 1680 2771 1715 :
2808 1665 3037 1720 ebrietas
3058 1668 3346 1735 repellatur
3368 1683 3398 1722 a
3427 1670 3576 1725 vobis
3600 1689 3615 1726 :

2035 1749 2354 1804 adulterium
2398 1750 2476 1805 sic
2517 1753 2697 1807 timete
2738 1750 3004 1823 quamodo
3054 1767 3314 1821 mortem;
3367 1770 3614 1826 mortem,

2034 1856 2141 1895 non
2185 1857 2303 1911 quae
2345 1842 2574 1897 animam
2617 1845 2775 1899 solvit
2823 1860 2855 1899 a
2892 1848 3272 1916 eorpore,sed
3303 1850 3395 1905 ubi
3438 1852 3615 1906 anima

2035 1946 2246 2002 semper
2268 1932 2475 1988 ardebit
2500 1950 2620 1989 cum
2642 1950 2887 2004 corpore.

2105 2022 2332 2080 CAPUT
2371 2024 2435 2080 ll.
2475 2055 2547 2066 —
2567 2024 2625 2079 2.
2642 2026 2820 2081 Carnis
2844 2035 3049 2097 peccata
3071 2028 3301 2085 diabolus
3322 2029 3447 2085 levia
3472 2032 3614 2101 facit,

2035 2130 2150 2169 cum
2184 2117 2283 2170 sint
2317 2118 2491 2188 gravia
2519 2127 2567 2172 et
2608 2116 2888 2188 mortifera.
2929 2118 3143 2176 Fratres
3187 2123 3323 2187 mei,
3359 2123 3452 2177 filii
3472 2126 3576 2180 mei
3597 2167 3614 2193 ,

2038 2202 2161 2258 filize
2186 2220 2342 2271 meae,
2372 2221 2587 2261 sorores
2613 2221 2769 2273 meat,
2801 2208 2914 2262 scio
2957 2224 3116 2280 agere
3142 2210 3410 2266 diabolum
3439 2223 3618 2282 partes

2036 2308 2162 2349 suas
2185 2333 2201 2361 ,
2230 2310 2327 2351 nec
2371 2296 2647 2366 quiescere
2690 2298 2832 2368 loqui
2878 2297 2932 2353 in
2977 2299 3227 2354 cordibus
3266 2316 3451 2356 eorum
3484 2319 3618 2373 quos

2036 2384 2298 2455 obligatos
2345 2386 2456 2442 suis
2498 2387 2725 2443 vinculis
2771 2397 2917 2445 tenet
2964 2406 2978 2443 :
3026 2391 3151 2445 seio
3184 2389 3614 2460 fornicatoribus,

2036 2476 2293 2532 adulteris
2318 2477 2408 2548 qui
2445 2479 2684 2534 contenti
2728 2494 2834 2534 non
2874 2489 2999 2534 sunt
3025 2480 3252 2552 conjuge
3278 2497 3372 2537 sua
3398 2524 3414 2549 ,
3438 2483 3620 2541 dicere

2036 2566 2307 2623 diabolum
2336 2567 2388 2622 in
2417 2567 2667 2624 cordibus
2695 2583 2901 2634 eorum,
2931 2570 3045 2625 Non
3077 2580 3203 2626 sunt
3226 2587 3415 2644 magna
3443 2576 3619 2630 carnis

2036 2666 2275 2727 peccata.
2304 2657 2499 2712 Contra
2528 2657 2665 2713 hanc
2701 2658 2896 2714 diaboli
2921 2662 3338 2717 susurrationem
3363 2664 3620 2720 debemus

2037 2746 2234 2804 habere
2261 2749 2454 2804 Christi
2481 2750 2918 2806 incarnationem.
2949 2752 3060 2807 Hoc
3085 2762 3167 2808 est
3188 2754 3326 2810 unde
3359 2755 3619 2812 Christia-

2037 2854 2137 2896 nos
2177 2841 2373 2911 decipit
2408 2840 2650 2897 inimicus
2695 2858 2789 2913 per
2829 2844 3004 2899 carnis
3048 2844 3323 2900 illecebras
3346 2889 3361 2913 ,
3393 2863 3512 2909 cum
3538 2851 3620 2905 eis

2039 2931 2163 2986 facit
2185 2932 2302 2987 leve
2330 2932 2473 3002 quod
2514 2948 2675 3004 grave
2702 2943 2802 3000 est,
2835 2934 2953 2990 lene
2989 2935 3131 3004 quod
3155 2949 3400 3006 asperum
3423 2981 3438 3004 ,
3464 2938 3621 2996 dulce

2036 3022 2178 3094 quod
2205 3039 2445 3079 amarum
2471 3032 2572 3077 est.
2600 3021 2705 3079 Sed
2724 3024 2850 3094 quid
2882 3026 3093 3095 prodest
3116 3027 3237 3095 quia
3257 3036 3470 3084 satanas
3494 3029 3622 3086 facit

2040 3116 2176 3180 leve,
2207 3115 2347 3187 quod
2375 3115 2622 3173 Christus
2650 3117 3101 3189 ostenditgrave?
3129 3119 3393 3192 Numquid
3422 3137 3617 3179 novum

2038 3208 2236 3278 aliquid
2287 3207 2412 3265 facit
2455 3208 2699 3264 diabolus
2744 3209 2924 3265 dicere
2968 3210 3285 3267 Christianis
3335 3212 3618 3270 fidelibus:

2036 3298 2180 3354 Nihil
2231 3315 2392 3370 grave
2438 3309 2524 3357 est
2571 3300 2715 3370 quod
2765 3301 3013 3358 facis?ln
3058 3316 3219 3358 carne
3261 3312 3348 3359 tua
3390 3319 3616 3374 peccas:

2038 3390 2291 3460 numquid
2322 3391 2373 3445 in
2419 3390 2655 3461 spiritu?
2679 3390 2856 3447 Facile
2881 3390 3091 3447 deletur
3112 3393 3289 3447 carnis
3315 3403 3613 3463 peccatum,

2040 3480 2196 3536 facile
2218 3496 2249 3535 a
2279 3481 2389 3536 Deo
2414 3483 2565 3537 venia
2592 3482 2784 3538 datur?
2807 3481 2941 3549 Quid
2970 3496 3218 3553 magnum
3247 3482 3405 3539 facit?
3432 3485 3621 3540 Artill-

2038 3571 2179 3626 cium
2207 3586 2359 3625 suum
2389 3569 2533 3636 facit,
2564 3571 2707 3642 quod
2737 3570 2792 3626 in
2819 3569 3064 3642 paradiso
3082 3570 3249 3636 dixit;
3278 3570 3616 3640 Manducate,

2040 3670 2085 3715 et
2112 3660 2249 3714 eritis
2291 3660 2419 3715 sicut
2446 3660 2557 3715 dii:
2583 3676 2898 3730 nequaquam
2943 3660 3248 3716 moriemini.
3287 3661 3428 3716 Deus
3465 3661 3619 3717 dixe-

2040 3759 2122 3805 rat
2149 3767 2163 3803 :
2195 3751 2307 3817 Qua
2327 3750 2409 3804 die
2428 3750 2865 3816 manducavaritis,
2893 3760 3054 3804 morte
3074 3752 3356 3805 moriemini
3377 3750 3528 3824 (Gen.
3560 3768 3617 3818 tt,

2041 3841 2154 3913 17).
2181 3838 2338 3897 Venit
2365 3841 2627 3906 inimicus,
2648 3848 2703 3895 et
2730 3840 2805 3895 ait
2833 3857 2847 3895 :
2880 3838 3002 3894 Non
3042 3842 3357 3907 moriemini,
3380 3843 3469 3897 sed
3494 3860 3619 3915 ape-

2038 3933 2233 3988 rientur
2252 3933 2386 3987 oculi
2409 3933 2577 4001 vestri,
2609 3941 2654 3987 et
2683 3932 2822 3988 eritis
2845 3932 2975 3987 sicut
3012 3932 3105 3987 dii.
3134 3933 3360 3989 Dimissa
3394 3944 3478 3990 est
3498 3935 3619 4005 jus-

2038 4025 2119 4080 sio
2154 4024 2246 4079 Dei
2270 4025 2310 4088 ¹,
2341 4032 2397 4079 et
2439 4023 2616 4078 audita
2656 4033 2739 4080 est
2770 4026 3046 4094 persuasio
3093 4024 3310 4081 diaboli.
3362 4026 3510 4082 Tunc
3536 4028 3619 4083 iu-

2042 4125 2196 4171 venta
2223 4123 2305 4171 est
2330 4130 2452 4170 vera
2492 4115 2661 4185 jussio
2692 4116 2785 4171 Dei
2814 4157 2829 4180 ,
2860 4125 2915 4172 et
2942 4116 3073 4173 falsa
3110 4117 3355 4188 deceptio
3397 4118 3615 4175 diaboli.

2038 4208 2301 4278 Numquid
2346 4207 2565 4279 profuit,
2616 4208 2841 4263 obsecro
2886 4224 3002 4277 vos,
3050 4210 3175 4281 quia
3221 4211 3355 4266 dixit
3403 4211 3616 4279 mulier,

2039 4302 2261 4372 Serpens
2299 4301 2497 4356 scduxit
2542 4301 2665 4355 me?
2710 4301 2975 4371 Numquid
3020 4303 3185 4357 valuit
3217 4305 3537 4360 excusatio?
3563 4305 3619 4361 Si

2036 4393 2201 4448 valuit
2239 4392 2544 4457 excusatio,
2588 4407 2754 4462 quare
2795 4402 2976 4448 secuta
3038 4402 3122 4449 est
3161 4393 3430 4461 damnatio
3480 4393 3616 4466 (Id.

2038 4483 2153 4557 III)?

2106 4577 2335 4634 CAPUT
2374 4576 2461 4633 ΙΙΙ.
2493 4609 2563 4618 -
2591 4580 2644 4634 5.
2672 4577 3044 4635 Incontinentes
3082 4580 3424 4651 corripiuntur
3449 4590 3496 4635 et
3527 4596 3619 4635 ex-

2035 4670 2490 4725 communicantur.
2516 4668 2569 4722 Μ
2575 4671 2755 4724 eretria
2765 4680 2837 4724 est
2848 4686 3170 4741 quintumque
3183 4671 3459 4727 concubina
3484 4687 3618 4741 pra-

2037 4771 2113 4816 ter
2159 4780 2385 4818 uxorem.
2429 4762 2555 4818 ldeo
2579 4762 2733 4818 vobis
2772 4763 2894 4819 dico
2916 4805 2931 4830 ,
2963 4762 3154 4819 fratres
3186 4763 3323 4830 mei,
3358 4764 3448 4818 lilii
3488 4763 3614 4829 mei,

2036 4854 2128 4926 qui
2168 4854 2376 4911 habetis
2404 4869 2601 4911 uxores
2626 4895 2642 4921 ,
2671 4862 2730 4909 ut
2775 4854 2907 4909 nihil
2936 4853 3077 4909 aliud
3120 4854 3378 4910 noveritis
3405 4871 3419 4920 ;
3447 4863 3502 4909 et
3528 4857 3617 4925 qui

2038 4963 2145 5004 non
2193 4947 2420 5012 habetis,
2450 4956 2505 5002 et
2542 4947 2739 5003 ducere
2782 4946 3234 5016 vultis,integros
3276 4961 3370 5001 vos
3407 4945 3474 5001 ad
3527 4961 3617 5001 eas

2038 5048 2268 5104 servate,
2291 5040 2431 5094 sicut
2473 5038 2708 5109 integras
2753 5036 2915 5093 vultis
2957 5052 3048 5092 eas
3094 5036 3351 5092 invenire.
3384 5035 3491 5092 Vos
3527 5037 3616 5106 qui

2039 5130 2420 5188 continentiam
2472 5129 2581 5184 Deo
2625 5127 2878 5195 vovistis,
2931 5126 3096 5183 nolite
3135 5135 3280 5182 retro
3330 5127 3614 5198 respicere.

2041 5223 2178 5278 Ecce
2202 5219 2321 5276 dico
2353 5219 2500 5274 vobis
2528 5261 2543 5280 .
2575 5233 2699 5274 ecce
2726 5218 2897 5273 clamo
2923 5217 3092 5285 vobis,
3121 5232 3220 5288 ego
3248 5231 3331 5272 me
3357 5215 3573 5270 absolvo
3599 5232 3614 5272 τ

2039 5322 2371 5383 erugatotem
2404 5327 2489 5366 me
2519 5311 2657 5366 Deus
2689 5310 2906 5381 posuit,
2935 5325 3038 5364 non
3086 5320 3406 5364 exacmrem.
3438 5305 3503 5360 Et
3535 5314 3617 5360 ta-

2040 5422 2161 5462 nn-n
2190 5404 2275 5460 ubi
2322 5418 2636 5474 possumus,
2663 5402 2749 5459 ubi
2777 5401 2931 5458 datur
2959 5402 3125 5466 locus,
3158 5400 3244 5454 ubi
3290 5396 3613 5461 conceditur,

2042 5495 2129 5549 ubi
2154 5495 2376 5560 scimus,
2402 5494 2721 5563 corripimus
2749 5532 2763 5558 ,
2794 5492 3136 5561 objurgamus
3161 5532 3175 5557 ,
3205 5487 3619 5545 anathematiza-

2042 5605 2159 5642 mus
2190 5630 2202 5652 ,
2227 5586 2744 5640 excotnnmnicamus
2783 5601 2795 5638 :
2843 5592 2893 5640 et
2937 5593 3109 5640 tamen
3138 5599 3243 5639 non
3288 5581 3617 5657 corrigimus.

2104 5702 2125 5733 ³
2143 5707 2270 5761 uss,
2296 5698 2490 5750 minutio
2517 5697 2619 5751 δεῖ.
