3886 6188
416 276 555 334 1095

411 389 587 454 Quare
610 384 635 439 ?
660 379 793 451 Quia
819 395 971 449 neque
1010 375 1096 446 qui
1143 374 1335 445 plantat
1359 380 1430 425 est
1457 367 1648 438 aliquid
1665 408 1681 432 ,
1704 381 1861 432 neque
1901 362 1996 445 qui.

415 480 583 550 rigat;
622 475 709 529 sed
751 472 838 541 qui
869 470 1226 523 incrementum
1270 464 1356 516 dat
1403 458 1605 528 Deus(l
1632 457 1751 512 Cor.
1799 471 1875 521 ut,
1906 455 1984 550 ⁸7)ἶ

414 544 572 627 Mbdo
599 566 717 637 quia
739 564 947 633 loquor,
976 559 1099 629 quia
1136 569 1326 611 moneo
1350 594 1363 617 ,
1393 549 1516 623 quid
1562 564 1695 619 opus
1740 556 1841 612 est,
1889 544 1990 637 nisi

419 656 771 715 exaudiat‘me
796 652 939 707 Deus
960 665 1054 719 pro
1083 647 1253 711 vobis,
1283 653 1335 700 et
1360 652 1479 713 agat
1507 639 1702 710 aliquid
1734 640 1785 692 in
1817 636 1978 698 vobis,

420 750 516 805 hoc
539 755 618 802 est
642 789 657 811 ,
690 746 742 799 in
768 742 1015 799 cordibus
1038 732 1233 794 veSIris'
1247 737 1269 790 ?
1297 734 1533 789 Breviter
1571 730 1720 792 dico,
1747 740 1800 784 et
1839 728 1986 781 vobis

412 834 748 899 commendo,
776 840 831 887 et
857 830 1040 885 ﬁdeles
1072 838 1266 891 terreo,
1291 833 1345 879 et
1375 837 1469 876 vos
1500 820 1726 875 aediﬁco.
1755 816 1988 872 Membra

409 928 608 985 Christi
638 925 765 980 estis
793 941 807 979 :
834 922 998 976 nolite
1023 934 1128 983 me,
1156 917 1251 972 sed
1274 913 1585 984 Apostolum
1614 909 1798 964 audire
1822 926 1834 960 :
1862 905 1988 959 Τοι-

414 1019 540 1081 ιίοηε,
574 1014 764 1085 inquit,
793 1009 1012 1064 membra
1038 1006 1254 1069 Christi,
1288 1004 1471 1069 faciam
1510 998 1728 1053 membra
1767 994 1985 1049 meretri-

413 1107 529 1180 τῖε(
559 1106 645 1160 Id.
668 1122 742 1170 Vl,
766 1104 852 1174 15)
876 1103 899 1155 ?
921 1099 1023 1156 Sed
1050 1098 1179 1153 dicit
1199 1095 1375 1149 nescio
1396 1094 1513 1163 quis
1547 1109 1559 1143 :
1600 1090 1843 1180 llicretrtx
1885 1100 1988 1180 non

412 1209 496 1253 est
519 1173 690 1267 ‘quam
738 1192 941 1255 habeo,
964 1186 1254 1244 concubina
1302 1198 1417 1238 mea
1447 1189 1547 1234 est.
1590 1179 1633 1232 Ο
1666 1185 1846 1232 sancte
1879 1173 1991 1242 epi-

414 1264 593 1356 seope,
626 1282 957 1338 meretricem
997 1276 1166 1332 fecisti
1207 1272 1557 1329 concubinam
1590 1268 1793 1321 meum!
1821 1264 1988 1319 Num-

414 1378 536 1448 quid
565 1392 663 1446 ego
689 1374 835 1429 dixi?
866 1370 1149 1441 Apostolus
1173 1367 1382 1430 clamat,
1413 1373 1466 1418 et
1496 1378 1594 1432 ego
1619 1359 1815 1414 incurri
1845 1358 1991 1412 calu-

414 1470 631 1523 mniam.
678 1467 785 1535 Ego
809 1474 861 1518 te
902 1462 1022 1515 volo
1060 1474 1181 1514 esse
1215 1471 1401 1511 sanum
1431 1472 1441 1505 :
1469 1454 1519 1506 in
1553 1469 1636 1506 me
1667 1464 1832 1520 quare
1860 1448 1991 1503 furis

415 1560 550 1613 sicut
577 1553 826 1611 insanus?
853 1552 1024 1605 liabes
1061 1562 1302 1611 uxorem,
1322 1546 1408 1613 qui
1443 1543 1543 1596 hoe.
1570 1540 1740 1596 dicis?
1766 1538 1947 1594 Habeo
1974 1580 1987 1599 ,

415 1648 607 1718 inquis.
648 1645 790 1699 Bene
822 1661 834 1695 :
868 1642 998 1695 velis
1042 1639 1207 1699 nolis,
1254 1636 1337 1688 illa
1380 1650 1497 1703 qua:
1543 1639 1736 1700 praeter
1769 1643 1989 1683 uxorein

417 1751 588 1794 tecum
616 1736 828 1801 dormit,
853 1735 960 1803 jam
991 1731 1098 1785 dixi
1125 1772 1138 1794 ,
1172 1728 1418 1782 meretrix
1449 1734 1546 1780 Cal.
1579 1724 1716 1777 Ecce
1740 1720 1871 1775 vade
1894 1761 1909 1783 ,
1938 1727 1992 1774 et

417 1832 500 1885 die
529 1830 577 1883 ei
605 1828 725 1898 quia
756 1826 1001 1893 injuriam
1036 1822 1127 1875 tibi
1168 1819 1287 1873 fecit
1315 1817 1615 1886 episcopus.
1655 1811 1827 1866 [labes
1864 1824 1993 1864 uxo—

418 1937 529 1976 rem
559 1928 698 1973 tuam
724 1916 1032 1984 legitimam,
1063 1922 1114 1964 et
1139 1911 1237 1963 alia
1270 1920 1440 1962 tecum
1468 1905 1662 1959 dormit
1687 1920 1700 1957 :
1722 1916 1991 1971 quzrcum-

417 2026 520 2082 que
562 2018 643 2063 est
686 2008 771 2060 illa
794 2047 808 2064 .
838 2006 944 2073 jam
972 2002 1111 2058 dixi.
1143 1999 1393 2052 meretrix
1422 2006 1523 2050 est.
1553 1994 1656 2048 Sed
1689 1999 1865 2046 servat
1899 1990 1991 2044 tibi

420 2118 552 2155 uxor
578 2111 664 2153 tua
691 2099 868 2161 tidem,
899 2110 995 2148 nec
1022 2096 1164 2146 novit
1189 2092 1347 2145 alium
1378 2088 1476 2141 nisi
1508 2096 1559 2142 te
1588 2085 1778 2148 solum,
1808 2093 1862 2138 et
1889 2098 1990 2136 non

419 2193 651 2260 disiionit
676 2206 734 2245 se
752 2204 909 2244 nosse
930 2189 1177 2241 alterum.
1210 2181 1339 2238 Cum
1380 2181 1447 2235 sit
1472 2195 1599 2248 ergo
1630 2178 1714 2232 illa
1740 2186 1908 2240 casta,
1940 2185 1993 2228 tu

419 2299 582 2353 quare
612 2278 923 2335 fornicaris?
952 2277 1005 2332 Si
1036 2277 1119 2330 illa
1157 2284 1205 2329 te
1228 2288 1410 2339 unum,
1436 2283 1487 2325 tu
1515 2285 1680 2340 quare
1699 2268 1867 2323 duas?
1888 2266 1992 2322 Sed

418 2378 550 2431 dicis
596 2393 608 2428 :
651 2374 852 2428 Ancilla
880 2386 997 2425 mea
1032 2368 1322 2423 concubina
1362 2380 1477 2418 mea
1508 2372 1622 2428 est,
1651 2358 1902 2430 numquid
1929 2358 1994 2413 ad

422 2484 638 2523 uxorem
682 2466 907 2520 alienam
953 2457 1391 2528 vadu?numquid
1420 2456 1485 2510 ad
1526 2454 1857 2510 meretricem
1896 2467 1995 2521 pu-

423 2562 610 2614 hlicam
637 2555 809 2611 vado?
839 2556 918 2609 An
944 2566 1047 2607 non
1081 2551 1206 2605 licet
1242 2549 1368 2603 mihi
1393 2548 1443 2601 in
1471 2547 1630 2601 domo
1667 2560 1782 2599 mea
1821 2541 1995 2599 facere

421 2648 561 2719 quod
592 2644 750 2701 Volo?
774 2645 898 2697 Dico
925 2642 1040 2705 tibi,
1068 2655 1175 2694 non
1201 2639 1342 2693 licet.
1376 2638 1428 2691 In
1456 2636 1753 2707 gehennam
1777 2632 1992 2700 vadunt,

422 2739 511 2808 qui
536 2738 636 2791 hoc
661 2734 878 2797 faciunt,
912 2732 962 2786 in
994 2729 1318 2799 sempiterno
1347 2727 1467 2798 igne
1487 2725 1768 2781 ardebunt.

493 2828 715 2886 CAPUT
757 2826 842 2879 lV.
881 2854 955 2864 —
989 2824 1042 2878 4.
1079 2821 1280 2876 Marum
1307 2821 1546 2874 correctio
1567 2836 1664 2872 non
1694 2816 1991 2885 (li/ferenda.

425 2921 520 2979 Vel
563 2920 648 2977 hic
686 2919 840 2974 liceat
880 2915 1007 2970 mihi
1046 2913 1208 2984 loqui,
1236 2921 1289 2967 et
1308 2912 1503 2966 dicere.
1526 2909 1803 2980 Corrigant
1830 2924 1887 2963 se
1907 2907 1995 2978 qui

423 3016 557 3073 tales
577 3019 721 3075 sunt,
751 3009 876 3063 dum
905 3000 1115 3068 vivunt;
1136 3019 1200 3058 ne
1220 3012 1398 3072 postea
1430 3001 1629 3064 velint,
1663 3010 1717 3055 et
1742 3016 1843 3055 non
1877 3015 1997 3069 pos-

419 3106 563 3161 sint:
595 3104 715 3175 quia
745 3100 920 3157 subito
947 3097 1091 3151 venit
1127 3109 1299 3158 mors,
1332 3103 1384 3148 et
1406 3108 1508 3147 non
1535 3092 1726 3161 estqui
1763 3091 1995 3160 eorriga-
2036 3114 2047 3129 ι

423 3206 526 3262 tur,
552 3195 642 3250 sed
674 3194 762 3264 qui
793 3194 844 3247 in
874 3192 1049 3263 ignem
1078 3188 1331 3245 mittatur.
1361 3185 1429 3243 Et
1453 3183 1663 3258 quando
1684 3183 1858 3241 veniat
1885 3183 1995 3255 ipsa

423 3285 707 3340 novissima
737 3283 887 3343 hora,
916 3283 1164 3346 nescitur,
1193 3289 1244 3335 et
1264 3281 1474 3345 dicitur,
1505 3277 1745 3347 Coa-riga.
1774 3277 1998 3344 Quando

423 3375 662 3445 currigis,
692 3371 903 3444 quando
929 3371 1184 3426 mutaris?
1213 3371 1368 3432 Cras,
1402 3370 1592 3439 inquis.
1627 3368 1764 3423 Ecce
1790 3369 1997 3437 quoties

422 3465 588 3529 dicis,
616 3464 780 3528 Cras,
804 3476 953 3524 cras;
985 3459 1154 3515 factus
1191 3474 1249 3514 es
1293 3474 1504 3514 corvus.
1553 3458 1690 3512 Ecce
1726 3457 1847 3511 dico
1880 3457 1993 3519 tibi.

422 3572 542 3611 cum
568 3554 698 3610 facis
729 3568 911 3609 vocem
946 3553 1215 3608 cervinam
1243 3592 1257 3613 .
1286 3551 1516 3606 occurrit
1541 3550 1631 3605 tibi
1664 3551 1832 3605 ruina.
1864 3547 1994 3603 Nam

424 3644 512 3699 ille
540 3657 766 3709 corvus,
797 3643 946 3713 cujus
984 3657 1167 3696 vocem
1207 3641 1459 3703 imitaris,
1482 3640 1612 3694 exiit
1651 3638 1719 3693 de
1757 3654 1879 3693 arca
1902 3678 1915 3703 ,
1944 3646 1998 3692 et

423 3752 527 3790 non
567 3734 724 3790 rediit
767 3733 916 3804 (Gen.
949 3750 1057 3801 \‘lll,
1090 3734 1165 3802 ‘7).
1205 3732 1282 3786 Tu
1323 3744 1522 3797 autem,
1569 3731 1756 3797 frater,
1787 3729 1899 3785 redi
1946 3731 1995 3783 in

423 3827 738 3891 Ecelesiam,
769 3841 925 3896 quam
955 3834 1077 3880 tunc
1108 3825 1195 3878 illa
1233 3838 1353 3878 arca
1383 3821 1729 3893 signiﬁcabat.
1773 3820 1878 3876 Sed
1904 3837 1997 3874 vos

422 3935 508 3974 me
535 3918 743 3983 audite,
774 3932 807 3972 ο
849 3916 1128 3987 baptizati;
1155 3914 1330 3969 audite
1360 3930 1474 3977 me,
1508 3927 1602 3967 vos
1648 3927 1739 3981 per
1784 3911 1997 3982 sangui-

422 4025 544 4065 nem
585 4009 779 4064 Christi
829 4007 994 4061 renati
1041 4024 1054 4059 :
1100 4005 1323 4059 obsecro
1364 4018 1457 4057 vos
1492 4020 1585 4071 per
1630 4018 1819 4057 nomen
1858 4002 1997 4073 quod

420 4120 580 4176 super
604 4119 700 4159 vos
729 4105 1027 4158 invocatum
1057 4109 1158 4167 est,
1190 4115 1283 4169 per
1312 4098 1437 4153 illud
1462 4098 1626 4152 altare
1648 4096 1711 4151 ad
1739 4096 1880 4167 quod
1906 4111 1997 4150 ac-

421 4196 659 4251 eessistis
683 4197 723 4260 ¹,
755 4210 850 4265 per
874 4194 1217 4257 Sacramenta
1251 4207 1371 4261 qua:
1408 4190 1685 4260 accepistis
1704 4231 1719 4255 ,
1744 4204 1838 4259 per
1858 4188 2000 4258 judi-

420 4288 560 4341 cium
593 4287 827 4340 futurum
870 4287 1108 4340 vivorum
1139 4291 1193 4338 et
1237 4293 1562 4337 mortuorum
1585 4298 1599 4345 ;
1622 4280 1846 4335 obsecro
1872 4294 1996 4342 vos,

421 4377 693 4449 obstringo
718 4390 812 4432 vos
842 4392 935 4445 per
953 4391 1143 4430 nomen
1159 4375 1376 4439 Christi,
1401 4383 1455 4427 ut
1481 4388 1584 4427 non
1610 4370 1887 4426 imitemini
1908 4386 2001 4425 eos

422 4481 554 4533 quos
583 4467 714 4521 tales
752 4481 873 4520 esse
912 4465 1263 4535 cognoscitis;
1296 4463 1387 4518 sed
1430 4464 1570 4518 illius
1609 4471 1999 4517 sacramentum

425 4568 636 4613 maneat
664 4559 715 4611 in
747 4558 917 4624 vobis,
945 4558 1033 4627 qui
1057 4557 1124 4610 de
1156 4557 1297 4625 ligno
1335 4556 1659 4611 descendere
1687 4555 1875 4621 noluit,
1904 4553 2001 4609 sed

425 4650 667 4706 voluitde
692 4649 933 4719 sepulcro
959 4662 1256 4717 resurgere.

883 4781 1114 4837 SERMO
1149 4779 1378 4835 CCXXV
1396 4784 1410 4803 '
1431 4780 1528 4848 (ιι).

944 4888 991 4930 In
1014 4880 1094 4930 die
1115 4881 1323 4942 Paschte,
1337 4895 1371 4929 ιι
1395 4878 1482 4941 (b).

1033 4983 1112 5036 Ad
1139 4982 1161 5036 1
1170 4986 1386 5053 nfantes.

491 5095 719 5152 CAPUT
761 5094 1039 5153 PRIMUM.
1071 5126 1143 5135 —
1177 5096 1223 5149 i.
1259 5094 1484 5149 Christus
1507 5093 1629 5163 quid
1647 5102 1751 5146 erat
1784 5102 1897 5145 ante
1927 5092 1998 5144 in-

486 5211 570 5271 Itn
610 5208 884 5271 ttemtgiano
924 5207 1279 5268 manuscripto,
1313 5201 1572 5263 acceditis;
1613 5212 1663 5253 et
1696 5201 1816 5251 infra
1837 5237 1850 5262 ,
1879 5199 2004 5251 acci-

417 5270 545 5333 pilis.

488 5336 501 5351 '
529 5335 623 5392 Non
649 5335 877 5392 repertus
900 5336 978 5379 est
996 5329 1081 5378 nisi
1103 5329 1149 5376 in
1170 5335 1247 5376 tis.
1270 5328 1492 5378 Vaticano
1523 5333 1574 5375 et
1608 5328 1653 5375 in
1684 5332 1791 5374 Lov.

504 5390 556 5510 ag
575 5390 722 5449 Alias;
739 5392 803 5441 de
822 5392 1030 5441 Diversis
1045 5392 1123 5439 55.

509 5457 534 5503 b
579 5455 707 5510 Apud
732 5455 1052 5503 Lovanieuses
1087 5452 1123 5501 hl

509 5447 556 5510 ὁ)
579 5447 709 5515 Apud
732 5455 1052 5503 Lovanienses
1087 5452 1164 5515 hic
1194 5463 1359 5500 sermo
1377 5450 1668 5515 inscribitur,
1704 5466 1727 5494 ι
1747 5447 1811 5497 de
1834 5448 2004 5515 sativi-

422 5509 757 5574 tateooinini;
780 5531 802 5561 ι
853 5518 900 5565 in
943 5520 1027 5563 Ms.
1053 5514 1288 5571 Vaticano,
1321 5529 1341 5558 ι
1362 5512 1427 5561 de
1465 5512 1713 5574 fl‘rinitate.
1739 5525 1761 5554 ι
1814 5509 1903 5557 sed
1939 5522 1999 5574 ex

421 5579 577 5637 capite
598 5571 768 5640 quarto
792 5577 944 5640 liquet
963 5575 1195 5640 habitum
1217 5586 1330 5640 esse
1365 5575 1419 5640 in
1447 5571 1528 5621 die
1553 5572 1775 5640 r-asebagu:
1802 5583 1899 5635 quo
1928 5572 2003 5640 ni-

423 5632 708 5689 mirum'die
754 5632 1001 5702 bai'tiratis
1040 5637 1297 5699 legebatur
1321 5636 1507 5684 initium
1531 5632 2004 5697 Evangelii'toannis

1622 253 1684 306 S.
1726 244 2089 306 AUGUSTINI
2130 244 2431 302 EPISCOPI

3540 251 3656 306 1096

2092 362 2451 416 car-nationem.
2486 361 2836 417 Commendat
2862 363 3017 418 nobis
3045 363 3236 419 divina:
3259 366 3398 420 circa
3430 381 3529 421 nos
3548 368 3657 423 alti-

2094 453 2326 507 tudinem
2352 453 2535 523 gratia:
2551 452 2713 508 Filius
2743 454 2835 509 Dei
2859 456 2975 509 sine
2994 463 3231 525 tempore
3246 467 3480 513 natusex
3497 458 3657 516 Patre.

2092 541 2226 609 Quid
2253 543 2394 597 enim
2418 554 2528 598 erat
2550 553 2831 615 antequam
2854 556 2999 601 esset
3024 548 3074 601 in
3101 547 3349 604 homine?
3371 550 3558 606 Putate
3580 570 3661 610 vus

2098 634 2348 703 quzesisse
2383 642 2543 705 atque
2589 635 2805 691 dixisse.
2840 636 3093 693 Putamus
3129 639 3301 705 enim,
3326 641 3521 696 fratres
3550 645 3658 708 mei.

2098 736 2372 793 antequam
2398 724 2639 779 Christus
2665 726 2733 780 de
2760 727 2919 781 Maria
2948 728 3154 798 virgine
3183 741 3512 798 nasceretur,
3540 745 3660 801 erat,

2093 828 2156 866 an
2190 828 2292 868 non
2340 816 2494 868 erat?
2525 815 2712 870 Putate
2757 831 2854 871 nos
2893 834 3169 887 quzerere,
3211 820 3351 876 unde
3400 838 3509 877 non
3556 824 3661 880 licet

2092 904 2355 959 dubitare.
2409 905 2499 959 liis
2549 908 2725 974 itaque
2794 906 3204 976 cogitationibus
3257 911 3372 979 ipse
3418 912 3660 967 Dominus

2095 995 2384 1064 respondit,
2410 996 2624 1065 quando
2649 998 2696 1051 ei
2729 997 2925 1051 dictum
2955 1008 3073 1051 est:
3107 999 3491 1071 Quinquaginta
3517 1018 3660 1058 annos

2095 1085 2317 1157 nondum
2339 1087 2510 1152 habes,
2539 1098 2585 1140 et
2606 1088 2859 1140 Abraham
2885 1089 3053 1141 vidisti
3074 1089 3100 1142 .9
3124 1089 3420 1158 Respondit
3438 1093 3595 1152 enim.
3618 1105 3661 1147 et

2093 1176 2224 1229 dixit
2252 1194 2263 1228 :
2294 1176 2475 1243 Amen,
2503 1194 2647 1231 amen
2677 1179 2789 1230 dico
2808 1180 2942 1232 vobis
2962 1219 2974 1239 .
3004 1190 3271 1251 antequam
3299 1180 3555 1233 Abraham
3584 1184 3658 1249 [ic-

2093 1276 2186 1328 ret,
2217 1283 2307 1336 ego
2329 1283 2438 1320 sum
2464 1266 2639 1339 (Joan.
2667 1284 2777 1331 vui,
2809 1267 2897 1331 57,
2927 1266 3039 1341 58).
3072 1264 3210 1338 Ergo
3234 1278 3369 1335 erat,
3398 1271 3493 1325 sed
3518 1270 3660 1325 homo

2095 1358 2328 1411 nondum
2367 1368 2499 1411 erat.
2532 1358 2609 1413 Ne
2648 1358 2785 1414 forte
2824 1360 3016 1429 aliquis
3060 1360 3222 1428 ditat,
3265 1363 3501 1431 Angelus
3525 1374 3656 1425 erat;

2093 1454 2333 1501 sanctum
2362 1447 2705 1517 Evangelinm
2747 1448 2880 1502 dixit
2920 1449 3069 1503 vobis
3102 1451 3222 1519 quia
3260 1450 3507 1506 Christus
3539 1466 3656 1508 erat.

2097 1538 2161 1591 Et
2201 1538 2436 1607 quaeritis
2480 1538 2606 1608 quid
2633 1538 2786 1594 erat?
2810 1538 2876 1592 In
2907 1541 3153 1610 principio
3191 1550 3296 1595 erat
3351 1541 3564 1597 Verbum
3586 1588 3599 1609 ,
3621 1559 3659 1599 rt

2107 1627 2318 1681 Verbum
2346 1640 2451 1682 erat
2479 1630 2617 1697 apud
2644 1629 2823 1683 Deum.
2862 1630 2996 1684 Ecce
3035 1631 3172 1699 quod
3209 1642 3357 1694 emt,
3391 1632 3455 1686 In
3485 1637 3659 1704 primi-

2097 1718 2178 1786 pio
2199 1727 2304 1770 erat
2342 1717 2573 1774 Verbum.
2599 1718 2712 1773 Non
2741 1730 2817 1774 est
2842 1720 2893 1773 in
2918 1721 3172 1790 principio
3198 1721 3393 1777 factum
3423 1724 3659 1790 Verbum,

2096 1807 2187 1862 sed
2217 1818 2322 1861 erat
2360 1808 2593 1862 Verbum.
2626 1810 2701 1864 De
2737 1811 2839 1864 isto
2863 1821 3041 1866 autem
3077 1813 3273 1867 mundo
3292 1814 3415 1868 audi
3444 1816 3565 1884 quid
3593 1816 3663 1869 di-

2096 1898 2167 1952 cit
2189 1894 2458 1968 Seriptura
2487 1919 2499 1954 :
2531 1899 2596 1954 In
2622 1902 2871 1970 principio
2910 1903 3025 1972 fecit
3048 1902 3182 1956 Deus
3207 1905 3389 1958 cretam
3413 1916 3462 1960 et
3491 1918 3657 1961 terram

2102 1989 2249 2061 (Gen.
2284 2008 2320 2056 ι,
2356 1992 2433 2062 l).
2466 1994 2712 2060 Quaeritis
2740 2010 2835 2064 per
2863 1995 3003 2065 quod
3030 1996 3186 2049 fecit?
3211 1997 3273 2051 In
3296 1999 3547 2067 principio
3568 2012 3659 2054 erat

2109 2079 2339 2147 Verbum,
2372 2097 2466 2151 per
2494 2083 2632 2152 quod
2665 2085 2813 2139 lieret
2837 2087 3031 2139 cmlutn
3065 2096 3118 2141 ct
3146 2097 3303 2141 terra.
3334 2089 3452 2144 Non
3483 2104 3561 2146 est
3589 2093 3656 2146 fa-

2097 2178 2276 2236 ctum,
2305 2172 2398 2226 sed
2433 2183 2539 2226 erat
2586 2172 2817 2228 Verbum.
2859 2175 2975 2230 Jam
3025 2186 3189 2232 restat
3229 2194 3473 2248 qumrere
3522 2184 3662 2250 quale

2101 2260 2328 2317 Verbum
2359 2280 2372 2315 :
2400 2264 2523 2333 quia
2555 2266 2711 2319 verba
2754 2265 3000 2319 dicuntur
3019 2276 3071 2320 et
3098 2279 3297 2321 nostra.
3338 2268 3527 2325 Nostra
3555 2275 3658 2341 qui—

2097 2349 2217 2407 dem
2247 2353 2409 2409 verba
2434 2354 2754 2425 cogitatione
2772 2357 3171 2426 concipiuntur,
3204 2375 3336 2415 voce
3371 2363 3657 2428 pariuntur;

2097 2453 2149 2498 et
2177 2455 2351 2500 tamen
2395 2446 2624 2516 cogitata
2668 2456 2723 2501 et
2763 2447 2963 2516 prolata
2990 2457 3283 2503 transeunt.
3319 2451 3449 2505 Illud
3497 2462 3657 2508 autem

2099 2534 2254 2603 quid?
2284 2534 2351 2589 Et
2390 2533 2605 2589 Verbum
2631 2546 2737 2591 erat
2779 2537 2916 2605 apud
2962 2535 3146 2591 Deum.
3177 2539 3269 2593 Dic
3298 2540 3388 2594 ubi
3418 2554 3528 2596 erat
3548 2584 3561 2607 ,
3585 2544 3663 2596 dic

2099 2626 2225 2697 quid
2244 2636 2376 2683 erat.
2408 2626 2523 2681 .lam
2550 2627 2678 2682 dixi.
2720 2628 2967 2683 Sanctum
3012 2628 3354 2698 Evangelium
3378 2630 3502 2685 dixit
3535 2634 3615 2688 tibi
3645 2651 3657 2685 :

2101 2714 2165 2771 In
2193 2718 2439 2787 principio
2469 2728 2573 2773 erat
2598 2716 2831 2772 Verbum.
2858 2719 2950 2774 Dic
2977 2720 3061 2774 ubi
3084 2731 3198 2776 erat
3219 2762 3232 2784 ,
3265 2721 3352 2776 dic
3391 2725 3511 2792 quid
3535 2736 3658 2780 erat.

2102 2806 2169 2862 Et
2208 2807 2421 2863 Verbum
2450 2820 2554 2863 erat
2593 2809 2733 2880 apud
2771 2809 2952 2864 Deum.
2985 2810 3092 2867 Sed
3137 2827 3237 2882 ego
3271 2815 3489 2883 qua-sivi
3520 2816 3662 2883 quale

2102 2900 2352 2957 Verbum.
2385 2901 2555 2956 Vultis
2591 2903 2776 2957 audire
2814 2902 2937 2973 quid
2970 2906 3125 2958 erat?
3153 2903 3215 2958 Et
3260 2904 3399 2959 Deus
3420 2917 3517 2959 erat
3551 2905 3661 2959 Ver-

2100 2992 2237 3047 bum.
2265 2993 2309 3048 0
2332 2993 2559 3048 Verbum
2586 2995 2598 3047 !
2631 2995 2789 3063 quale
2831 2993 3106 3050 Verbum?
3131 2995 3261 3062 Quis
3302 2998 3523 3066 explicet
3549 3015 3659 3052 vcr-

2101 3085 2223 3139 bum
2251 3101 2262 3137 :
2287 3081 2355 3137 Et
2376 3083 2513 3138 Deus
2539 3095 2643 3138 erat
2677 3083 2911 3141 Verbum.
2953 3085 3056 3140 Sed
3094 3085 3228 3144 forte
3259 3088 3501 3146 iaculata
3528 3089 3663 3146 Deo?

2101 3172 2270 3231 Absit.
2302 3172 2437 3231 Audi
2463 3173 2588 3246 quid
2614 3173 2740 3231 dicit
2782 3186 3023 3231 sanctum
3070 3177 3415 3248 Evangulinm
3445 3202 3457 3231 :
3492 3178 3662 3233 Omnia

2100 3285 2193 3338 per
2216 3269 2378 3339 ipsum
2399 3272 2536 3338 facta
2561 3277 2674 3323 sunt
2705 3266 2878 3338 (Joan.
2913 3285 2949 3334 t,
2980 3269 3112 3340 1-5).
3142 3270 3277 3337 Quid
3308 3279 3423 3337 est,
3452 3270 3661 3324 Omnia?

2100 3358 2362 3428 Quidquid
2393 3357 2585 3413 factum
2616 3369 2698 3413 est
2718 3375 2746 3413 a
2776 3358 2906 3425 Deo,
2933 3375 3026 3429 per
3056 3360 3226 3429 ipsum
3267 3359 3458 3414 factmn
3479 3371 3566 3416 est.
3598 3360 3661 3414 Et

2100 3449 2364 3519 quomodo
2404 3451 2517 3519 ipse
2548 3449 2716 3504 factus
2753 3457 2868 3515 est,
2891 3450 2976 3519 qui
3013 3451 3188 3504 omnia
3229 3451 3393 3505 fecit?
3417 3450 3656 3520 Numquid

2102 3542 2213 3610 ipse
2241 3556 2298 3596 se
2320 3541 2481 3595 fecit?
2510 3542 2786 3595 Postremo
2807 3542 2849 3595 si
2882 3542 2995 3612 ipse
3021 3558 3079 3597 se
3100 3541 3244 3608 fecit,
3265 3543 3358 3612 qui
3395 3559 3452 3599 se
3484 3543 3662 3597 iaceret

2102 3641 2233 3687 erat.
2289 3633 2345 3688 Si
2406 3648 2535 3703 ergo
2587 3640 2700 3687 erat
2751 3633 2931 3702 quise
2989 3633 3182 3688 faceret
3209 3673 3224 3697 ,
3266 3650 3526 3704 nunquam
3564 3649 3659 3688 non

2101 3732 2215 3778 erat
2237 3726 2276 3778 ¹.

2171 3815 2396 3887 CAPUT
2439 3814 2499 3869 II.
2528 3844 2597 3855 -
2625 3814 2677 3867 9..
2712 3812 3004 3868 Iucarnatio
3043 3814 3225 3868 Chriin
3264 3831 3392 3885 opus
3427 3824 3496 3869 est
3529 3814 3661 3868 totius

2104 3906 2386 3961 Trinitatis.
2405 3904 2712 3975 Virginitatis
2750 3906 3062 3975 propositum
3096 3905 3149 3958 in
3178 3904 3370 3959 Maria.
3410 3906 3660 3973 Quomodo

2105 3997 2157 4052 in
2187 3998 2391 4067 virgine
2421 3996 2522 4051 tale
2552 3995 2817 4051 Verbum?
2847 3994 3031 4049 Omnia
3065 4011 3151 4063 per
3179 3995 3348 4065 ipsum
3387 3997 3515 4064 facta
3534 4004 3654 4050 sunt.

2103 4088 2237 4155 Quid
2275 4096 2376 4150 est,
2419 4085 2641 4140 Omnia?
2681 4084 2944 4154 Quidquid
2990 4084 3183 4140 factum
3233 4092 3319 4139 est
3358 4102 3387 4141 a
3432 4086 3548 4147 Deo,
3573 4098 3656 4153 per

2106 4181 2277 4250 ipsum
2322 4178 2514 4234 factum
2560 4186 2657 4233 est.
2703 4177 2841 4240 Noli,
2887 4177 3067 4242 frater,
3114 4176 3181 4232 ab
3206 4176 3311 4230 isto
3342 4186 3483 4231 tanto
3517 4189 3657 4245 opere

2105 4285 2353 4340 separare
2381 4268 2635 4338 Spiritum
2665 4277 2928 4323 sanctum.
2962 4268 3003 4321 A
3032 4282 3138 4336 quo
3169 4274 3316 4322 tanto
3343 4266 3532 4337 opere?
3553 4264 3652 4319 Non

2106 4379 2323 4434 parvum
2370 4378 2523 4433 opus.
2570 4376 2819 4431 magnum
2863 4375 2998 4430 opus
3041 4370 3165 4415 sunt
3202 4361 3387 4431 Angeli
3428 4373 3653 4415 :carnem

2108 4454 2304 4510 Christi
2332 4453 2606 4508 sedentem
2635 4453 2700 4507 ad
2729 4451 3000 4507 dexteram
3032 4450 3201 4505 Patris
3225 4451 3451 4507 adorant
3476 4451 3653 4523 Angeli.

2109 4547 2233 4601 Tale
2257 4560 2384 4616 ergo
2408 4559 2543 4615 opus
2566 4553 2817 4613 operatus
2836 4553 2916 4598 est
2945 4543 3179 4598 maxime
3198 4540 3429 4613 Spiritus
3452 4551 3653 4599 sanctus.

2109 4639 2163 4692 ln
2190 4639 2290 4693 isto
2314 4651 2476 4706 opere
2499 4634 2900 4706 cognominatus
2922 4646 3023 4696 est.
3046 4635 3466 4705 quandosancta:
3480 4632 3646 4704 Virgini

2108 4746 2203 4799 per
2238 4729 2484 4799 angelum
2530 4728 2737 4781 futurus
2781 4726 3053 4781 nuntiatus
3099 4737 3181 4782 est
3232 4728 3395 4782 ﬁlius.
3436 4728 3519 4781 llla
3551 4722 3649 4795 quia

2004 4872 2020 4887 ρ
2108 4829 2456 4892 proposuerat
2485 4820 2869 4891 virginitatem,
2909 4827 2965 4875 et
2997 4827 3111 4874 erat
3149 4819 3372 4874 maritus
3408 4821 3534 4890 ejus,
3568 4831 3653 4870 non

2107 4915 2330 4979 «hlator,
2377 4912 2472 4967 sed
2513 4921 2696 4967 custos
2745 4912 2964 4982 pudoris
2996 4930 3008 4965 :
3039 4912 3144 4965 imo
3182 4927 3287 4966 non
3326 4922 3518 4976 custos,
3556 4909 3655 4979 quia

2112 5019 2247 5058 uth
2292 5002 2653 5066 custodiebat;
2707 5001 2799 5055 sed
2845 5001 2993 5055 testis
3036 4999 3251 5070 pudoris
3286 5003 3548 5073 virginalis
3577 4999 3659 5052 luit

2108 5095 2351 5157 maritus,
2400 5110 2466 5149 ne
2496 5092 2567 5148 de
2590 5092 2851 5147 adulterio
2880 5090 3092 5162 gravida
3136 5103 3409 5161 putaretur
3436 5113 3449 5147 :
3477 5090 3664 5163 quando

2109 5189 2154 5240 ei
2181 5187 2437 5242 nuntiavit
2466 5185 2704 5257 angelus.
2737 5185 2831 5246 ait,
2862 5183 3127 5253 Quomodo
3154 5185 3242 5254 ﬁet
3271 5185 3426 5249 istud,
3453 5184 3665 5256 quoniam

2110 5370 2162 5412 ut
2180 5374 2241 5411 ex
2269 5374 2328 5409 en
2343 5368 2572 5422 caperent
2589 5358 2890 5422 altitudinem
2912 5358 3098 5422 divina:
3121 5359 3309 5421 gratiae,
3333 5371 3428 5422 qua
3448 5350 3663 5422 Filiaspei

2109 5433 2250 5474 natus
2271 5414 2476 5471 hominis
2497 5414 2623 5470 liiius
2644 5419 3017 5481 trusoshomines
3032 5414 3543 5482 regimeratos'fecerat
3563 5416 3668 5465 Illius

2109 5487 2210 5534 hei.
2236 5492 2348 5533 sunt
2370 5487 2415 5532 in
2455 5484 2675 5532 eamdem
2699 5494 2805 5530 rem
2829 5493 2989 5541 supra.
3018 5482 3164 5529 habiti
3188 5482 3366 5531 eodem
3387 5483 3485 5540 die,
3505 5492 3666 5531 sum»

2110 5560 2199 5596 nes
2228 5546 2326 5601 119,
2357 5545 2444 5596 120
2463 5553 2513 5595 et
2538 5544 2643 5593 121.

2177 5630 2191 5661 ι
2217 5630 2288 5679 sic
2312 5631 2558 5679 \‘atieanus
2583 5634 2663 5676 Ms.
2693 5633 2747 5675 At
2772 5627 2915 5679 editi.
2944 5623 3170 5690 numquid
3191 5638 3283 5675 nou
3306 5630 3447 5680 crat?
