3886 6188
150 360 281 421 1097

149 481 313 533 virum
357 488 458 530 non
499 467 778 542 coquum?
821 465 874 522 Si
909 474 1229 534 cognoscere
1255 458 1577 530 disponeret,
1624 469 1728 508 non

151 571 457 625 miraretur.
502 561 597 616 Illa
640 556 954 620 admiratio,
1000 552 1252 624 propositi
1292 560 1373 607 est
1413 546 1733 608 testificatio,

157 660 424 727 Quomodo
454 654 540 723 [id
589 649 725 705 btud
752 689 765 710 ,
805 647 1043 719 quoniam
1097 646 1258 700 virum
1298 658 1399 696 non
1442 653 1688 710 cognosco
1713 638 1738 689 ?

159 750 425 820 Quantum
455 745 580 806 aut?
625 744 688 798 Et
729 741 946 810 angelus
983 738 1049 793 ad
1086 753 1241 804 cant:
1273 736 1496 806 Spiritus
1536 741 1741 788 sanctus

156 842 538 912 superi-enimio
568 848 633 891 te.
668 835 801 888 Ecce
830 830 1095 903 quomodo
1118 830 1206 882 tiet
1234 827 1373 896 quod
1408 825 1605 896 qua'ris
1633 839 1644 874 :
1679 820 1744 875 Et

160 936 316 990 uirtus
330 928 592 984 acutissimi
617 920 925 979 obumbrnlvit
953 921 1058 974 tibi.
1100 919 1318 986 Ideoque
1352 916 1486 987 quod
1513 923 1745 968 nascetur

159 1040 222 1079 ea:
260 1034 311 1076 te
342 1021 610 1077 Sanctum,
639 1014 894 1069 narrabitur
938 1010 1101 1066 Filius
1124 1009 1219 1063 Dei
1265 1006 1413 1073 (Luc.
1447 1022 1485 1082 ιο,
1513 1007 1601 1066 ⁵54,
1632 1004 1743 1067 55),

160 1115 227 1171 Et
275 1115 421 1168 bene
452 1109 626 1170 dixit,
676 1104 1002 1161 Obuntbrabt't
1046 1102 1131 1155 tibi
1170 1115 1188 1154 :
1224 1114 1290 1154 ne
1336 1107 1422 1152 tua
1475 1095 1752 1166 virginitas

163 1218 354 1262 testam
384 1200 613 1255 libidinis
641 1199 851 1251 sentiat.
892 1195 960 1249 Et
997 1208 1115 1272 cum
1149 1205 1425 1261 pra‘gnans
1450 1196 1622 1251 esset,
1664 1185 1750 1240 di-

164 1309 309 1353 ctum
333 1293 503 1351 estde
524 1292 633 1357 illa,
663 1288 873 1342 lnveiita
908 1296 980 1340 est
1025 1283 1193 1338 Maria
1232 1281 1417 1336 habens
1455 1280 1518 1333 de
1556 1277 1755 1348 Spiritu

166 1397 343 1445 sancto
372 1386 424 1439 in
461 1393 600 1436 utero
627 1378 836 1453 (.llattli.
875 1394 912 1442 I,
942 1377 1049 1446 18).
1078 1374 1340 1443 Operatus
1369 1382 1451 1426 cst
1477 1385 1605 1440 ergo
1631 1368 1754 1437 Spi-

167 1483 303 1537 ritus
328 1488 546 1533 sanctus
573 1487 786 1527 carnem
808 1469 1023 1523 Christi.
1045 1466 1305 1536 Operatus
1326 1472 1408 1519 est
1431 1473 1485 1518 et
1512 1464 1624 1532 ipse
1641 1461 1758 1514 uni-

166 1574 384 1645 genitus
430 1567 593 1625 Filius
644 1564 733 1618 Dei
778 1576 993 1615 carnem
1037 1572 1209 1612 suam.
1239 1554 1388 1612 Unde
1436 1551 1757 1645 probamus?

169 1641 307 1734 Quia
340 1660 466 1716 inde
493 1658 566 1712 ait
591 1654 865 1724 Scriptura
892 1668 907 1705 :
945 1648 1211 1720 Sapientia
1235 1643 1509 1716 ddi/icavit
1536 1642 1630 1697 sibi
1660 1641 1758 1697 do-

173 1771 316 1810 mum
340 1756 364 1824 (
377 1751 527 1805 Prov.
556 1765 628 1811 is,
653 1748 730 1817 1).
912 1814 913 1817 η

237 1848 297 1903 5.
344 1820 703 1897 incarnatione
724 1831 974 1901 quomodo
1003 1830 1222 1886 Verbum
1241 1845 1341 1885 non
1358 1827 1557 1882 recessit
1587 1842 1620 1878 a
1653 1820 1731 1879 Pa

170 1947 267 1992 tre.
318 1935 461 2004 Ergo
484 1927 904 1985 animadvertite.
954 1923 1156 1979 Tantus
1204 1921 1375 1985 Deus,
1433 1920 1572 1987 Deus
1618 1915 1759 1987 apud

175 2030 384 2089 Deum,
410 2023 638 2077 Verbum
686 2021 774 2075 Dei
800 2033 893 2085 per
911 2016 1050 2091 quod
1078 2014 1217 2070 facta
1245 2023 1367 2067 sunt
1394 2011 1595 2073 ornnia,
1624 2026 1761 2080 quo-

175 2118 343 2174 modo
370 2117 421 2169 in
455 2122 612 2168 utero
662 2107 976 2165 includitur?
1006 2106 1239 2161 Primum
1271 2112 1327 2158 ut
1364 2102 1434 2157 ibi
1459 2110 1603 2156 esset
1631 2098 1767 2155 Ver-

176 2210 328 2271 bum,
360 2203 596 2259 des-ruit
615 2198 846 2257 emtum?
871 2197 934 2254 Ut
958 2207 1101 2252 esset
1130 2197 1181 2250 in
1209 2204 1362 2249 utero
1388 2192 1608 2262 virginis
1632 2189 1765 2245 Ver-

177 2306 326 2361 bum,
360 2298 597 2353 deseruit
639 2291 870 2350 calum?
912 2290 979 2345 Et
1024 2288 1162 2343 unde
1205 2286 1391 2354 Angeli
1433 2284 1689 2348 viverent,
1720 2282 1764 2337 si

179 2393 420 2447 \‘erlium
446 2386 681 2443 deseruit
725 2382 960 2439 ctelum?
985 2379 1091 2435 Sed
1140 2388 1195 2432 ut
1222 2390 1412 2446 panem
1443 2374 1764 2444 Angelorum

177 2487 528 2537 manducaret
571 2475 751 2535 homo,
800 2473 1055 2527 Dominus
1099 2468 1421 2537 Angelormn
1472 2464 1643 2519 lactus
1688 2472 1772 2518 est

180 2575 367 2628 homo.
421 2569 609 2624 Adhuc
655 2564 907 2635 cogitatio
951 2562 1178 2616 humana
1236 2567 1381 2613 erret
1428 2571 1522 2626 per
1553 2554 1773 2610 nelmlas

177 2678 333 2722 suas.
364 2659 601 2721 deliciat,
655 2662 878 2725 quazrat,
925 2653 1086 2716 diCat,
1121 2659 1178 2704 ut
1226 2648 1479 2710 inveniat,
1505 2644 1774 2715 quomodo

182 2754 422 2810 Verbum
457 2750 555 2804 Dei
587 2749 639 2802 in
689 2756 840 2800 utero
867 2743 1101 2812 virginis,
1138 2756 1230 2809 per
1285 2736 1425 2808 quod
1475 2738 1609 2790 facta
1653 2742 1778 2790 sunt

183 2847 392 2910 omnia,
437 2840 667 2910 Angelos
700 2854 801 2890 nim
830 2835 1084 2894 deseruit,
1117 2832 1326 2886 Patrem
1371 2843 1475 2883 nou
1520 2826 1776 2881 deseruit.

182 2935 472 3006 Quomodo
498 2935 550 2986 in
577 2931 668 2983 illo
695 2940 846 2984 utero
872 2924 1065 2980 includi
1096 2919 1296 2992 potuit?
1325 2920 1453 2973 lisse
1479 2917 1666 2987 potuit,
1690 2916 1776 2972 ἰιι·

183 3028 335 3085 cludi
367 3040 475 3078 non
509 3017 1019 3092 potuit.\Qtt0tntnlo,
1041 3013 1231 3083 inquit,
1257 3024 1378 3067 esse
1410 3010 1577 3079 potuit
1602 3016 1781 3065 tantus

185 3121 236 3174 iu
275 3119 395 3171 loco
427 3110 670 3167 tantillo?
714 3110 852 3178 Ergo
902 3107 1042 3175 cepit
1073 3117 1273 3165 uterus,
1305 3099 1450 3172 quod
1495 3114 1602 3153 non
1639 3100 1784 3168 capit

187 3208 446 3267 mundus.
497 3203 603 3258 Nec
633 3202 922 3255 minoratus
971 3202 1073 3254 est,
1116 3201 1176 3246 ut
1219 3200 1359 3245 esset
1411 3191 1463 3243 in
1509 3201 1681 3244 utero.
1726 3188 1783 3243 ιιι

188 3312 349 3358 utero
375 3305 512 3361 erat,
540 3305 594 3348 et
626 3302 805 3347 tantus
833 3296 967 3344 erat.
998 3285 1236 3353 Quantus
1264 3281 1411 3338 erat?
1440 3281 1535 3337 Dic
1555 3289 1787 3352 quantus

189 3404 332 3458 erat,
369 3392 457 3444 dic
486 3387 627 3456 quod
657 3394 790 3439 erat.

260 3482 497 3543 CAPUT
539 3481 622 3536 111.
652 3509 718 3520 —-
763 3477 827 3530 Et
863 3473 1077 3529 Verbum
1128 3479 1237 3525 erat
1279 3469 1419 3539 apud
1456 3466 1641 3522 Deum.
1696 3466 1788 3521 Dic

192 3578 339 3651 quod
368 3585 505 3629 erat.
534 3570 600 3625 Et
632 3570 766 3624 Deus
791 3574 898 3620 erat
932 3561 1166 3617 Verbum.
1189 3561 1253 3615 Et
1273 3576 1372 3630 ego
1393 3560 1525 3624 scio,
1550 3559 1789 3627 inquam,

196 3648 289 3742 qui
323 3679 500 3722 tecum
530 3664 747 3732 loquor;
774 3672 870 3712 nec
887 3671 986 3723 ego
1010 3650 1405 3723 comprehendo
1434 3667 1446 3702 :
1471 3648 1564 3704 sed
1592 3648 1792 3742 cogita-

203 3738 280 3820 tio
309 3762 435 3815 facit
465 3771 564 3810 nos
600 3751 837 3816 extendi,
883 3750 1122 3803 extensio
1169 3744 1354 3797 dilatat
1380 3756 1498 3805 nos,
1550 3738 1791 3794 dilatatio

196 3868 302 3909 nos
329 3861 558 3920 capaces
585 3844 724 3899 facit.
758 3841 867 3896 Nec
904 3838 1026 3918 lacti
1067 3849 1289 3904 Capaces
1331 3840 1497 3885 tottun
1544 3845 1792 3899 compre-

200 3943 449 4000 hendere
493 3934 829 4008 poterimus:
859 3930 951 3983 St'd
980 3927 1144 3982 verbo
1188 3939 1308 3979 meo
1351 3922 1623 3977 vobiscum
1666 3934 1790 3990 ago.

202 4036 352 4093 Ecce
378 4028 522 4101 quod
551 4026 692 4089 dico,
717 4020 857 4094 qtunl
888 4020 1127 4073 dicturus
1155 4030 1295 4077 sum,
1328 4012 1430 4067 hoc
1452 4011 1646 4075 audite,
1692 4010 1795 4101 boc

201 4100 653 4192 comprehendite
683 4113 904 4169 verbum
948 4123 1147 4173 luteum,
1181 4106 1283 4160 hoc
1318 4112 1403 4160 est
1444 4102 1662 4158 verbum
1694 4100 1795 4154 bu-

203 4231 453 4273 manum.
483 4211 540 4266 Si
575 4216 750 4262 autem
780 4218 875 4259 occ
906 4203 1007 4255 hoc
1045 4194 1501 4266 comprehendere
1532 4192 1796 4263 poteritis,

203 4308 393 4363 videte
420 4303 489 4355 ab
520 4301 609 4353 illo
650 4311 809 4367 quam
852 4293 1007 4362 longe
1031 4289 1166 4344 sitis.
1197 4288 1356 4342 Certe
1385 4286 1642 4339 miramur
1669 4298 1795 4353 quo-

205 4397 380 4456 modo
406 4391 650 4448 Christus
694 4400 907 4441 carnem
945 4381 1169 4450 accepit,
1198 4378 1265 4433 de
1289 4376 1491 4447 virgine
1515 4383 1667 4429 natos
1695 4381 1796 4438 est,

207 4501 264 4547 et
295 4506 327 4541 a
363 4487 523 4540 Patre
551 4496 654 4535 non
693 4475 912 4533 recessit
938 4489 953 4527 :
983 4486 1107 4527 ecce
1132 4484 1232 4540 ego
1273 4468 1361 4538 qui
1417 4466 1688 4521 vobiscum
1718 4463 1803 4518 lo—

208 4594 378 4653 quor,
409 4583 693 4642 antequam
721 4567 787 4622 ad
816 4580 916 4620 vos
946 4564 1200 4627 venirem,
1244 4559 1471 4626 cogitavi
1511 4567 1635 4612 ante
1660 4554 1802 4626 quod

215 4648 380 4727 vobis
408 4667 663 4720 dicerem.
689 4656 913 4728 Quando
946 4652 1175 4724 cogitavi
1201 4649 1346 4722 quod
1368 4648 1522 4704 vobis
1548 4648 1803 4711 dicerem,

212 4765 334 4836 jam
366 4761 420 4813 in
449 4755 613 4811 corde
641 4766 761 4807 meo
804 4747 1023 4804 verbum
1054 4751 1188 4799 erat.
1217 4741 1335 4797 Non
1364 4739 1507 4796 enim
1533 4738 1685 4836 vobis
1727 4737 1809 4793 di-

215 4829 430 4913 cerem,
445 4849 545 4903 nisi
568 4854 692 4900 ante
711 4842 1018 4913 cogitarem.
1037 4835 1218 4892 Inveni
1239 4843 1290 4888 te
1301 4832 1568 4891 Latinum,
1587 4829 1807 4883 latinum

218 4946 323 5004 tibi
342 4937 718 5014 proferendum
741 4941 823 4988 est
846 4929 1082 4986 verbum.
1105 4925 1159 4980 Si
1187 4931 1364 4977 autem
1393 4920 1611 5014 Graccus
1630 4934 1778 5014 esses
1793 4960 1809 4985 ,

216 5009 404 5110 graece
449 5031 541 5085 tibi
580 5027 721 5097 loqui
747 5023 1027 5085 deberem,
1064 5026 1117 5110 et
1146 5014 1383 5110 proferre
1403 5010 1470 5067 ad
1497 5020 1547 5066 te
1594 5009 1814 5067 verbum

224 5105 490 5201 graecum.
511 5118 644 5175 Illud
668 5113 958 5170 verbumin
988 5109 1149 5165 corde
1170 5120 1268 5161 nec
1286 5105 1504 5159 latinum
1551 5110 1666 5201 est,
1717 5116 1816 5201 nec

223 5191 469 5291 graecum
496 5230 510 5265 :
537 5221 754 5280 prorsus
798 5202 1064 5258 antecedit
1099 5199 1304 5267 linguas
1332 5196 1459 5248 istas
1480 5191 1619 5291 quod
1650 5202 1729 5291 est
1763 5191 1817 5246 in

224 5283 401 5369 corde
427 5320 566 5360 meo.
589 5302 781 5367 Qua-ro
799 5297 870 5351 illi
897 5308 1108 5358 sonum,
1130 5303 1309 5360 qoazro
1329 5286 1478 5357 quasi
1496 5283 1816 5350 vehiculum;

227 5418 423 5477 qumro
445 5398 585 5452 unde
604 5394 877 5465 perveniat
902 5389 968 5443 ad
993 5397 1065 5452 te,
1083 5384 1295 5455 quando
1319 5398 1423 5435 non
1445 5378 1646 5435 recedit
1666 5392 1694 5431 a
1714 5392 1819 5432 me.

232 5471 381 5554 Ecce
394 5487 617 5546 audistis
633 5484 771 5556 quod
787 5493 864 5537 est
883 5482 935 5534 in
947 5479 1106 5535 corde
1123 5491 1261 5541 meo,
1273 5475 1380 5545 jam
1400 5481 1481 5528 est
1498 5481 1548 5525 ct
1560 5471 1819 5523 investro.

236 5589 305 5645 In
319 5598 441 5640 meo
460 5590 544 5636 cst
562 5579 686 5634 etin
722 5582 901 5630 vestro
924 5580 1008 5627 est
1032 5588 1045 5624 :
1070 5575 1126 5623 et
1153 5583 1248 5621 vos
1270 5566 1466 5620 habere
1484 5561 1742 5631 coepistis,
1772 5571 1827 5617 et

239 5692 347 5749 ego
358 5688 463 5729 non
480 5668 704 5740 perdidi.
720 5664 869 5719 Sicut
885 5661 1102 5715 verbum
1117 5674 1289 5714 meum
1308 5654 1595 5724 assumpsit
1612 5667 1822 5717 sonum,

246 5745 346 5842 per
368 5777 530 5837 quem
574 5758 846 5813 audiretur
875 5772 887 5806 :
914 5755 992 5807 sic
1015 5751 1247 5805 Verbum
1272 5748 1363 5804 Dci
1394 5745 1676 5816 assumpsit
1704 5759 1822 5798 car-

518 5858 800 5933 .Pnnoc.
831 5851 1190 5916 XXXVIII.

1532 338 1761 397 suasio
1800 336 2069 396 ccxxvr.
2148 324 2151 329 ’

3298 350 3312 399 1
3327 352 3426 402 (iﬁlli

1850 469 1993 519 nem,
2028 468 2121 521 per
2161 470 2316 524 quam
2360 454 2643 514 viduetur.
2674 458 2933 527 Quantum
2974 461 3138 529 potui,
3188 460 3316 516 dixi.
3363 464 3427 525 lit

1849 544 1971 612 quid
2000 545 2141 600 disi?
2162 545 2420 610 Quoniam
2451 550 2569 619 quis
2615 548 2762 606 dixi?
2787 550 2957 606 llomo
3002 552 3141 622 loqui
3169 553 3305 607 volui
3358 556 3425 609 de

1852 637 1961 691 Deo
1980 638 2018 689 '.
2046 637 2246 694 Tantus
2284 649 2385 703 est,
2437 640 2557 696 talis
2579 651 2681 706 cst,
2712 651 2767 697 ut
2796 658 2894 699 nec
2923 658 3044 699 cum
3087 643 3226 714 loqui
3256 647 3430 716 possic

1852 745 1989 793 mus,
2018 745 2115 784 nec
2144 746 2264 785 cum
2295 742 2470 798 uicere
2497 732 2805 789 debeamus.

1924 822 2147 879 CM‘IJT
2186 824 2271 879 IV.
2295 856 2365 867 —
2393 825 2446 880 4.
2473 826 2546 880 Ab
2574 828 2806 883 ebrietate
2828 829 2987 883 caveri
3015 828 3177 884 debet.
3208 830 3439 886 Ebrietas

1854 926 2047 970 sancta.
2072 916 2281 974 Gratias
2304 919 2397 973 tibi
2420 935 2543 987 ago,
2577 921 2817 985 Domine,
2850 922 2970 993 quia
3010 924 3150 991 quod
3181 925 3321 988 dico,
3355 928 3436 979 vel

1854 1005 2034 1062 dicere
2070 1008 2233 1073 Volui,
2269 1018 2323 1064 tu
2362 1010 2469 1064 scis
2518 1020 2735 1065 :tamcn
2785 1012 2854 1067 de
2890 1014 3041 1069 micis
3089 1031 3287 1069 mensa:
3336 1026 3439 1071 une

1856 1097 1974 1165 pavi
2024 1112 2312 1154 conservos
2338 1115 2523 1167 meos;
2552 1116 2709 1169 pasce
2754 1111 2807 1157 et
2858 1111 2911 1156 tu
2951 1119 3012 1158 ac
3039 1106 3178 1160 nutri
3218 1106 3440 1161 interius

1857 1202 1991 1257 quos
2015 1192 2360 1260 rcgenerasti.
2398 1191 2537 1249 Ecce
2566 1193 2849 1249 multitudo
2890 1195 2986 1249 ista
3018 1196 3140 1264 quid
3172 1195 3304 1250 fuit“!
3335 1196 3435 1250 Te-

1858 1277 2025 1333 nebras
2066 1293 2085 1332 :
2130 1297 2261 1334 nunc
2308 1291 2475 1335 autent
2521 1282 2611 1337 luat
2650 1276 2702 1336 in
2753 1282 2992 1339 Domino:
3040 1286 3258 1341 Talibus
3297 1288 3437 1341 enim

1861 1368 2144 1437 Apostolus
2164 1370 2325 1424 dicit:
2354 1370 2545 1425 Fuistis
2569 1373 2841 1443 aliquando
2858 1376 3090 1443 tenebrae,
3118 1394 3250 1431 nunc
3278 1390 3441 1432 autem

1862 1459 1954 1514 lus
1972 1461 2024 1514 in
2057 1459 2272 1516 Domino
2294 1460 2510 1535 (Ep/tes.
2536 1482 2583 1528 v,
2618 1466 2695 1536 8).
2720 1468 2761 1521 0
2791 1482 2881 1520 vos
2908 1468 2995 1539 qui
3019 1469 3263 1538 baptizati
3291 1471 3442 1536 estis,

1863 1551 2028 1620 fuistis
2064 1551 2337 1622 aliquando
2368 1556 2600 1624 tenebrat,
2630 1574 2764 1612 nunc
2783 1568 2951 1613 autent
2979 1560 3070 1614 tua:
3120 1561 3173 1615 in
3206 1560 3443 1619 Domino.

1863 1638 1918 1697 Si
1948 1642 2055 1706 lus,
2090 1647 2267 1714 utique
2304 1647 2418 1703 dies
2445 1668 2461 1704 ι
2484 1650 2688 1705 vocavit
2737 1651 2880 1706 enim
2915 1652 3057 1708 Deus
3090 1653 3262 1709 lucem
3304 1656 3444 1711 diem

1866 1730 2018 1800 (Gen.
2064 1749 2102 1800 ι,
2152 1736 2231 1808 5).
2276 1734 2472 1795 Fuistis
2517 1741 2771 1805 tenebrtc,
2807 1743 2928 1797 fecit
2957 1759 3052 1798 vos
3092 1745 3285 1812 lucem,
3324 1745 3451 1801 fecit

1866 1839 1962 1880 vos
1991 1825 2134 1881 diem
2169 1843 2184 1881 :
2225 1826 2294 1884 de
2332 1831 2484 1886 vobis
2532 1835 2881 1897 calllitYimllS,
2915 1834 3016 1889 llic
3061 1846 3134 1890 est
3171 1838 3280 1893 dies
3304 1855 3453 1906 quens

1869 1918 1985 1990 fecit
2016 1916 2280 1981 Dominus,
2312 1922 2616 1979 exsultemus
2644 1935 2689 1977 et
2731 1925 3076 1993 jucundemur
3103 1928 3154 1979 in
3189 1942 3248 1980 eo
3279 1926 3448 1998 (Psal.

1869 2022 2034 2070 Ωιι-ιι,
2062 2008 2177 2078 21).
2201 2009 2386 2080 Fugite
2416 2011 2682 2067 tenebras.
2705 2013 2945 2070 Ebrietas
2973 2016 3037 2071 ad
3065 2018 3315 2073 tenebras
3338 2034 3455 2088 per-

1871 2103 2025 2159 tinet.
2054 2103 2227 2158 Nolite
2256 2104 2531 2161 discedere
2558 2107 2743 2174 sobrii,
2774 2116 2828 2163 et
2850 2108 3023 2164 redire
3047 2108 3183 2163 ebrii
3213 2127 3227 2164 :
3256 2119 3307 2165 et
3334 2121 3454 2180 post

1872 2194 2148 2248 meridiem
2176 2195 2475 2252 videbimus
2504 2212 2617 2250 vos.
2677 2198 2904 2266 Spiritus
2952 2212 3168 2256 sanctus
3215 2202 3455 2257 habitare

1875 2285 2059 2354 etrapit,
2090 2300 2195 2339 non
2224 2286 2415 2353 migret
2451 2304 2464 2341 :
2502 2285 2665 2341 nolite
2693 2288 2838 2341 ἱίιιιιιι
2866 2289 3151 2346 excludere
3185 2291 3252 2346 de
3278 2293 3453 2346 cordi-

1874 2377 1975 2432 bus
2025 2378 2233 2433 vestris.
2288 2378 2466 2433 Bonus
2509 2378 2722 2449 hospes,
2775 2381 2961 2436 inanes
3003 2383 3227 2448 invenit,
3274 2384 3462 2453 implet

1875 2486 1972 2526 vos
2014 2489 2027 2525 :
2061 2471 2358 2526 esurientes
2403 2472 2634 2535 invenit,
2692 2473 2857 2540 pascit
2897 2488 2990 2527 vos
3026 2483 3338 2543 :postremo
3388 2476 3461 2530 si-

1880 2562 2073 2618 tientes
2101 2562 2323 2630 invenit,
2351 2563 2577 2619 inebriat
2605 2580 2717 2618 Vos.
2754 2564 2870 2632 l,vse
2903 2581 2999 2619 vos
3026 2567 3249 2623 inebriet
3277 2586 3291 2623 :
3321 2571 3463 2637 Apo-

1878 2655 2048 2711 stolus
2069 2654 2209 2710 enim
2236 2657 2329 2716 ait,
2374 2653 2547 2709 Nolite
2569 2655 2804 2710 inebriari
2834 2656 2966 2717 vina,
2995 2658 3048 2710 in
3073 2674 3171 2724 quo
3196 2668 3268 2712 est
3290 2659 3455 2712 ontnis

1883 2744 2107 2798 luxuria.
2137 2744 2205 2799 Et
2244 2746 2390 2813 quasi
2423 2746 2603 2799 volens
2647 2761 2743 2800 nos
2784 2747 2978 2800 docere
3033 2749 3172 2802 unde
3215 2749 3481 2821 inebriari

1883 2835 2168 2891 debeamus
2198 2854 2212 2893 :
2246 2836 2351 2892 Sed
2387 2837 2686 2907 intplcntini,
2744 2839 2946 2907 inquit,
3000 2838 3199 2907 Spiritu
3254 2852 3463 2901 sancto;

1883 2937 2140 2982 cantantes
2169 2927 2405 2983 vobismet
2426 2929 2570 2998 ipsis,
2601 2929 2821 3000 hymnis,
2853 2928 2898 2982 et
2929 2929 3157 3000 psalmis,
3194 2942 3239 2985 ct
3262 2932 3467 2986 canticis

1884 3020 2231 3091 spiritualibus
2258 3064 2272 3085 ,
2320 3031 2581 3076 cantantes
2634 3021 2685 3075 in
2738 3022 2971 3076 cordibus
3025 3027 3197 3078 uestris
3254 3023 3468 3076 Domino

1839 3136 1845 3141 ν
1886 3113 2101 3186 (Ep/tes.
2135 3129 2186 3176 v,
2215 3113 2300 3179 18,
2338 3113 2444 3185 19).
2475 3115 2575 3182 Qui
2605 3115 2811 3169 laetatur
2836 3116 2887 3169 in
2934 3117 3177 3183 Domino,
3204 3126 3257 3172 et
3285 3125 3475 3189 cantat

1890 3205 2074 3260 laudes
2105 3205 2331 3260 Domino
2362 3221 2548 3277 magna
2593 3206 2964 3271 exsultatione,
3008 3224 3183 3261 nonne
3209 3207 3358 3263 ebrio
3398 3208 3473 3264 si-

1888 3298 2029 3354 milis
2052 3297 2165 3354 est?
2201 3298 2374 3353 Probo
2399 3299 2552 3352 istam
2575 3301 2887 3353 ebrietatem
2918 3316 2929 3351 :
2960 3298 3210 3366 Quoniam
3239 3299 3378 3369 apud
3404 3308 3469 3360 te,

1890 3385 2047 3453 Deus,
2100 3391 2213 3458 fons
2241 3388 2355 3440 vitta
2377 3400 2470 3452 est,
2502 3397 2548 3441 et
2580 3397 2795 3442 torrente
2836 3385 3109 3456 voluptatis
3150 3398 3250 3442 tua:
3274 3388 3472 3454 potabis

1891 3494 1993 3533 eos.
2028 3478 2220 3535 Unde?
2244 3479 2375 3548 Quia
2396 3479 2537 3550 apud
2560 3489 2625 3545 te,
2668 3476 2829 3544 Dens,
2854 3482 2970 3547 fons
2992 3480 3105 3533 vitta
3130 3490 3223 3545 est,
3246 3481 3364 3533 etin
3389 3478 3475 3533 lu-

1893 3570 2026 3624 mine
2054 3579 2138 3623 tuo
2168 3570 2441 3622 videbimus
2470 3570 2636 3623 lumen
2668 3567 2837 3640 (Psal.
2878 3584 3051 3636 xxxv,
3085 3569 3137 3634 9,
3172 3571 3280 3640 10).
3304 3571 3474 3638 Spiri-

1897 3669 1980 3714 tus
2013 3660 2103 3714 Dei
2131 3668 2185 3712 et
2206 3670 2361 3728 potus
2384 3668 2439 3713 et
2464 3659 2551 3713 lux
2577 3668 2676 3714 est.
2706 3659 2758 3714 Si
2788 3661 3059 3715 invenires
3085 3660 3282 3715 fontem
3313 3663 3364 3715 in
3396 3671 3477 3715 te-

1898 3752 2098 3815 nebris,
2122 3751 2393 3806 lucernam
2417 3750 2756 3815 accendercs,
2784 3759 2845 3805 ut
2872 3752 3183 3820 pervenit-es
3225 3751 3292 3806 ad
3330 3767 3473 3805 eum.

1901 3844 2021 3900 Noli
2062 3846 2356 3901 accendere
2387 3845 2653 3900 lucernam
2683 3845 2749 3899 ad
2798 3844 2933 3900 locis
2973 3846 3168 3902 fontem
3201 3865 3215 3900 :
3245 3848 3357 3916 ipse
3385 3848 3479 3902 tibi

1900 3936 2208 4001 lucet,etad
2225 3945 2348 3992 sete
2362 3936 2537 3991 ducet.
2570 3936 2699 3991 Cum
2729 3937 2941 3991 veneris
2965 3937 3031 3991 ad
3057 3938 3258 4003 bibere,
3286 3937 3482 3994 accede

1906 4037 1960 4081 et
1989 4028 2305 4081 illuminare.
2331 4025 2563 4080 Accedite
2586 4025 2653 4079 ad
2680 4042 2820 4092 eum,
2847 4038 2892 4081 et
2918 4028 3277 4083 illuminamini
3307 4028 3479 4099 (Psal.

1901 4133 2098 4182 χχχιιι,
2139 4118 2194 4188 6)
2228 4138 2241 4173 :
2275 4121 2437 4175 nolite
2464 4122 2735 4182 recedere.
2779 4139 2847 4178 ne
2869 4122 3344 4176 contenehremiui.
3374 4123 3482 4175 Do-

1903 4211 2046 4264 mine
2076 4211 2234 4275 Dens,
2259 4226 2410 4278 voca,
2439 4221 2493 4267 et
2513 4213 2793 4268 accedatur
2824 4213 2890 4267 ad
2919 4222 2970 4267 te
2996 4231 3008 4266 :
3036 4212 3207 4275 ﬁrma,
3240 4227 3307 4267 ne
3336 4227 3485 4268 rece-

1905 4301 2079 4355 datur.
2113 4301 2218 4356 Fac
2262 4301 2398 4356 ﬁlios
2430 4313 2545 4356 tuos
2576 4319 2761 4370 novos,
2793 4305 2861 4361 de
2901 4305 3140 4375 parvulis
3182 4318 3358 4371 senes,
3389 4303 3485 4359 sed

1907 4408 2014 4446 non
2043 4392 2111 4447 de
2135 4393 2352 4447 senibus
2381 4395 2676 4449 mortues'.
2709 4395 2766 4449 In
2800 4395 2899 4451 ista
2928 4396 3071 4451 enim
3109 4396 3366 4467 sapientia
3398 4409 3488 4452 se-

1908 4499 2129 4540 nescere
2155 4486 2298 4552 licet,
2324 4487 2457 4542 mori
2483 4501 2585 4541 non
2610 4486 2751 4541 licet.

2358 4667 2586 4723 SERMO
2625 4666 2916 4724 CCXXVI'
2944 4669 3042 4740 (a).

2465 4784 2515 4829 tn
2536 4780 2617 4831 die
2641 4781 2846 4842 Pascltse,
2871 4793 2941 4829 ιιι.

2287 4903 2369 4956 Ad
2397 4902 2644 4973 populum
2670 4912 2716 4955 et
2738 4902 2808 4955 ad
2836 4899 3089 4972 Infantes.

1989 5025 2079 5082 Sic
2105 5022 2326 5078 audistis
2365 5021 2641 5091 praedicari
2671 5022 2954 5074 Dominum
2984 5020 3270 5077 Christum.
3297 5019 3418 5088 quia
3447 5019 3498 5072 in

1924 5114 2172 5185 principio
2195 5101 2300 5167 πάι
2337 5110 2572 5176 Verbum,
2600 5120 2646 5163 et
2684 5109 2900 5164 Verbum
2923 5117 3029 5164 erat
3073 5109 3214 5179 apud
3242 5108 3421 5170 Deum,
3456 5119 3502 5163 et

1924 5204 2064 5259 Deus
2084 5210 2190 5256 erat
2224 5200 2439 5256 Verbum
2465 5200 2642 5269 (Joan.
2673 5216 2711 5265 ι,
2740 5198 2816 5270 1).
2848 5198 2963 5268 Ipse
2983 5199 3219 5253 cstcnim
3248 5199 3505 5252 Dominus

1927 5295 2191 5357 Christus,
2219 5292 2309 5362 qui
2352 5292 2398 5345 si
2427 5307 2533 5346 non
2586 5307 2645 5345 se
2684 5290 3007 5357 lnuniliaret,
3044 5290 3139 5345 sed
3191 5303 3404 5360 setuper
3432 5289 3508 5340 sic

1996 5500 2011 5561 ξ
2032 5501 2162 5551 Lov.,
2188 5488 2521 5561 quoniamgui
2541 5487 2667 5549 dixi,
2691 5487 2830 5561 [torno
2853 5485 3125 5561 [σφαιΙωίιή
3147 5487 3208 5561 de
3233 5491 3345 5561 Γεῇ
3407 5490 3463 5542 M-

1994 5559 2014 5588 ³
2035 5563 2163 5611 I.ov.,
2185 5550 2479 5611 deprimatis
2495 5564 2643 5608 senes,
2670 5552 2732 5600 de
2752 5564 2843 5599 non
2867 5550 3056 5600 senibus
3071 5550 3443 5603 ntortuo:.llunc
3467 5558 3518 5602 et

1934 5617 2055 5667 alios
2078 5632 2090 5678 ι
2110 5616 2244 5665 lnres
2267 5613 2397 5663 locos
2416 5613 2733 5678 emendaturus
2754 5613 2812 5661 ad
2839 5620 2918 5662 ns.
2941 5613 3230 5659 \‘aticanmn.

1999 5672 2301 5742 fcistigatus
2318 5674 2469 5742 estad
2494 5672 2671 5742 el.d._r.
2692 5682 2727 5724 t.
2748 5682 2842 5725 vat.
2860 5689 2903 5725 v.
2930 5679 3039 5723 Lor.

1999 5740 2071 5802 (α)
2096 5736 2234 5803 Alias,
2258 5738 2322 5787 de
2344 5737 2553 5787 Diversis
2569 5736 2645 5786 82.

2643 5886 2650 5892 -
2682 5843 3133 5923 (Trentc--cinq
3165 5840 3186 5912 )
3215 5811 3218 5814 ἢ
