3886 6188
440 369 458 421 l
470 363 571 419 09‘.)

439 497 656 539 manere
687 476 958 541 voluisset,
1011 476 1171 531 homo
1200 473 1447 547 perisset.
1496 469 1846 541 Agnoscimus
1882 463 2017 518 ‘v'er-

440 575 565 629 hum
598 573 759 627 Deum
790 569 928 644 apud
958 569 1151 637 Deum,
1199 566 1533 637 agnoscimus
1576 561 1719 616 Patri
1760 557 2020 629 aequalem

440 664 763 736 unigenitum
809 660 1031 725 Filium,
1088 659 1422 731 agnoscimus
1463 656 1639 710 lumen
1681 652 1748 706 de
1796 649 2018 715 lumine,

437 760 578 815 diem
610 775 671 815 ex
700 759 806 813 die.
840 756 956 829 Ipse
984 766 1065 811 est
1093 756 1228 822 dies,
1261 753 1350 825 qui
1377 737 1667 808 fecit‘diem
1700 767 1713 803 :
1741 763 1771 803 a
1800 746 1886 802 die
1913 760 2019 800 non

443 856 633 921 fartus,
660 852 752 908 sed
779 851 1008 923 genitus.
1055 848 1110 906 Si
1153 865 1280 920 ergo
1305 847 1419 902 dies
1455 844 1524 901 de
1552 843 1657 902 die.
1692 856 1796 895 non
1828 838 2018 903 factus,

441 945 530 1000 sed
577 946 789 1016 genitus
817 954 927 1009 est;
973 944 1092 1014 quis
1120 950 1201 996 est
1237 940 1352 996 dies
1381 953 1537 1010 quem
1580 935 1701 992 fecit
1727 929 2024 989 Dominus?

438 1039 613 1106 Quare
636 1035 788 1092 dies?
809 1036 939 1103 Quia
966 1035 1055 1089 lux
1083 1045 1181 1089 est.
1215 1033 1282 1087 Et
1301 1031 1489 1087 vocavit
1517 1029 1652 1084 Deus
1675 1027 1834 1083 lucem
1864 1025 2016 1079 diem.

439 1132 749 1198 Qttzuran‘ms
777 1144 933 1199 quem
964 1127 1103 1185 diem
1132 1122 1258 1181 fecit
1285 1122 1561 1187 Dominus,
1594 1129 1652 1176 ut
1694 1118 2023 1176 exsnitcmtts

438 1234 488 1275 et
510 1220 866 1291 jncumlt-mur
907 1220 959 1274 in
991 1234 1074 1273 eo.
1109 1217 1163 1271 in
1193 1216 1365 1288 prima
1393 1212 1697 1271 cenditione
1730 1208 1910 1265 mundi
1945 1207 2022 1261 lc-

438 1313 579 1381 gilur
607 1312 726 1382 quia
750 1310 962 1365 tenebrm
981 1317 1125 1365 erant
1145 1324 1296 1378 super
1323 1307 1581 1377 abyssum,
1610 1312 1653 1357 et
1680 1302 1902 1372 Spiritus
1930 1298 2024 1352 Dei

441 1403 693 1474 ferebatur
721 1418 872 1470 super
906 1417 1107 1471 aquam.
1145 1398 1208 1453 Et
1250 1397 1377 1451 dixit
1411 1396 1561 1461 Deus,
1594 1392 1712 1447 Fiat
1741 1392 1832 1448 lux
1848 1402 1916 1458 ;et
1943 1392 2024 1462 [a-

441 1482 521 1545 i’m
547 1502 618 1545 est
635 1493 742 1546 lux.
769 1491 828 1544 Et
855 1491 1023 1545 divisit
1054 1489 1184 1544 Deus
1207 1490 1336 1542 inter
1361 1488 1520 1541 lucem
1544 1495 1592 1540 et
1613 1484 1921 1549 tenebras;et
1943 1482 2025 1535 Iu-

442 1598 546 1637 (em
564 1582 752 1636 vacavit
780 1582 934 1649 diem,
950 1591 995 1635 et
1013 1579 1237 1635 tenebras
1265 1580 1453 1633 vocavit
1467 1587 1660 1634 noctem
1683 1573 2018 1647 (Gen.t,9.-5).

446 1676 579 1730 licet:
606 1676 717 1729 dies
745 1689 900 1745 quem
925 1674 1041 1729 fecit
1069 1673 1340 1726 Dominus.
1365 1671 1470 1726 Sed
1495 1669 1751 1741 numquid
1780 1669 1891 1738 ipse
1917 1676 2020 1734 est,

441 1769 493 1821 in
524 1783 629 1838 quo
658 1768 924 1823 exsuitarc
950 1776 1004 1821 et
1024 1766 1303 1837 iucundari
1329 1764 1620 1822 debemus?
1641 1764 1734 1818 Est
1755 1762 1887 1816 alius
1908 1760 2023 1815 dies

441 1874 600 1928 quem
650 1859 774 1913 fecit
821 1860 1093 1924 Dominus,
1138 1872 1294 1928 quem
1336 1857 1502 1926 magis
1547 1854 1806 1911 debemus
1857 1867 2022 1923 agno-

442 1967 615 2018 scere,
638 1961 690 2007 et
729 1952 781 2005 in
810 1967 876 2006 eo
902 1950 1182 2021 iucundari
1214 1959 1266 2005 et
1308 1950 1601 2003 exsultare.
1649 1946 1909 2015 Quoniam
1942 1944 2022 1999 di-

442 2051 589 2098 ctum
612 2050 695 2099 est
718 2042 955 2098 fidelibus
993 2042 1047 2097 in
1069 2040 1336 2098 Christum
1363 2038 1729 2104 credentibus,
1761 2036 1863 2092 Vos
1905 2039 2024 2091 estis

444 2136 536 2189 huc
581 2134 759 2188 mundi
811 2132 1019 2205 (Matth.
1050 2149 1103 2198 v,
1137 2132 1247 2204 li).
1279 2132 1333 2187 Si
1361 2131 1474 2197 lux,
1507 2130 1691 2200 utique
1714 2128 1828 2183 dies
1860 2145 1873 2182 :
1904 2128 2023 2197 quia
2072 2142 2075 2147 ‘

447 2226 616 2279 lucem
644 2225 854 2279 vocavit
898 2223 1059 2280 diem.
1111 2222 1400 2278 Ferebatur
1447 2237 1574 2293 ergo
1611 2220 1770 2276 etiam
1808 2217 1897 2273 hic
1925 2217 2024 2272 he-

443 2325 624 2371 sterno
652 2314 740 2370 die
791 2314 883 2371 Dei
938 2313 1167 2385 Spiritus
1219 2328 1379 2384 super
1427 2328 1641 2383 aquam,
1684 2322 1738 2366 et
1791 2309 2023 2365 tenebrae

440 2415 594 2462 erant
623 2421 783 2476 super
808 2408 1080 2477 abyssum,
1105 2403 1318 2475 quando
1348 2401 1695 2459 isti'Iul'antcs
1732 2400 1908 2455 adhuc
1928 2415 2023 2456 sua

444 2506 659 2566 peccata
702 2498 1001 2568 portabant.
1046 2496 1268 2564 Quando
1313 2508 1442 2565 ergo
1480 2493 1586 2547 illis
1627 2506 1725 2561 per
1769 2490 2023 2561 Spiritum

446 2588 538 2643 Dei
567 2596 780 2659 peccata
809 2587 1025 2642 dimissa
1066 2592 1209 2651 sunt,
1244 2593 1368 2639 tunc
1394 2583 1527 2638 dixit
1556 2581 1721 2649 Deus,
1751 2578 1875 2635 Fiat
1901 2580 2024 2643 lux;

443 2687 493 2733 et
517 2684 654 2751 facta
680 2688 750 2734 est
781 2677 889 2732 lux.
914 2677 1051 2732 Ecce
1091 2676 1198 2751 dies
1225 2691 1372 2744 quem
1400 2673 1517 2746 fecit
1547 2672 1816 2735 Dominus,
1849 2670 2023 2726 exsul-

445 2750 604 2825 tenuts
632 2779 678 2824 et
697 2767 1039 2840 jucundemur
1062 2750 1115 2822 in
1145 2784 1201 2822 eo
1230 2766 1404 2837 (Psal.
1427 2780 1593 2833 cxvu,
1621 2764 1736 2836 24).
1768 2764 2026 2833 Alloqua-

446 2874 567 2927 mur
591 2862 751 2917 istum
775 2861 918 2917 diem
942 2859 1247 2931 apostolicis
1287 2858 1483 2914 verbis.
1511 2855 1556 2913 Ο
1584 2856 1700 2912 dies
1722 2869 1880 2927 quem
1905 2852 2028 2909 fecit

450 2956 725 3022 Dominus,
754 2945 927 3011 fuistis
952 2953 1238 3026 aliquando
1263 2954 1495 3010 tenebrm
1527 2971 1543 3008 :
1570 2967 1713 3008 nunc
1734 2959 1907 3006 autem
1935 2949 2023 3005 lux

452 3048 503 3101 in
532 3047 778 3102 Domino.
810 3044 1022 3112 Fuistis,
1046 3043 1234 3116 inquit,
1255 3043 1533 3119 aliquando
1555 3044 1783 3098 tenebrte.
1808 3041 2024 3108 Fuistis,

451 3150 542 3193 aut
570 3139 717 3194 non?
744 3139 982 3194 Recolite
1009 3138 1143 3194 facta
1184 3148 1381 3202 vestra,
1410 3138 1454 3193 si
1476 3154 1582 3193 non
1613 3135 1807 3191 fuistis.
1837 3134 2028 3206 Respi-

450 3231 555 3287 cite
597 3231 951 3287 conscientias
972 3240 1199 3298 vestras,
1248 3230 1440 3302 quibus
1482 3229 1849 3285 renuntiastis.
1893 3227 2027 3296 Quia

446 3340 573 3395 ergo
599 3325 763 3397 fuistis
788 3324 1063 3397 aliquando
1089 3325 1319 3387 tenebrae,
1351 3340 1485 3378 nunc
1512 3333 1681 3376 autem
1702 3322 1811 3387 ius,
1836 3336 1940 3376 non
1974 3321 2026 3375 in

448 3416 615 3482 vobis,
641 3415 735 3471 sed
756 3415 809 3470 in
837 3414 1087 3482 Domino;
1115 3415 1243 3471 sicut
1268 3414 1363 3485 ﬁlii
1380 3411 1507 3469 lucis
1531 3412 1784 3466 ambulate
1807 3409 2023 3485 (Ephes.

447 3523 499 3571 v,
522 3506 599 3579 8).
628 3506 768 3563 Satis
792 3506 900 3563 sint
920 3506 1072 3564 vobis
1098 3520 1266 3577 pauca
1289 3508 1409 3568 ista,
1443 3505 1693 3576 quoniam
1721 3511 1774 3559 et
1798 3511 1919 3572 post
1946 3503 2028 3558 la-

447 3599 679 3654 horaturi
710 3614 916 3665 sumus,
944 3606 1000 3655 et
1037 3598 1107 3654 de
1145 3598 1514 3654 Saeramcntis
1543 3595 1724 3651 altaris
1754 3595 1909 3649 hodie
1938 3594 2028 3650 in-

447 3689 676 3745 fantibus
704 3689 1079 3761 disputandum
1109 3698 1214 3746 est.

836 3844 1099 3905 'SERMO
1134 3843 1443 3903 ccxxvu~
1468 3846 1563 3919 (a).

996 3984 1049 4028 tn
1066 3977 1148 4028 die
1177 3977 1383 4040 Pascha,
1408 3991 1473 4031 tv.

816 4128 898 4182 Ad
921 4127 1176 4201 Infantes,
1208 4126 1273 4182 de
1294 4125 1654 4182 Sacramentis.

516 4277 719 4335 Iiemor
743 4292 860 4332 sum
891 4273 1263 4350 promissionis
1288 4288 1442 4331 mete.
1482 4272 1835 4329 Promiseram
1883 4272 2026 4328 enim

449 4367 617 4434 vobis,
647 4366 738 4439 qui
758 4366 1005 4438 baptizati
1027 4366 1193 4435 estis,
1218 4379 1523 4422 sermonem
1561 4378 1667 4435 quo
1704 4378 2027 4436 exponerem

449 4474 649 4514 mensa:
695 4459 982 4514 Dominica:
1010 4457 1446 4522 Sacramentum,
1485 4455 1630 4526 quod
1671 4457 1831 4513 modo
1870 4458 2027 4513 etiam

449 4548 660 4613 videtis,
688 4555 744 4604 et
770 4547 922 4618 cujus
949 4556 1105 4604 nocte
1126 4547 1396 4617 prmterita
1423 4548 1707 4617 participes
1729 4547 1851 4605 facti
1876 4550 2025 4604 estis.

454 4639 670 4697 Debetis
690 4639 828 4695 scire
862 4639 989 4710 quid
1026 4638 1328 4709 accepistis,
1379 4638 1507 4707 quid
1548 4640 1818 4711 accepturi
1875 4642 2024 4706 estis,

448 4730 577 4804 quid
604 4730 841 4803 quotidie
861 4729 1100 4802 accipere
1122 4729 1377 4786 debeatis.
1408 4728 1565 4785 Panis
1593 4730 1682 4786 ille
1705 4746 1860 4802 quem
1883 4731 2029 4787 vide-

447 4825 515 4880 tis
534 4824 589 4879 in
619 4822 807 4888 altari,
840 4820 1199 4877 sanctiﬁcatus
1233 4835 1331 4891 per
1372 4820 1593 4876 verbum
1637 4819 1767 4887 Dei,
1836 4836 2028 4892 corpus

447 4925 531 4971 est
551 4913 769 4972 Christi.
793 4911 942 4970 Calix
970 4912 1080 4981 ille,
1111 4913 1220 4968 imo
1245 4912 1387 4983 quod
1420 4911 1582 4969 habet
1620 4913 1758 4969 calix
1778 4954 1792 4977 ,
1829 4916 2023 4969 sancti-

450 5006 663 5062 ﬁcatum
684 5019 781 5075 per
804 5002 1023 5059 verbum
1050 5002 1160 5067 Dei,
1192 5001 1409 5073 sanguis
1432 5011 1516 5060 est
1546 5001 1762 5059 Christi.
1797 5003 1899 5060 Per
1929 5004 2026 5059 iset

447 5096 615 5152 voluit
636 5095 892 5149 Dominus
915 5091 1160 5149 Christus
1187 5093 1568 5151 commendare
1594 5090 1790 5165 co‘rpus
1814 5102 1869 5151 et
1905 5110 2028 5152 san-

394 5248 399 5253 ,
438 5187 655 5258 guinem
683 5199 860 5251 suum,
888 5197 1045 5254 quem
1075 5197 1170 5254 pro
1195 5183 1350 5240 nobis
1388 5183 1524 5241 fudit
1560 5184 1616 5240 in
1658 5185 2024 5241 remissionem

391 5265 401 5300 ‘
443 5284 800 5348 peccatorum.
824 5275 883 5332 Si
905 5275 1044 5331 bene
1069 5274 1369 5343 accepistis,
1394 5289 1493 5332 vos
1512 5276 1641 5333 estis
1689 5278 1833 5348 quod
1875 5292 2027 5335 acce-

441 5368 591 5440 pistis
611 5367 651 5422 ¹.
683 5364 970 5438 Apostolus
990 5364 1136 5421 cnim
1165 5364 1329 5421 dicit:
1362 5363 1507 5421 Unus
1532 5366 1697 5437 panis,
1719 5383 1876 5423 unum
1908 5386 2025 5423 cor-

496 5526 671 5595 '_Lov.,
704 5518 759 5575 in
794 5520 1120 5595 remissionem
1162 5526 1468 5595 pert-atomi
1481 5557 1497 5585 ,
1542 5520 1589 5575 si
1626 5521 1741 5578 bene
1776 5516 2025 5595 accipitis,-

769 5584 882 5638 estis
904 5583 1032 5649 quod
1052 5583 1322 5648 accepistis,
1341 5585 1469 5649 quod
1484 5583 1583 5637 nos
1607 5598 1669 5638 ex
1693 5583 2025 5654 manuscriptis

500 5710 518 5724 ‘
538 5709 825 5759 Ememiatus
839 5714 898 5758 aa
921 5706 970 5756 ἁ.
996 5704 1029 5756 f.
1054 5711 1090 5755 t.
1116 5720 1164 5760 v.
1181 5714 1291 5759 Lor.

499 5764 571 5828 (at
588 5767 724 5823 Alias.
746 5769 810 5820 de
836 5768 1045 5820 Diversis
1065 5767 1141 5824 83,

1665 347 1721 403 S.
1766 336 2128 400 AUGUSTINI
2167 338 2466 396 EPiSCOPi

3578 350 3696 406 ΗΜ

2133 472 2247 525 pus,
2277 457 2425 528 multi
2448 472 2620 511 sumus
2647 455 2666 528 (
2692 457 2713 512 l
2732 455 2849 513 Cor.
2876 472 2907 511 ι
2928 499 2942 523 ,
2980 457 3089 529 l7).
3132 458 3221 513 Sic
3257 460 3505 530 exposuit
3538 473 3700 518 saera-

2129 556 2366 602 meutum
2395 563 2592 603 mensa:
2613 548 2901 606 Dominicte
2929 567 2943 604 :
2974 548 3116 605 Unus
3136 551 3305 621 panis,
3327 568 3488 607 unum
3512 570 3698 626 corpus,

2130 639 2276 693 multi
2293 655 2487 694 sumus.
2531 639 2948 696 Commendatur
2970 642 3123 696 vobis
3162 643 3214 696 in
3260 643 3364 699 isto
3406 659 3549 714 pane
3585 663 3700 716 quo-
3753 644 3762 717 ἴ

2131 728 2291 784 modo
2316 729 2570 785 unitatem
2598 745 2782 786 amare
2801 731 3064 787 debeatis.
3096 733 3362 804 Numquid
3382 736 3528 790 enim
3565 738 3701 806 panis
3754 742 3760 806 ί

2132 822 2222 877 ille
2254 822 2321 877 de
2347 838 2454 878 uno
2479 837 2645 894 grano
2667 823 2837 878 laetus
2861 825 2975 879 est?
2995 824 3182 881 Nonne
3216 827 3381 881 multa
3425 838 3584 882 erant
3624 829 3702 883 tri-
3754 816 3759 891 ἓ

2133 912 2221 966 tici
2245 913 2445 982 grana?
2470 912 2575 969 Sed
2596 922 2877 985 antequam
2904 915 2969 969 ad
3000 931 3189 985 panem
3228 918 3510 982 venirent,
3561 934 3700 989 scpa~

2132 1012 2243 1059 rata
2270 1016 2423 1060 erant
2446 1024 2462 1071 ς
2488 1021 2580 1077 per
2603 1022 2793 1077 aquam
2815 1007 3094 1075 conjuncta
3125 1018 3269 1076 sunt,
3295 1018 3350 1064 et
3383 1018 3505 1079 post
3528 1026 3700 1081 quam-

2132 1094 2252 1149 dam
2282 1097 2679 1151 contritionem.
2705 1096 2815 1151 Nisi
2840 1100 2983 1153 enim
3014 1099 3246 1154 molatur
3268 1101 3526 1166 triticum,
3549 1112 3605 1158 et
3622 1119 3703 1173 per

2131 1200 2323 1256 aquam
2345 1197 2746 1257 conspergatur,
2769 1187 2838 1244 ad
2864 1189 3016 1243 istam
3049 1190 3270 1245 formam
3300 1194 3525 1249 minime
3553 1197 3697 1262 venit,
3768 1187 3771 1262 ἰ

2132 1293 2251 1347 qum
2279 1278 2431 1347 panis
2467 1288 2710 1333 vocatur.
2740 1278 2829 1334 Sic
2857 1289 2912 1335 et
2939 1295 3034 1336 vos
3078 1291 3201 1336 ante
3239 1282 3427 1353 jejunii
3476 1284 3731 1340 humilia-.

2132 1370 2276 1424 tione
2292 1376 2346 1423 et
2369 1369 2652 1438 exorcismi
2673 1379 3007 1426 sacramento
3021 1372 3170 1442 quasi
3187 1372 3532 1429 molebamini
3547 1377 3585 1427 ί.
3607 1378 3699 1430 Ac-

2130 1460 2294 1513 cessit
2319 1456 2645 1529 Baptismum
2674 1468 2731 1516 et
2756 1476 2927 1532 aqua;
2959 1462 3111 1531 quasi
3144 1464 3419 1535 conspersi
3461 1466 3618 1530 estis,
3652 1475 3703 1521 ut

2132 1549 2197 1603 ad
2226 1549 2450 1607 formam
2480 1553 2917 1621 panisveniretis.
2937 1552 3045 1608 Sed
3064 1554 3297 1609 nondum
3319 1564 3402 1611 est
3426 1556 3578 1626 panis
3600 1559 3702 1612 sino

2133 1641 2273 1710 igne.
2304 1641 2439 1709 Quid
2478 1657 2608 1713 ergo
2649 1642 2909 1715 signiﬁcat
2952 1644 3129 1714 ignis?
3167 1644 3279 1701 Hoc
3329 1655 3417 1701 est
3450 1646 3700 1703 Chrisma.

2130 1731 2319 1789 Oleum
2344 1734 2538 1790 etenim
2570 1735 2704 1807 ignis
2723 1738 2888 1792 nostri
2908 1739 2950 1804 ’,
2981 1735 3210 1808 Spiritus
3235 1740 3407 1795 sancti
3432 1749 3517 1796 est
3541 1756 3704 1797 sacra-

2134 1836 2393 1884 mentum.
2422 1827 2479 1883 ln
2507 1830 2725 1885 Actibus
2754 1832 3129 1901 Apostolorum
3169 1831 3432 1889 advertite
3453 1874 3470 1900 ,
3501 1835 3697 1905 qundo

2133 1921 2341 1991 legitur.
2373 1921 2528 1978 Modo
2553 1923 2739 1995 incipit
2760 1924 2893 1978 liber
2913 1924 3029 1995 ipse
3053 1925 3157 1995 legi
3197 1940 3212 1977 :
3256 1925 3417 1981 hodie
3438 1927 3600 1997 coepit
3643 1928 3700 1983 li-

2132 2012 2228 2069 ber
2265 2015 2355 2085 qui
2399 2026 2619 2071 vocatur
2651 2018 2877 2073 Aetuum
2908 2018 3282 2088 Apostolorum
3332 2020 3429 2092 (α).
3478 2021 3575 2089 Qui
3604 2022 3703 2076 vult

2133 2104 2416 2173 proiicere,
2442 2106 2597 2162 habet
2624 2108 2783 2164 unde.
2829 2109 3056 2176 Quando
3096 2111 3396 2167 convenitis
3429 2113 3498 2167 ad
3548 2114 3704 2169 eccle-

2131 2195 2286 2261 siam,
2321 2196 2492 2252 tollite
2517 2197 2723 2253 fabulas
2749 2215 2914 2256 vanas
2960 2219 2974 2255 :
3014 2200 3198 2256 intenti
3233 2210 3407 2258 estote
3460 2204 3527 2258 ad
3572 2203 3708 2262 Scri-

2131 2299 2333 2358 pturas.
2356 2290 2580 2347 Codices
2600 2292 2763 2347 vestri
2800 2306 2901 2347 nos
2926 2308 3129 2348 sumus.
3180 2294 3455 2351 Attendite
3480 2311 3631 2367 ergo,
3653 2307 3704 2351 et

2132 2379 2327 2446 videte,
2357 2382 2477 2451 quia
2504 2392 2756 2437 venturus
2782 2392 2865 2439 est
2891 2384 3209 2440 Pentecoste
3232 2386 3463 2456 Spiritus
3483 2399 3700 2442 sanctus.

2134 2471 2197 2523 Et
2226 2472 2303 2527 sic
2326 2473 2503 2528 veniet
2531 2492 2544 2528 :
2579 2474 2628 2527 in
2657 2474 2851 2543 linguis
2888 2474 3054 2545 igneis
3108 2489 3169 2531 se
3196 2477 3453 2532 ostendit.
3495 2475 3704 2549 inspirat

2130 2563 2272 2617 enim
2297 2564 2609 2619 charitatem
2630 2608 2644 2632 ,
2670 2580 2772 2636 qua
2801 2565 3086 2621 ardeamus
3131 2567 3182 2621 in
3210 2568 3378 2623 Deum
3398 2610 3413 2634 ,
3446 2578 3500 2624 et
3535 2579 3705 2624 eunte-

2130 2668 2378 2709 mnamus
2400 2656 2676 2723 mundum,
2701 2667 2756 2713 et
2778 2655 2957 2713 fenum
2980 2668 3219 2713 nostrum
3252 2670 3525 2721 exuratur.
3549 2670 3597 2714 et
3618 2676 3704 2714 eor

2133 2746 2284 2814 quasi
2311 2762 2498 2801 aurum
2530 2758 2801 2818 purgetur.
2831 2748 3049 2803 Accedit
3071 2764 3199 2820 ergo
3227 2750 3460 2821 Spiritus
3484 2762 3698 2810 sanctus.

2132 2846 2254 2907 post
2279 2853 2469 2909 aquam
2490 2840 2624 2909 ignis
2649 2857 2663 2893 :
2687 2847 2741 2893 et
2766 2838 3037 2894 eilicimiui
3061 2842 3230 2910 panis,
3251 2841 3394 2910 quod
3416 2852 3498 2897 est
3521 2856 3699 2911 corpus

2132 2927 2350 2982 Christi.
2384 2928 2448 2983 Et
2480 2928 2602 2983 ideo
2628 2930 2800 2985 unitas
2842 2930 3069 2999 quodam
3110 2931 3271 2986 modo
3299 2930 3320 2963 ³
3360 2932 3695 3003 signiﬁcatur.

2134 3019 2349 3076 Tenetis
2377 3030 2705 3077 sacramenta
2749 3023 2936 3078 ordine
2973 3038 3091 3078 suo.
3129 3022 3309 3080 Primo
3352 3034 3470 3095 post
3513 3028 3699 3079 oratio-

2133 3126 2255 3167 nem
2285 3152 2299 3176 ,
2343 3110 2701 3168 admonemini
2741 3128 2952 3168 sursum
2992 3114 3189 3171 habere
3240 3131 3357 3170 cor.
3404 3116 3509 3170 lloc
3559 3117 3698 3170 decet

2133 3202 2373 3260 membra
2401 3204 2620 3260 Christi.
2653 3203 2707 3261 Si
2738 3206 2878 3261 enim
2906 3205 3144 3261 membra
3172 3206 3371 3261 Christi
3400 3206 3519 3263 facti
3546 3208 3663 3261 estis
3681 3249 3697 3272 ,

2134 3303 2293 3364 caput
2316 3302 2555 3351 vestrum
2579 3295 2664 3349 ubi
2687 3295 3059 3350 estiMcmbra
3091 3296 3482 3366 habentcaput.
3519 3297 3569 3352 Si
3616 3313 3701 3350 ea-

2135 3393 2229 3455 put
2254 3400 2358 3439 non
2386 3388 2765 3455 prmcessisset,
2790 3388 3027 3443 membra
3068 3403 3173 3442 non
3200 3399 3569 3459 sequerentur.
3591 3390 3699 3457 Quo

2135 3475 2228 3530 ivit
2270 3485 2429 3545 caput
2475 3476 2752 3531 vestrum?
2799 3476 2936 3544 Quid
2975 3476 3278 3536 reddidistis
3316 3481 3371 3534 in
3424 3480 3695 3552 Symhoto?

2133 3563 2311 3622 Tertia
2336 3564 2423 3621 die
2447 3568 2737 3623 resurrexit
2778 3583 2806 3621 a
2829 3569 3051 3642 mortuis
3071 3612 3086 3635 ,
3112 3571 3356 3626 ascendit
3401 3572 3455 3627 in
3499 3574 3692 3635 emtum,

2133 3655 2283 3712 sedet
2328 3655 2394 3711 ad
2434 3656 2713 3714 dexteram
2742 3659 2937 3715 Patris.
2968 3661 3108 3731 Ergo
3150 3662 3200 3716 iu
3242 3658 3382 3718 cmlo
3432 3674 3510 3718 est
3553 3673 3695 3733 mpm

2135 3755 2389 3803 nostrum.
2423 3747 2550 3804 ideo
2576 3765 2697 3805 cum
2720 3749 2932 3817 dicitur,
2953 3750 3174 3809 Sursum
3201 3769 3328 3820 cor;
3361 3756 3689 3827 «spondeus,
3708 3782 3753 3795 υ

2137 3837 2403 3895 llabemus
2428 3839 2495 3895 ad
2522 3841 2825 3898 Dominum.
2869 3842 2939 3898 Et
2973 3859 3042 3899 ne
3082 3844 3183 3899 hoc
3220 3846 3397 3916 ipsum
3440 3846 3570 3917 quod
3609 3861 3694 3900 cor

2137 3930 2343 3989 habetis
2368 3947 2578 3989 sursum
2619 3934 2684 3989 ad
2728 3934 3011 3990 Dominum
3038 3976 3054 4002 ,
3100 3937 3345 3993 tribuatis
3385 3939 3573 3995 viribus
3609 3954 3692 3992 ve-

2137 4023 2277 4089 stris,
2311 4024 2516 4079 meritis
2534 4025 2756 4091 vestris,
2785 4026 3055 4084 laboribus
3089 4031 3280 4083 vestris
3298 4072 3314 4096 ,
3360 4033 3482 4102 quia
3506 4030 3689 4087 Deido-

2137 4126 2262 4168 num
2292 4124 2375 4170 est
2394 4129 2606 4170 sursum
2627 4117 2824 4173 habere
2849 4133 2980 4185 cor;
3012 4118 3132 4175 ideo
3151 4120 3397 4190 sequitur
3416 4123 3685 4194 episcopus.

2137 4205 2525 4278 velpresbyter
2543 4207 2633 4277 qui
2662 4207 2841 4273 oll'ert,
2874 4219 2929 4265 et
2951 4210 3096 4277 dicit,
3125 4226 3248 4267 cum
3272 4215 3591 4284 responderit
3607 4229 3689 4282 po-

2137 4294 2290 4364 pulus
2305 4294 2348 4364 ⁵,
2373 4294 2640 4353 Habemus
2685 4298 2752 4353 ad
2782 4298 3062 4355 Dominum
3096 4316 3306 4358 sursum
3336 4320 3473 4360 cor:
3505 4304 3729 4361 Gratias-

2062 4436 2065 4437 ,
2135 4400 2354 4457 agamus
2373 4388 2600 4444 Domino
2627 4390 2736 4446 Deo
2776 4399 2996 4460 nostro,
3029 4395 3147 4465 quia
3176 4409 3391 4453 sursum
3424 4413 3515 4453 cor
3548 4396 3686 4451 habe

2136 4477 2309 4533 mus'.
2336 4478 2544 4535 Gratias
2564 4495 2803 4552 agamus,
2826 4484 2949 4554 quia
2976 4485 3075 4540 nisi
3100 4484 3356 4556 donaret,
3380 4488 3436 4543 in
3461 4498 3584 4544 terra
3605 4502 3685 4541 cor

2139 4568 2476 4626 haberemus.
2507 4570 2576 4627 Et
2617 4588 2712 4628 vos
2755 4575 3106 4641 attestamini,
3149 4576 3379 4649 Dignum
3416 4589 3471 4637 et
3514 4580 3721 4651 jnstum‘

2136 4667 2219 4715 est
2239 4658 2476 4717 dicentes
2501 4704 2514 4726 ,
2546 4670 2606 4717 ut
2628 4663 2675 4718 ci
2713 4665 2913 4735 gratias
2939 4681 3154 4736 agamus
3184 4669 3272 4738 qui
3303 4685 3404 4725 nos
3431 4670 3550 4727 fecit
3582 4683 3680 4725 ξατο

2203 4832 2217 4863 ¹
2246 4837 2376 4901 ιρι,
2400 4837 2510 4882 ante
2522 4830 2701 4894 jejuna?
2717 4831 3078 4887 familiarium
3107 4837 3371 4890 meinati
3406 4846 3681 4891 wet-atto.

2203 4905 2276 4944 ast
2302 4892 2625 4944 molebamini.
2650 4893 2964 4944 Floriaceusis
2991 4904 3136 4944 vetus
3158 4898 3310 4944 coite:
3332 4934 3348 4944 .
3374 4908 3484 4944 mue
3505 4900 3681 4944 ieiuniis.

2152 4900 2276 4963 tuas;
2295 4900 2625 4964 .ntotebamini.
2650 4900 2964 4947 Flortaceusis
2991 4904 3136 4950 vetus
3158 4900 3311 4951 codex
3332 4934 3349 4961 ,
3374 4900 3682 4965 mttejq'aniis.

2152 4953 2490 5029 iamrlzauoue,
2522 4954 2807 5029 exorcismis
2828 4956 2968 5021 quasi
2994 4957 3315 5029 malebann'ui.
3358 4961 3560 5029 aliorum
3589 4975 3685 5029 quo-

2134 5015 2354 5090 rumdam
2388 5023 2493 5067 Mss.
2531 5016 2795 5090 estdec‘tri'o
2816 5015 3235 5090 quamelegimus.
3264 5024 3453 5090 confer
3485 5015 3687 5090 intrain-

2135 5084 2386 5186 ἓὲιέοιόιωη
2424 5080 2663 5129 sermonis
2702 5078 2907 5141 29.9{ct
2926 5078 3105 5132 librum
3133 5082 3199 5133 de
3228 5084 3343 5135 l-‘ide
3368 5093 3422 5137 et
3452 5088 3688 5149 Operibus.

2134 5150 2552 5269 ςθςξῖὂιιίδᾳοηεῑξ
2592 5206 2678 5269 iis.
2724 5199 2871 5269 loeo_,_
2900 5201 3078 5266 nostri,
3114 5204 3296 5269 habet,
3334 5207 3563 5268 taurinis,
3595 5221 3687 5260 seu,

2318 5286 2380 5299 -
2401 5261 2567 5331 more],
2590 5259 2739 5331 Elea}.
2763 5259 2921 5316 Clitio.
2948 5259 3091 5330 iasg'.
3123 5266 3237 5329 2M,
3268 5259 3381 5331 Siti,
3412 5259 3579 5323 censet
3606 5284 3693 5321 tne-

2135 5318 2230 5387 liu_s
2248 5320 2528 5385 legendum,
2552 5322 2793 5387 nutritius.
2859 5334 2914 5375 Μ.

2197 5384 2417 5457 ῗὲιιὶιὲεε
2436 5384 2762 5457 mamma.
2788 5385 3036 5457 ιιιίονῑιοάοο

2196 5443 2219 5477 ⁸
2237 5444 2549 5518 Floriaccnsis
2582 5443 2826 5518 unum}:
2840 5449 2989 5499 habet
3004 5484 3025 5518 ι
3058 5448 3155 5518 (μαιΔ
3172 5450 3311 5518 oﬁ‘ert
3352 5460 3400 5518 et
3443 5453 3556 5518 dicit
3595 5464 3691 5518 mu

2132 5505 2433 5569 respmzderit
2454 5504 2684 5581 populus:
2699 5508 2789 5558 Sed
2813 5510 2985 5559 horum
3007 5504 3112 5562 loco
3141 5504 3531 5582 iui'interlineari
3556 5516 3700 5578 spatio

2132 5580 2160 5616 τι
2183 5567 2395 5649 est???
2411 5567 3182 5649 saeueeftétuessh
3203 5586 3480 5649 πέφανται
3496 5586 3579 5649 ςα-

2192 5630 2214 5663 ⁸
2234 5628 2316 5682 llic
2338 5636 2392 5680 et
2412 5630 2554 5702 inira,
2567 5632 2715 5680 verba
2731 5628 2950 5696 quasdam
2973 5635 3023 5685 in
3044 5628 3189 5687 editis
3203 5628 3381 5688 omissa
3393 5628 3689 5692 restium“!

2133 5703 2196 5738 ex
2222 5700 2577 5755 manuscriptts.

2193 5775 2264 5838 (α)
2290 5774 2403 5825 t‘idc
2425 5788 2572 5827 serm.
2597 5776 2704 5837 515,
2732 5790 2778 5827 u.
2805 5778 2843 5829 L
