3886 6188
219 356 343 415 illll

216 487 341 529 sum.
356 468 425 527 ad
452 478 688 527 nostrum
709 479 866 540 caput
896 469 1090 526 habere
1117 484 1229 524 cor.
1254 470 1454 526 Deinde
1510 481 1628 541 post
1667 489 1794 527 san-

215 560 590 619 ctiﬁcationem
611 560 970 625 sacriﬁciibci
992 561 1031 622 ι.
1054 559 1173 629 quia
1205 574 1304 615 nos
1334 561 1476 631 ipsos
1494 561 1655 614 voluit
1678 576 1799 616 esse

219 654 537 711 sacriﬁcium
568 668 746 720 suum,
774 653 916 723 quod
937 652 1357 709 demonstratum
1378 663 1479 715 est.
1512 653 1601 708 ubi
1632 653 1800 722 impo-

215 748 373 802 situm
404 754 487 804 est
510 746 738 816 primum
767 744 928 809 illud,
976 744 1293 801 sacriﬁcium
1346 744 1437 799 Dei
1482 752 1535 800 et
1584 761 1701 810 nos,
1751 744 1799 798 id

218 846 300 893 est
333 838 542 908 signum
589 836 666 891 rei
711 836 851 903 quod
891 851 1122 892 sumus:
1152 849 1278 892 ecce
1325 833 1414 889 ubi
1458 842 1541 890 est
1586 844 1800 904 peracta

217 928 567 986 sanctiﬁcatio
593 926 819 983 dicimus
840 925 1496 991 oratiouemDomiuicam,
1528 942 1685 994 quam
1707 942 1797 981 ac-

215 1019 433 1089 cepistis
461 1025 515 1072 et
540 1017 863 1073 reddidistis.
897 1017 1021 1071 Post
1050 1018 1215 1087 ipsam
1241 1015 1455 1080 dicitur,
1484 1014 1591 1071 Pax
1619 1014 1801 1069 vobis-

152 1127 336 1167 ~cunt
370 1119 464 1165 :ct
504 1110 811 1165 osculantur
838 1124 896 1165 se
933 1108 1219 1165 Christiani
1263 1109 1313 1163 in
1356 1107 1543 1163 osculo
1588 1117 1798 1163 sancto.

217 1204 371 1259 Pacis
394 1203 605 1273 signum
630 1211 714 1258 est
742 1219 754 1254 :
788 1203 925 1260 sicut
953 1201 1240 1257 ostendunt
1268 1199 1426 1266 labia,
1459 1200 1552 1256 ﬁat
1583 1198 1636 1253 in
1670 1214 1802 1253 cono

216 1294 461 1351 scicntia.
490 1292 544 1347 ld
573 1301 683 1358 est,
714 1292 982 1362 quomodo
1012 1291 1147 1345 labia
1189 1300 1273 1346 tua
1321 1290 1386 1346 ad
1434 1290 1571 1347 labia
1622 1287 1805 1359 fratris

218 1386 289 1441 tui
320 1385 605 1451 accedunt,
636 1384 714 1441 sic
740 1400 836 1440 cur
863 1395 1007 1438 tuum
1031 1399 1058 1436 a
1087 1383 1251 1439 corde
1275 1383 1391 1452 ejus
1417 1400 1523 1438 nmt
1565 1383 1801 1441 recedat.

192 1478 402 1549 ’Ilagna
425 1493 552 1548 ergo
579 1486 933 1542 sacramenta,
967 1484 1022 1532 et
1042 1476 1196 1530 valde
1217 1491 1428 1545 magna.
1453 1475 1622 1531 Vultis
1645 1490 1803 1530 nosse

214 1570 487 1638 quomodo
510 1567 994 1624 commendantur?
1027 1568 1117 1621 Ait
1143 1567 1431 1636 Apostolus
1465 1584 1480 1622 :
1514 1567 1614 1633 Qui
1660 1583 1804 1620 man-

217 1662 372 1717 ducet
395 1677 583 1730 corpus
608 1659 813 1723 Clu-isti,
837 1669 923 1712 aut
947 1657 1067 1712 bibit
1097 1659 1304 1713 calicem
1334 1656 1539 1715 Domini
1574 1657 1800 1727 indigne,

215 1769 333 1807 rm
362 1752 456 1806 erit
480 1750 708 1821 corporis
727 1758 776 1804 et
810 1749 1074 1820 sanguinis
1109 1747 1313 1802 Domini
1345 1748 1403 1818 (1
1425 1746 1542 1804 Car.
1575 1762 1648 1814 ει,
1687 1746 1801 1816 27).

215 1842 355 1910 Quid
385 1850 467 1896 est
496 1841 707 1912 indigne
726 1839 1004 1910 accipere?
1034 1839 1324 1895 lrridenter
1366 1839 1628 1909 accipere,
1676 1854 1806 1893 con-

218 1933 588 2004 tcmptibiliter
606 1932 870 2002 accipere.
917 1930 1033 1986 Non
1061 1931 1153 1987 tibi
1203 1931 1444 1986 videatur
1488 1931 1629 1998 vile,
1682 1932 1802 2001 quia

215 2027 389 2082 vides.
416 2025 570 2092 Quod
599 2025 769 2090 vides,
801 2024 991 2080 transit
1022 2041 1036 2078 :
1061 2023 1157 2080 sed
1183 2023 1324 2092 quod
1355 2023 1680 2095 signiﬁcatur
1719 2026 1800 2076 in-

214 2118 447 2183 visibile,
481 2133 585 2173 non
615 2117 833 2182 transit;
864 2115 959 2173 sed
1001 2125 1298 2187 permanet.
1340 2114 1481 2171 Ecce
1521 2114 1798 2183 accipitur,

214 2209 537 2269 comeditur.
595 2208 925 2264 consumitur
976 2221 990 2259 :
1050 2204 1304 2276 numquid
1369 2220 1564 2274 corpus
1606 2203 1801 2261 Christi

214 2298 582 2357 coitsnntitur?
630 2297 881 2369 numquid
925 2296 1157 2352 Ecclesia
1185 2294 1384 2352 Christi
1433 2295 1805 2350 consumitur?

215 2389 475 2460 numquid
508 2389 744 2444 membra
787 2387 984 2444 Christi
1021 2386 1442 2442 consumuntur?
1479 2379 1666 2441 Absit!
1711 2386 1804 2441 llic

215 2479 583 2536 mandantur:
618 2480 687 2534 ibi
718 2488 1062 2535 coronantur.
1100 2477 1334 2534 Manebit
1373 2493 1502 2548 ergo
1540 2476 1681 2546 quod
1735 2475 1805 2529 si-

214 2571 499 2640 gniﬁcatur
523 2569 843 2625 teternaliter
863 2571 907 2636 ⁸,
929 2584 1229 2639 quanquam
1276 2568 1503 2624 transire
1526 2567 1793 2623 videatur.

214 2663 303 2719 Sic
332 2678 463 2732 ergo
483 2663 738 2731 accipite,
784 2670 841 2718 ut
868 2677 968 2717 vos
1015 2660 1292 2732 cogitetis,
1341 2668 1397 2715 ut
1446 2659 1701 2714 unitatem
1752 2660 1802 2713 in

214 2753 382 2810 corde
418 2753 675 2818 habeatis,
716 2768 929 2809 sursum
958 2767 1052 2807 cor
1075 2767 1290 2823 semper
1321 2752 1509 2821 ﬁgatis.
1535 2750 1670 2821 Spes
1706 2768 1798 2805 ve—

215 2856 323 2901 stra
357 2861 465 2899 non
493 2845 560 2899 sit
592 2845 642 2898 iu
673 2854 833 2909 terra,
863 2843 957 2899 sed
988 2845 1038 2898 in
1069 2844 1208 2900 Ctelo
1244 2862 1259 2898 :
1294 2842 1426 2898 ﬁtlcs
1455 2851 1625 2897 vestra
1655 2842 1804 2897 ﬁrma

213 2939 280 2991 sit
306 2937 361 2990 in
391 2936 556 2995 Deum
582 2978 597 3002 ,
626 2936 964 3006 acceptabilis
1009 2935 1077 2990 sit
1115 2936 1244 2992 Deo.
1294 2935 1428 3004 Quia
1466 2934 1608 3006 quod
1646 2933 1811 2990 modo

216 3026 303 3083 hic
333 3042 442 3082 non
472 3026 684 3092 vidi-tis,
713 3034 767 3083 et
794 3024 1041 3092 creditis;
1073 3025 1238 3081 visuri
1264 3024 1395 3081 estis
1415 3022 1544 3091 illic,
1570 3022 1658 3080 ubi
1683 3025 1802 3081 sine

214 3118 319 3175 ﬁne
346 3118 663 3190 gaudebitis.

641 3229 873 3289 δεικωο
908 3229 1252 3297 CCXX\’lIl‘
1278 3231 1377 3308 (ο).

775 3350 826 3396 tu
855 3346 937 3397 die
968 3347 1174 3410 Pascha),
1200 3361 1249 3399 ν.

632 3445 723 3507 Αᾱ
737 3454 978 3525 papnlum
1005 3462 1051 3508 et
1071 3453 1139 3508 ad
1159 3450 1413 3527 Infantes.

293 3569 345 3625 l.
380 3567 503 3623 Dies
553 3566 897 3622 Sacramentis
947 3565 1232 3638 Infantiam
1276 3567 1543 3636 deputati.‘
1575 3566 1805 3638 Infanti-

214 3662 307 3716 bus
376 3660 608 3732 exeanpia
662 3659 925 3731 probitatis
976 3658 1227 3728 pra'beant
1276 3658 1367 3712 alii
1421 3659 1614 3729 fideles.
1678 3658 1806 3713 I‘ost

214 3753 456 3807 laborem
527 3751 699 3805 noctis
753 3750 1078 3819 prtetcritar,
1131 3751 1379 3819 quoniam
1425 3749 1525 3805 etsi
1590 3750 1807 3819 spiritus

213 3855 499 3915 promptus
528 3851 624 3905 est,
651 3857 775 3897 earo
798 3852 972 3898 tamen
999 3842 1229 3907 inﬁrma,
1257 3840 1345 3895 diu
1376 3856 1471 3894 vos
1495 3848 1673 3894 tenere
1694 3855 1806 3893 ser-

215 3950 379 3989 more
410 3950 514 3988 non
542 3933 712 3989 debeo
736 3976 751 4000 ,
783 3942 836 3988 et
876 3944 1049 3988 tamen
1079 3949 1379 3989 sermonem
1425 3932 1575 3986 vobis
1613 3930 1803 3986 debeo.

215 4029 343 4085 Dies
372 4026 525 4091 istos,
557 4025 749 4095 quibus
780 4033 902 4096 post
927 4024 1229 4096 passionem
1262 4023 1468 4078 Domini
1500 4023 1665 4078 nostri
1699 4022 1806 4078 Deo

214 4127 497 4172 cautamus
522 4115 767 4182 Alleluia,
795 4113 961 4171 festos
988 4115 1242 4170 habemus
1262 4111 1317 4167 in
1350 4114 1528 4168 lzrtitia
1557 4112 1805 4185 usquead

214 4208 571 4262 x.‘entccosten
593 4248 606 4268 ,
637 4206 848 4276 quando
877 4204 1073 4261 missus
1109 4213 1192 4260 est
1226 4204 1294 4259 de
1330 4204 1468 4259 coelo
1516 4204 1808 4273 promissas

225 4298 452 4368 Spiritus
476 4305 710 4353 sanctus.
737 4297 814 4352 Ex
841 4298 922 4352 his
947 4296 1133 4352 diebus
1152 4338 1165 4358 .
1190 4306 1393 4366 septem
1424 4296 1505 4353 vel
1544 4305 1666 4352 octo
1714 4297 1805 4366 qni

225 4405 361 4444 tunc
411 4399 676 4460 aguntur,
722 4387 1082 4443 Sacramentis
1127 4383 1411 4442 lnfantium
1461 4388 1804 4457 deputantur.

212 4479 318 4548 Qui
349 4480 504 4549 p:~.ulo
520 4487 642 4533 ante
670 4476 1401 4548 vocabanturCompetentes,
1432 4478 1590 4533 modo
1615 4494 1809 4533 vocan-

216 4582 305 4623 tur
336 4566 588 4624 infantes.
624 4568 1000 4638 Competcntcs
1036 4568 1368 4633 dicebantur,
1410 4569 1659 4640 quoniam
1694 4584 1810 4624 ma-

217 4672 371 4716 terna
416 4675 642 4725 viscera,
688 4667 744 4713 ut
792 4667 1160 4726 nascerentur,
1211 4659 1443 4733 petendo
1482 4661 1806 4729 pulsabant:

218 4748 455 4806 Infantes
481 4751 747 4816 dicuntur,
781 4749 902 4821 quia
937 4751 1097 4805 modo
1125 4752 1231 4806 nati
1278 4759 1402 4806 sunt
1436 4751 1668 4819 Christo,
1719 4754 1807 4823 qui

218 4844 371 4915 prius
398 4843 503 4895 nati
533 4842 744 4896 fuerant
767 4842 991 4897 smculo.
1027 4843 1082 4896 In
1111 4842 1215 4897 illis
1242 4852 1325 4898 est
1369 4853 1581 4910 novata,
1605 4859 1726 4914 qua:
1755 4845 1807 4899 in

217 4937 373 4993 vobis
400 4935 558 4991 debet
578 4928 697 4991 esse
740 4934 978 4989 ﬁrmata’
1009 4954 1023 4990 :
1051 4943 1104 4990 et
1148 4936 1235 5003 qui
1278 4936 1388 5006 jam
1441 4935 1624 4991 ﬁdeles
1658 4937 1807 5000 estis,

216 5047 330 5087 non
358 5030 437 5084 cis
461 5028 729 5098 exempla,
762 5027 952 5098 quibus
981 5036 1231 5097 pereant,
1276 5027 1367 5082 sed
1406 5027 1597 5096 quibus
1647 5027 1809 5097 proﬁ-

216 5123 366 5177 ciant
386 5118 691 5191 praebentis.
724 5117 1013 5172 intendunt
1038 5119 1180 5175 enim
1203 5132 1299 5173 vos
1338 5116 1494 5172 modo
1524 5117 1653 5183 nati,
1679 5132 1814 5188 quo-

219 5211 387 5269 modo
412 5210 601 5266 vivatis
630 5211 755 5265 olim
787 5211 917 5266 nati.
947 5210 1058 5267 lloc
1078 5210 1273 5266 faciunt
1297 5210 1387 5283 qui
1430 5211 1589 5265 etiam
1623 5226 1814 5266 secun-

286 5358 304 5390 ι
332 5363 381 5405 tn
405 5353 513 5405 loco
536 5351 776 5412 perplexo
801 5352 940 5404 libris
960 5351 1300 5412 maenaa-imis
1319 5351 1604 5412 insistimus.
1625 5350 1812 5412 Quippe

222 5432 321 5467 mn
343 5409 783 5488 condnni_tts'ap_ttd
820 5421 931 5488 hev.
958 5415 1037 5464 hic
1068 5409 1563 5488 ltabet‘ut'ttsaerilicii
1598 5409 1810 5472 dicitur,

233 5491 359 5544 rem;
384 5486 438 5528 el
460 5475 605 5539 tanto
624 5473 734 5546 post
754 5476 1007 5531 omittitur.
1032 5473 1112 5546 ubi
1129 5473 1405 5584 iturosﬂmn
1423 5478 1514 5545 est.

287 5542 310 5573 ³
337 5548 455 5597 vos,
478 5533 790 5595 διιεῖ-Μήιον.
808 5539 950 5588 abest
970 5550 997 5586 a
1020 5535 1145 5597 libro
1166 5542 1195 5583 ιτ
1214 5547 1469 5597 οισιειαςηει.

288 5592 507 5650 δεαιέιιε
526 5599 606 5648 hic
616 5592 871 5658 chttdicat;
885 5596 1065 5662 aliquid
1087 5596 1266 5649 deesse
1289 5592 1372 5647 vel
1392 5607 1655 5658 superesse
1670 5593 1808 5646 vide-

225 5667 537 5784 :ucrastiam
556 5718 616 5771 ad
637 5728 717 5784 ais.
744 5734 790 5771 v.
810 5726 861 5770 et
874 5719 1101 5784 adligo.

287 5785 359 5842 (α)
381 5781 517 5840 Alias,
542 5794 606 5833 ex
633 5783 923 5842 t'lgneriauls
944 5781 1018 5831 l7.

1589 360 1821 418 SERMO
1859 365 2181 422 CCXXVlll.

3266 446 3281 459 .
3355 375 3491 431 ΗοΞ

1907 476 2034 529 dttm
2064 477 2229 530 Adam
2263 486 2547 530 nascuntur
2578 496 2591 530 :
2626 477 2770 547 prius
2795 481 2992 550 parvuli
3028 492 3166 545 amt;
3212 496 3328 554 past
3376 505 3490 542 tuo-

1908 581 1995 621 res
2026 566 2283 634 majorum
2315 583 2437 623 cum
2475 571 2670 625 Sentire
2717 573 3008 642 rmpcrint,
3052 576 3177 644 quid
3223 577 3493 635 imitentur

1907 658 2203 713 attendunt.
2227 660 2292 715 Et
2313 663 2559 729 quoniam
2582 679 2688 733 quo
2705 665 2914 721 duxerit
2932 666 3115 736 major,
3138 671 3376 739 sequitur
3389 675 3491 726 mi-

1908 765 2034 815 nor;
2063 753 2350 820 optamlum
2390 765 2471 809 est
2519 763 2574 809 ut
2622 757 2756 812 bona
2806 760 2886 813 via
2929 760 3098 829 major
3137 771 3241 827 eat,
3295 778 3362 818 ne
3405 780 3493 819 sec

1907 841 2121 911 quando
2150 843 2319 913 major
2336 856 2390 900 et
2419 847 2596 901 minor
2620 858 2860 917 pereant.
2896 849 3073 922 Itaque
3111 866 3206 906 vos
3226 895 3240 917 .
3278 852 3491 917 fratres,

1906 932 1994 1001 qui
2014 932 2124 1002 jam
2150 934 2379 1003 quodam
2412 937 2571 991 modo
2596 953 2690 1006 per
2710 949 2920 995 relatem
2949 944 3364 1012 regenerationis
3406 963 3496 1014 pa.

1908 1031 2089 1076 rentes
2115 1024 2264 1088 estis,
2289 1025 2528 1095 alloquor
2559 1041 2672 1093 vos,
2713 1043 2778 1084 ac
2820 1029 3094 1097 exhortor,
3129 1043 3187 1087 ut
3227 1034 3297 1087 ita
3349 1035 3490 1090 viva~

1909 1114 1994 1176 tis,
2024 1124 2080 1168 ut
2105 1128 2224 1170 cum
2247 1115 2326 1171 cis
2346 1117 2434 1186 qui
2462 1132 2555 1171 vos
2577 1119 2867 1186 imitantur,
2892 1122 3202 1192 gaudeatis,
3250 1140 3355 1179 non
3397 1141 3489 1195 pe-

1909 1207 2089 1261 reatis.
2146 1209 2385 1264 Attendit
2426 1210 2585 1265 modo
2634 1219 2789 1268 natus
2833 1217 3012 1269 nescio
3073 1232 3230 1285 quem
3284 1218 3491 1274 ﬁdelem

1908 1295 2210 1363 ebriosum;
2242 1300 2404 1356 timeo
2427 1316 2494 1356 ne
2516 1302 2659 1358 dicat
2687 1304 2785 1360 sibi
2811 1321 2825 1357 :
2857 1305 3032 1374 Quare
3059 1307 3147 1362 ille
3177 1308 3348 1363 ﬁdelis
3372 1322 3451 1365 est
3475 1353 3490 1379 ,

1907 1396 1965 1442 et
1991 1398 2192 1445 tantum
2232 1391 2659 1450 bibit?Atlendit
2687 1396 2870 1452 nescio
2913 1412 3069 1467 quem
3112 1398 3489 1466 feneratorem,

1911 1478 2115 1534 tristem
2168 1480 2444 1549 datorem,
2495 1486 2852 1544 truculentum
2888 1498 3221 1556 exactorem,
3270 1501 3327 1545 et
3368 1491 3496 1547 dicit

1909 1570 2011 1626 sibi
2041 1589 2053 1625 :
2078 1571 2290 1629 Faciam
2321 1582 2375 1629 et
2398 1588 2517 1645 ego.
2542 1575 2914 1649 Respondetur
2941 1580 2989 1636 ci
3019 1596 3034 1634 :
3059 1580 3176 1636 Jatn
3207 1581 3380 1643 ﬁdelis
3403 1599 3492 1650 es,

1909 1663 2015 1716 noli
2048 1662 2256 1731 facere;
2301 1666 2596 1737 baptizatus
2638 1685 2718 1736 es,
2762 1682 2979 1729 renatus
3027 1690 3123 1742 es,
3173 1685 3373 1731 mutata
3411 1689 3492 1734 cst

1909 1768 2052 1821 spes,
2081 1765 2350 1812 mutentur
2376 1770 2573 1814 mares.
2604 1761 2669 1815 Et
2692 1761 2819 1821 ille:
2847 1763 3022 1831 Quare
3059 1764 3152 1821 ille
3197 1777 3253 1822 et
3288 1768 3381 1823 ille
3435 1772 3496 1822 ti-

1908 1844 2058 1900 deles
2081 1846 2238 1901 sunt?
2267 1847 2398 1903 Nolo
2432 1850 2613 1907 dicere
2639 1853 2739 1908 alia
2759 1871 2785 1916 ;.
2817 1855 2937 1923 quis
2971 1856 3114 1910 enim
3167 1872 3498 1913 commemo-

1909 1946 1991 1991 ret
2019 1938 2238 1993 omnia?
2266 1939 2407 2006 ldeo,
2433 1940 2622 1999 fratres
2650 1944 2791 2008 mei,
2843 1945 3055 2014 quando
3095 1946 3237 2002 male
3273 1930 3489 2012 'vivitis,

1908 2027 1995 2096 qui
2017 2027 2126 2096 jam
2160 2028 2346 2084 ﬁdeles
2374 2031 2525 2096 CSliS,
2564 2031 2714 2088 etde
2751 2033 2902 2089 vobis
2926 2046 2980 2091 et
3023 2036 3092 2093 do
3136 2036 3252 2093 istis
3300 2040 3492 2097 malam

1910 2120 2173 2175 rationem
2208 2122 2318 2177 Deo
2344 2123 2602 2179 reddctis.

1978 2211 2032 2265 2.
2062 2210 2298 2284 Infantes
2338 2214 2570 2269 hortatur
2597 2226 2650 2270 ut
2687 2218 2951 2275 imitentur
2974 2221 3148 2277 bonos.
3191 2221 3308 2278 Jam
3352 2223 3496 2293 ipsos

1909 2302 2168 2372 alloquor,
2202 2312 2258 2358 ttt
2284 2320 2450 2374 grana
2473 2306 2580 2362 sint
2604 2307 2657 2363 in
2686 2323 2833 2374 arca,
2862 2319 2917 2364 ut
2941 2304 3149 2384 paleam
3192 2330 3310 2383 qua:
3338 2327 3496 2369 vento

1909 2391 2302 2459 circumfertur,
2327 2410 2432 2450 non
2460 2407 2772 2467 sequantur,
2799 2414 2922 2456 cum
2951 2418 3052 2472 qua
3094 2414 3313 2472 pereant
3337 2422 3351 2470 ;
3399 2407 3493 2460 sed

1909 2494 2159 2540 maneant
2203 2486 2444 2557 pondere
2490 2488 2790 2560 charitatis,
2833 2500 2892 2548 ut
2936 2493 3251 2564 perveniant
3294 2495 3360 2550 ad
3411 2512 3494 2551 rc-

1908 2590 2070 2644 gnum
2100 2576 2536 2634 immortalitatis.
2563 2579 2667 2636 Vos
2687 2597 2837 2653 ergo,
2866 2582 3081 2649 fratres.
3111 2600 3207 2641 vos
3246 2585 3366 2651 ﬁlii,
3399 2602 3494 2640 vos

1911 2667 2119 2722 novella
2155 2670 2396 2740 germina
2438 2672 2624 2738 matris
2661 2673 2954 2742 Ecclesiae,
2993 2675 3219 2733 obsecro
3263 2693 3359 2735 vos
3402 2695 3496 2748 prr

1908 2758 2048 2827 quod
2077 2761 2373 2829 accepistis,
2395 2769 2453 2818 ut
2478 2764 2766 2820 attendatis
2792 2766 2842 2820 itt
2868 2781 2990 2823 eum
3016 2768 3106 2839 qui
3128 2784 3226 2825 vos
3255 2772 3486 2835 vocavit,

1908 2850 1997 2917 qui
2024 2850 2211 2908 dilexit
2236 2867 2352 2919 vos,
2374 2854 2465 2924 qui
2501 2855 2739 2924 perditos
2766 2858 3011 2928 qumsivit
3045 2874 3160 2924 vos,
3186 2861 3275 2931 qui
3312 2860 3498 2931 inven-

1910 2947 1992 2995 tos
2021 2940 2334 3000 illuminavit
2362 2959 2476 3013 vos,
2500 2953 2680 3002 utnon
2706 2949 2980 3004 sectamini
3004 2950 3115 3007 vias
3141 2953 3493 3020 perditorum,

1909 3032 1962 3087 in
1988 3033 2183 3105 quibus
2208 3048 2352 3092 errat
2381 3052 2574 3095 nomen
2601 3037 2874 3097 ﬁdelium:
2903 3056 3009 3097 non
3046 3042 3187 3098 cnim
3240 3046 3497 3114 quaeritur

1910 3128 2035 3198 quid
2058 3119 2334 3197 vocentur,
2359 3130 2451 3187 sed
2481 3141 2655 3186 utrum
2689 3134 2890 3191 nomini
2929 3148 3028 3191 Suo
3080 3145 3393 3193 consonent.
3438 3138 3494 3194 Si

1911 3230 2066 3275 natus
2102 3222 2215 3286 est,
2244 3223 2329 3277 ubi
2359 3233 2439 3278 est
2473 3239 2606 3279 nova
2638 3224 2784 3279 vita?
2812 3224 2867 3284 Si
2908 3226 3076 3281 ﬁdelis
3118 3236 3235 3293 est,
3286 3230 3373 3283 ubi
3414 3240 3495 3284 est

1912 3312 2076 3368 ﬁdes?
2110 3314 2280 3370 Audio
2309 3329 2522 3377 nomen.
2556 3331 2841 3387 agnoscam
2863 3327 2917 3372 ct
2938 3335 3069 3374 rem.
3109 3320 3299 3393 Eligite
3344 3324 3494 3376 γυιιῑς

1908 3419 2041 3474 quos
2068 3406 2368 3474 imitemini,
2400 3406 2566 3462 Deum
2595 3408 2839 3463 timentes
2846 3450 2873 3489 ι
2907 3411 3187 3465 ecclesiam
3241 3412 3332 3467 Dei
3373 3428 3491 3468 cum

1912 3495 2100 3550 timore
2128 3496 2387 3551 intrantes
2408 3537 2423 3556 ,
2457 3498 2678 3552 verbum
2725 3499 2816 3553 Dei
2850 3499 3130 3570 diligenter
3176 3500 3453 3555 audientes
3479 3544 3493 3563 ,

1910 3587 2163 3641 memoria
2212 3588 2537 3647 retinentes,
2582 3589 2904 3658 cogitatione
2944 3590 3295 3656 ruminantes,
3346 3592 3496 3647 lactis

1912 3676 2229 3746 implentcs;
2276 3678 2420 3747 ipsos
2455 3678 2632 3747 eligite
2676 3694 2809 3749 quos
2850 3679 3146 3735 imitemini.
3184 3681 3301 3737 Non
3353 3683 3495 3738 dicat

1909 3785 2004 3824 cor
2030 3778 2269 3824 vestrum
2301 3786 2316 3823 :
2349 3769 2417 3825 Et
2437 3770 2523 3825 ubi
2553 3770 2888 3826 inveniemus
2914 3771 3077 3826 tales?
3103 3773 3286 3830 Estote
3327 3775 3455 3830 tales
3475 3817 3492 3841 ,

1910 3872 1964 3918 et
1987 3863 2266 3918 invenietis
2296 3861 2448 3918 tales.
2489 3861 2677 3917 Omnis
2706 3878 2793 3918 res
2817 3863 3005 3918 similis
3028 3864 3095 3919 ad
3128 3865 3358 3920 similem
3405 3882 3511 3922 co-'

1912 3955 2115 4011 lueret:
2147 3954 2191 4009 si
2234 3954 2471 4024 perditus
2501 3955 2696 4011 vixeris
2720 3995 2737 4019 ,
2788 3970 2893 4010 non
2929 3969 2988 4011 se
3027 3955 3120 4012 tibi
3158 3956 3357 4027 junget.
3392 3957 3493 4012 nisi

1912 4044 2166 4114 perditus.
2200 4046 2378 4116 Incipe
2399 4046 2535 4100 bene
2562 4051 2774 4113 vivere,
2797 4056 2851 4101 et
2893 4045 3098 4102 videbis
3143 4049 3324 4117 quanti
3364 4051 3495 4103 socii

1912 4146 1964 4193 te
1987 4137 2342 4200 circumdent,
2375 4138 2441 4193 de
2465 4147 2662 4207 quanta
2687 4138 3021 4195 fraternitate
3059 4140 3361 4209 gratulcris.
3394 4142 3494 4196 Po-

1911 4239 2111 4286 stremo
2130 4273 2145 4297 ,
2176 4226 2280 4285 non
2314 4230 2524 4286 invenis
2558 4231 2700 4302 quod
2730 4229 2996 4289 imiteris?
3018 4232 3145 4287 Esto
3169 4232 3311 4303 quod
3358 4233 3496 4288 alius

1911 4323 2162 4379 imitetur.

1982 4417 2053 4471 5..
2087 4414 2267 4472 Sermo
2321 4416 2516 4472 debitus
2565 4413 2889 4486 Infantibus,
2928 4416 2993 4471 de
3038 4413 3371 4474 Sacramenta
3418 4420 3498 4473 al-

1912 4508 2057 4563 taris.
2115 4508 2427 4563 Sermonem
2489 4506 2556 4560 ad
2624 4507 2792 4563 altare
2864 4507 2958 4562 Dei
3015 4507 3271 4565 debemus
3338 4507 3497 4564 hodie

1922 4599 2215 4655 Infantibus
2263 4598 2332 4654 de
2379 4597 2733 4656 Sacramenta
2778 4599 2981 4654 altaris.
3036 4599 3405 4656 Tractavimus
3429 4602 3495 4655 ad

1912 4708 2009 4749 eos
2036 4692 2103 4748 de
2132 4700 2468 4748 sacramento
2511 4690 2770 4763 Sytnboli,
2799 4691 2939 4761 quod
2967 4692 3185 4748 credere
3219 4692 3448 4749 debeant
3479 4709 3493 4744 :

1916 4783 2260 4839 tractavimus
2284 4783 2352 4838 de
2382 4791 2717 4837 sacramento
2742 4781 2997 4837 orationis
3011 4779 3321 4845 Doutinicte.
3361 4796 3496 4851 quo-

1914 4876 2074 4931 modo
2101 4884 2324 4946 petant;
2367 4883 2418 4929 et
2449 4873 2514 4929 de
2540 4883 2878 4929 sacramento
2914 4873 3074 4928 fontis
3122 4883 3180 4927 et
3220 4873 3493 4942 Baptismi.

1917 4966 2106 5023 Omnia
2148 4967 2263 5021 lucc
2299 4974 2354 5020 ct
2395 4964 2656 5033 diSputata
2682 4964 2983 5029 audierunt,
3009 4963 3280 5042 ettradita
3308 4979 3497 5034 perce-

1916 5067 2110 5128 perunt
2163 5055 2278 5110 :de
2323 5055 2671 5109 Sacramento
2716 5060 2890 5106 autem
2928 5051 3109 5106 altaris
3149 5052 3307 5116 sacri,
3355 5052 3496 5121 quod

1916 5147 2075 5203 hodie
2122 5146 2393 5207 viderunt,
2440 5143 2571 5198 nihil
2599 5142 2772 5198 adhuc
2812 5139 3094 5197 audierunt
3139 5142 3344 5207 ;bodie
3395 5143 3496 5196 illis

1915 5240 2109 5298 de'hac
2129 5253 2188 5295 re
2217 5253 2395 5293 sermo
2422 5236 2664 5292 debetur.
2693 5235 2977 5304 Propterea
3007 5234 3093 5289 hic
3120 5249 3297 5289 sermo
3323 5234 3498 5289 brevis

1916 5347 2036 5389 esse
2060 5331 2237 5395 debet,
2264 5339 2317 5384 et
2362 5335 2576 5399 propter
2603 5327 2841 5383 laborem
2883 5333 3147 5394 nostrum,
3186 5334 3240 5381 et
3282 5333 3497 5397 prOpter

1917 5422 2320 5480 :rdiﬁcationcm
2350 5421 2585 5476 illorum.
