3934 6188
297 343 435 399 I105

290 476 413 517 cum
446 459 751 516 condiiioue
776 457 935 512 homo
959 454 1160 523 primus
1185 452 1387 521 accepit
1417 466 1431 517 ;
1461 460 1518 505 ut
1543 449 1585 503 si
1619 454 1878 509 servaret,

293 555 496 608 viveret
527 566 544 611 :
576 550 619 606 si
650 555 1038 617 corrumperet,
1085 553 1400 600 moreretur.
1440 541 1554 598 Non
1585 556 1644 596 se
1672 555 1732 596 se
1759 554 1877 595 cre-

268 642 479 698 'dendo
506 640 844 701 moriturum,
882 638 1006 693 fecit
1040 636 1178 692 unde
1223 643 1562 700 moreretur;
1594 643 1650 690 et
1683 633 1877 687 invenit

294 751 483 791 verum
516 734 676 790 fuisse
718 732 859 803 quod
905 731 1111 786 dixerat
1152 729 1239 798 qui
1270 728 1438 799 legem
1485 727 1724 782 dederat.
1757 724 1882 782 Inde

294 844 466 894 mors,
522 827 645 882 inde
686 827 947 890 mortalis,
976 824 1100 879 inde
1128 824 1297 892 labor,
1330 825 1452 881 inde
1478 826 1711 888 miseria,
1761 825 1885 881 inde

294 923 458 975 etiam
502 928 625 990 post
655 927 881 973 mortem
926 902 1147 986 primam
1203 932 1352 973 mors
1394 918 1647 983 secunda,
1681 918 1732 974 id
1777 928 1880 982 est,

297 1021 423 1082 post
471 1020 696 1066 mortem
757 1010 1105 1080 temporalem
1155 1026 1298 1065 mors
1337 1011 1682 1079 sempiterna.
1754 1010 1885 1065 lluie

299 1120 429 1174 ergo
448 1102 719 1158 traditioni
752 1103 769 1136 ³
796 1103 1003 1170 mortis,
1042 1103 1124 1159 his
1151 1103 1353 1173 legibus
1377 1102 1568 1158 inferni
1599 1102 1886 1157 obstrictus

297 1194 538 1250 nascitur
561 1195 736 1249 omnis
754 1193 914 1248 homo
943 1212 956 1249 :
985 1192 1078 1249 sed
1109 1193 1464 1263 prieterillum
1486 1192 1778 1261 hominem,
1796 1194 1886 1262 qui

303 1288 467 1343 homo
495 1288 667 1342 iactus
684 1297 785 1354 est,
808 1302 877 1342 ne
903 1288 1098 1356 periret
1124 1287 1341 1342 homo’.
1367 1286 1480 1342 Non
1508 1288 1648 1341 enim
1686 1286 1888 1357 legibus

302 1379 492 1434 mortis
523 1379 968 1434 venitobstrictus
994 1398 1008 1434 :
1039 1379 1159 1434 ideo
1181 1379 1377 1435 dicitur
1405 1379 1456 1433 in
1478 1379 1713 1445 Psalmo,
1747 1377 1890 1432 Inter

302 1480 531 1524 mortuos
574 1469 698 1523 liber
717 1468 887 1537 (Psol.
921 1485 1161 1536 Lxxxvu,
1185 1470 1219 1525 6
1246 1472 1283 1541 ).
1307 1471 1475 1539 Quem
1501 1472 1618 1525 sine
1640 1471 1890 1538 concupi-

303 1561 507 1615 scentia
539 1562 686 1632 virgo
713 1561 957 1631 concepit
980 1577 1136 1632 quem
1164 1573 1215 1617 et
1237 1564 1385 1633 virgo
1417 1564 1638 1633 peperit,
1669 1572 1722 1619 et
1742 1563 1891 1634 virgo

303 1653 617 1721 permansit.
640 1653 741 1722 Qui
778 1654 907 1708 vixit
936 1653 1052 1709 sine
1076 1653 1252 1723 culpa,
1285 1655 1374 1725 qui
1399 1669 1504 1709 non
1544 1664 1626 1710 est
1651 1664 1892 1710 mortuus

305 1761 382 1815 pri
404 1755 523 1816 pter
558 1746 767 1815 culpam
817 1763 831 1800 :
877 1747 1275 1800 communicans
1333 1747 1606 1802 nobiseum
1656 1763 1890 1817 poenam,

306 1853 413 1892 non
454 1838 855 1892 communicans
892 1838 1147 1906 culpam'.
1177 1838 1342 1893 Pinna
1371 1839 1539 1907 culpa:
1565 1853 1710 1893 mors
1740 1857 1754 1893 :
1782 1840 1891 1896 Do-

306 1932 485 1985 minus
512 1929 667 1985 .lesus
696 1928 939 1985 Christus
966 1930 1099 1983 mori
1130 1930 1292 1995 venit,
1328 1944 1549 1998 peccare
1578 1946 1683 1985 non
1709 1931 1889 1987 venit:
1949 1964 1952 1967 -

260 2048 267 2055 υ
308 2020 753 2075 communicando
790 2020 1062 2075 nobiscum
1106 2021 1222 2075 sine
1247 2020 1399 2089 culpa
1429 2036 1660 2092 pinnam.
1689 2032 1742 2076 et
1774 2023 1890 2078 cul-

312 2126 432 2181 pam
486 2111 644 2165 solvit
695 2119 750 2166 et
795 2126 1028 2181 pmnam.
1073 2110 1241 2180 Quam
1282 2126 1491 2181 pmnam
1518 2112 1724 2166 solvit?
1765 2113 1895 2182 Qua:

310 2202 466 2256 nobis
508 2201 800 2257 debebatur
842 2202 963 2273 post
1002 2203 1157 2257 istam
1203 2204 1382 2257 vitam.
1430 2203 1572 2273 Ergo
1614 2206 1895 2261 crucilixus

310 2301 415 2357 est,
471 2303 526 2347 ut
571 2295 621 2348 in
674 2310 834 2349 cruce
878 2295 1185 2350 ostenderet
1236 2296 1430 2351 veteris
1470 2295 1701 2351 hominis
1730 2300 1895 2353 nostri

310 2398 557 2440 occasum
593 2404 606 2439 :
639 2394 692 2441 et
736 2386 1049 2451 resurrexit,
1106 2396 1161 2439 ut
1210 2385 1260 2439 in
1300 2401 1394 2440 sua
1447 2387 1551 2441 vita
1594 2389 1898 2444 ostenderet

312 2484 510 2530 nostra:
563 2478 683 2531 vitae
735 2464 1044 2534 novitatem.
1105 2478 1198 2536 Sic
1241 2481 1382 2535 enim
1446 2480 1686 2536 doctrina
1741 2483 1898 2539 docet

310 2571 598 2639 apostolica
624 2569 893 2626 :Truditus
921 2581 1014 2636 est,
1044 2573 1233 2641 inquit.
1263 2583 1469 2645 propter
1483 2586 1687 2645 peccata
1703 2586 1894 2634 nostra.

310 2670 358 2713 et
397 2662 667 2715 resurrexit
701 2673 905 2734 prapter
937 2664 1357 2734 justiﬁcationem
1383 2680 1607 2720 nostram
1629 2666 1895 2736 (Romftv,

308 2751 426 2820 25).
462 2752 626 2823 llujus
652 2753 726 2808 rei
756 2756 961 2824 signum
986 2757 1321 2811 circumcisio
1349 2757 1469 2811 data
1491 2767 1605 2813 erat
1627 2758 1894 2829 Patribus,

312 2854 365 2900 ut
395 2857 585 2900 octavo
622 2846 708 2902 die
733 2849 1204 2904 circumcideretur
1237 2851 1410 2904 omnis
1454 2853 1716 2908 masculus
1744 2851 1893 2925 (Gen.

228 2926 233 2931 ”
312 2952 448 3003 xvu,
480 2937 586 3008 12).
610 2935 956 2994 Circumcisio
984 2941 1139 2995 fiebat
1165 2942 1214 2995 in
1233 2942 1460 2997 cultellis
1480 2945 1699 3012 petrinis
1718 2944 1900 3016 (Iosue

311 3028 425 3090 v.2)
454 3045 467 3081 :
491 3031 609 3099 quia
633 3038 777 3098 pi-tra
799 3042 911 3084 erat
938 3031 1178 3085 Christus
1208 3033 1246 3105 (Ι
1273 3033 1450 3100 (ἴσως,
1471 3035 1547 3105 ii).
1582 3036 1635 3089 In
1676 3036 1771 3090 ista
1793 3037 1900 3092 cir-

311 3123 636 3178 cutncisione
660 3123 1056 3189 significabatur
1082 3126 1394 3192 exspoliatio
1422 3128 1647 3183 carnalis
1666 3130 1786 3183 vita:
1806 3146 1897 3185 oc-

313 3223 435 3267 tavo
481 3213 569 3267 die
600 3229 697 3283 per
723 3213 922 3268 Christi
969 3216 1433 3270 resurrectionem.
1461 3217 1730 3287 Septimus
1754 3222 1890 3275 enim

311 3305 426 3360 dies
448 3304 1037 3363 hebdomadissahbato
1057 3309 1370 3375 completur.
1394 3307 1625 3366 Sabbato
1645 3312 1897 3369 Daniinus

308 3399 477 3468 iacuit
497 3399 547 3452 in
576 3399 839 3469 sepulcro,
863 3401 1085 3469 septima
1107 3400 1347 3456 sabbati:
1376 3404 1661 3459 resurrexit
1687 3414 1893 3461 octava.

312 3489 654 3545 Resnrrectio
698 3490 863 3560 ipsius
898 3490 1266 3547 innovat-nos.
1305 3493 1444 3565 Ergo
1472 3505 1660 3551 octavo
1699 3495 1783 3551 die
1813 3513 1896 3552 re-

313 3582 941 3651 surgendo-circumcidit
968 3600 1083 3640 nos.
1125 3585 1180 3639 lo
1218 3585 1330 3655 ipsa
1360 3601 1455 3655 spe
1484 3585 1763 3641 vivimus“.

385 3671 611 3729 CAPUT
635 3671 878 3728 lH.-—5‘.
925 3672 1070 3727 Bona
1111 3676 1213 3728 vita
1261 3684 1471 3729 mortem
1523 3676 1901 3744 comprehendit

313 3775 361 3819 et
410 3768 840 3819 resurrectionem.
897 3766 1191 3821 Audiamus
1237 3767 1548 3836 Apostolum
1599 3767 1897 3836 dicentem,

316 3855 380 3913 ει
424 3858 764 3911 resurrexistis
817 3874 929 3911 cum
980 3857 1199 3913 Christo.
1242 3858 1520 3928 Quomodo
1549 3860 1896 3931 reSurgimus,

315 3949 403 4020 qui
435 3947 668 4002 nondum
699 3949 894 4004 mortui
921 3951 1150 4004 sumus?
1177 3949 1314 4020 Quid
1357 3960 1436 4005 est
1467 3967 1594 4023 ergo
1640 3954 1778 4023 quod
1808 3970 1900 4008 vo-

316 4041 414 4095 luit
454 4040 633 4095 dicere
672 4041 980 4110 Aposmlus,
1012 4040 1074 4096 Si
1105 4042 1449 4097 resurrexistis
1495 4059 1611 4098 cum
1651 4043 1851 4100 Christo
1875 4047 1902 4100 ?

315 4131 578 4202 Numquid
610 4132 699 4187 ille
740 4133 1140 4197 resurrcxisset,
1183 4133 1285 4187 nisi
1325 4134 1471 4203 prius
1502 4144 1738 4191 mortuus
1766 4135 1899 4192 fuis-

314 4223 446 4279 set?
477 4223 785 4278 Viventilms
833 4224 1187 4294 loquebatur,
1235 4223 1470 4280 nondum
1526 4227 1897 4294 morientibus,

314 4327 369 4371 et
416 4318 525 4386 jam
571 4312 1016 4387 resnrgentihus'?
1059 4316 1193 4384 Quid
1239 4317 1335 4372 sibi
1363 4319 1472 4373 vult
1499 4319 1525 4371 'i
1556 4319 1739 4377 Videte
1775 4321 1897 4391 quid

315 4411 459 4463 dirat
490 4428 503 4463 :
542 4428 560 4461 ι
599 4409 653 4463 Si
689 4409 1056 4465 resurrexisus
1081 4424 1201 4463 cum
1244 4407 1457 4465 Christo
1480 4453 1494 4474 ,
1542 4427 1659 4482 qua:
1689 4427 1898 4468 sursum

314 4510 444 4556 sunt
480 4500 734 4571 qua-rite,
788 4501 873 4555 ubi
906 4500 1149 4555 Christus
1189 4511 1272 4555 est
1322 4501 1371 4555 in
1404 4501 1619 4557 dextera
1666 4504 1757 4558 Dei
1816 4519 1901 4559 sc-

312 4593 450 4645 dcns
490 4608 504 4646 :
546 4606 662 4659 quire
709 4605 917 4645 sursum
969 4601 1094 4648 sunt
1163 4594 1363 4661 sapite,
1418 4609 1520 4648 non
1576 4610 1693 4665 quae
1740 4611 1902 4664 super

314 4693 534 4737 terram.
574 4683 763 4737 Mor-tui
803 4684 944 4738 enim
995 4684 1142 4738 estis.
1179 4702 1197 4735 ι
1255 4684 1370 4754 Ipse
1416 4685 1544 4741 dicit
1592 4689 1897 4757 Apostolus,

318 4788 424 4828 non
473 4789 572 4843 ego
618 4794 633 4829 ι
682 4772 777 4827 sed
829 4782 1004 4828 tamen
1060 4790 1241 4829 verum
1271 4775 1510 4838 dicit:et
1556 4777 1675 4833 ideo
1713 4780 1830 4834 dico
1849 4791 1903 4835 et

314 4879 434 4935 ego.
468 4864 643 4933 Quare
672 4864 799 4918 illud
837 4863 957 4918 dico
986 4875 1037 4920 et
1067 4881 1166 4933 ego
1194 4870 1219 4920 ’ἐ
1255 4864 1477 4932 Credidi,
1528 4879 1733 4939 praptcr
1768 4874 1902 4943 quod

315 4957 510 5027 locutus
549 4973 659 5009 sum
694 4954 878 5027 (Ps-al.
908 4970 1033 5020 cxv,
1068 4957 1156 5027 l).
1204 4957 1256 5012 Si
1307 4959 1440 5013 bene
1487 4961 1730 5028 vivimus,
1761 4979 1903 5019 mor-

316 5045 388 5099 tui
409 5060 612 5110 sumus,
642 5055 695 5100 et
723 5048 1131 5101 resurreximus.
1162 5047 1462 5113 Qui-antem
1496 5051 1727 5105 nondum
1757 5070 1902 5108 tuor-

315 5151 437 5194 tuus
467 5148 568 5204 est,
596 5155 691 5193 nec
717 5140 1026 5201 resurrexit,
1060 5140 1195 5195 male
1216 5141 1389 5195 adhuc
1416 5142 1541 5198 vivit
1574 5161 1587 5198 :
1613 5153 1666 5198 et
1690 5145 1731 5199 si
1764 5147 1902 5202 male

378 5232 395 5264 ⁸
422 5231 495 5279 sic
517 5229 739 5295 [iurique
764 5230 873 5279 Fdd.
893 5239 938 5281 tn
959 5239 1028 5295 τι,
1051 5231 1328 5283 conlitioni.
1389 5240 1429 5286 Il

375 5296 395 5325 ¹
415 5300 481 5343 tta
497 5294 1009 5359 etum-Sinamiseripti.
1034 5302 1087 5344 At
1112 5295 1246 5359 editi.
1270 5294 1358 5345 sed
1380 5302 1573 5359 propter
1594 5294 1733 5349 illaut
1754 5298 1904 5352 homi-

311 5367 422 5419 nem
446 5362 575 5419 Δβιαιως
597 5356 751 5419 factus
774 5364 842 5405 est
864 5355 1026 5419 homo,
1044 5368 1102 5405 ne
1125 5356 1303 5419 periret
1321 5355 1473 5409 homo;

377 5416 397 5447 ³
414 5416 487 5465 sic
504 5416 606 5465 Mss.
637 5417 751 5466 Editi
776 5429 921 5475 vero,
946 5417 1027 5477 mi
1050 5416 1352 5468 cst’mortuua
1373 5427 1568 5482 propter
1597 5419 1791 5482 culpam
1811 5436 1905 5473 non

309 5490 467 5528 ειιαηι.
508 5486 629 5529 nam
672 5485 888 5529 ηψπ-ηαδ
930 5485 1002 5529 εει
1046 5487 1240 5542 propter
1281 5487 1510 5532 nostrain.
1558 5491 1704 5533 rana
1747 5486 1905 5548 ειίέριυ

313 5553 461 5592 ηωιης,
490 5548 585 5589 (διο.

376 5603 395 5632 δ
419 5603 493 5650 Sic
515 5609 618 5668 διεδ.
660 5610 714 5652 At
740 5601 885 5668 editi,
898 5601 1056 5668 jqcr:it
1079 5602 1129 5654 in
1146 5601 1405 5668 sepulcro;
1429 5612 1591 5668 octavo
1625 5612 1785 5668 autem
1826 5608 1903 5658 r'ir

310 5664 608 5731 reseratum
622 5675 710 5731 nos
732 5664 989 5729 iimorarit;
1028 5677 1110 5715 nos
1149 5664 1309 5717 aetat-0
1347 5665 1426 5718 die
1449 5666 1785 5731 circumcidit;
1822 5682 1904 5722 nos

310 5726 365 5777 iu
380 5720 479 5791 ipso
496 5737 578 5788 spe
595 5720 806 5778 vivimus.

1640 329 1866 388 SEliMU
1905 329 2184 385 CCXXXI.

3438 337 3577 395 1186

1990 444 2135 507 vivit,
2168 461 2281 497 non
2310 444 2434 498 \iVil.
2479 446 2802 512 :moriatur,
2855 463 2922 502 ne
2968 449 3242 505 moriatur.
3285 450 3424 521 Quid
3467 464 3572 519 est,

1989 536 2267 599 moriatur,
2294 551 2361 591 ne
2402 537 2659 592 moriatur
2684 537 2708 592 Ἰ
2735 537 2985 604 Mutetur,
3019 555 3086 596 ne
3133 541 3433 601 damnetur.
3468 566 3487 599 ι
3516 547 3574 602 Si

1991 626 2358 681 resurrexistis
2383 643 2504 682 cum
2553 624 2787 696 Christo,
2823 649 2842 683 ι
2874 630 3032 686 verba
3078 642 3266 703 repeto
3291 636 3574 706 Apostoli,

1997 735 2016 766 ι
2043 733 2163 787 qua:
2190 732 2402 773 sursum
2432 728 2557 774 sunt
2581 722 2824 790 quaerite,
2854 722 2942 777 ubi
2976 721 3222 780 Christus
3236 735 3317 780 est
3359 728 3411 782 in
3455 729 3578 785 dex-

1993 818 2104 863 tera
2133 809 2227 864 Dei
2255 808 2449 865 sedens
2488 827 2503 864 :
2550 826 2668 882 qua:
2698 806 2910 869 sursum
2941 825 3066 870 sunt
3090 818 3282 885 sapite,
3323 836 3429 875 non
3460 812 3580 892 quae

1991 918 2151 973 super
2180 912 2397 960 terram.
2447 904 2639 959 Μοιιυί
2664 905 2806 960 enim
2830 907 2985 972 estis,
3019 918 3074 964 et
3105 910 3208 964 vita
3239 921 3415 968 vestra
3452 915 3579 971 abs-

1993 992 2203 1048 condita
2249 1002 2333 1049 est
2368 1009 2491 1050 cum
2533 994 2746 1051 Christo
2778 997 2828 1050 in
2870 997 2999 1053 Deo.
3043 998 3175 1055 Cum
3206 999 3451 1059 Christus
3488 1021 3581 1076 ap-

1996 1085 2232 1152 paruerit
2254 1085 2355 1138 vita
2394 1095 2590 1148 vestra,
2624 1095 2750 1141 tunc
2785 1096 2840 1142 et
2871 1101 2965 1144 vos
2992 1104 3115 1145 cum
3145 1091 3237 1146 illo
3257 1096 3581 1163 apparebitis

1996 1175 2047 1228 in
2078 1174 2247 1243 gloria
2276 1192 2295 1227 ι
2326 1173 2562 1246 (Coloss.
2589 1192 2665 1242 tu,
2700 1176 2849 1251 1-4).
2897 1179 3021 1234 llzec
3074 1189 3197 1236 sunt
3238 1184 3394 1239 verba
3434 1186 3580 1256 Apo-

1995 1267 2141 1322 stoli.
2174 1267 2234 1322 Ei
2259 1268 2359 1338 qui.
2378 1268 2611 1323 nondum
2642 1279 2882 1325 mortuus
2910 1280 3012 1335 est,
3043 1272 3164 1328 dico
3193 1284 3253 1330 ut
3279 1277 3535 1334 moriatur
3565 1298 3580 1334 :

1996 1358 2042 1412 ei
2080 1359 2170 1427 qui
2213 1358 2389 1414 adhuc
2430 1359 2570 1415 male
2599 1359 2748 1426 vivit,
2783 1360 2905 1416 dico
2938 1372 2995 1417 ut
3032 1372 3285 1419 mutetur.
3334 1365 3390 1422 Si
3435 1369 3578 1424 enim

1998 1448 2136 1503 male
2181 1449 2411 1516 vivebat,
2460 1459 2512 1505 et
2534 1450 2643 1520 jam
2691 1466 2797 1506 non
2827 1452 2966 1509 male
2994 1454 3154 1523 vivit,
3188 1465 3429 1514 mortuus
3454 1470 3537 1515 est
3566 1478 3578 1512 :

2000 1539 2045 1592 si
2066 1539 2201 1594 bene
2224 1540 2375 1604 vivit,
2405 1542 2721 1598 resurrexit.
2887 1607 2889 1609 ι
3344 1578 3347 1583 -

2070 1621 2295 1678 CAPUT
2334 1623 2421 1678 iV.
2447 1654 2519 1666 --
2544 1625 2597 1679 ι.
2627 1624 2761 1680 Bene
2799 1628 2978 1694 virere,
3018 1629 3158 1698 quid.
3191 1630 3400 1687 Beatam
3430 1636 3581 1689 vitam

1998 1712 2051 1766 in
2084 1723 2216 1768 terra
2244 1730 2487 1784 quaerere,
2530 1717 2867 1772 mendacium.
2898 1718 3008 1796 Sed
3045 1721 3170 1792 quid
3215 1732 3297 1778 est
3331 1725 3467 1781 bene
3501 1728 3584 1782 vi-

2001 1805 2160 1859 vere?
2189 1806 2317 1872 Quae
2343 1822 2555 1861 sursum
2586 1816 2708 1862 sunt
2747 1822 2955 1878 sapere.
2989 1825 3096 1865 non
3125 1826 3244 1881 qua:
3285 1827 3448 1883 super
3474 1825 3583 1872 ter-

2002 1911 2136 1949 ram.
2164 1894 2429 1963 Quamdiu
2465 1906 2606 1952 terra
2635 1913 2711 1964 es,
2740 1910 2793 1954 ct
2821 1898 2873 1953 in
2904 1909 3097 1955 terram
3128 1902 3273 1958 vadis
3300 1903 3452 1976 (Gen.
3491 1922 3545 1962 tn
3567 1948 3584 1973 ,

2005 1986 2146 2057 l9)?
2184 1986 2445 2055 Quamdiu
2489 1983 2646 2060 lingis
2690 1988 2923 2045 terram?
2953 1992 3195 2061 Amando
3230 2005 3453 2064 terram,
3487 2002 3588 2054 uti-

2000 2092 2104 2148 quc
2130 2079 2288 2150 lingis
2323 2089 2545 2146 terram,
2575 2090 2630 2136 et
2658 2080 2891 2139 elliceris
2920 2083 3036 2153 ejus
3067 2085 3334 2152 inimicas.
3376 2089 3445 2145 do
3481 2106 3588 2162 quo

2001 2167 2129 2223 dicit
2167 2169 2409 2227 Psalmus
2435 2189 2449 2227 :
2488 2170 2556 2225 Et
2585 2172 2778 2225 inimici
2806 2174 2917 2239 ejus
2951 2183 3135 2228 terram
3171 2174 3362 2249 lingent
3391 2176 3411 2251 (
3437 2177 3583 2235 Psal.

2004 2275 2155 2326 Lxxt,
2188 2260 2287 2332 9).
2335 2261 2470 2330 Quid
2499 2263 2700 2319 eratis?
2741 2262 2860 2319 Filii
2906 2264 3221 2325 hominum.
3246 2267 3383 2336 Quid
3419 2272 3589 2327 estis?

2004 2350 2121 2405 Filii
2155 2352 2269 2408 Dei.
2317 2350 2443 2407 Filii
2470 2353 2733 2408 hominum
2762 2370 3015 2426 quousque
3050 2372 3227 2428 graves
3264 2359 3451 2414 corde?
3489 2359 3586 2418 Ut-

2001 2442 2124 2512 quitl
2148 2442 2355 2514 diligitis
2389 2444 2683 2509 vanitatem,
2720 2452 2766 2499 et
2804 2446 3029 2515 quwritis
3057 2446 3411 2505 mendacium?
3435 2450 3589 2521 Quod

2004 2533 2335 2588 mendacium
2368 2534 2644 2603 quaeritis?
2674 2534 2802 2589 Dico
2834 2534 2994 2589 modo
3020 2537 3059 2591 '.
3091 2537 3236 2593 Beati
3263 2553 3383 2595 esse
3406 2542 3585 2611 vultis,

2003 2625 2134 2679 scio.
2168 2624 2241 2679 Da
2272 2624 2401 2679 mihi
2432 2625 2701 2681 hominem
2734 2626 3020 2696 latronem,
3053 2630 3392 2699 sceleratum,
3424 2631 3589 2689 forni-

2004 2725 2261 2778 catorem.
2292 2717 2614 2783 malelicum,
2642 2719 3014 2790 sacrilegum,
3040 2723 3285 2780 omnibus
3326 2725 3464 2782 vitiis
3509 2730 3590 2784 ln-

2003 2809 2303 2876 quinatum,
2332 2809 2582 2864 omnibus
2609 2808 2820 2883 ﬂagitiis
2850 2826 2948 2866 seu
2971 2813 3293 2870 facinoribus
3318 2819 3586 2885 obrutum.

2004 2898 2090 2967 qni
2119 2914 2223 2952 non
2252 2900 2377 2955 velit
2404 2899 2560 2955 beate
2589 2901 2787 2958 vivere.
2829 2900 2972 2967 Scio,
3018 2918 3207 2962 omnes
3250 2907 3408 2964 vultis
3437 2909 3590 2967 beate

2004 2989 2182 3046 vivere
2208 3009 2221 3045 :
2245 2990 2339 3045 sed
2369 2991 2507 3049 unde
2543 2993 2705 3047 homo
2743 2993 2899 3051 beate
2934 2996 3090 3061 vivit,
3142 2996 3245 3055 hoc
3285 3015 3393 3056 non
3433 3003 3590 3058 vultis

2003 3094 2265 3148 qmerere.
2292 3082 2500 3149 Qumris
2525 3099 2711 3139 aurum
2731 3126 2746 3150 ,
2786 3084 2905 3156 quia
2938 3098 3088 3158 putas
3118 3097 3170 3144 te
3199 3090 3265 3146 de
3293 3107 3422 3148 auro
3462 3092 3588 3149 hea-

2006 3181 2112 3225 tnm
2146 3172 2376 3229 futurum
2406 3194 2419 3230 :
2450 3176 2544 3231 sed
2575 3192 2760 3233 aurum
2794 3188 2845 3235 te
2871 3196 2976 3235 non
3006 3180 3130 3239 facit
3154 3183 3387 3241 beatum.
3415 3185 3591 3256 Quare

2004 3261 2198 3330 qumris
2225 3265 2599 3321 mendacium?
2615 3267 2793 3336 Quare
2816 3271 2895 3324 vis
2916 3285 3036 3328 esse
3062 3274 3113 3327 in
3136 3273 3239 3329 isto
3258 3280 3453 3332 seculo
3472 3280 3591 3332 sub-

2005 3353 2255 3409 limatus?
2281 3356 2410 3423 Quia
2444 3357 2649 3415 honore
2684 3359 2955 3415 hominum
2984 3372 3042 3418 et
3070 3379 3259 3435 pompa
3290 3368 3467 3423 szrcnli
3499 3387 3592 3439 pu-

2007 3457 2087 3502 tas
2115 3456 2166 3502 te
2194 3447 2406 3503 beatum
2438 3448 2674 3505 futurum
2702 3469 2716 3505 :
2748 3452 2841 3508 sed
2870 3469 3060 3523 pompa
3090 3459 3267 3512 δευουιί
3300 3476 3403 3513 non
3437 3469 3487 3519 te
3517 3462 3591 3514 ta-

2004 3537 2077 3591 cit
2102 3538 2336 3592 beatum.
2377 3537 2551 3608 Quare
2584 3542 2780 3611 quieris
2826 3543 3199 3599 mendacium?
3240 3546 3308 3603 Et
3336 3550 3588 3620 quidquid

2005 3628 2092 3684 hic
2107 3630 2247 3684 aliud
2265 3631 2480 3700 quaeris,
2494 3647 2615 3686 cum
2637 3633 2969 3691 smcularitcr
2983 3637 3201 3707 quaeris,
3217 3652 3337 3693 cum
3363 3642 3592 3696 amando

2007 3727 2203 3774 terram
2243 3723 2457 3791 quaaris,
2502 3738 2624 3779 cum
2674 3725 2923 3794 lingendo
2968 3735 3161 3783 terram
3208 3732 3437 3800 quau-is;
3473 3748 3593 3803 pro-

2007 3816 2187 3880 pterea
2228 3812 2442 3881 qumvis,
2477 3823 2534 3868 ut
2571 3814 2647 3869 sis
2685 3814 2914 3870 beatus:
2948 3817 3041 3872 sed
3074 3818 3214 3872 nulla
3263 3835 3349 3876 res
3380 3830 3589 3879 terrena

2009 3913 2060 3959 te
2089 3903 2212 3958 facit
2239 3903 2471 3959 beatum.
2499 3905 2675 3975 Quare
2704 3921 2808 3961 non
2839 3922 3019 3963 cessas
3045 3910 3333 3978 qumrcndo
3371 3915 3591 3968 metula-

2005 3995 2181 4051 cium'l
2220 3994 2369 4052 Unde
2396 4012 2525 4068 ergo
2549 3998 2658 4054 eris
2694 3998 2919 4054 beatus?
2954 3998 3080 4054 Filii
3123 4000 3382 4057 hominum
3409 4019 3593 4074 quoue-

2005 4106 2101 4160 que
2123 4105 2300 4162 graues
2328 4091 2520 4145 corde?
2554 4089 2670 4147 Non
2711 4090 2870 4146 vultis
2913 4106 3033 4148 esse
3072 4107 3263 4165 graves
3290 4096 3475 4164 corde,
3501 4100 3593 4168 qui

2008 4191 2148 4239 terra
2176 4183 2412 4241 oneratis
2437 4198 2530 4239 cor
2555 4182 2830 4239 vestrum?
2856 4182 3141 4256 Quousque
3168 4186 3377 4242 luerunt
3404 4205 3599 4259 graves

2006 4272 2169 4329 corde
2199 4272 2485 4329 homines?
2515 4275 2810 4344 Antequam
2858 4274 3065 4331 veniret
3110 4276 3393 4347 Christus,
3442 4292 3591 4335 auto-

2008 4379 2167 4436 quam
2200 4376 2505 4435 resurgeret
2545 4365 2808 4434 Christus,
2858 4365 3073 4423 fuerunt
3116 4368 3360 4429 homines
3402 4385 3596 4443 grues

2007 4454 2189 4510 corde.
2223 4454 2496 4526 Quousque
2519 4472 2693 4528 graves
2717 4456 2867 4512 corde
2883 4458 2909 4512 ?
2933 4456 3126 4530 thuid
3154 4460 3364 4531 diligitis
3393 4463 3590 4515 vanita-

2008 4556 2125 4610 tem,
2154 4557 2201 4602 ct
2237 4549 2458 4620 quau-itis
2497 4550 2855 4606 mendacium?
2883 4549 3136 4609 Veientes
3164 4553 3304 4609 beati
3332 4568 3472 4621 esse,
3502 4570 3592 4610 eas

2009 4657 2094 4697 res
2121 4642 2360 4713 quaeritis
2386 4642 2527 4698 unde
2553 4643 2733 4698 miseri
2754 4645 2897 4710 ,sitis.
2929 4644 3089 4700 Fallit
3112 4660 3206 4702 vos
3231 4646 3372 4719 quod
3401 4650 3593 4718 qua-ri-

2011 4734 2077 4789 tis
2104 4751 2117 4785 :
2153 4734 2488 4790 mendacium
2515 4744 2618 4801 est,
2651 4735 2790 4806 quod
2817 4737 3074 4806 anrritis.

2080 4822 2303 4882 CAPUT
2348 4824 2408 4879 V.
2432 4853 2505 4879 .—
2528 4826 2580 4881 5.
2625 4825 2784 4881 Beata
2822 4829 2923 4882 vita
2961 4829 3046 4884 ubi
3082 4830 3370 4897 quatiendo.
3401 4829 3594 4885 Beatus

2008 4917 2087 4971 vis
2114 4932 2233 4973 esse
2249 4920 2269 4970 ?
2307 4915 2566 4982 Ostendo,
2607 4918 2651 4972 si
2683 4919 2781 4982 vis,
2826 4919 2965 4973 unde
3001 4919 3078 4975 sis
3111 4920 3316 4974 beatus.
3359 4923 3596 4991 Sequere

2010 5007 2125 5061 ibi:
2170 5007 2438 5077 Quousque
2478 5023 2654 5078 graves
2690 5007 2881 5063 corde?
2927 5007 3118 5080 thnid
3157 5008 3366 5080 diligitis
3401 5024 3595 5067 ιιαηιιαα

2009 5108 2126 5157 tem.
2158 5108 2205 5151 et
2232 5097 2456 5167 quaeritis
2494 5098 2844 5153 mendacium?
2873 5099 3084 5155 Scitote.
3124 5100 3298 5168 Quid?
3343 5099 3590 5169 Quoniam

2010 5190 2259 5245 Dominus
2284 5190 2625 5262 magni/icavit
2656 5189 2902 5247 Sanctum
2931 5208 3079 5247 suum
3107 5190 3275 5262 (I’sal.
3308 5206 3386 5258 tv,
3414 5192 3468 5254 5.
3495 5193 3527 5249 4
3549 5194 3593 5263 ).

2016 5283 2169 5336 Venit
2199 5282 2441 5337 Christus
2468 5283 2532 5337 ad
2564 5284 2807 5340 miserias
2836 5296 3079 5351 nostras;
3117 5286 3334 5340 esurivit
3354 5328 3369 5353 ,
3396 5287 3555 5341 sitivit
3579 5332 3593 5349 .

2014 5374 2259 5444 fatigatus
2286 5384 2389 5440 est,
2419 5375 2702 5441 dormivit;
2738 5378 2867 5431 mira
2900 5378 3051 5444 fecit,
3099 5379 3230 5434 litaiil
3265 5394 3452 5450 passus
3480 5392 3557 5434 est
3579 5425 3594 5443 ,

2012 5465 2308 5535 ﬂagellatus
2334 5476 2434 5531 est,
2467 5467 2632 5538 spinis
2662 5478 2943 5523 coronatus
2972 5481 3075 5535 est,
3102 5471 3270 5540 sputis
3301 5471 3459 5525 illitus
3491 5482 3594 5539 est,

2013 5556 2179 5627 alapis
2205 5573 2397 5623 cassus,
2423 5558 2563 5629 ligno
2589 5558 2852 5625 conﬁxus,
2881 5561 3059 5616 lant-ca
3086 5564 3410 5627 vulneratus,
3435 5565 3486 5618 in
3513 5584 3598 5618 sc-

2014 5671 2200 5783 m‘fosic
2245 5672 2572 5737 manuscriptl.
2608 5680 2665 5727 At
2703 5675 2852 5739 cditl,
2900 5677 3129 5730 dimittunt
3149 5689 3169 5743 ;
3201 5682 3378 5733 omisso
3421 5680 3577 5733 verbo
