3934 6188
508 339 645 393 H07

509 456 692 519 puicro
718 447 950 519 positus;
971 447 1066 503 sed
1091 448 1245 501 tertio
1272 447 1358 501 die
1380 446 1689 510 resurrexit,
1714 444 1862 497 linito
1885 442 2086 505 labore,

508 548 718 594 mortua
743 546 938 593 morte.
962 536 1102 592 Ecce
1129 536 1201 593 ibi
1229 537 1444 591 oculum
1469 534 1663 592 habete
1693 535 1744 589 in
1775 534 1892 604 ejus
1919 547 2091 588 resur-

507 632 778 695 rectione;
805 627 929 699 quia
959 628 1032 683 ita
1057 627 1417 700 magniticavit
1439 627 1693 682 Sanctum
1717 639 1896 691 suum,
1920 635 1978 678 ut
2008 639 2090 676 re-

504 726 787 777 suscitanet
811 735 939 777 eum
958 733 988 774 ι
1011 722 1254 785 mortuis,
1276 728 1330 775 et
1350 719 1503 775 daret
1522 719 1571 774 ei
1595 718 1853 773 honorem
1881 716 1932 770 in
1953 715 2091 771 cmlu

503 812 723 868 sedendi
748 812 815 867 ad
840 811 1116 868 dexteram
1143 824 1315 866 suam.
1346 808 1591 865 Ostendit
1621 807 1714 863 tibi
1742 806 1867 878 quid
1894 805 2089 862 debeas

502 918 712 971 sapere,
739 887 784 956 si
813 903 892 958 vis
915 903 1099 957 beatus
1126 915 1245 956 csse
1270 920 1283 955 :
1315 901 1402 954 hic
1438 901 1585 956 enim
1623 913 1742 955 esse
1771 912 1875 952 non
1917 906 2084 967 potes.

504 995 557 1046 in
591 993 695 1048 hac.
717 994 821 1048 vita
850 992 1035 1049 beatus
1066 1007 1185 1047 esse
1213 1007 1319 1047 non
1348 1000 1499 1062 potes
1527 1009 1539 1043 :
1569 1003 1727 1046 nemo
1754 999 1946 1062 potest.
1989 990 2087 1042 Do-

505 1100 624 1138 nam
654 1101 765 1140 rem
793 1085 1010 1154 qumris,
1034 1084 1128 1139 sed
1156 1095 1297 1138 terra
1328 1084 1425 1138 ista
1456 1098 1563 1137 non
1590 1092 1669 1137 est
1697 1082 1846 1152 regio
1869 1082 1985 1151 ejus
2011 1081 2085 1134 rei

502 1195 661 1248 quam
693 1179 909 1250 quazris.
938 1177 1075 1245 Quid
1111 1175 1344 1249 qumris?
1374 1176 1588 1232 Beatam
1614 1175 1796 1229 vitam.
1827 1172 1933 1229 Sed
1977 1188 2082 1227 non

500 1283 582 1339 cst
610 1272 714 1324 hic.
743 1276 944 1325 Aurum
972 1270 1017 1325 si
1046 1283 1315 1340 qumrcres
1354 1269 1406 1322 in
1452 1268 1571 1321 loco
1600 1267 1688 1322 ubi
1719 1281 1821 1320 non
1849 1275 1953 1331 est,
2000 1264 2086 1318 ille

501 1366 590 1433 qui
621 1364 769 1418 novit
795 1364 913 1432 quia
943 1378 1052 1416 nun
1076 1371 1157 1416 est
1189 1360 1279 1426 ibi,
1311 1374 1489 1415 nonne
1525 1358 1729 1414 diceret
1773 1359 1864 1412 tibi
1893 1375 1904 1408 :
1946 1356 2085 1423 Quid

501 1454 676 1509 fodis?
704 1453 832 1525 quid
860 1464 1055 1509 terram
1081 1451 1370 1507 sollicitas?
1412 1450 1630 1507 Fossam
1672 1449 1801 1504 facis
1839 1462 1947 1519 quo
1986 1448 2085 1501 dc-

504 1545 750 1612 seendas,
778 1561 882 1600 non
911 1546 1001 1599 ubi
1040 1544 1237 1614 aliquid
1261 1542 1517 1599 invenias.
1546 1540 1683 1609 Quid
1712 1555 1772 1597 es
1801 1554 2084 1610 responsu-

500 1651 591 1691 rus
618 1637 921 1691 ndmoncnti
964 1638 1056 1692 te?
1084 1639 1283 1691 Aurum
1324 1650 1525 1707 quacro.
1570 1635 1636 1690 Et
1674 1634 1801 1689 ille:
1835 1633 1947 1687 Non
1990 1631 2084 1687 tibi

500 1732 639 1794 uico,
672 1729 807 1782 Nihil
836 1738 916 1783 est
941 1728 1080 1797 quod
1107 1729 1334 1798 quaeris;
1363 1726 1478 1794 sed,
1500 1726 1613 1781 Non
1641 1733 1720 1781 est
1746 1726 1833 1780 ubi
1864 1725 2078 1795 quarris.

458 1840 464 1846 ·
497 1822 584 1873 Se
613 1828 664 1874 et
697 1832 749 1873 tu
776 1820 987 1889 quando
1012 1820 1166 1886 dicis,
1197 1820 1388 1874 Beatus
1417 1834 1537 1874 esse
1563 1819 1718 1884 volo;
1747 1817 1939 1872 bonam
1970 1832 2082 1872 rem

500 1912 718 1977 qua-ris,
748 1911 839 1965 sed
874 1925 976 1964 non
1008 1919 1090 1964 est
1121 1909 1225 1964 hic.
1255 1910 1311 1965 Si
1343 1909 1524 1963 habuit
1552 1908 1639 1964 hic
1667 1907 1795 1963 illud
1817 1907 2079 1974 Christus,

500 2001 718 2055 habebis
746 2010 800 2054 et
834 2011 885 2054 tu
936 2001 987 2055 iu
1020 2002 1236 2071 regione
1266 2000 1454 2054 mortis
1484 2007 1607 2064 tute,
1645 1997 1770 2069 quid
1810 1997 1900 2053 ille
1939 1998 2084 2053 invi»

499 2094 595 2158 nit,
627 2092 841 2146 ttttcndc
868 2108 881 2144 :
912 2092 1131 2147 veniens
1157 2092 1225 2146 de
1254 2092 1353 2145 alia
1385 2092 1602 2161 regione
1640 2089 1764 2160 quid
1807 2089 1894 2144 hic
1931 2091 2081 2143 inve-

498 2186 593 2250 nit,
623 2184 722 2238 nisi
750 2183 894 2253 quod
920 2184 1006 2239 hic
1029 2184 1263 2239 abundat
1285 2186 1300 2215 ⁸
1317 2184 1343 2238 2
1362 2183 1693 2239 Manducavit
1721 2192 1917 2251 tecum,
1938 2184 2082 2254 quod

496 2276 730 2330 abundat
759 2276 815 2330 in
842 2275 976 2331 cella
1007 2277 1237 2331 miseria:
1275 2284 1399 2331 tuae.
1434 2278 1655 2333 Aeetam
1672 2273 1783 2331 'bic
1815 2277 1972 2340 bibit,
2013 2276 2080 2331 l'cl

503 2370 590 2423 hic
620 2368 825 2424 habuit.
860 2368 1000 2425 Ecce
1041 2368 1166 2439 quid
1208 2371 1259 2424 in
1303 2369 1436 2425 cella
1484 2380 1572 2424 tua
1622 2369 1837 2424 invenit.
1870 2369 1976 2425 Sed
2014 2370 2080 2424 ad

497 2477 742 2530 magnam
787 2476 1025 2517 mensam
1065 2476 1215 2516 suam
1262 2470 1314 2516 te
1359 2462 1635 2528 invitavit,
1678 2476 1914 2516 mensam
1958 2464 2101 2524 curli,

499 2566 735 2606 mensam
765 2552 1107 2622 Angelorum,
1142 2551 1230 2605 ubi
1260 2551 1373 2621 ipse
1415 2553 1564 2621 panis
1593 2564 1691 2606 est.
1740 2552 2081 2608 Descendens

499 2659 628 2713 ergo
654 2651 710 2697 et
738 2643 838 2696 ista
870 2642 1008 2696 mala
1039 2643 1314 2697 inveniens
1340 2642 1390 2697 in
1422 2643 1552 2698 cella
1582 2650 1690 2709 tua,
1715 2653 1768 2699 et
1794 2658 1897 2699 non
1927 2645 2080 2699 dedi-

499 2742 689 2804 gnatus
709 2743 788 2790 est
811 2735 971 2789 talem
999 2726 1236 2789 mensam
1267 2744 1431 2802 tuam,
1449 2744 1501 2790 et
1531 2736 1770 2806 promisit
1794 2735 1884 2792 tibi
1906 2751 2079 2791 suam.

501 2826 564 2879 Et
592 2824 718 2895 quid
747 2826 902 2881 nobis
928 2825 1096 2881 dicit?
1125 2826 1358 2890 Credite,
1385 2825 1586 2883 credite
1610 2840 1706 2883 vos
1733 2837 1983 2884 venturos
2013 2831 2078 2883 ad

499 2920 637 2972 bona
669 2928 868 2972 mensae
898 2932 1051 2981 mem,
1081 2917 1295 2987 quando
1324 2931 1428 2970 non
1455 2932 1572 2972 sum
1601 2916 1914 2990 dedignatus
1942 2920 2079 2973 mala

496 3025 699 3066 mensa:
726 3019 934 3065 vestrm.
965 3009 1158 3065 Malum
1189 3019 1335 3064 tuum
1382 3010 1538 3078 tulit,
1584 3019 1639 3065 et
1681 3010 1877 3065 bonum
1925 3024 2078 3065 suum

496 3115 600 3155 non
630 3099 816 3156 dabit?
840 3099 1034 3171 Utique
1054 3100 1219 3156 dabit.
1247 3100 1417 3154 Vitam
1446 3114 1595 3155 suam
1621 3102 1864 3171 promisit
1890 3101 2075 3157 nobis:

497 3190 595 3247 sed
620 3191 985 3247 incredibilius
1012 3202 1092 3247 est
1119 3190 1260 3261 quod
1287 3189 1428 3246 fecit.
1456 3189 1677 3247 Mortem
1706 3206 1857 3246 suam
1883 3207 2078 3261 prteru-

493 3286 631 3354 εςινὶι
650 3284 804 3339 nobis
822 3301 834 3337 :
856 3293 1103 3353 tanquam
1123 3282 1347 3349 diceret,
1364 3282 1442 3336 Ad
1463 3283 1620 3335 vitam
1639 3294 1809 3337 meam
1830 3297 1921 3337 vos
1948 3284 2079 3336 invi-

495 3389 570 3444 to,
593 3374 682 3430 ubi
703 3390 859 3431 nemo
876 3373 1366 3440 moritur,ubivcre
1381 3374 1486 3427 vita
1511 3374 1659 3427 beata
1682 3382 1784 3440 est,
1817 3373 1905 3427 ubi
1926 3374 2076 3428 cibus

496 3483 600 3522 non
614 3467 988 3537 corrumpitur,
1006 3465 1090 3521 ubi
1109 3463 1277 3521 relicit
1297 3477 1350 3520 et
1371 3480 1475 3519 non
1493 3463 1685 3519 deﬁcit.
1711 3460 1847 3520 Ecce
1862 3478 1968 3534 quo
1985 3481 2078 3521 vos

493 3559 678 3623 invito,
710 3557 775 3611 ad
808 3557 1074 3628 regionem
1112 3555 1455 3626 Angelorurn,
1494 3556 1560 3609 ad
1590 3556 1876 3611 amicitiam
1906 3555 2077 3612 Patris

491 3663 538 3703 et
574 3649 745 3704 sancti
769 3647 1016 3718 Spiritus,
1041 3646 1105 3701 ad
1133 3660 1341 3702 cuinam
1366 3647 1768 3715 sempiternam,
1796 3647 1861 3700 ad
1889 3644 2077 3701 frater-

492 3746 710 3796 nitatem
754 3755 964 3806 meam;
1012 3751 1285 3808 postremo
1321 3738 1388 3792 ad
1429 3754 1515 3793 me
1544 3738 1755 3806 ipsum,
1796 3738 1863 3792 ad
1913 3738 2075 3792 vitam

490 3848 665 3886 meam
695 3846 788 3885 vos
819 3829 1003 3884 invito.
1036 3827 1151 3882 Non
1178 3828 1334 3881 vultis
1361 3827 1579 3881 credere
1611 3827 1733 3897 quia
1762 3827 1899 3882 dabo
1925 3828 2083 3883 vobis

491 3927 649 3975 vitam
692 3920 903 3977 meum?
942 3920 1143 3975 Tenete
1180 3920 1368 3989 pignus
1415 3928 1639 3975 mortem
1682 3932 1878 3973 meam.
1919 3919 2077 3974 Modo

490 4033 617 4088 ergo
650 4031 769 4071 cum
803 4016 853 4069 in
887 4016 984 4070 ista
1014 4027 1177 4068 carne
1219 4011 1548 4081 corruptibili
1580 4013 1826 4077 vivimus,
1867 4025 2074 4066 morum

491 4110 784 4164 mutatione
806 4122 929 4162 cum
948 4106 1160 4161 Christo
1180 4105 1490 4169 moriamur,
1515 4116 1697 4157 artiore
1716 4102 1934 4172 justitia:
1953 4116 2077 4158 cum

488 4200 702 4254 Christo
734 4199 969 4253 vivamus
997 4215 1010 4252 :
1044 4199 1247 4251 beatam
1292 4196 1454 4250 vitam
1494 4207 1598 4248 non
1642 4196 1939 4263 accepturi,
1970 4194 2071 4250 nisi

488 4306 610 4345 cum
640 4291 704 4345 ad
738 4292 883 4344 illum
915 4290 1242 4354 venerimus,
1275 4289 1364 4358 qui
1393 4289 1537 4341 venit
1567 4285 1633 4340 ad
1677 4301 1774 4341 nos
1798 4327 1811 4350 ,
1856 4296 1911 4341 et
1951 4302 2080 4341 cum

490 4385 578 4439 illo
607 4398 726 4438 esse
752 4384 1096 4452 eruperimus,
1128 4381 1217 4452 qui
1244 4391 1487 4436 mortuus
1514 4388 1596 4434 est
1623 4393 1719 4449 pro
1746 4378 1917 4433 nobis.

927 4486 1156 4542 SERMO
1192 4484 1473 4541 CCXXX"
1502 4491 1519 4510 ‘
1550 4484 1644 4558 (ιι).

898 4587 947 4627 tu
971 4579 1147 4627 diebus
1165 4576 1483 4637 raschalibus,
1509 4591 1558 4626 nt
1581 4578 1671 4642 (tt).

662 4662 740 4717 De
770 4662 1126 4715 resurrectione
1155 4658 1340 4715 Cirris-'i
1378 4662 1652 4713 secundum
1682 4659 1889 4714 Lucam.

555 4753 779 4810 CAPUT
808 4751 1088 4808 PRIMUM.
1109 4781 1180 4793 —
1211 4753 1258 4806 ι.
1288 4752 1609 4807 “exornatio
1636 4755 1912 4807 secundum
1941 4773 2070 4826 qua-

485 4858 598 4901 tuor
628 4846 973 4916 Erangelistas
1016 4845 1215 4899 recitari
1279 4845 1448 4898 solita.
1511 4842 1692 4899 Passio
1740 4851 1941 4900 nonnisi
1993 4865 2072 4901 ae-

458 4938 705 4993 Διἰιιιιιιιιιι
743 4936 1062 4991 Mattfta'um.
1111 4935 1452 4991 licsurreotio
1482 4935 1692 4991 Domini
1734 4937 1902 4992 nostri
1942 4936 2069 4993 Jesu

484 5029 678 5086 Christi
725 5041 776 5085 et
818 5029 976 5085 hodie
1022 5029 1242 5086 recitata
1287 5040 1401 5093 est;
1453 5028 1548 5084 sed
1600 5029 1669 5083 de
1710 5030 1878 5084 altero
1936 5030 2083 5085 libro

546 5145 564 5175 ⁸
581 5143 777 5199 (nudam
790 5147 1094 5205 manuscrtpti
1111 5140 1187 5192 hic
1202 5140 1405 5205 addunt,
1425 5139 1836 5205 latoresﬂolores,
1853 5148 2067 5192 mortem.

546 5211 561 5223 '
586 5205 876 5254 taniendatus
910 5213 987 5254 est
1020 5202 1080 5252 su
1110 5214 1284 5253 otnnes
1304 5202 1498 5253 codices
1532 5202 1741 5255 scriptos
1778 5211 1832 5254 et
1865 5216 2074 5255 eam

478 5275 560 5329 qut
588 5268 637 5329 in
662 5279 886 5329 seruante
912 5266 1054 5318 modo
1074 5265 1371 5329 pragcedcnti
1391 5265 1728 5329 designantur.

542 5328 614 5390 (tt)
638 5328 780 5390 Alias,
802 5327 867 5376 de
890 5327 1125 5390 Tempore
1156 5327 1256 5375 ιιι.

545 5388 616 5452 (ft)
646 5389 807 5452 Multis
857 5390 906 5437 in
1100 5389 1382 5452 bicﬂsernto
1431 5388 1723 5452 itwibitnr,
1767 5405 1788 5435 ι
1821 5390 1955 5439 Feria
1991 5401 2072 5452 se-

486 5469 505 5496 ι
531 5447 687 5503 eundo
714 5464 726 5499 :
755 5467 777 5495 ν
806 5464 904 5512 quo
926 5450 1083 5501 solum
1107 5451 1340 5512 indicatur
1364 5462 1422 5499 ea
1441 5450 1523 5512 die
1563 5447 1804 5512 legendus
1828 5455 1875 5499 in
1914 5448 2070 5501 recie-

481 5520 569 5560 δἐι.
595 5521 706 5575 aaut
741 5513 788 5561 iu
828 5511 1025 5574 optima:
1062 5520 1187 5561 unite
1224 5511 1713 5575 codice‘r‘loriace‘nsi
1748 5521 2067 5575 pra'notatur,

486 5593 507 5618 ι
534 5574 729 5623 Habitus
753 5571 896 5623 tertia
922 5576 1055 5623 feria.
1083 5592 1104 5615 ιι
1130 5579 1180 5622 iit
1203 5583 1341 5623 certe
1372 5573 1479 5630 hic,
1512 5586 1596 5621 tm.
1617 5571 1648 5621 2
1683 5571 1803 5622 ιιι”8
1835 5574 2068 5635 signiﬁcat

482 5636 945 5697 Augustinuspridic
967 5636 1148 5684 dictum
1173 5636 1321 5683 inisse
1344 5648 1621 5682 sermonem
1641 5637 1966 5697 superiorem,
1991 5639 2068 5685 cui

481 5701 651 5740 tamen
664 5695 722 5803 lin
740 5694 890 5755 pluris
908 5709 986 5757 guc
1003 5697 1246 5746 codicibus
1270 5697 1527 5758 pra-ﬁgitur
1545 5694 1716 5746 titulus"
1735 5698 1880 5758 idem,
1902 5720 1921 5741 tt
1936 5705 2067 5748 t-‘crta

489 5766 653 5803 Secuta
680 5774 722 5803 ιι.
756 5773 775 5803 ι

489 5766 722 5805 διλιὲιιιιιιίι.
756 5773 775 5804 1

1732 332 1788 388 s.
1832 286 2217 385 Auetsmvt
2239 324 2540 385 EPISCOPI

3590 350 3696 407 nos

2204 439 2510 512 Evangelii,
2556 445 2644 513 qui
2693 452 2777 499 est
2818 444 3107 500 secundum
3153 446 3358 505 Lucam.
3396 452 3552 512 Primo
3586 465 3696 519 ριιῑηι

2199 532 2336 589 lecta
2395 543 2477 588 est
2542 533 2835 590 secundum
2890 534 3235 605 Manlianum,
3296 540 3520 600 ltesmo
3559 561 3696 608 autem

2195 624 2281 679 die
2308 626 2600 682 secundum
2631 624 2888 695 marcum,
2916 627 3075 684 hodie
3111 632 3388 688 secundum
3414 634 3584 693 Lucam
3603 644 3696 714 (a):

2195 716 2275 769 sic
2329 714 2489 771 habet
2514 716 2649 771 ordo
2702 717 3176 788 Evangelistarum.
3228 720 3367 778 Sicut
3398 727 3524 780 enim
3565 734 3701 799 passio

2194 808 2362 874 ipsius
2406 806 2475 862 ab
2514 806 2761 863 omnibus
2809 807 3162 880 Evangelistis
3201 815 3476 885 conscripta
3519 831 3612 885 est;
3644 825 3701 877 sic

2198 898 2314 953 dies
2370 899 2456 954 isti
2497 908 2703 972 septem
2746 900 2833 957 vel
2857 910 2982 957 octo
3005 901 3133 959 dant
3178 908 3428 974 spatium,
3470 920 3519 963 ut
3552 925 3701 968 secun-

2197 990 2322 1044 dum
2360 1005 2547 1046 omnes
2577 990 2948 1063 Evangelistas
2988 998 3302 1052 resurrectio
3331 997 3519 1056 Domini
3551 1006 3699 1061 recite-

2200 1090 2303 1135 tttr.
2332 1080 2517 1136 Passio
2540 1082 2868 1153 autemqnia
2893 1097 3002 1139 uno
3025 1084 3110 1139 die
3137 1085 3340 1156 legitur,
3363 1104 3460 1143 non
3478 1092 3592 1146 solet
3609 1093 3699 1165 legi,

2195 1174 2304 1229 nisi
2349 1173 2642 1229 secundum
2672 1174 3001 1231 Mattbreum.
3033 1174 3309 1233 Volucrem
3351 1179 3628 1250 aliquando,
3662 1199 3703 1241 ut

2196 1281 2290 1334 per
2331 1264 2571 1335 singulos
2620 1280 2789 1320 annos
2836 1266 3127 1322 secundum
3173 1282 3355 1325 omnes
3408 1271 3699 1343 Evangelistas

2193 1357 2352 1409 etiam
2401 1357 2578 1425 passio
2621 1356 2885 1428 legeretur
2914 1376 2929 1413 :
2961 1357 3154 1414 factum
3195 1369 3308 1421 est;
3354 1376 3452 1417 non
3480 1364 3700 1421 audierunt

2191 1446 2440 1502 homines
2468 1447 2609 1518 quod
2635 1459 3048 1516 consueverant,
3090 1459 3145 1506 et
3182 1453 3455 1521 perturbati
3488 1466 3606 1510 sunt.
3627 1457 3698 1526 Qui

2192 1549 2370 1594 autem
2400 1550 2543 1594 amat
2568 1540 2798 1598 Litteras
2827 1542 2956 1608 Dei,
3000 1552 3054 1598 et
3100 1558 3205 1598 non
3252 1545 3359 1599 vult
3398 1560 3505 1602 esse
3540 1563 3700 1619 semper

2191 1630 2375 1697 idiota,
2406 1633 2586 1688 omnia
2613 1640 2783 1708 novit,
2810 1643 2865 1690 et
2887 1634 3065 1690 omnia
3092 1635 3365 1707 diligenter
3390 1639 3595 1708 inquirit.
3622 1642 3698 1697 Sed

2191 1724 2327 1777 sicut
2371 1724 2562 1794 cuique
2612 1706 2753 1780 Deus
2793 1728 3018 1797 partitus
3065 1738 3150 1781 est
3185 1706 3473 1784 mensuram
3498 1731 3699 1798 lidei,sic

2189 1814 2414 1884 quisque
2441 1814 2666 1883 proﬁcit.
3238 1820 3247 1825 ’

2260 1903 2486 1960 CAPUT
2526 1903 2589 1963 ll.
2620 1936 2692 1947 --
2732 1907 2786 1961 2.
2828 1905 3172 1964 Incrednlitas
3197 1911 3531 1981 discipulam»
3566 1917 3699 1970 audita

2188 1997 2549 2052 resurrectione
2590 1995 2794 2053 Christi.
2841 1999 2991 2055 Nune
3031 2002 3362 2059 attendamus
3402 2005 3525 2074 quod
3563 2004 3699 2070 hodie,

2188 2101 2309 2140 cum
2339 2086 2626 2157 legeretur,
2653 2088 2988 2145 audivimus:
3025 2107 3151 2145 nam
3190 2093 3328 2164 quod
3357 2094 3460 2149 lteri
3485 2108 3698 2151 commen-

2188 2175 2308 2231 davi
2353 2176 2600 2234 charitati
2646 2188 2852 2245 vestite,
2899 2183 3209 2252 expressius
3256 2183 3407 2241 hodie
3442 2185 3697 2250 audivimus,

2192 2271 2558 2327 infidelitatem
2602 2272 2982 2344 discipulorum
3011 2294 3027 2329 :
3060 2283 3121 2329 ut
3148 2276 3480 2347 intelligamus
3501 2286 3697 2348 quantum

2189 2364 2307 2433 ejus
2336 2363 2596 2419 beneficio
2624 2364 2783 2420 nobis
2806 2368 3104 2436 praestitum
3135 2378 3237 2435 est,
3263 2370 3470 2440 utquod
3491 2385 3579 2425 non
3602 2371 3698 2424 vidi-

2190 2471 2333 2521 mus,
2365 2455 2445 2511 sic
2469 2457 2768 2513 credamus.
2816 2457 3030 2513 \‘ocavit
3073 2475 3193 2527 eos,
3226 2460 3457 2517 instruxit
3486 2476 3583 2529 eos,
3604 2463 3699 2516 vixit

2189 2563 2308 2602 cum
2340 2548 2418 2604 eis
2449 2550 2500 2604 in
2528 2559 2688 2615 terra,
2720 2551 2841 2606 fecit
2867 2564 2991 2608 ante
3020 2568 3212 2609 eorum
3241 2555 3415 2610 oculos
3438 2564 3557 2609 tanta
3581 2554 3699 2609 mira-

2186 2638 2311 2693 bilia
2343 2655 2512 2710 usque
2536 2639 2603 2695 ad
2632 2650 2873 2698 mortuos
2899 2643 3259 2698 suscitandos.
3286 2644 3498 2699 Mortuus
3522 2661 3555 2699 rt
3572 2645 3697 2699 susci

2188 2731 2343 2798 tavit,
2366 2746 2580 2786 carnem
2606 2746 2756 2787 suam
2790 2748 2945 2803 posse
2962 2736 3284 2792 resuscitare
3313 2752 3411 2790 non
3427 2736 3696 2791 credebatur.

2191 2821 2463 2878 Venerunt
2491 2823 2746 2880 mulieres
2773 2827 2841 2879 ad
2868 2836 3273 2882 monumentum
3302 2845 3315 2882 :
3345 2843 3521 2899 corpus
3545 2828 3587 2881 iu
3609 2842 3697 2881 mo-

2189 2924 2445 2969 numento
2487 2932 2593 2971 non
2640 2917 2990 2984 invenerunt;
3016 2920 3376 2976 resurrexisse
3396 2920 3630 2975 Dominum
3649 2920 3699 2972 ab

2189 3005 2406 3075 Angelis
2427 3006 2734 3062 audierunt:
2762 3008 2969 3064 fumium
2991 3010 3125 3064 viris
3153 3013 3517 3066 nuntiaverunt.
3538 3010 3592 3064 Et
3604 3009 3697 3079 quid

2188 3094 2446 3166 scriptum
2477 3096 2599 3152 est?
2625 3098 2748 3167 quid
2774 3098 3036 3154 audistis?
3072 3100 3191 3157 Visa
3211 3112 3323 3157 sum
3343 3104 3430 3157 ista
3454 3112 3554 3157 ante
3571 3101 3700 3155 οιιιιοι

2187 3204 2359 3240 eorum
2384 3189 2529 3256 quasi
2557 3189 2907 3243 deliramenta.
2937 3189 3131 3261 Magna
3159 3193 3423 3248 infelicitas
3444 3192 3699 3247 conditionis

2189 3277 2466 3333 humanm!
2512 3278 2735 3345 Quando
2775 3280 2948 3336 locuta
2978 3293 3063 3337 est
3108 3283 3215 3338 Eva
3245 3284 3378 3355 quod
3415 3284 3696 3338 dixeratser-

2188 3369 2546 3437 petis,‘audita
2570 3381 2651 3426 est
2675 3374 2800 3428 cito.
2834 3372 3041 3429 Mulieri
3072 3377 3343 3431 mentienti
3368 3378 3591 3431 creditum
3619 3384 3695 3437 est,

2185 3474 2241 3519 ut
2280 3480 2609 3520 moreremur
2630 3486 2641 3519 :
2665 3481 2767 3520 non
2787 3477 2868 3520 est
2887 3467 3152 3523 creditum
3178 3469 3384 3524 feminis
3397 3485 3509 3523 vera
3528 3467 3696 3523 dicenti-

2184 3558 2301 3623 bus,
2347 3570 2403 3613 ut
2439 3560 2755 3614 viveremus.
2797 3561 2851 3615 Si
2890 3576 2994 3615 non
3030 3574 3152 3617 erat
3190 3563 3492 3618 credendum
3520 3562 3694 3619 feminis.

2183 3666 2347 3719 quare
2385 3636 2553 3705 Adam
2597 3650 2823 3706 credidit
2864 3651 3032 3707 Eva}?
3070 3653 3128 3709 Si
3167 3653 3372 3709 feminis
3406 3652 3694 3709 credendum.

2184 3756 2353 3806 quare
2382 3741 2580 3796 sanctis
2611 3742 2917 3797 mulieribus
2958 3759 3066 3798 non
3107 3745 3437 3799 crediderunt
3474 3741 3698 3812 discipuli?

2184 3831 2252 3885 lit
2279 3831 2398 3885 ideo
2420 3831 2470 3885 in
2498 3833 2596 3887 hoc
2618 3831 2755 3887 facto
2777 3832 3169 3891 consideranda
3196 3847 3276 3891 est
3302 3836 3508 3905 benigna
3531 3833 3694 3902 dispra-

2184 3923 2319 3975 satio
2351 3922 2557 3977 Domini
2588 3924 2775 3978 nostri.
2803 3922 2933 3978 Nam
2965 3924 3070 3980 hoc
3096 3937 3180 3982 est
3208 3927 3347 3998 quod
3384 3926 3479 3995 egit
3505 3923 3698 3978 Dominus

2185 4012 2339 4067 Jesus
2366 4010 2629 4080 Christus,
2665 4024 2721 4068 ιιι
2749 4015 2891 4084 prius
2928 4016 3076 4070 illum
3110 4032 3270 4072 sexus
3301 4018 3535 4071 femineus
3559 4024 3694 4066 resur-

2187 4105 2388 4159 resisse
2419 4106 2707 4159 nuntiaret.
2749 4106 2881 4172 Quia
2909 4122 3003 4177 per
3031 4116 3222 4163 sexum
3268 4108 3531 4163 femineum
3555 4100 3696 4157 cecidit

2188 4195 2368 4258 homo,
2395 4210 2488 4264 per
2510 4210 2695 4250 sexum
2724 4196 3005 4252 ietninemn
3039 4208 3317 4269 reparatus
3344 4206 3419 4252 cst
3441 4190 3693 4260 bomo,quil

2190 4304 2212 4338 κ
2229 4290 2339 4356 ίιίζυ
2354 4286 2623 4345 Christum
2653 4301 2951 4360 pepererat,
2969 4290 3168 4346 femina
3188 4289 3525 4348 resurrexisse
3541 4283 3695 4341 nuntiac

2186 4379 2295 4432 bat.
2323 4378 2425 4433 Per
2447 4380 2694 4435 feminam
2720 4396 2885 4445 mors,
2913 4397 3005 4450 per
3044 4381 3298 4437 feminam
3344 4383 3460 4435 vita.
3502 4376 3587 4434 Sed
3618 4386 3695 4428 ιιοη

2112 4488 2117 4493 ι
2187 4470 2528 4525 crediderunt
2549 4470 2789 4542 discipuli
2814 4482 2868 4526 ut
2894 4472 3140 4529 dixerant
3165 4473 3371 4528 femina:
3391 4491 3403 4525 :
3424 4470 3615 4527 delirare
3633 4478 3693 4534 [te

2186 4570 2450 4625 tnveruut,
2479 4563 2692 4632 quando
2724 4571 2899 4618 tamen
2931 4578 3056 4618 vera
3087 4565 3413 4618 nuntiabunt.

2251 4651 2475 4708 CAPUT
2514 4652 2599 4707 Ill.
2629 4684 2699 4693 ——
2729 4654 2782 4707 5.
2817 4654 3064 4723 Discipuli
3086 4657 3270 4709 abeunt
3292 4656 3341 4709 in
3361 4646 3689 4715 alienaman

2180 4746 2311 4798 nionx
2327 4762 2352 4798 ε
2377 4744 2440 4799 de
2468 4746 2687 4800 Christo.
2734 4743 2875 4799 Petri
2899 4747 2962 4801 de
2996 4744 3197 4801 Christo
3223 4747 3476 4818 confessio.
3501 4745 3609 4798 Ecce
3629 4737 3687 4791 alii

2180 4837 2286 4892 duo
2327 4837 2668 4893 ambulabant
2693 4837 2745 4892 in
2782 4840 2862 4892 vin
2884 4881 2897 4902 ,
2926 4850 2979 4894 et
3010 4840 3359 4910 loquebantur
3384 4853 3546 4893 secum
3560 4834 3615 4888 de
3633 4832 3688 4882 his

2178 4945 2298 4999 qua:
2324 4930 2624 4984 acciderant
2645 4929 2695 4984 in
2713 4929 3030 4992 Jerusalem,
3050 4932 3115 4985 de
3139 4932 3404 5001 iniquitate
3429 4925 3686 4983 iudicarunt.

2179 5019 2246 5075 de
2260 5029 2430 5075 morte
2446 5018 2644 5075 Christi
2659 5036 2675 5076 :
2689 5020 3025 5076 ambulabant
3045 5022 3359 5086 fabulantes,
3377 5031 3423 5076 et
3444 5015 3573 5089 quasi
3587 5026 3684 5068 inor-

2181 5123 2330 5167 tuum
2358 5112 2603 5168 dolentes
2622 5154 2637 5178 ,
2671 5114 3032 5169 resurrexisse
3069 5115 3385 5169 nescientes.
3414 5106 3631 5179 Apparuit
3650 5110 3685 5149 ri

2181 5206 2331 5275 ipsis,
2356 5205 2525 5261 factus
2550 5215 2641 5260 est
2666 5207 2856 5261 tertius
2882 5208 3067 5272 viator,
3099 5208 3310 5261 ιιιὶ>ειιὴ
3337 5221 3448 5260 cum
3472 5201 3539 5255 cis
3558 5195 3652 5251 antit

2179 5298 2462 5368 colloquia.
2502 5294 2651 5352 Oculi
2694 5312 2879 5352 eorum
2923 5299 3253 5362 tenebantur,
3294 5314 3355 5351 ne
3399 5303 3653 5364 agnosceret

2181 5406 2322 5445 cum.
2363 5387 2656 5460 Oportebat
2701 5390 2875 5456 cnim,
2906 5402 2961 5443 nt
2994 5390 3179 5446 melius
3224 5405 3315 5444 cor
3355 5389 3678 5442 instrueretur:
3824 5414 3825 5475 ι

2179 5482 2411 5552 cognitio
2439 5480 2682 5536 diticrtur
2712 5499 2723 5533 :
2748 5483 2937 5551 qtuerit
2963 5481 3031 5534 ab
3055 5481 3130 5535 eis
3157 5482 3280 5550 quid
3319 5484 3441 5533 inter
3462 5492 3512 5529 se
3537 5475 3678 5539 inqut.“
3824 5496 3825 5525 ι

2242 5635 2312 5695 (ιι)
2338 5642 2679 5705 Nonnunquam
2704 5644 2863 5705 tamen
2887 5639 3044 5686 Passio
3072 5635 3317 5705 legebatur
3340 5637 3453 5705 tritas
3468 5626 3674 5705 sub}???

2177 5694 2361 5782 int-ant,
2388 5694 2629 5782 gest-crius
2648 5694 3161 5782 sccttndttt‘t‘tgtannm‘;
3187 5700 3253 5748 uti
3277 5694 3401 5759 lam
3424 5710 3474 5743 ολ
3492 5694 3673 5740 διτωιηιω

2180 5759 2286 5821 :39,
2313 5774 2359 5807 ιι.
2388 5759 2437 5820 3,
2460 5767 2508 5808 et
2536 5772 2595 5808 cx
2623 5774 2850 5809 scrutottc
2877 5761 2983 5821 ii7,
3005 5776 3050 5809 ιι.
3076 5760 3113 5808 ι.
